4094 6212
499 417 655 477 1099

1748 415 1813 475 S.
1858 410 2226 474 GREGORII
2271 409 2667 470 THEOLOGI

3742 414 3873 474 1100

502 565 688 621 genus
711 563 840 603 esse
862 551 1121 614 constat;
1149 547 1406 618 primum
1429 546 1631 601 alienae
1667 561 1883 600 mensae
1923 543 2144 598 manci-

2263 538 2323 593 τὰ
2401 538 2493 611 μὶν
2568 542 2755 612 πρῶτα
2826 539 3095 613 τραπέζης
3174 537 3469 611 ἀλλοτρίας
3541 537 3759 607 δοῦλον,
3800 543 3875 596 xui

506 638 691 709 pium,
744 641 913 707 atque
962 636 1073 690 offa
1120 634 1340 706 venale,
1387 637 1589 706 sicque
1641 637 2043 705 comparatum
2092 635 2148 687 et

498 727 792 795 edoctum,
817 734 880 779 ut
910 724 1107 779 omnia
1130 725 1199 779 ad
1227 723 1443 779 ventris
1471 724 1717 795 gratiam
1753 728 1876 776 tum
1912 722 2145 788 faceret,

500 820 625 869 tum
661 813 1031 885 loqueretur;
1064 813 1302 867 tandem
1335 829 1467 866 cum
1494 813 1565 866 ad
1601 809 2023 882 rempublicam
2046 824 2146 877 ge-

500 902 742 957 rendam
776 902 1049 973 pestifere
1097 917 1159 955 se
1202 899 1566 966 contulisset,
1603 905 1777 969 atque
1809 903 2065 952 extremo
2092 900 2149 950 et

502 990 911 1046 sordidissimo
961 990 1121 1044 illius
1170 989 1420 1053 muneri,
1454 988 1561 1043 hoc
1592 994 1699 1058 est,
1734 986 1925 1043 suillis
1957 984 2147 1041 carni-

502 1080 636 1148 bus,
682 1079 896 1151 quibus
947 1079 1117 1133 turba
1177 1077 1449 1131 militaris
1502 1076 1696 1142 alitur,
1757 1074 2148 1146 suscipiendis

502 1169 809 1241 praefectus
858 1168 1084 1237 fuisset,
1136 1172 1311 1238 atque
1360 1166 1418 1220 in
1465 1165 1720 1221 comisso
1763 1164 1872 1220 sibi
1914 1163 2147 1235 negotio

501 1258 750 1312 infidum
774 1273 837 1311 se
871 1254 1239 1328 praebuisset,
1270 1259 1573 1326 totamque
1605 1253 1866 1309 muneris
1907 1252 1997 1307 sui
2048 1251 2148 1306 ad-

502 1345 995 1401 ministrationem
1026 1346 1097 1400 ad
1129 1348 1387 1399 ventrem
1417 1342 1732 1409 retulisset,
1767 1345 2147 1414 posteaquam

502 1435 649 1490 nihil
698 1434 780 1489 illi
831 1438 1039 1505 praeter
1080 1449 1292 1504 corpus
1340 1432 1547 1504 reliqui
1600 1433 1728 1502 fuit,
1781 1428 2151 1503 profugiendi

504 1522 793 1579 consilum
826 1522 999 1593 capit,
1033 1526 1209 1592 atque
1258 1521 1431 1576 aliam
1464 1538 1530 1576 ex
1579 1519 1693 1575 alia
1739 1520 2035 1590 regionem
2084 1532 2151 1572 ac

506 1611 822 1675 civitatem,
857 1614 921 1665 ut
968 1610 1343 1682 fugitivorum
1394 1626 1520 1665 mos
1564 1612 1673 1672 est,
1706 1608 1958 1663 subinde
2017 1622 2152 1677 per-

509 1704 766 1767 mutans,
801 1703 1116 1769 postremo,
1150 1698 1222 1752 ad
1259 1713 1632 1753 communem
1666 1694 1927 1751 Ecclesia
1958 1692 2151 1765 perni-

510 1789 681 1858 ciem,
716 1788 903 1842 instar
942 1787 1250 1858 cujusdam
1291 1786 1638 1857 Egyptiacaa
1672 1784 1874 1857 plagis,
1907 1783 2153 1838 Alexan-

506 1876 696 1931 driam
732 1874 910 1931 venit.
946 1874 1049 1929 Hic
1079 1873 1276 1945 vagari
1329 1874 1562 1942 desinit,
1586 1874 2023 1945 improbitatem
2058 1888 2155 1926 au-

501 1970 619 2021 tem
648 1969 706 2020 et
733 1964 1048 2019 versutiam
1072 1963 1430 2035 auspicatur.
1450 1964 1731 2018 Caeterum
1769 1962 1987 2016 nullius
2018 1959 2148 2032 qui-

503 2054 635 2109 dem
665 2052 830 2125 pretii
852 2056 995 2122 erat,
1012 2068 1123 2107 non
1150 2050 1489 2107 liberalibus
1511 2050 1836 2122 disciplinis
1856 2050 2145 2119 imbutus,

2262 628 2434 699 μάζης
2481 624 2665 698 ὢνιον,
2724 629 2896 681 πάντα
2936 628 3024 682 καὶ
3074 634 3248 683 ποιεῖν
3300 629 3389 683 καὶ
3438 626 3639 703 λέγειν,
3702 629 3781 684 ἐπὶ
3819 631 3875 705 τῇ

2257 716 2445 791 γαστρὶ
2509 715 2846 787 μεμαθηκόςσ
2904 719 2969 770 τὰ
3022 716 3307 772 τελευταῖα
3366 715 3423 771 δὲ
3489 718 3576 772 xui
3650 719 3877 790 πολιτείᾳ

2256 804 2671 879 παρεισφθαρὶν,
2742 802 2830 857 καὶ
2901 807 3178 867 πιστευθὲν
3253 804 3455 876 ταύτης
3528 807 3595 860 τὰ
3680 807 3875 882 ἔσχατα,

2256 893 2381 947 ’ὀσον
2416 892 2570 946 ὑείων
2603 897 2773 967 κρεῶν
2821 891 3101 967 ύποδοχὲα
3159 895 3423 969 γενέσθαι,
3486 896 3564 957 οἷς
3627 897 3687 949 τὸ
3744 918 3878 970 στρα-

2255 983 2506 1036 τιωτικὸν
2582 980 2868 1059 τρέφεται·
2949 982 3062 1036 εἶτα
3138 985 3297 1037 κακὸν
3373 984 3496 1058 περί
3559 986 3660 1052 τήν
3720 986 3873 1039 πίστιν

2256 1071 2569 1145 γενόμενον,
2641 1071 2729 1125 καὶ
2801 1074 2870 1143 τῇ
2922 1072 3109 1147 γαστρὶ
3167 1070 3652 1145 πολιτευσάμενον,
3712 1072 3875 1141 ἐπειδή

2254 1159 2316 1213 τὸ
2385 1164 2543 1233 σῶμα
2621 1158 2941 1215 ὑπελείπετο
3021 1160 3203 1232 μόνον,
3268 1158 3505 1237 δρασμὸν
3566 1161 3757 1231 ἐννοεῖ,
3803 1165 3877 1218 καὶ

2258 1245 2435 1318 ἄλλην
2497 1248 2547 1320 ἐξ
2606 1246 2784 1319 ἄλλης
2840 1243 3080 1321 ἀμείϐων
3117 1250 3302 1325 χώραν
3354 1250 3441 1304 xui
3474 1249 3661 1319 πόλιν,
3721 1252 3802 1307 οἷα
3825 1252 3881 1307 τὸ.

2256 1339 2363 1389 τῶν
2414 1333 2690 1413 φυγάδων,
2748 1334 2907 1397 τέλος
2954 1335 3041 1392 ἐπὶ
3088 1342 3238 1408 κακῷ
3282 1342 3378 1391 τοῦ
3409 1343 3595 1392 κοινοῦ
3624 1346 3724 1408 τῆς
3775 1342 3877 1395 Ἐκ-

2257 1421 2509 1494 κλησίας,
2560 1423 2671 1477 οἷόν
2726 1444 2808 1485 τις
2852 1423 3193 1499 Αἰγυπτιακή
3226 1424 3442 1500 πληγὴ,
3496 1428 3595 1496 τήν
3652 1427 3882 1498 ’Δλεξαν-

2262 1510 2429 1587 δρὲων
2483 1507 2909 1584 καταλαμϐάνει.
2965 1514 3223 1578 Ἐνταῦθα
3277 1521 3377 1583 τῆς
3455 1515 3597 1585 ἄλης
3674 1516 3881 1587 ἵσταται,

2222 1596 2348 1655 ’καὶ
2424 1608 2522 1670 τῆς
2576 1602 2899 1677 κακουργίας
2976 1600 3224 1678 ἄρχεται.
3295 1603 3391 1657 Καὶ
3448 1605 3516 1673 ἦν
3572 1603 3755 1659 τᾶλλα
3808 1607 3885 1677 μὲν

2262 1687 2479 1752 οὐδενὸς
2532 1689 2699 1760 ἄξιος,
2750 1691 2811 1745 ού
2856 1690 3032 1766 λόγων
3072 1690 3390 1764 ἐλευθερίων
3435 1695 3807 1770 μετεσχηκὼς,
3836 1695 3886 1750 ού

2259 1781 2357 1847 τήν
2432 1779 2710 1834 συνουσίαν
2790 1779 3103 1851 στωμύλος,
3178 1780 3277 1835 οὐκ
3347 1776 3635 1844 εὐλαϐείας
3716 1790 3887 1858 σχῆμα

2262 1865 2391 1942 γοῦν
2469 1889 2518 1921 τι
2576 1868 2665 1923 καὶ
2733 1867 2959 1941 πλάσμα
3005 1870 3157 1924 κενὸν
3225 1872 3301 1942 (1)
3357 1871 3751 1945 περικείμενος,
3804 1894 3889 1927 κα-

2256 1964 2557 2033 κουργῆσαι
2615 1958 2671 2012 δὲ
2731 1961 2832 2030 (2),
2864 1957 2953 2012 καὶ
3003 1960 3231 2034 συγχέαι
3264 1960 3519 2034 πράματα
3547 1960 3763 2015 πάντων
3791 1959 3883 2015 δει-

2256 2046 2495 2108 νότατος.

504 2158 620 2198 non
650 2141 709 2196 in
741 2156 1057 2213 congressu
1090 2144 1147 2196 et
1176 2138 1465 2210 colloquio
1497 2140 1738 2204 facetus,
1775 2156 1887 2193 non
1929 2137 2161 2209 pietatis
2191 2136 2410 2192 larvam
2462 2136 2667 2193 saltem
2700 2142 2754 2193 et
2780 2138 3013 2193 inanem
3049 2138 3299 2210 speciem
3334 2140 3671 2211 praeferens,
3703 2155 3887 2196 verum

504 2232 573 2286 ad
610 2230 985 2301 suscipienda
1016 2229 1293 2296 facinora,
1328 2244 1535 2300 resque
1568 2228 1992 2300 perturbandae
2022 2225 2518 2297 appositissimus.

574 2318 739 2374 XVII.
773 2318 969 2374 Nostis
1007 2334 1233 2387 omnes,
1290 2333 1355 2371 ac
1406 2318 1899 2381 commemoratis,
1955 2313 2153 2385 qualia

504 2410 784 2464 adversus
833 2410 1107 2463 sanctum
1157 2406 1350 2460 virum
1415 2405 1732 2460 insolenter
1781 2403 2147 2475 perpetrarit.

506 2498 764 2568 Persazpe
797 2496 951 2551 enim
986 2495 1303 2567 impiorum
1338 2495 1636 2559 manibus,
1660 2511 1725 2549 ac
1756 2493 2025 2565 potestati
2050 2491 2155 2547 viri

499 2587 645 2658 justi
680 2586 975 2641 deduntur
1002 2585 1066 2654 ⁵⁸,
1104 2600 1217 2638 non
1251 2588 1315 2638 ut
1347 2583 1463 2638 illis
1494 2584 1677 2637 honor
1710 2582 2011 2646 habeatur,
2051 2581 2151 2635 sed

508 2679 572 2729 ut
600 2673 812 2728 horum
856 2672 1039 2727 virtus
1068 2671 1400 2743 exploretur
1430 2688 1443 2725 :
1478 2676 1534 2727 et
1562 2688 1901 2743 quanquam
1932 2670 2153 2741 impro-

509 2762 719 2817 borum
754 2777 912 2816 mors
944 2761 1200 2832 pessima
1229 2762 1308 2816 sit
1353 2761 1416 2827 ⁵³,
1449 2760 1947 2832 quemadmodum
1998 2758 2153 2813 Scri-

512 2854 686 2922 ptura
707 2850 1324 2917 testatur,deridentur
1349 2853 1543 2905 tamen
1569 2849 1799 2904 interim
1830 2848 1887 2903 in
1911 2848 2017 2903 hac
2038 2847 2156 2903 vita

510 2938 748 3011 pietatis
797 2936 1073 3004 cultores,
1127 2938 1270 2993 dum
1330 2937 1429 2993 Dei
1488 2937 1824 3010 benignitas
1867 2937 2155 3008 tantisper

509 3027 892 3092 occcultatur,
925 3044 990 3083 ac
1020 3026 1202 3082 latent
1222 3027 1395 3082 etiam
1424 3026 1574 3082 896
1598 3043 1810 3099 magna
1839 3042 2037 3081 earum
2063 3041 2151 3080 re-

506 3132 639 3172 rum
658 3115 1214 3188 promptuaria,qua3
1234 3116 1293 3170 in
1315 3122 1611 3187 posterum
1632 3116 1938 3187 utriusque
1960 3129 2153 3170 recon-

510 3206 732 3259 duntur
762 3222 775 3259 :
812 3209 935 3259 tum
982 3220 1119 3259 cum
1168 3209 1224 3259 et
1254 3220 1467 3270 sermo,
1500 3208 1557 3258 et
1590 3204 1758 3273 actio,
1792 3209 1847 3258 et
1876 3202 2149 3269 cogitatio

500 3292 666 3363 justa
712 3294 808 3348 Dei
848 3290 1068 3346 trutina
1116 3293 1558 3362 expendentur;
1608 3309 1739 3347 cum
1774 3291 1996 3346 scilicet
2024 3292 2150 3363 ipse

2334 2314 2427 2367 IZ'.
2488 2313 2627 2367 Ἶστε
2696 2313 2784 2365 καί
2860 2308 3136 2385 διηγεῖσθε
3207 2314 3421 2380 πάντες,
3483 2313 3569 2367 οἵα
3620 2315 3757 2369 κατᾶ
3807 2318 3890 2368 τοῦ

2263 2400 2413 2476 ἁγίου
2487 2400 2833 2456 νεανιεύεται.
2909 2398 3297 2474 ΙΙαραδίδονται
3373 2402 3472 2477 γὰρ
3544 2402 3637 2456 καὶ
3707 2401 3889 2457 δίκαιοι

2262 2488 2531 2551 πολλάκις
2578 2489 2651 2550 εἷς
2708 2494 2898 2563 χεῖρας
2946 2483 3170 2557 ἀσεϐῶν,
3222 2488 3329 2563 οὐχ
3370 2490 3458 2543 ἳνα
3491 2489 3691 2545 ἐκεῖνοι
3740 2512 3891 2562 τιμη-

2266 2582 2449 2643 θῶσιν,
2520 2577 2644 2633 ἀλλ’
2712 2576 2803 2631 ’ἕνα
2878 2575 3028 2631 οὗτοι
3086 2574 3494 2651 δοκιμασθῶσι·
3556 2580 3651 2633 xui
3711 2578 3891 2657 φαῦλοι

2269 2668 2363 2738 μὶν
2426 2670 2501 2739 (3)
2562 2666 2611 2721 ἓν
2672 2663 2881 2737 θανάτῳ
2938 2664 3174 2738 ὶξαισίῳ,
3234 2667 3321 2721 καὶ
3377 2668 3441 2721 τὸ
3504 2670 3889 2742 γεγραμμένον,

2264 2754 2667 2829 καταγελῶνται
2710 2752 2767 2809 δὲ
2807 2753 2959 2826 ὅμως
3008 2755 3143 2830 πρὸς
3200 2756 3263 2809 τὸ
3291 2757 3460 2829 παρὸν
3511 2752 3773 2822 εὐσεϐεῖς,
3801 2755 3892 2817 ἓως

2262 2846 2297 2912 ἡ
2330 2843 2642 2921 χρηστότης
2691 2847 2788 2898 τοῦ
2837 2848 2969 2897 Θεοῦ
3016 2842 3305 2919 κρύπτεται
3343 2847 3441 2917 (4),
3474 2845 3562 2899 καὶ
3593 2846 3666 2899 τὰ
3699 2846 3893 2919 μεγάλα

2260 2939 2480 3006 ταμιεῖα
2547 2937 2654 2987 τῶν
2721 2932 2938 3008 ὕστερον
3026 2934 3102 3005 (5)
3178 2932 3449 3007 ἆκατέροις
3503 2934 3889 3007 ἀποκειμένων

2262 3022 2423 3091 ἡνίκα
2476 3021 2565 3076 καὶ
2615 3021 2804 3096 λόγος,
2869 3020 2957 3075 καί
3020 3021 3233 3096 πρᾶξις,
3285 3022 3373 3077 καὶ
3438 3020 3735 3097 διανόημα,
3789 3029 3891 3084 τοῖς

2261 3110 2491 3174 δικαίοις
2545 3112 2805 3183 σταθμοῖς
2851 3113 2947 3165 τοῦ
3013 3115 3147 3165 Θεοῦ
3202 3110 3579 3167 ταλαντεύεται
3611 3116 3729 3185 (6)'
3784 3112 3894 3166 ὅταν

2263 3202 2462 3274 ἀναστῇ
2522 3205 2696 3275 κρῖναι
2757 3200 2856 3267 τήν
2913 3206 3040 3273 γῆν,
3096 3200 3194 3267 τήν
3260 3200 3465 3275 βουλὴν
3512 3202 3604 3255 καὶ
3653 3202 3721 3256 τὰ
3776 3199 3891 3275 ἔργα

2263 3290 2524 3364 συνάγων,
2581 3288 2671 3341 καὶ
2728 3292 2949 3361 γυμνῶν
3000 3287 3064 3341 τὰ
3113 3286 3509 3363 ἰσφραγισμὲνα
3561 3291 3695 3364 παρ’
3761 3290 3891 3358 αὐτῷ

507 3381 578 3436 ad
631 3380 1015 3450 judicandam
1070 3386 1284 3435 terram
1344 3381 1631 3451 surrexit,
1702 3380 2011 3436 consilium
2094 3384 2150 3436 et

2263 3380 2348 3433 xui
2422 3372 2724 3450 σωζόμενα.
2798 3381 2971 3431 Ταῦτα
3036 3377 3266 3440 πειθέτω
3325 3398 3380 3431 σε
3428 3376 3518 3431 xui
3579 3377 3759 3451 λέγων
3814 3376 3893 3431 καὶ

503 3482 682 3539 opera
710 3467 1018 3539 colligens,
1040 3474 1215 3538 atque
1246 3485 1313 3523 ea
1345 3486 1470 3540 quae
1501 3470 1658 3540 apud
1690 3470 1884 3539 ipsum
1916 3470 2155 3525 condita

506 3560 563 3611 et
591 3554 899 3627 obsignata
927 3560 1087 3625 sunt,
1120 3556 1421 3627 detegens,
1470 3561 1525 3611 et
1554 3556 1613 3611 in
1666 3558 1925 3612 medium
1958 3558 2153 3629 prote-

506 3660 662 3700 rens.
688 3643 817 3699 Haec
846 3644 976 3711 tibi,
997 3648 1125 3698 tum
1158 3661 1427 3699 sermone
1444 3662 1571 3712 suo,
1598 3650 1721 3700 tum
1753 3645 2153 3719 cruciatufob

509 3734 878 3804 persuadeat,
929 3734 1025 3804 qui
1077 3749 1210 3787 cum
1241 3734 1415 3789 homo
1445 3739 1603 3789 esset
1630 3734 1892 3790 veritatis
1944 3736 2152 3805 cultor,

508 3821 960 3892 reprehensione
1012 3821 1316 3887 immunis,
1345 3822 1565 3893 justus,
1605 3823 1760 3894 pius,
1792 3827 1850 3878 et
1879 3839 2153 3896 quascun-

509 3925 625 3981 que
653 3909 758 3978 illi,
790 3910 1101 3980 Scripturas
1150 3911 1505 3981 testimonio,
1551 3911 1909 3977 tribuuntur,
1964 3913 2036 3967 ab
2088 3929 2153 3970 eo

506 3998 844 4070 tamen,qui
876 3997 1069 4070 ipsum
1104 4000 1540 4069 depoposcerat,
1569 4004 1654 4055 tot
1683 4004 1924 4070 tamque
1955 4001 2155 4058 densis

508 4093 565 4142 et
595 4087 846 4159 copiosis
880 4087 1207 4143 assultibus
1240 4089 1522 4158 quatitur,
1556 4094 1621 4143 ut
1649 4106 1782 4143 cum
1811 4089 1979 4144 multi
2005 4106 2156 4162 saepe

509 4191 577 4228 ex
596 4174 755 4229 omni
774 4176 1077 4230 hominum
1112 4178 1394 4231 memoria
1422 4178 1481 4231 in
1502 4194 1792 4232 mrumnas
1822 4178 2153 4247 inciderint,

510 4262 735 4317 nonulli
783 4265 981 4332 etiam,
1016 4270 1080 4318 ut
1130 4265 1429 4336 probabile
1476 4269 1583 4335 est,
1619 4267 1804 4321 vexati
1854 4272 1911 4321 et
1953 4267 2155 4322 afﬂicti

508 4351 746 4419 fuerint,
771 4369 942 4407 nemo
967 4358 1159 4408 tamen
1184 4370 1317 4409 cum
1344 4353 1504 4409 illius
1534 4354 1968 4411 calamitatibus
1998 4372 2155 4411 com-

508 4440 699 4510 parari
733 4446 925 4511 queat.
953 4441 1077 4497 Non
1096 4441 1251 4496 enim
1276 4444 1554 4513 pecunias
1581 4448 1809 4499 tantum
1833 4450 1891 4499 et
1916 4445 2154 4516 praedia,

2262 3468 2487 3542 πάσχων
2549 3460 2693 3522 Ἰὼϐ
2752 3464 2809 3527 ὅς
2866 3467 2932 3534 ἦν
2996 3466 3089 3538 μὲν
3280 3464 3563 3539 ἅνθρωπος
3623 3467 3891 3535 ἀληθινὸς,

2264 3556 2567 3629 ἄμεμπτος,
2622 3553 2850 3627 δίκαιος,
2910 3550 3186 3624 θεοσεϐὴς,
3244 3554 3333 3609 xui
3391 3554 3488 3609 ὅσα
3548 3556 3897 3631 μεμαρτύρη-

2261 3665 2369 3699 ται·
2429 3646 2712 3706 τοσαύταις
2772 3641 2829 3698 δὶ
2885 3642 3185 3715 πλήσσεται
3242 3643 3386 3718 παρὰ
3435 3648 3531 3697 τοῦ
3585 3643 3898 3716 ἐξῃτηκὼοε

2261 3739 2379 3795 ταῖς
2435 3729 2773 3809 προσϐολαῖς
2831 3735 2928 3806 (8),
2986 3732 3074 3787 καὶ
3116 3732 3294 3794 οὕτως
3326 3730 3791 3803 ἀλλεπαλλτξλοις
3818 3731 3897 3785 καὶ

2264 3821 2600 3900 φιλοτίμοις,
2653 3820 2791 3876 ὥστε
2847 3820 3071 3876 πολλῶν
3131 3818 3401 3882 πολλάκις
3468 3819 3529 3875 ἐκ
3554 3826 3656 3874 τοῦ
3716 3820 3902 3879 παντὸς

2263 3910 2460 3972 αἰῶνος
2518 3912 3037 3982 κακοπαθησάντων,
3095 3914 3203 3964 τῶν
3265 3906 3323 3963 δὶ
3374 3909 3449 3971 ὡς
3490 3909 3637 3971 εῗκὸς
3668 3909 3761 3964 καὶ
3815 3929 3901 3964 τα-

2264 4000 2732 4075 λαιπωρησάντων
2786 4002 2881 4073 (9),
2935 3997 3139 4072 μηδένα
3168 3998 3448 4060 εἶναιτοῖς
3479 3999 3689 4053 ἐκείνου
3751 4018 3905 4071 παρα-

2265 4086 2449 4143 ϐαλεῖν
2499 4094 2825 4167 συμφοραῖς,
2876 4088 2947 4142 Οὐ
3000 4088 3099 4163 γὰρ
3154 4087 3317 4161 μόνον
3346 4088 3631 4162 χρήματα,
3666 4089 3904 4157 κτήματι

2266 4176 2558 4249 εὐτεκνίαν,
2590 4176 2972 4246 πολυτεκνίαν,
3020 4177 3050 4231 ἃ
3093 4183 3252 4231 πᾶσιν
3284 4177 3587 4252 ἀνθρώποις
3622 4176 3741 4231 ἐστὶ
3774 4196 3911 4249 περι-

2265 4263 2592 4321 σπούδαστα·
2664 4265 2725 4320 ού
2796 4270 2962 4321 ταῦτα
3032 4270 3326 4337 ζημιοῦται
3395 4265 3580 4337 μόνον,
3658 4265 3737 4327 ὡς
3783 4261 3906 4337 μηδὲ

2266 4357 2488 4429 θρήνοις
2536 4356 2777 4431 γενέσθαι
2832 4374 3018 4430 χωραν
3074 4351 3161 4408 διὰ
3206 4355 3269 4408 τὸ
3302 4354 3524 4427 συνεχὲς
3553 4358 3665 4406 τῶν
3703 4358 3904 4407 κακῶν⁶

2264 4441 2409 4498 ἀλλὰ
2455 4443 2543 4497 καὶ
2604 4443 2732 4498 αὐτὸ
2779 4444 2842 4499 τὸ
2892 4448 3051 4517 σῶμα
3079 4441 3387 4497 τελευταῖον
3420 4439 3664 4515 πληγεὶς
3700 4442 3903 4515 πληγῆν

506 4526 876 4599 splendidam
926 4546 993 4585 ac
1041 4546 1417 4587 numerosam
1469 4531 1713 4603 prolem,
1767 4549 1894 4604 quas
1940 4550 2033 4589 res
2082 4533 2150 4589 ab

2263 4531 2473 4587 ἀνίατόν
2530 4554 2589 4587 τε
2645 4532 2734 4587 καὶ
2789 4530 3184 4609 δυσθεώρητον,
3246 4533 3363 4606 εἶχε
3434 4531 3529 4602 μὶν
3590 4532 3903 4606 προσθήκην

575 4696 621 4731 ιι
645 4695 779 4751 Job.
813 4712 891 4765 xx,
921 4698 1025 4767 24;
1058 4714 1158 4767 xu,
1191 4699 1243 4754 4.
1319 4700 1363 4734 ⁵⁵
1395 4699 1486 4756 Ps.
1519 4716 1695 4771 xxxn,
1724 4702 1813 4757 22.

603 4876 653 4946 1)
684 4874 865 4931 Κενόν.
900 4875 961 4931 In
994 4878 1317 4945 nonnullis,
1348 4877 1528 4932 καινόν
1559 4902 1587 4929 ‹‹
1614 4896 1845 4936 novam.
1884 4901 1911 4929 ››

536 4946 651 5074 d(2)
683 4946 749 5001 Δὲ
778 4948 870 5004 Sic
902 4955 1153 5021 quatuor
1185 4950 1388 5022 Regg.,
1440 4950 1533 5007 0r.
1571 4952 1621 5022 1,
1655 4952 1855 5007 Comb.
1889 4951 2060 5007 Deest
2090 4953 2149 5007 in

502 5036 592 5075 θα.

838 5091 1008 5145 Deest
1030 5092 1385 5173 inhpluribu-s
1417 5093 1585 5173 codd.

600 5162 1171 5255 2li)”lqeiiinztrau.”_Si_c
1228 5169 1478 5235 quatuor
1525 5164 1727 5236 Regg.,
1778 5167 1835 5219 et
1889 5165 2146 5220 Combef.

499 5233 632 5298 Alii,
664 5233 872 5304 κρύπτῃ
887 5254 989 5287 ται.
1026 5235 1184 5289 Εῡιτ.

574 5306 1062 5378 (5),Ταμιεῖαᾲτῶν
1114 5306 1351 5378 ὕστερον.
1402 5306 1494 5378 Sic
1542 5310 1662 5378 tres
1713 5306 1913 5376 Regg.,
1965 5308 2151 5362 trede-

500 5376 611 5432 cim
645 5376 830 5444 Colb.,
862 5376 1037 5432 Cois].
1072 5378 1120 5447 1,
1172 5376 1266 5432 0r.
1322 5378 1371 5442 1,
1422 5376 1703 5446 Combef.,
1752 5384 1885 5443 etc.,
1920 5383 1982 5432 In
2031 5379 2146 5445 ed.,

500 5452 695 5518 ιαμεῖα
726 5449 803 5540 εἰς
833 5447 1069 5540 ὕστερον.

573 5520 645 5540 [ΠΧ
705 5526 743 5540 In
923 5538 932 5540 ε
986 5538 996 5540 μ
1012 5537 1030 5540 A
1047 5538 1068 5540 ,Α

570 5520 647 5590 (ὃ)
705 5518 1111 5574 Ταλαντεύεται.
1173 5518 1267 5573 Sic
1322 5533 1427 5571 nos
1480 5533 1613 5572 cum
1673 5518 1955 5586 Combef.,
2012 5519 2149 5590 Alii,

496 5587 907 5658 ταλαντιύηται.

571 5662 645 5729 (7)
676 5660 768 5735 ’ος
814 5664 880 5735 ἦν
938 5658 1055 5735 μὲν.
1109 5660 1203 5718 Sic
1254 5664 1504 5733 quatuor
1552 5665 1731 5735 Regg.
1781 5668 1839 5720 et
1888 5662 2145 5722 Combef.

500 5728 673 5787 Deest
703 5732 797 5806 μιν
828 5734 889 5788 in
919 5728 1011 5789 ed.

2335 4882 2419 4955 (8)7
2434 4884 2559 4942 Ταῖς
2594 4874 2953 4955 προσϐολαῖς.
2989 4882 3085 4939 Sic
3115 4886 3370 4955 quatuor
3400 4880 3609 4955 3.633.,
3645 4884 3707 4935 et
3737 4880 3824 4955 0r.

2263 4952 2325 5007 In
2344 4952 2446 5008 ed.
2476 4958 2595 5013 ταῖς
2630 4952 2842 5025 legitur
2872 4960 3002 5025 post
3030 4952 3347 5022 καὶόὕτως,
3380 4952 3549 5025 ψ]οᾶ
3573 4954 3901 5009 auctoritate

2262 5026 2527 5080 codicum
2562 5026 3025 5082 immutavimus.

2332 5096 2408 5164 (9)
2492 5097 3013 5166 Κακοπαθησάντων.
3026 5138 3062 5151 ..

2260 5166 2538 5229 Quamvis
2569 5170 2687 5224 hazc
2738 5186 2925 5237 voces,
2959 5168 3112 5240 apud
3166 5168 3431 5230 Suidam,
3468 5168 3793 5240 fereidem
3822 5178 3898 5217 s0-

2260 5245 2419 5308 nent,
2473 5242 2850 5295 manifestum
2901 5238 3239 5305 est'tamen,
3291 5240 3347 5293 in
3380 5238 3644 5310 Gregorii
3699 5242 3893 5310 mente,

2260 5317 2613 5383 postremam
2654 5312 2872 5383 aliquid
2907 5314 2978 5367 ad
3012 5312 3261 5383 primam
3317 5311 3549 5366 addere.
3603 5309 3894 5383 Credimus

2258 5382 2437 5451 igitur
2468 5381 2809 5454 Gregorium
2840 5381 3096 5439 voluisse
3141 5383 3472 5454 signiﬁcem
3503 5396 3627 5443 eos,
3662 5381 3763 5450 qui
3796 5393 3891 5454 non

2258 5446 2485 5507 tantum
2539 5446 2710 5509 nivalis
2758 5456 2944 5511 vexati
2986 5460 3146 5523 sunt,
3181 5446 3277 5509 sed
3312 5455 3486 5508 etiam
3536 5446 3803 5520 eosfqui
3830 5446 3891 5501 ad

2259 5525 2414 5599 mala
2444 5530 2500 5580 et
2530 5526 2731 5599 plagas
2763 5528 3025 5599 animum
3049 5527 3438 5589 indurarunt;
3474 5524 3560 5578 vel
3589 5523 3894 5599 etiamfoa,

2258 5596 2357 5677 q_ui
2391 5591 2742 5677 spon-tan'eos
2773 5598 3000 5677 labores
3024 5616 3139 5677 non
3172 5600 3582 5668 susceperunt,
3612 5594 3719 5651 sed
3749 5591 3895 5647 illata

2257 5668 2329 5722 ab
2362 5667 2492 5723 aliis
2525 5671 2681 5726 mala
2709 5671 2971 5747 perpessi
3004 5675 3171 5730 sunt.

3172 5095 3258 5149 xui
3350 5090 3896 5165 ταλαιπωρησᾶντων.
