4094 6212
320 380 465 451 1101

1235 382 1527 450 ORATIO
1571 383 1927 447 XXI.-—IN
1974 375 2302 463 LAUDEM
2345 382 2793 450 ATHANASII.

3564 396 3720 459 1102

313 528 411 591 τῆς
468 527 751 599 συμφορᾶς
824 524 925 591 τὴν
997 526 1224 595 γυναῖκα
1291 520 1786 595 παραμυθουμένην
1842 521 1961 579 τοῖς

2084 520 2351 576 omnibus
2400 521 2738 576 hominibus
2790 523 3157 580 vehementer
3185 533 3567 598 expetuntur;
3605 549 3719 589 non

317 611 529 687 χείροσι
578 609 881 685 (πληγῆναι
932 612 1035 686 γὰρ
1092 609 1440 687 ἐφιλονείκει,
1499 609 1587 664 καὶ
1634 610 1734 677 τὴν
1779 609 1963 683 ψυχὴν

316 699 451 774 πρὸς
478 704 555 770 τῷ
592 700 847 771 σώματι)’
883 700 1000 774 εἶχε
1030 697 1087 753 δὲ
1134 698 1223 753 καὶ
1274 704 1380 753 τῶν
1433 697 1607 774 φίλων
1653 696 1779 758 τοὺς
1829 718 1963 770 γνη-

317 790 612 849 σιωτάτους
672 787 1094 864 παρακλήτορας
1150 791 1367 857 κακῶν,
1427 786 1500 847 ὡς
1557 785 1715 847 αύτός
1776 805 1963 861 φησιν,

317 877 378 933 ού
410 876 733 953 θεραπευτάς
777 875 827 931 οἳ
882 877 944 931 τὸ
1006 878 1098 949 μὲν
1158 877 1325 936 πάθος
1383 875 1590 948 ἑώρων,
1644 875 1706 928 τὸ
1764 871 1821 927 δὲ
1867 877 1963 927 τοῦ

317 969 519 1028 πάθους
570 966 891 1040 ἀγνοοῦντες
948 967 1278 1040 μυστήριον,
1338 963 1399 1017 οὐ
1465 962 1691 1037 βάσανον
1742 961 1963 1036 ἀρετῆς,

316 1054 461 1110 ἀλλά
505 1054 693 1109 κακίας
745 1052 1047 1128 εἶ’σπραξιν,
1096 1053 1197 1122 τὴν
1247 1052 1467 1127 πληγὴν
1532 1044 1913 1121 ὑπελάμϐανον
1946 1092 1959 1106 .

317 1144 411 1198 Καὶ
465 1143 563 1197 ούκ
624 1138 870 1215 ἐνόμιζον
931 1142 1093 1214 μόνον
1131 1184 1145 1208 ,
1197 1140 1320 1196 ἀλλ’
1370 1137 1496 1194 οὐδὲ
1544 1138 1850 1214 ᾐσχύνοντο
1899 1139 1962 1192 τὸ

317 1231 487 1287 δεινὸν
551 1230 899 1300 ὀνειδίζοντες
952 1234 1087 1303 (10),
1150 1230 1315 1285 ὁπότε
1369 1229 1459 1284 καὶ
1527 1227 1573 1282 εἷ’
1634 1225 1721 1281 διὰ
1776 1226 1963 1281 κακίαν

318 1319 520 1396 ἔπασχε
554 1363 568 1389 ,
628 1320 935 1398 σοφίζεσθαι
1012 1320 1074 1375 τὸ
1150 1317 1356 1373 λυποῦν
1435 1315 1540 1372 ἔδει
1617 1315 1960 1392 παραμυθίας

319 1410 578 1486 ῥήμασιν.

2075 608 2216 673 haec,
2252 610 2516 680 inquam,
2550 611 2833 666 duntaxat
2880 612 3116 682 amittit,
3151 620 3205 670 et
3251 616 3487 687 quidem
3520 620 3624 688 ita,
3658 626 3723 676 ut

2076 713 2179 751 nec
2211 696 2465 752 luctibus
2497 698 2644 770 ipsis
2675 701 2745 754 ob
2789 700 3075 756 malorum
3107 705 3523 763 connexionem
3558 711 3720 766 locus

2075 790 2262 849 esset;
2293 786 2392 839 sed
2430 792 2721 857 postremo
2746 788 2802 842 in
2830 789 2989 858 ipsos
3020 807 3252 862 quoque
3281 809 3541 866 corpore,
3562 797 3720 853 incu-

2075 872 2245 927 rabili
2278 890 2343 928 ac
2386 875 2514 929 visu
2549 875 2721 930 etiam
2753 882 2901 931 tetra
2952 884 3008 933 et
3056 878 3321 936 horribili
3376 883 3545 955 plaga
3581 888 3718 943 affe-

2073 967 2203 1016 ctus
2231 963 2293 1028 “3,
2334 980 2435 1033 pro
2485 963 2834 1019 calamitatis
2881 966 3116 1022 cumulo
3163 987 3398 1027 uxorem
3442 973 3713 1043 habebat,

2074 1051 2372 1122 pejoribus
2426 1057 2481 1106 et
2537 1053 2904 1123 gravioribus
2963 1072 3096 1111 eum
3174 1059 3592 1118 consolantem.
3656 1066 3715 1119 Id

2072 1138 2231 1194 enim
2262 1140 2510 1195 obnoxie
2557 1142 2785 1212 agebat,
2842 1147 2903 1197 ut
2929 1145 2998 1198 ad
3032 1148 3289 1217 corporis
3327 1149 3557 1222 plagam
3591 1152 3715 1207 ani-

2074 1244 2179 1281 mae
2229 1227 2445 1283 vulnus
2496 1230 2813 1285 accederet.
2858 1232 3002 1296 Quin
3050 1234 3482 1295 sincerissimos
3538 1241 3713 1296 etiam

2071 1315 2290 1371 amicos
2339 1333 2479 1371 suos
2530 1318 2842 1383 malorum,
2890 1324 2953 1374 ut
3000 1320 3187 1392 ipsius
3232 1326 3421 1381 verbis
3471 1333 3601 1383 utar
3652 1332 3715 1397 ⁵⁷,

2071 1404 2462 1461 consolatores
2521 1406 2792 1476 habebat,
2844 1425 2958 1464 non
3009 1410 3385 1483 depulsores;
3430 1416 3529 1485 qui
3582 1435 3715 1473 cum

319 1502 506 1573 ipsius
539 1499 797 1555 dolorem
831 1499 1243 1570 perspicerent,
1278 1514 1380 1553 nec
1412 1495 1630 1553 doloris
1669 1511 1949 1551 arcanum
1990 1492 2404 1567 intelligerent,
2436 1495 2496 1550 in
2528 1513 2594 1551 ea
2625 1497 2894 1569 opinione
2923 1500 3326 1569 versabantur,
3361 1508 3426 1559 ut
3457 1521 3571 1560 non
3603 1507 3720 1561 vir-

318 1589 462 1644 tutis
492 1586 878 1658 explorandae,
904 1587 1004 1641 sed
1037 1586 1368 1641 vindicandi
1401 1584 1637 1640 sceleris
1668 1600 1866 1647 causa,
1887 1582 2039 1637 hanc
2068 1580 2154 1635 illi
2185 1581 2416 1655 plagam
2447 1582 2728 1639 inﬂictam
2760 1602 2887 1641 esse
2918 1587 3341 1646 existimarent.
3371 1591 3517 1655 Quid
3553 1594 3721 1666 dico?

317 1676 765 1732 existimarent?
797 1677 918 1731 Imo
952 1691 1056 1730 nec
1088 1674 1476 1729 calamitatem
1508 1674 1557 1729 ei
1590 1674 1937 1743 exprobrare
1965 1672 2344 1738 verebantur;
2376 1671 2553 1743 idque
2600 1690 2665 1728 eo
2711 1678 2991 1745 tempore,
3024 1693 3178 1744 cum,
3212 1679 3384 1735 etiam
3418 1681 3468 1736 si
3500 1685 3720 1753 peccati

319 1782 546 1838 poenam
577 1763 783 1833 lueret,
815 1765 943 1835 ejus
974 1768 1171 1818 tamen
1201 1778 1475 1834 angorem
1508 1760 1741 1816 blandis
1771 1759 2141 1815 sermonibus
2174 1758 2369 1814 fallere
2401 1776 2465 1814 ac
2498 1761 2763 1833 mitigare
2794 1764 3189 1821 conveniebat.

388 1853 493 1908 lH'.
555 1850 709 1905 Οὕτω
772 1850 865 1923 μὶν
927 1848 1017 1903 οὖν
1079 1850 1107 1904 6
1168 1844 1312 1918 Ἰὼϐ,
1371 1848 1460 1903 καὶ
1514 1848 1583 1902 τὰ
1624 1851 1814 1923 πρῶτα
1857 1852 1957 1916 τῆς

2139 1846 2329 1904 XVIII.
2358 1852 2477 1903 Hoc
2510 1848 2636 1920 ipso
2672 1850 2908 1923 quidem
2935 1858 3089 1908 statu
3114 1858 3238 1909 erat
3258 1855 3391 1925 Job,
3424 1874 3488 1913 ac
3511 1859 3716 1914 divinas

319 1939 441 2015 περὶ
489 1939 649 1995 αὑτὸν
699 1938 1093 2014 πραγματείας.
1142 1938 1314 2013 Ἀγὼν
1367 1938 1470 2011 γὰρ
1517 1939 1583 2005 ἦν
1629 1935 1825 2010 ἀρετῆς
1856 1937 1965 2008 (11)

319 2030 405 2083 καὶ
440 2028 655 2107 φθόνοιν
688 2032 784 2081 τοῦ
832 2027 947 2100 μὶν,
979 2026 1127 2089 ὅπως
1176 2030 1272 2080 τοῦ
1320 2026 1491 2081 καλοῦ
1538 2026 1782 2099 κρατήσῃ
1829 2025 1962 2097 (12),

320 2116 778 2195 φιλονεικοῦντος⁹
835 2122 937 2185 τῆς
997 2113 1086 2183 δὲ,
1144 2114 1291 2177 ὅπως
1334 2114 1607 2185 ἀήττητος
1667 2110 1916 2186 διαμείνῃ
1949 2154 1964 2181 ,

320 2205 492 2260 πάντα
548 2204 837 2284 φερούσης
896 2205 985 2258 καὶ
1040 2208 1137 2259 τού
1189 2205 1312 2277 μὶν,
1372 2202 1522 2264 ὅπως
1573 2199 1815 2275 εύοδώσῃ
1860 2222 1963 2255 κα-

317 2296 459 2367 κίαν,
504 2294 928 2369 ἀγωνιζομένου,
980 2290 1069 2347 διὰ
1114 2301 1215 2363 τῆς
1262 2297 1369 2347 τῶν
1418 2290 1824 2367 κατορθούντων
1875 2311 1966 2344 κο-

322 2384 550 2446 λςιὶσεως⁸
610 2390 711 2453 τῆς
769 2380 846 2454 δὲ,
909 2382 1058 2444 ὅπως
1116 2382 1362 2456 κατάσχῃ
1399 2380 1525 2442 τοὺς
1574 2378 1831 2455 ἀγαθοὺς,
1864 2378 1958 2433 κάν

316 2479 433 2535 ταῖς
486 2477 791 2550 συμφοραῖς
838 2473 900 2526 τὸ
947 2471 1113 2527 πλέον
1163 2473 1275 2544 (13)
1317 2469 1562 2546 ἔχοντας.
1611 2468 1671 2523 Τί
1729 2465 1814 2522 δαὶ
1848 2470 1961 2541 (14)

319 2564 346 2617 6
376 2563 513 2638 πρὸς
568 2561 728 2616 αὐτὸν
768 2560 1125 2635 χρηματίζων
1174 2557 1262 2615 διὰ
1312 2559 1580 2620 λαίλαπος
1627 2556 1717 2612 καὶ
1765 2560 1959 2634 νεφῶν,

318 2653 345 2707 ὁ
381 2650 581 2727 βραδὺς
614 2649 687 2711 είς
716 2648 965 2717 κόλασιν,
998 2652 1086 2703 καὶ
1133 2647 1305 2723 ταχὺς
1348 2648 1424 2710 είς
1476 2646 1785 2721 ἀντίληψιν,
1819 2646 1847 2699 6
1883 2647 1957 2718 μὴ

318 2738 593 2802 παντελῶς
669 2737 911 2815 ἰπαφιεῖς
970 2732 1165 2813 ῥάϐδον
1227 2734 1568 2811 ἁμαρτωλῶν
1627 2734 1821 2810 κλήρῳ
1878 2732 1961 2789 δι-

316 2829 507 2896 καίων,
563 2826 656 2883 ’ίνα
711 2828 788 2901 μὴ
844 2825 1030 2881 κακίαν
1081 2823 1280 2880 δίκαιοι
1333 2827 1570 2897 μάθωσιν
1605 2841 1619 2893 ;
1652 2824 1774 2877 Ἐπὶ
1812 2817 1957 2878 τέλει

315 2922 423 2971 τῶν
480 2914 660 2980 ἄθλων
740 2914 1051 2991 ἀναγορεύει
1123 2914 1215 2968 τὸν
1272 2912 1515 2982 ἀθλητήν
1591 2911 1829 2985 λαμπρῷ
1881 2914 1961 2982 τῷ

317 3004 653 3079 κηρύγματι,
703 3005 791 3058 καὶ
838 3007 1039 3079 γυμνοῖ
1084 3009 1183 3071 τῆς
1230 2999 1455 3074 πληγῆς
1512 3001 1575 3055 τὸ
1624 2998 1956 3075 ἀπόρρητον,

316 3091 431 3151 Οῖει
492 3114 558 3165 με
615 3089 801 3153 ἄλλως
859 3112 943 3145 σοι
1000 3093 1114 3164 (15)
1169 3087 1677 3165 κεχρηματικέναι,
1735 3087 1906 3164 λέγων
1943 3132 1959 3160 ,

316 3182 350 3250 ἢ
404 3179 497 3235 ’ίνα
554 3182 826 3258 ἀναφανῇς
887 3177 1095 3241 δίκαιος

314 3269 376 3324 τὸ
428 3269 739 3347 φάρμακον,
789 3268 1096 3337 οὗτος.τῆς
1144 3267 1379 3341 ἀγωνίας
1432 3267 1459 3320 6
1509 3266 1788 3342 στέφανος,
1823 3264 1956 3335 αὕτη

315 3362 415 3427 τῆς
450 3359 733 3430 ὑπομονῆς
764 3358 798 3426 ἡ
836 3353 1131 3418 ἀντίδοσις.
1163 3357 1237 3409 Τὰ
1262 3357 1365 3433 γὰρ
1398 3356 1518 3428 ἑξῆς
1551 3352 1681 3416 ἴσως
1729 3355 1817 3407 καὶ
1850 3356 1959 3424 (16)

324 3448 512 3522 μικρὰ,
570 3445 667 3501 κᾶν
729 3443 941 3520 μεγάλα
998 3445 1102 3499 τισὶ
1164 3443 1321 3518 δοκῇ,
1374 3445 1463 3499 καὶ
1526 3448 1733 3517 μικρῶν
1786 3438 1962 3497 ἕνεκεν

318 3536 772 3607 οἷκονομηθὲντα,
824 3534 911 3589 καὶ
966 3534 1010 3588 εί
1061 3531 1331 3606 διπλασίῳ
1377 3536 1490 3606 (17)
1536 3537 1642 3587 τῶν
1677 3530 1958 3610 ἀφῃρημέ-

314 3647 422 3679 νων
451 3618 860 3697 ἀντιλαμϐάνει.

392 3898 467 3946 ΙΘ’
500 3934 513 3947 .
573 3890 776 3945 Ούκοῦν
850 3885 976 3943 ούδὶ
1051 3888 1274 3943 ἐνταῦθα
1330 3886 1632 3960 θαυμαστὸν
1670 3929 1682 3951 ,
1743 3884 1785 3938 εί
1846 3886 1960 3957 (18)

319 3980 639 4045 Ἀθανασίου
688 3978 852 4034 πλέον
903 3975 1029 4053 ἔσχε
1078 3978 1367 4052 Γεώργιος·
1404 3974 1528 4031 ἀλλ’
1558 3972 1728 4029 ἐκεῖνό
1758 3994 1820 4048 γε
1850 3975 1962 4047 (19)

322 4070 764 4143 θαυμασιώτερον
798 4114 813 4140 ,
872 4067 917 4121 εί
975 4068 1050 4139 μὴ
1109 4065 1361 4141 έπυρώθη
1418 4070 1536 4126 ταῖς
1596 4061 1874 4138 ἐπηρείαις
1934 4062 1962 4116 6

322 4155 550 4219 δίκαιος.
601 4154 741 4214 Οὐδὲ
797 4160 959 4211 τοῦτο
1005 4155 1308 4227 θαυμαστὸν
1368 4154 1523 4222 ἄγαν,
1581 4149 1708 4206 ἀλλ’
1758 4150 1806 4205 εἷ’
1849 4152 1963 4223 (20)

323 4245 411 4301 ἰπὶ
456 4245 623 4301 πλέον
681 4246 736 4299 αἱ
784 4241 982 4320 φλόγες
1029 4240 1284 4319 ἤρκεσαν.
1337 4242 1603 4297 Ἐντεῦθεν
1663 4240 1691 4294 6
1752 4238 1846 4312 μὲν
1897 4241 1961 4307 ἦν

322 4334 385 4390 lx
407 4332 612 4405 ποδῶν,
644 4333 733 4388 καὶ
771 4334 870 4401 τὴν
921 4328 1204 4410 φυγαδείαν
1256 4333 1368 4400 (21)
1412 4330 1487 4391 ὡς
1539 4326 1806 4384 κάλλιστα
1849 4325 1965 4382 δια-

2077 1939 2232 1993 circa
2278 1954 2411 1993 eum
2460 1938 2704 1994 actionis
2754 1940 3042 2012 principia
3090 1941 3197 1997 hoc
3229 1945 3401 2000 modo
3447 1963 3509 2002 se
3542 1947 3716 2004 habe-

2075 2028 2237 2082 bant.
2290 2027 2457 2082 Virus
2507 2028 2664 2082 enim
2714 2045 2847 2084 cum
2880 2029 3078 2085 invido
3122 2032 3330 2103 spiritu
3360 2035 3714 2093 decertabat.

2075 2116 2200 2181 Hic,
2232 2119 2296 2170 ut
2320 2117 2594 2172 virtutem
2626 2124 2950 2189 superaret,
2980 2120 3138 2175 omni
3171 2136 3277 2192 ope
3301 2125 3716 2195 contendebat;

2073 2205 2192 2270 illa,
2253 2210 2317 2259 ut
2378 2205 2593 2261 invicta
2650 2213 3059 2277 permaneret,
3118 2211 3316 2265 omnia
3371 2212 3715 2282 perferebat.

2075 2298 2262 2365 Atque
2283 2293 2394 2363 hic,
2420 2299 2486 2349 ut
2510 2311 2609 2366 per
2629 2294 2926 2367 justorum
2961 2299 3286 2354 cruciatum
3318 2301 3455 2357 vitio
3486 2302 3715 2358 facilem

2072 2381 2226 2437 viam
2278 2388 2548 2453 strueret,
2601 2382 2943 2453 laborabat;
2986 2386 3106 2441 haec
3156 2391 3378 2459 contra,
3422 2394 3486 2445 ut
3532 2392 3718 2446 bonos

2072 2471 2368 2537 retineret,
2399 2471 2574 2526 etiam
2608 2471 2664 2526 In
2714 2472 3148 2531 calamitatibus
3180 2477 3534 2548 superiores.
3569 2479 3716 2544 Quid

2074 2577 2201 2615 vero
2234 2560 2305 2629 is,
2357 2561 2457 2631 qui
2508 2561 2661 2617 890
2709 2562 2778 2616 ad
2810 2578 2943 2617 eum
2976 2579 3079 2634 per
3119 2566 3412 2621 turbinem
3444 2572 3501 2622 et
3533 2568 3716 2624 nubes

2070 2648 2305 2704 oracula
2336 2648 2562 2719 edebat,
2596 2650 2695 2720 qui
2728 2649 2797 2704 ad
2832 2650 3194 2707 inferendam
3245 2670 3478 2725 poenam
3511 2656 3716 2712 tardus

2071 2744 2180 2804 est,
2205 2743 2263 2792 et
2293 2737 2363 2791 ad
2401 2754 2564 2809 opem
2604 2738 2899 2793 ferendam
2936 2739 3105 2806 celer,
3139 2741 3239 2813 qui
3269 2740 3489 2813 virgam
3515 2760 3717 2816 pecca-

2072 2832 2264 2881 torum
2300 2825 2356 2881 in
2393 2832 2604 2881 sortem
2630 2827 2929 2897 justorum
2961 2828 3003 2863 ⁸⁸
3032 2845 3144 2883 non
3170 2831 3407 2887 omnino
3429 2831 3714 2902 immittit,

2072 2915 2304 2986 nejusti
2329 2914 2761 2986 improbitatem
2786 2916 3129 2972 addiscunt?
3150 2919 3211 2973 In
3244 2918 3357 2974 fine
3378 2921 3716 2975 certaminis

2073 3003 2283 3058 illustri
2318 3004 2602 3074 praeconio
2629 3003 2903 3059 athletam
2939 3021 3111 3061 suum
3148 3006 3419 3063 victorem
3457 3026 3716 3079 pronun-

2070 3092 2194 3161 tiat,
2247 3096 2420 3162 atque
2472 3090 2804 3146 afflictionis
2853 3109 3132 3148 arcanum
3192 3096 3379 3166 aperit
3427 3113 3441 3151 :
3488 3099 3628 3153 Num
3656 3103 3718 3153 tu

1157 3198 1170 3249 ;
1227 3182 1394 3232 Τοῦτο
1460 3181 1566 3232 τῶν
1634 3177 1956 3251 τραυμάτων

1157 3267 1168 3281 .
1304 3267 1314 3281 ,
1439 3267 1451 3281 .
1581 3266 1591 3281 .
1860 3264 1885 3281 η

2084 3195 2276 3246 censes,
2306 3179 2517 3250 inquit,
2542 3196 2625 3234 me
2669 3181 2844 3234 aliam
2864 3181 2927 3235 ob
2957 3198 3178 3237 causam
3207 3184 3325 3240 hac
3354 3186 3411 3239 in
3453 3190 3505 3240 te
3534 3185 3717 3241 decre-

2076 3270 2233 3335 visse,
2268 3284 2431 3339 quam
2477 3271 2535 3321 ut
2557 3268 2782 3338 justitia
2814 3274 2907 3324 tua
2935 3271 3204 3327 elucescat
3235 3272 3278 3307 '9
3298 3271 3325 3326 ‘I
3355 3273 3483 3328 Haec
3515 3272 3716 3329 vulne-

2070 3373 2199 3411 rum
2234 3355 2543 3423 medicina,
2576 3355 2694 3411 haec
2725 3359 3063 3413 certaminis
3084 3375 3317 3431 corona,
3350 3360 3459 3416 hoc
3496 3362 3717 3433 patien-

2071 3447 2161 3499 tiae
2194 3446 2518 3515 prmmium.
2552 3444 2695 3499 Nam
2731 3462 2854 3516 quae
2886 3446 3094 3501 deinde
3125 3454 3323 3503 secuta
3353 3454 3509 3516 sunt,
3538 3467 3715 3520 parva

2070 3536 2336 3600 fortasse,
2371 3534 2639 3605 quamvis
2681 3534 2977 3591 nonnullis
3026 3553 3240 3609 magna
3286 3538 3615 3607 videantur,
3658 3545 3713 3594 et

2070 3639 2379 3696 parvorum
2414 3621 2719 3677 hominum
2744 3640 2922 3678 causa
2943 3625 3259 3681 constituta
3294 3627 3529 3681 tametsi
3563 3626 3709 3682 alio-

2071 3712 2167 3784 qui
2197 3709 2371 3783 dUplo
2404 3710 2646 3781 majora,
2668 3727 2841 3781 quam
2863 3728 2989 3783 quae
3021 3711 3133 3784 ipsi
3164 3715 3435 3784 adempta
3457 3714 3705 3781 fuerant,

2069 3801 2369 3870 receperit.

2142 3888 2284 3943 XIX.
2320 3885 2565 3943 Proinde
2597 3904 2667 3941 ne
2717 3888 2808 3942 hic
2857 3889 3091 3960 quidem
3144 3890 3359 3945 mirum
3391 3890 3572 3945 videri
3603 3890 3709 3945 de-

2070 3979 2187 4043 bet,
2218 3975 2267 4032 si
2300 3975 2580 4047 Georgius
2613 3974 2861 4041 meliori,
2894 3994 3070 4047 quam
3123 3978 3482 4035 Athanasius
3512 3978 3714 4033 condi-

2071 4068 2227 4123 tione
2260 4064 2434 4119 fuerit
2467 4080 2483 4117 :
2513 4064 2611 4119 sed
2647 4062 2787 4117 illud
2816 4064 3143 4122 mirabilius
3176 4067 3358 4122 videri
3391 4066 3716 4133 debuisset,

2073 4156 2119 4211 si
2156 4153 2505 4225 injuriarum
2539 4156 2595 4206 et
2642 4151 3068 4207 calumniarum
3123 4154 3360 4226 ignibus
3410 4155 3496 4209 vir
3519 4155 3719 4225 justus

2075 4242 2317 4298 minime
2340 4240 2675 4311 exploratus
2698 4240 2956 4296 fuissset.
2984 4242 3104 4296 Imo
3129 4260 3197 4298 ne
3223 4244 3327 4298 hoc
3349 4244 3583 4314 quidem
3607 4243 3722 4297 val-

2076 4334 2144 4387 de
2178 4330 2555 4397 mirandum;
2608 4345 2809 4384 verum
2852 4329 2990 4384 illud
3044 4332 3242 4402 potius
3272 4333 3720 4389 admirationem

318 4423 545 4480 τίθεται.
577 4428 703 4484 Τοῖς
755 4422 859 4498 γὰρ
910 4421 1081 4496 ἱεροῖς
1128 4421 1217 4475 καὶ
1270 4418 1436 4481 θείοις
1486 4423 1592 4473 τῶν
1641 4418 1756 4472 κατ’
1803 4415 1969 4494 Δῖίγυ-

2084 4420 2399 4484 habuisset,
2452 4417 2501 4472 si
2549 4417 2724 4489 longa
2771 4418 2863 4474 his
2916 4419 3171 4476 ﬂammis
3221 4437 3383 4476 mora
3440 4421 3724 4493 producta

321 4534 456 4567 πτον
517 4513 629 4585 (22)
686 4509 1128 4589 φροντιστηρίοις
1209 4507 1385 4587 φέρων
1454 4507 1640 4561 ἒαυτὸν
1697 4503 1913 4561 δίδωσιν
1952 4528 1962 4537 ’

2079 4509 2304 4564 fuisset.
2337 4507 2485 4561 Hinc
2528 4506 2625 4561 ille
2656 4505 2850 4562 solum
2882 4508 3071 4574 vertit,
3104 4526 3170 4565 ac
3209 4512 3280 4565 de
3308 4509 3511 4566 exsilio
3543 4526 3721 4581 quam

323 4602 381 4655 οἳ
437 4582 648 4673 κόσμου
700 4582 1058 4675 ’χωρίζοντες
1136 4582 1379 4665 ἑαυτοὺς,
1437 4596 1528 4650 καὶ
1596 4596 1695 4665 τὴν
1764 4593 1970 4671 ἔρημον

2084 4595 2519 4670 praeclarissime
2561 4595 2789 4650 statuit.
2830 4600 2975 4650 Nam
3011 4598 3081 4652 ad
3113 4615 3279 4654 sacra
3308 4598 3409 4655 illa
3438 4604 3495 4655 et
3526 4598 3725 4654 divina

322 4690 712 4761 ἀσπαζόμενοι,
771 4693 898 4757 ζῶσι
948 4691 1094 4758 Θεῷ,
1138 4686 1351 4740 πάντων
1405 4683 1616 4759 μᾶλλον
1663 4688 1771 4738 τῶν
1818 4704 1968 4759 στρε-

1080 4785 1122 4820 ⁶⁷
1152 4785 1283 4841 Job.
1315 4802 1432 4851 xv1,
1460 4784 1515 4838 2.
1591 4783 1635 4818 ⁵⁸
1668 4782 1819 4839 Psal.
1852 4800 2038 4851 cxxw,
2070 4784 2125 4838 3.
2201 4782 2246 4816 ³9
2274 4779 2405 4836 Job.
2438 4796 2529 4846 XL,
2560 4779 2612 4833 3.

397 4788 441 4823 ⁸⁸
470 4788 599 4844 Job.
636 4805 699 4853 ιι,
728 4790 762 4841 7
792 4792 848 4842 et
878 4803 1002 4858 seq.

398 4878 511 4948 (10)
540 4875 611 4928 Τὸ
658 4871 828 4928 δεινὸν
879 4870 1250 4948 ὀνειδίζοντεςἶ
1294 4897 1321 4948 ι(
1368 4872 1753 4944 Impietatem,
1782 4896 1810 4921 »
1862 4889 1975 4948 non

332 4973 357 4999 ‹‹
391 4944 780 5003 calamitatem
814 4968 842 4997 »
891 4947 1038 5001 Jobo
1081 4946 1434 5016 objiciebant
1465 4961 1609 4998 uxor
1654 4948 1711 5016 et
1761 4944 1930 4999 amici
1961 4963 1976 5014 ς

330 5028 505 5101 atque
536 5018 986 5101 contendebant,
1011 5014 1167 5101 .eum‘
1188 5017 1281 5101 his
1313 5015 1483 5099 malis
1516 5032 1581 5069 ac
1614 5014 1870 5071 miseriis
1904 5016 1981 5071 af-

331 5088 448 5155 ﬁci,
483 5089 637 5160 quod
664 5094 819 5160 esset
850 5089 1100 5160 alicujus
1132 5088 1549 5160 sceleris_reus.

407 5155 522 5232 (11)
554 5161 653 5213 Ἦν
685 5159 903 5232 ἀρετῆς,
956 5155 1047 5216 Sic
1091 5166 1338 5231 quatuor
1368 5158 1547 5230 Regg.
1605 5158 1667 5211 In
1718 5158 1831 5223 ed.,
1865 5155 1984 5231 ἀρε-

330 5230 591 5373 magni
630 5321 823 5374 ατησῃ.
860 5302 1035 5375 Regg.
1112 5300 1173 5367 h,
1205 5305 1260 5355 et
1289 5298 1568 5366 Comhef.,
1600 5298 1876 5372 κρατήσει.

407 5376 519 5427 (13)
552 5320 746 5427 Πςέον.
780 5376 1037 5427 Ouatuor
1066 5318 1268 5427 ἕδεα..
1300 5367 1513 5425 πλεῖον.

432 5367 519 5445 13)
552 5367 746 5445 Πλέον.
780 5367 1037 5441 Quatuor
1066 5367 1268 5445 Ruggq
1300 5367 1513 5425 πλεῖον.

434 5439 521 5511 14)
554 5444 669 5517 Aut.
707 5439 1058 5517 Duop_R_egg.,
1093 5439 1171 5499 διῑ

408 5512 522 5589 (15)
551 5512 663 5569 Οἴει

742 5536 765 5568 ε
813 5510 1010 5578 ἄλλῶξ
1046 5535 1152 5583 σοι,
1202 5518 1313 5570 etc.
1367 5510 1559 5568 Nobil.
1605 5534 1632 5560 ι(
1668 5512 1865 5579 Putas,
1900 5511 1988 5566 in-

2075 4684 2303 4757 !Egypti
2336 4683 2689 4738 monasteria
2720 4699 2782 4738 se
2814 4684 3072 4752 confert;
3117 4685 3176 4741 in
3211 4688 3426 4758 quibus
3457 4686 3727 4741 homines

2157 4871 2271 5006 (17)
2303 4864 2599 4950 Διπλασίῳ.
2633 4868 2804 4923 Coisl.
2838 4872 2892 4937 2,
2926 4865 3203 4924 διπλάσια.

2186 4944 2266 5006 18)
2305 4938 2385 4995 Ei.
2439 4939 2531 4995 Sic
2581 4948 2697 4996 tres
2748 4941 2949 5006 Regg,,
2999 4944 3093 4997 Or.
3154 4945 3203 5006 1,

2186 4938 2266 5009 18)
2293 4938 2385 5014 Et.
2432 4939 2531 5014 Sic
2581 4948 2697 4996 tres
2748 4941 2949 5013 Regg,,
2999 4944 3093 4997 Or.
3154 4945 3203 5010 1,
3253 4948 3382 4999 Par.
3431 4947 3575 5014 Jes.,
3621 4946 3730 4998 etc.

2090 5016 2260 5070 Deest
2288 5012 2346 5066 in
2380 5011 2471 5065 ed.

2188 5086 2275 5151 19)
2307 5087 2385 5135 Γε.
2423 5082 2515 5136 Sic
2546 5081 2721 5151 Regg.
2756 5098 2807 5135 a.
2849 5084 3011 5138 Deest
3042 5083 3099 5137 in
3132 5086 3223 5139 ed.

2188 5088 2252 5139 19
2307 5087 2385 5135 Γε.
2423 5086 2515 5136 Sic
2546 5086 2721 5151 Regg.
2756 5098 2807 5135 a.
2849 5086 3011 5138 Deest
3042 5086 3099 5137 in
3132 5086 3223 5139 ed.

2183 5086 2275 5226 20)
2309 5152 2388 5207 Ei.
2422 5153 2515 5208 Sic
2546 5153 2736 5226 Regg.
2758 5170 2812 5219 a,
2846 5170 2895 5218 c,
2929 5155 2985 5223 d,
3020 5155 3193 5212 Coisl.
3228 5158 3278 5225 1,
3313 5156 3407 5212 Or.
3443 5159 3494 5223 1,
3529 5155 3656 5210 Par.
3681 5156 3736 5208 et

2094 5224 2349 5284 Co'mbef.
2390 5226 2555 5279 Deest
2590 5224 2643 5277 in
2674 5225 2765 5278 ed.

2164 5299 2275 5368 (21)
2308 5292 2628 5371 (buyu'o‘fiuv.
2683 5295 2777 5351 Sic
2816 5300 3070 5365 quatuor
3121 5299 3320 5371 Regg.,
3377 5297 3572 5364 Basil.,
3625 5300 3733 5350 etc.

2097 5371 2157 5425 In
2175 5363 2300 5434 edi,
2336 5363 2610 5441 φυγαδίαν,

2185 5387 2300 5434 60.,
2327 5387 2610 5495 φυγαοιαν.

2168 5442 2275 5512 (22)
2374 5442 2445 5491 ῶν
2504 5437 2622 5512 κατ’
2676 5433 2973 5512 Αἴγυπτον.
3035 5440 3216 5512 Addit,
3262 5440 3509 5512 Nicetes,
3569 5435 3739 5512 ἀσκη-

2095 5505 2223 5566 τῶν.
2262 5505 2289 5558 ἀ
2316 5510 2659 5581 Exercenda
2694 5505 2927 5581 pietatis
2956 5511 3279 5581 gymnasia.
3315 5530 3339 5560 ι
3394 5509 3513 5563 Non
3547 5505 3737 5581 male;

338 5576 614 5661 qu‘it,'me
656 5576 825 5644 aliter
871 5576 995 5644 tibi?
1034 5576 1428 5660 respondisse,
1464 5599 1640 5655 quam
1694 5588 1757 5638 ut
1796 5576 1991 5653 iustus
2100 5584 2413 5661 Gregorius
2444 5576 2736 5661 siquidem
2767 5580 2877 5637 hac
2906 5576 3043 5639 voce
3075 5605 3103 5634 ‹‹
3135 5581 3425 5639 solitarios
3449 5586 3506 5636 et
3532 5576 3740 5635 eremi-

346 5676 656 5734 ιρρανοεει
684 5680 712 5734 »ε

410 5724 523 5812 (16)
552 5727 677 5789 Καί.
708 5730 882 5791 Deest
909 5730 969 5787 in
999 5730 1189 5789 tribus
1230 5730 1403 5803 Begg.
1438 5729 1495 5785 et
1524 5724 1618 5783 Or.
1654 5726 1707 5803 1.

2098 5660 2191 5712 tas
2220 5654 2505 5745 designat.
