4094 6212
478 374 635 435 “03

1715 366 1779 426 Β.
1827 364 2200 426 GREGORII
2245 364 2641 429 THEOLOGI

3724 372 3853 435 1104

474 526 509 564 a
539 508 758 563 mundo
790 519 852 561 se
902 503 1320 570 distrahentes,
1357 517 1423 558 ac
1472 499 1849 557 solitudinem
1898 497 2121 569 ample-

2240 496 2482 573 φομὲνων
2516 498 2565 552 ἐν
2601 500 2833 573 σώματι·
2869 503 2920 556 οἱ
2974 503 3067 575 μὶν
3116 502 3209 557 τὸν
3268 504 3440 573 πάντη
3500 502 3777 577 μοναδικόν
3812 527 3860 561 τε

475 600 720 658 utentes,
780 595 898 649 Deo
952 592 1176 659 vivunt,
1210 591 1399 662 magis
1449 606 1623 661 quam
1676 588 1863 644 caeteri
1896 603 2120 655 omnes,

477 684 579 756 qui
610 684 669 739 in
700 699 940 755 corpore
969 685 1294 736 versantur.
1332 679 1441 734 Alii
1475 679 1710 750 quidem
1742 677 1921 732 vitam
1955 692 2123 747 pror-

476 789 580 831 sus
610 772 956 836 solitariam,
989 775 1044 826 et
1075 771 1145 825 ab
1181 769 1486 824 hominum
1532 767 1807 822 societate
1840 770 2120 820 remotam

476 868 679 935 agunt,
712 861 804 916 sui
834 860 1098 930 ipsorum
1132 862 1358 913 tantum
1392 861 1448 911 et
1475 856 1571 911 Dei
1602 854 1891 926 colloquio
1924 855 2120 907 fruen-

473 956 583 1022 tes,
618 956 794 1023 atque
822 949 974 1005 hanc
1004 948 1287 1002 duntaxat
1315 950 1480 1000 terra;
1512 948 1735 1015 partem
1766 959 1868 1014 pro
1902 941 2122 995 mundo

472 1041 778 1106 habentes,
798 1054 975 1111 quam
1008 1038 1066 1091 in
1098 1034 1414 1091 solitudine
1440 1032 1732 1105 cognitam
1766 1026 2119 1085 habent.Alii

473 1136 671 1187 autem
699 1126 1005 1185 charitatis
1036 1124 1222 1196 legem
1246 1140 1347 1195 per
1369 1120 1837 1177 communionem
1861 1123 1917 1172 et
1942 1116 2121 1172 socie-

476 1224 655 1276 tatem
679 1217 957 1280 colentes,
984 1212 1227 1270 solitarii
1251 1211 1423 1267 simul
1458 1215 1517 1265 et
1545 1209 1843 1265 coenobitaa
1866 1212 2023 1273 sunt,
2054 1221 2119 1260 ac

476 1309 695 1365 mortui
726 1306 965 1378 quidem
997 1302 1217 1358 ceteris
1245 1299 1607 1363 hominibus,
1630 1302 1687 1352 et
1718 1296 1965 1369 negotiis
1996 1311 2119 1349 om-

477 1398 674 1464 nibus,
707 1410 837 1466 quae
866 1391 926 1447 in
958 1391 1150 1446 medio
1180 1390 1512 1453 volvuntur,
1545 1389 1892 1455 versantque
1943 1382 2122 1437 simul

472 1490 532 1543 et
586 1487 915 1551 versantur,
956 1496 1021 1536 ac
1052 1480 1221 1535 nobis
1272 1494 1374 1549 per
1411 1475 1744 1546 repentinas
1774 1478 1831 1527 et
1886 1472 2121 1527 crebras

471 1574 830 1631 mutationes
876 1571 1265 1642 imposturam
1308 1566 1552 1630 faciunt,
1585 1563 1696 1619 sibi
1748 1561 1894 1633 ipsis
1926 1565 2121 1615 autem

470 1663 721 1719 invicem
755 1659 962 1716 mundi
1012 1658 1136 1713 loco
1193 1659 1353 1722 sunt,
1388 1670 1453 1709 ac
1485 1668 1588 1725 per
1626 1650 2121 1722 comparationem

474 1750 885 1821 mutuo‘linter
935 1763 997 1802 se
1027 1746 1299 1800 virtutem
1352 1746 1571 1798 acuunt
1610 1745 1666 1796 et
1721 1737 2120 1795 exstimulant.

476 1842 622 1897 Cum
653 1838 748 1894 his
779 1834 1264 1892 consuetudinem
1310 1832 1533 1887 habens
1577 1845 1829 1901 magnus
1860 1826 2121 1881 Athana-

480 1930 626 1996 sius,
660 1932 725 1983 ut
752 1924 1015 1981 omnium
1050 1922 1298 1979 aliarum
1330 1936 1525 1976 rerum
1575 1921 1875 1988 sequester
1901 1920 1958 1969 et
1986 1930 2125 1969 con-

2234 586 2324 639 καὶ
2357 582 2581 658 ἄμικτον
2618 586 2963 653 διαθλοῦντες
3017 592 3156 665 βίον,
3207 592 3419 654 ὲαυτοῖς
3482 593 3669 665 μόνοις
3717 615 3856 669 προσ-

2236 671 2531 736 λαλοῦντες
2581 684 2669 731 καί
2716 683 2794 749 τῷ
2846 685 2981 751 Θεῷ,
3028 681 3116 735 καὶ
3164 679 3325 736 τοῦτο
3381 682 3540 754 μόνον
3573 682 3768 755 κόσμον
3798 683 3861 737 εἳ-

2236 759 2409 833 δότες,
2461 763 2584 820 ὅσον
2640 765 2692 820 ἐν
2743 771 2808 841 τῇ
2858 768 3062 843 ἐρημίᾳ
3112 770 3484 846 γνωρίζουσιψ
3524 772 3575 825 οἱ
3625 769 3681 825 δὲ
3717 773 3860 843 νόμον

2236 852 2453 925 ἀγάπης
2508 859 2577 925 τῇ
2637 857 2894 928 κοινωνίᾳ
2952 860 3068 930 (23)
3130 858 3461 934 στέργοντες,
3518 860 3772 933 ἑρημικοί
3815 882 3862 915 τι

2237 940 2377 1011 ὁμοῦ
2419 941 2509 995 καὶ
2571 941 2813 1019 μιγάδες,
2873 952 2989 1001 τοῖς
3049 948 3142 1019 μὶν
3203 945 3397 1009 ἄλλοις
3444 949 3759 1017 τεθνηκότες
3787 949 3859 1003 ἆν-

2237 1030 2479 1100 θρώποις
2536 1034 2623 1085 καὶ
2681 1035 2990 1109 πράγμασιν
3023 1082 3038 1107 ,
3099 1036 3197 1090 ὅσα
3256 1035 3307 1090 ἐν
3372 1037 3521 1109 μέσῳ
3576 1038 3859 1114 περιφερε-

2233 1137 2320 1171 ται
2376 1121 2511 1191 (24),
2564 1117 2895 1196 στροϐοὖντά
2942 1145 3000 1178 τε
3049 1126 3137 1178 καὶ
3188 1121 3583 1201 στροϐούμενα,
3629 1128 3716 1180 καί
3758 1128 3861 1180 παί-

2236 1209 2390 1273 ζοντα
2420 1210 2565 1279 ἡμᾶς
2616 1216 2733 1271 ταῖς
2780 1207 3175 1289 ἀγχιστρόφοις
3210 1208 3559 1285 μεταϐολαῖς,
3608 1213 3859 1284 ἀλλήλοις

2232 1291 2289 1348 δὲ
2336 1295 2543 1370 κόσμος
2594 1294 2765 1369 ὄντες,
2826 1301 2914 1355 καὶ
2963 1300 3031 1375 τῇ
3075 1303 3362 1377 παραθέσει
3412 1304 3508 1369 τήν
3542 1303 3734 1375 ἀρετὴν
3780 1308 3861 1373 θήρ

2232 1404 2438 1458 γοντες.
2488 1384 2715 1448 Τούτοις
2766 1387 3040 1459 ὁμιλήσας
3092 1391 3119 1444 ὁ
3172 1392 3336 1465 μέγας
3392 1391 3705 1453 Ἀθανάσιος
3749 1394 3862 1464 (25),

2236 1470 2414 1545 ὥσπερ
2465 1478 2570 1527 τῶν
2622 1472 2808 1529 ἄλλων
2857 1476 3105 1532 ἁπάντων
3162 1482 3386 1550 μεσίτης
3416 1479 3506 1532 καὶ
3550 1476 3865 1547 διαλλακτὴς

2234 1562 2298 1627 ἦν
2337 1604 2349 1627 ,
2407 1561 2497 1615 τὸν
2560 1562 3056 1638 εἷρηνοποιήσαντα
3112 1565 3192 1638 τῷ
3260 1565 3448 1638 α’ίματι
3502 1568 3567 1620 τὰ
3628 1565 3865 1622 διεστῶτα

2240 1648 2602 1722 μιμούμενος·
2651 1652 2793 1706 οὕτω
2842 1655 2931 1707 καὶ
2986 1655 3077 1708 τὸν
3135 1654 3399 1730 ἐρημικὸν
3459 1657 3571 1728 (26)
3636 1656 3749 1730 βίον
3800 1661 3866 1728 τῷ

2234 1738 2539 1809 κοινωνικῷ
2586 1738 2966 1796 καιταλλάττει⁸
3022 1739 3250 1815 δεικνὺς,
3298 1742 3380 1797 δτι
3429 1739 3540 1797 ἔστι
3582 1744 3674 1798 καὶ
3718 1745 3863 1817 ὸερω-

2157 1865 2203 1928 Β
2234 1824 2370 1928 σύνηι
2394 1828 2506 1899 (27)
2557 1828 2880 1907 φιλόσοφος,
2930 1830 3017 1883 καὶ
3065 1829 3361 1908 φιλοσοφία
3409 1828 3643 1904 δεομὲνη
3689 1853 3867 1905 μυστα-

2234 1914 2455 1989 γωγίας.

476 2016 704 2073 ciliator
731 2018 876 2083 erat,
909 2012 1067 2067 illius
1098 2009 1320 2066 scilicet
1350 2006 1679 2079 exemplum
1712 2020 1984 2076 sequens,
2016 2003 2169 2058 898
2202 2005 2301 2073 qui
2350 2022 2451 2076 per
2483 2009 2831 2079 sanguinem
2858 2027 3032 2065 suum
3064 2027 3150 2076 ea,
3185 2028 3314 2083 quas
3347 2012 3495 2067 inter
3524 2030 3586 2069 se
3622 2014 3861 2068 disside-

474 2104 637 2171 bant,
671 2101 1017 2175 pacificavit,
1048 2101 1132 2155 ita
1161 2098 1483 2155 solitariam
1516 2111 1740 2166 quoque
1766 2097 1942 2148 vitam
1975 2107 2107 2145 cum
2161 2094 2493 2150 caanobiaca
2519 2095 2576 2150 in
2611 2099 2860 2169 gratiam
2894 2100 3152 2165 reducit;
3185 2100 3329 2155 illud
3377 2100 3659 2156 nimirum
3693 2107 3869 2157 osten-

474 2193 643 2261 dens,
673 2197 731 2247 et
759 2188 1150 2248 sacerdotium
1182 2185 1561 2260 philosophia;
1596 2184 1839 2239 minime
1878 2197 2081 2252 expers
2112 2196 2263 2249 esse,
2295 2188 2352 2237 et
2383 2183 2814 2257 philosophiam
2847 2189 2996 2244 sacri
3028 2187 3308 2244 antistitis
3338 2190 3710 2246 institutione
3740 2205 3869 2262 opus

478 2282 821 2426 δαὶὶξξίῗθέὶο
874 2367 1032 2424 enim
1090 2367 1211 2422 haec
1254 2366 1393 2429 duo,
1426 2364 1533 2419 hoc
1583 2368 1692 2431 est,
1745 2358 2127 2430 tranquillam

484 2460 777 2517 actionem
810 2462 867 2514 et
913 2461 1215 2513 actuosam
1264 2452 1749 2524 tranquillitatem
1773 2448 2129 2506 consociavit

488 2552 547 2604 et
596 2546 909 2620 copulavit,
971 2550 1035 2600 ut
1101 2559 1449 2616 persuasum
1507 2540 1783 2596 omnibus
1840 2539 2127 2603 redderet,

477 2636 783 2692 monaticaa
813 2634 941 2689 vita
972 2631 1396 2705 professionem
1449 2646 1679 2685 morum
1712 2626 1903 2699 potius
1937 2625 2124 2697 gravi-

474 2728 594 2781 tate
644 2728 700 2779 et
745 2722 1096 2788 constantia,
1130 2736 1304 2790 quam
1351 2718 1610 2791 corporis
1659 2716 1986 2772 secessione
2029 2731 2125 2769 ex-

475 2813 650 2885 primi
680 2817 852 2884 atque
884 2808 1174 2883 insigniri.
1211 2809 1274 2862 In
1321 2824 1498 2879 quam
1547 2806 1721 2862 etiam
1777 2804 2124 2860 sententiam

477 2918 732 2975 magnus
763 2900 858 2956 ille
886 2899 1067 2955 David
1094 2898 1271 2954 simul
1294 2902 1352 2952 et
1380 2898 1555 2952 rebus
1587 2894 1832 2967 agendis
1863 2909 2125 2947 summo-

479 3007 617 3064 pere
646 2990 880 3046 deditus
927 2992 1071 3055 erat,
1118 2991 1173 3042 et
1220 3001 1499 3057 perquam
1557 2983 1895 3049 solitarius;
1930 2984 1979 3037 si
2032 2980 2122 3035 cui

481 3084 680 3136 tamen
727 3078 874 3133 illud
922 3095 934 3133 :
985 3076 1360 3145 Singulariter
1396 3090 1519 3129 sum
1566 3089 1685 3144 ego,
1731 3072 1900 3127 donec
1946 3080 2123 3125 trans-

479 3184 603 3224 eam
630 3168 697 3236 ⁸ο,
731 3168 803 3223 ad
836 3166 1015 3236 hujus
1054 3163 1193 3219 dicti
1240 3162 1775 3235 comprobationem
1816 3162 2124 3216 conﬁrma-

482 3256 821 3327 tionemque
842 3254 1072 3327 pondus
1090 3268 1369 3324 magnum
1391 3251 1604 3305 habere
1626 3250 2125 3315 videatur.Quam-

487 3346 711 3411 obrem,
745 3344 843 3415 qui
874 3342 1019 3398 alios
1057 3342 1271 3395 virtute
1309 3340 1630 3408 anteibant,
1662 3338 1839 3393 iidem
1873 3338 1943 3392 ab
1974 3337 2133 3391 illius

490 3437 685 3489 mente
710 3431 960 3504 longiori
992 3430 1296 3485 intervallo
1329 3430 1588 3495 aberant,
1624 3443 1799 3497 quam
1833 3442 1948 3498 quo
2000 3425 2132 3480 reli-

486 3538 634 3593 quos
667 3520 1122 3585 antecedebant;
1158 3522 1331 3589 atque
1373 3517 1443 3570 ad
1492 3514 1801 3571 sacerdotii
1834 3516 2132 3586 perfectio-

487 3626 623 3665 nem
670 3624 855 3681 pauea
902 3608 1285 3672 conterentes,
1324 3603 1505 3659 multo
1556 3603 1726 3675 plura
1770 3605 1841 3658 ad
1874 3603 2131 3674 philoso-

485 3698 639 3770 phia;
668 3696 983 3752 utilitatem
1015 3694 1392 3765 recipiebant,
1424 3697 1776 3763 tantumque
1817 3692 1869 3747 ei
1913 3692 2133 3747 tribue-

491 3787 660 3852 bant,
692 3789 756 3840 ut
785 3783 1070 3856 quidquid
1105 3782 1212 3853 ipsi
1249 3781 1583 3853 placuisset,
1627 3797 1727 3852 pro
1776 3780 1898 3852 lege
1954 3781 2134 3836 habe-

494 3880 643 3945 rent,
695 3890 761 3929 ac
807 3889 1013 3928 rursus
1061 3873 1302 3926 vetitum
1356 3869 1466 3925 sibi
1514 3874 1689 3940 atque
1734 3869 2132 3935 interdictum,

495 3962 783 4035 quidquid
808 3961 906 4017 ille
934 3960 1226 4017 sententia
1256 3975 1363 4014 sua
1392 3958 1804 4028 improbassst,
1837 3958 2133 4014 existima-

492 4056 641 4123 rent,
675 4052 953 4123 illiusque
983 4050 1213 4103 decreta
1244 4063 1347 4119 pro
1398 4046 1668 4101 Mosaicis
1699 4046 1915 4101 tabulis
1965 4048 2135 4102 duce-

490 4146 642 4207 rent,
700 4157 765 4194 ac
823 4138 1052 4210 majori,
1114 4153 1289 4208 quam
1351 4152 1478 4205 quas
1510 4136 1732 4189 sanctis
1768 4136 1905 4189 viris
1938 4137 2133 4191 deberi

486 4230 774 4299 videatur,
795 4227 983 4300 ipsius
1004 4225 1373 4282 veneratione
1403 4224 1794 4278 afficerentur.
1818 4224 1963 4279 Nam
1997 4242 2132 4280 cum

489 4315 730 4388 quidam
760 4332 827 4371 eo
857 4332 919 4371 se
945 4313 1347 4377 contulissent,
1373 4316 1436 4365 ut
1466 4312 1625 4383 pium
1650 4312 1863 4378 virum,
1895 4312 2134 4383 perinde

488 4420 553 4459 ac
584 4404 765 4458 feram
796 4404 1136 4475 quamdam,
1171 4401 1545 4471 vestigarent,
1582 4416 1684 4454 nec
1723 4416 1857 4455 eum
1911 4404 2131 4473 passim

485 4490 796 4563 quaesitum
826 4491 1175 4559 invenirent,
1210 4505 1280 4544 ne
1309 4487 1690 4559 alloquendos
1739 4489 1977 4559 quidem
2009 4508 2130 4563 eos,

2311 2360 2383 2415 κ’.
2442 2359 2595 2414 Οὕτω
2669 2361 2769 2437 γὰρ
2853 2363 3132 2440 ἀμφότερα
3190 2363 3603 2438 συνηρμόσατο,
3665 2364 3752 2417 καὶ
3804 2362 3868 2423 εἲς

2235 2444 2290 2498 ’ἐν
2347 2444 2515 2523 ἤγαγε
2567 2452 2726 2522 (28),
2789 2451 2879 2504 καὶ
2936 2452 3125 2527 πρᾶξιν
3176 2451 3445 2527 ἡσύχιον,
3496 2451 3587 2506 καὶ
3652 2452 3868 2526 ἡσυχίαν

2236 2531 2543 2610 ἔμπρακτον
2601 2541 2751 2611 (29),
2814 2539 2953 2594 ὥστε
3027 2546 3207 2595 πεῖσαι
3262 2541 3324 2594 τὸ
3399 2542 3649 2613 μονάζειν
3707 2541 3755 2595 ἐν

2238 2623 2510 2696 εὐπαθείᾳ
2561 2631 2656 2681 τοῦ
2713 2626 2917 2702 τρόπου
2977 2626 3223 2700 μᾶλλον,
3275 2631 3309 2697 ἢ
3474 2633 3570 2683 τοῦ
3632 2630 3868 2701 σώματος

2236 2712 2581 2788 ἀναχωρήσει
2630 2716 3120 2791 χαρακτηρίζεσθαι
3158 2761 3169 2772 .
3225 2720 3347 2772 Καθ’
3409 2718 3437 2771 ὃ
3488 2717 3575 2771 καὶ
3637 2712 3796 2771 Δαϐἶδ
3846 2716 3869 2768 ὁ

2240 2804 2409 2877 μὲγας
2467 2806 2578 2877 (30)
2626 2805 3064 2877 πρακτικώτατὸς
3118 2827 3177 2860 τε
3232 2808 3297 2875 ἦν
3341 2807 3369 2860 ὁ
3416 2806 3575 2866 αὐτὸς
3633 2806 3722 2860 καὶ
3780 2826 3872 2877 μου

2234 2896 2491 2953 νώτατος·
2553 2890 2605 2946 εἷ’
2654 2914 2734 2965 τῳ
2788 2895 2873 2962 τὸ,
2932 2894 3252 2967 Καταμόνας
3310 2894 3422 2967 εἰμὶ
3475 2893 3607 2969 ἐγὼ,
3663 2890 3762 2955 ἕως
3818 2894 3866 2946 ἂν

2234 2979 2511 3055 παρέλθω,
2573 2981 2709 3056 μέγα
2764 2984 2900 3055 πρὸς
2950 2980 3220 3053 ἀπόδειξιν
3252 2988 3349 3038 τοῦ
3400 2982 3565 3059 λόγου
3614 2982 3706 3037 καὶ
3748 2980 3870 3053 ἀξιό-

2234 3090 2448 3127 πιστον.
2510 3072 2606 3124 Διὰ
2659 3075 2841 3143 τοῦτο,
2899 3075 3007 3125 τῶν
3068 3069 3255 3126 ἄλλων
3314 3072 3477 3148 ἀρετῇ
3537 3076 3867 3145 κρατοῦντες,

2241 3160 2340 3226 τῆς
2373 3158 2578 3212 ἐκείνου
2636 3156 2875 3221 διανοίας
2932 3160 3099 3216 πλέον
3158 3162 3425 3230 ἡττῶντο,
3476 3161 3512 3229 ἥ
3570 3160 3698 3215 ὅσον
3734 3158 3871 3230 ἐκρά-

2242 3267 2367 3300 τουν
2414 3251 2519 3300 τῶν
2562 3243 2770 3300 ἄλλων·
2820 3247 2909 3301 καὶ
2961 3247 3127 3323 ὀλίγα
3156 3249 3292 3323 πρὸς
3340 3247 3643 3323 ἱερωσύνης
3672 3247 3868 3303 τελεὶωο

2242 3356 2322 3390 σιν
2384 3336 2835 3413 συνεισφέροντες,
2884 3337 3061 3391 πλείω
3118 3339 3252 3411 πρὸς
3321 3335 3652 3415 φιλοσοφίας
3709 3335 3871 3390 σιντέ-

2243 3422 2390 3479 λειαν
2448 3422 2883 3496 ἀπελάμϐανον
2940 3425 3028 3479 καὶ
3077 3430 3235 3480 τοῦτο
3281 3426 3347 3493 ἦν
3401 3425 3568 3498 νόμος
3602 3425 3800 3489 αὐτοῖς,
3846 3422 3871 3477 δ

2240 3533 2291 3566 τι
2349 3512 2534 3584 ἐκείνῳ
2588 3510 2783 3567 ἐδόκει’
2842 3512 2930 3567 καὶ
2983 3517 3143 3567 τοῦτο
3193 3514 3487 3585 ἀπώμοτον
3535 3517 3653 3583 (3|)
3702 3511 3869 3577 πάλιν,

2243 3600 2271 3654 ὃ
2322 3603 2395 3673 μὴ
2444 3598 2614 3655 ἐδόκει
2643 3647 2656 3670 ,
2704 3602 2792 3655 καὶ
2837 3601 3041 3663 πλάκες
3085 3604 3357 3664 Μωϋςὲως
3408 3602 3591 3662 αὐτοῖς
3646 3603 3714 3655 τὰ
3756 3601 3872 3655 bufo

2242 3710 2333 3743 νου
2362 3687 2628 3763 δόγματα,
2672 3690 2760 3743 καὶ
2811 3688 3000 3744 πλεῖον
3050 3691 3112 3744 τὸ
3159 3685 3341 3759 σέϐας,
3396 3693 3430 3759 ἦ
3483 3690 3630 3765 παρᾶ
3682 3689 3873 3763 ἀνθρώ-

2243 3800 2359 3832 πων
2390 3783 2504 3839 τοῖς
2537 3776 2710 3853 ἁγίοις
2757 3776 3049 3855 ὀφείλεται.
3098 3776 3159 3832 Ο’ί
3202 3799 3265 3852 γε
3302 3779 3389 3832 καὶ
3439 3779 3600 3847 ἡνίκα
3648 3776 3876 3850 παρῆσάν

2241 3888 2403 3933 τινες,
2459 3865 2637 3941 ὥσπερ
2696 3866 2834 3941 θῆρα
2893 3869 3044 3939 (32),
3098 3866 3189 3921 τὸν
3251 3868 3405 3940 ἅγιον
3462 3866 3873 3940 ἀνιχνεύοντες,

2244 3953 2429 4024 ἐπειδὴ
2462 3952 2739 4029 πανταχοῦ
2785 3958 2975 4008 τοῦτον
3027 3956 3418 4025 ἀναζητοῦντες
3462 3955 3569 4029 οὐχ
3620 3955 3876 4029 εὕρισκον,

2244 4044 2409 4121 λόγου
2444 4046 2537 4116 μὶν
2589 4041 2807 4105 οὐδενὸς
2853 4043 2980 4106 τοὺς
3029 4043 3368 4121 πεμφθέντας
3416 4043 3678 4113 ἠξίωσανο
3722 4039 3875 4114 1:903-

2242 4155 2414 4189 τεινον
2462 4131 2519 4187 δὲ
2560 4137 2677 4193 τοῖς
2746 4131 2915 4209 ξίφεσι
2960 4132 3088 4193 τοὺς
3137 4132 3393 4207 αὐχένας,
3446 4133 3522 4194 ὡς
3573 4133 3712 4205 ὑπὲρ
3759 4133 3875 4201 Χρι-

2244 4228 2369 4277 στοῦ
2422 4218 2842 4292 κινδυνεύοντες,
2900 4220 2988 4275 καὶ
3045 4222 3106 4275 τὸ
3165 4227 3353 4285 παθεῖν
3410 4243 3463 4275 τι
3531 4225 3641 4274 τῶν
3702 4222 3879 4285 ἀνηκέ-

2244 4334 2380 4366 στων
2435 4311 2566 4385 ὑπὶρ
2617 4308 2821 4363 ἑκείνου
2874 4309 3165 4383 μεγίσττην
3217 4316 3408 4383 μοῖραν
3442 4307 3519 4370 εἷς
3559 4308 3873 4385 φιλοσοφίαν

2240 4400 2589 4474 νομίζοντες,
2650 4396 2739 4452 καὶ
2796 4396 2940 4452 πολὺ
2989 4402 3094 4451 τῶν
3152 4402 3370 4473 μακρῶν
3428 4403 3695 4468 νηστειῶν
3733 4443 3747 4466 ,
3801 4396 3878 4449 καὶ

2242 4492 2554 4565 χαμευνιῶν
2582 4531 2595 4555 ,
2640 4485 2728 4540 καί
2777 4492 2878 4554 τῆς
2933 4482 3112 4557 ἄλλης
3160 4484 3537 4555 κακοπαθείας,
3580 4488 3646 4555 ἦν
3700 4486 3876 4540 ἐκεῖνοι

484 4580 583 4652 qui
616 4579 783 4635 missi
815 4578 1064 4647 fuerant,
1099 4580 1392 4633 duxerunt
1420 4594 1433 4633 :
1475 4593 1675 4631 verum
1707 4579 1959 4635 cervices
2007 4582 2125 4654 gla-

2240 4582 2507 4655 τρυφῶσιν
2539 4575 2642 4645 ἀεὶ,
2676 4574 2992 4647 ἐνθεώτερόν
3023 4595 3081 4629 τε
3106 4574 3195 4627 καὶ
3236 4572 3599 4647 ὑψηλότερον.

480 4671 594 4727 diis
652 4669 1023 4741 objiciebant,
1054 4669 1211 4725 velut
1267 4684 1369 4740 pro
1418 4667 1644 4723 Christo
1704 4671 2122 4741 periclitantes,
2154 4678 2327 4744 atque
2383 4669 2464 4724 ita
2522 4667 2718 4722 animo
2777 4668 3118 4738 comparati,
3158 4670 3223 4721 ut
3266 4667 3315 4720 si
3356 4666 3732 4721 acerbissimi
3784 4665 3872 4720 ali-

479 4759 619 4831 quid
652 4776 755 4831 pro
786 4775 852 4815 eo
882 4760 1224 4829 perferrent,
1260 4756 1456 4827 magni
1506 4756 1563 4809 id
1597 4757 1665 4810 ad
1703 4759 2133 4832 philosophiam
2186 4756 2468 4818 momenti
2518 4772 2646 4811 esse
2687 4755 3039 4826 judicarent,
3074 4755 3487 4826 diuturnisque
3528 4754 3802 4825 jejuniis,
3832 4756 3876 4807 et

478 4848 863 4920 chameuniis,
896 4850 1232 4920 ueterisque
1279 4845 1535 4917 corporis
1582 4845 2083 4919 afﬂictationibus,
2116 4868 2263 4924 quas
2312 4864 2415 4921 pro
2465 4844 2762 4918 perpetuis
2810 4843 3037 4900 deliciis
3068 4844 3303 4915 habent,
3337 4842 3520 4899 multo
3571 4842 3872 4899 sublimius

477 4953 544 4993 ac
574 4937 850 4995 divinius.

546 5027 591 5063 5°
622 5027 772 5084 Psal.
807 5046 930 5096 cxa,
966 5030 1053 5083 10.

563 5116 655 5189 23)
685 5120 760 5189 Τῇ
792 5115 1068 5189 κοινωνίᾳ.
1104 5116 1257 5189 Palu,
1284 5111 1383 5177 τὴν
1416 5107 1724 5189 κοινωνίαν.

542 5118 655 5260 (23)
685 5120 760 5189 Τῇ
792 5118 1068 5187 κοινωνίᾳ.
1104 5118 1257 5177 Par.,
1284 5118 1383 5177 τὴν
1416 5118 1724 5164 κοινωνίαν.

564 5188 635 5243 24
689 5187 1036 5274 Ιιεριφὲρεται
1071 5229 1083 5242 .
1159 5186 1222 5241 In
1300 5183 1618 5245 nonnullis,
1693 5182 2115 5260 περιφθείρεται,

2297 5118 2409 5188 (28)
2439 5118 2659 5185 Ἤγαγε.
2694 5118 2757 5166 1n
2790 5118 3109 5180 nonnullis,
3145 5118 3434 5186 συνήγαγε.

2298 5188 2409 5274 ςὲἓὶ
2440 5184 2813 5274 Farfarus:
2850 5187 2909 5238 ιο
2943 5178 3680 5274 ἳὶιὲίδυδᾴθωχεδῖξίῗῗκτῗῖξ

472 5280 501 5309 ιι
535 5248 1015 5331 corrumpuntur.
1043 5279 1072 5307 ››
1764 5248 1772 5255 ’
1833 5248 1841 5257 ’
1945 5248 1953 5260 ’
2103 5248 2114 5256 ’

544 5331 650 5348 κιρι
685 5331 731 5348 τ.
755 5331 779 5348 Λ
870 5329 880 5348 I
954 5347 962 5348 ,
995 5347 1002 5348 ,
1079 5326 1166 5348 σε-
1218 5321 1363 5348 Πλζηι
1440 5322 1457 5348 Δ
1541 5324 1591 5348 ,ιι
1649 5326 1751 5348 n..-
1827 5326 1880 5348 ἵ..
1994 5331 2079 5348 ν.-

2240 5335 2272 5348 ,ι
2441 5248 2606 5348 aaqu
2636 5248 2899 5348 e‘qéfac.
2920 5248 3347 5348 jSigqquinqu‘e
3404 5248 3572 5348 item,
3605 5251 3779 5348 Coisl.
3823 5248 3865 5311 1»

539 5331 653 5401 (25)
685 5321 1027 5387 Ἀθιανάσιος.
1078 5326 1169 5380 Sic
1218 5321 1387 5377 Coisl.
1440 5322 1489 5387 1,
1539 5324 1596 5375 et
1643 5326 1771 5378 Par.
1824 5326 1887 5380 In
1942 5331 2115 5386 editis

2240 5335 2280 5384 at
2304 5321 2405 5383 Or.
2442 5328 2491 5380 1.
2533 5321 2758 5401 θερείθ
2790 5321 3135 5401 ίηᾼεάηΒίιιῖ
3173 5346 3184 5383 :
3220 5321 3460 5401 «'David
3492 5321 3674 5380 simul
3708 5328 3865 5401 stre.

476 5394 735 5479 deest.__
936 5467 947 5479 1
1037 5466 1093 5479 m
1214 5464 1226 5479 ἱ
1421 5462 1533 5479 ηψ
1606 5463 1621 5479 ἱ
1726 5464 1739 5479 ἱ
1818 5467 1829 5479 ι
1933 5472 1966 5479 Α
2008 5472 2042 5479 __
2224 5416 2354 5479 rum
2405 5399 2797 5479 gerendarum
2846 5398 3124 5457 facultate
3154 5400 3485 5471 praestabat,
3522 5403 3582 5450 et
3629 5394 3863 5449 maxime

538 5472 650 5542 (26)
682 5467 1001 5547 ’Epgnocdv.
1024 5462 1553 5547 (Sic_pluresﬂReg‘.
1590 5463 1892 5547 duodecim
1927 5472 2110 5547 001b,,
2225 5462 2580 5547 soluserat.‘
2602 5490 2628 5517 »

466 5534 933 5612 Pa‘r.,'Comb'ef.,
983 5545 1092 5596 etc.
1144 5534 1204 5592 In
1264 5534 1458 5602 editis,
1504 5534 1797 5608 εἰρηνικόν,
1849 5564 1875 5590 (ι
1911 5534 2113 5614 pacm;

2295 5541 2405 5612 (31)
2439 5540 2783 5614 Ἀπώμοτον.
2818 5541 2992 5598 Coisl.
3025 5544 3075 5609 1,
3108 5539 3482 5611 ἀνομώτατον.

470 5628 717 5700 εᾶξέλὶιοπ
874 5679 888 5700 1
1018 5680 1219 5700 τίθης---
1256 5696 1265 5700 -
1310 5699 1329 5700 ,,
1367 5675 1758 5700 η-ξ---..-ι--..-

2293 5615 2405 5685 (32)
2436 5616 2586 5685 Θῆρα
2616 5613 2819 5684 Chrys.
2848 5620 2905 5669 et
2932 5614 3107 5671 Coisl.
3141 5616 3193 5685 l,
3224 5618 3409 5689 θῆρες.

536 5682 651 5756 (27)
680 5679 984 5758 Ἱερωσύνη.
1016 5680 1223 5744 Bittius
1255 5696 1269 5755 ;
1302 5699 1331 5729 ‹‹
1365 5679 1788 5753 episcopatum.
1814 5706 1843 5737 ››

2439 5112 2659 5194 fil-rays.
2694 5112 2757 5166 In
2790 5113 3109 5194 nonnullis,
3145 5112 3434 5194 συνήγαγε-
