4094 6212
279 442 437 503 1105

1181 444 1473 506 ORATIO
1518 442 1680 506 XXI.
1709 476 1787 489 —
1816 442 1896 502 IN
1940 439 2265 503 LAUDEM
2312 437 2765 499 ATHANASII.

3535 430 3690 495 1106

349 573 473 630 ΚΑ’.
508 572 564 627 Ὀ
601 574 699 647 μὲν
751 571 842 629 οὖν
895 572 946 629 ἐν
995 572 1211 638 τούτοις
1264 577 1351 643 ἦν,
1410 576 1497 629 καὶ
1536 575 1718 629 τὸτοῦ
1751 572 1924 628 Σολο-

2111 572 2253 627 ΧΧΙ.
2287 573 2474 641 Atque
2505 569 2599 624 hic
2649 570 2706 624 in
2756 568 2848 623 his
2895 567 3108 624 studiis
3154 566 3517 635 versabatur,
3548 565 3693 621 illud

282 664 494 733 μῶντος
547 658 756 735 ἐπῄνει,
807 664 992 737 καιρὸν
1042 664 1174 717 εἶναι
1224 662 1381 717 παντὶ
1432 662 1705 737 πράγματι
1766 660 1928 739 φιλο-

278 752 637 827 σοφήσαντος.
720 751 817 806 Καὶ
890 749 979 805 διὰ
1052 756 1212 806 τοῦτο
1276 752 1641 826 ἀπεκρύπτετο
1712 751 1926 823 μικρὸν,

278 836 402 893 ὅσον
453 840 543 892 τὸν
598 844 694 893 τοῦ
752 838 1005 912 πολέμου
1053 841 1238 915 καιρὸν
1293 837 1591 917 διαφεύγων
1652 842 1786 911 (33),
1838 836 1929 891 ’ἱνα

277 931 616 1003 συναναφανῇ
676 933 754 999 τῷ
802 936 902 997 τῆς
945 928 1165 1003 εἰρήνης
1210 926 1437 997 ἥκοντι·
1502 928 1633 1001 ὅπερ
1691 927 1781 980 οὗν
1838 927 1927 980 καὶ

275 1015 481 1092 γίνεται
545 1017 736 1092 μικρὸν
787 1017 1029 1093 ὕστερον.
1082 1020 1137 1071 Ὀ
1170 1015 1247 1087 δὲ,
1280 1018 1415 1072 κατά
1442 1015 1658 1085 πολλὴν
1691 1013 1799 1084 ἤδη
1832 1014 1927 1070 τοῦ

272 1104 618 1167 κωλύσοντος
652 1104 905 1180 ἐρημίαν,
937 1106 1256 1181 κατατρέχει
1306 1109 1399 1178 μὲν
1450 1103 1748 1179 Αἴγυπτον,
1799 1103 1925 1173 ληΐ-

278 1196 417 1260 ζεται
498 1188 555 1245 δὲ
632 1192 826 1265 Συρίαν
904 1197 982 1263 τῷ
1062 1194 1245 1267 κράτει
1322 1200 1421 1262 τῆς
1494 1188 1733 1253 ἀσεϐείας
1790 1195 1922 1265 (34)·

275 1275 698 1351 ἐπιλαμϐάνεται
761 1278 818 1335 δὲ
873 1281 962 1335 καὶ
1019 1284 1125 1354 (35)
1184 1284 1282 1349 τῆς
1342 1282 1480 1353 ἑῴας
1523 1281 1648 1335 ὅσον
1680 1279 1923 1351 ἰδύνατο,

271 1368 332 1423 τὸ
403 1370 715 1446 ἁρῥωστοῦν
791 1369 873 1425 ἀεὶ
940 1367 1402 1446 προσλαμϐάνων,
1461 1370 1641 1443 ὥσπερ
1697 1372 1747 1424 οἱ
1806 1371 1925 1445 χεί-

277 1457 474 1534 μαρῥοι
514 1459 580 1512 τά
637 1458 951 1534 συρῥέοντα,
1006 1460 1095 1514 καὶ
1150 1466 1267 1521 τοῖς
1312 1460 1686 1537 κουφοτέροις,
1720 1460 1753 1528 ἢ
1815 1457 1923 1514 δει-

274 1547 523 1622 λοτέροις
584 1545 965 1624 ἐπιφυόμενος.
1027 1548 1332 1602 Οίκειοῦται
1392 1546 1448 1602 δὲ
1503 1549 1600 1615 τὴν
1654 1547 1924 1623 βασιλέως

276 1634 579 1707 ἁπλότητα·
615 1635 759 1691 οὕτω
813 1638 913 1712 γάρ
965 1637 1069 1713 ἐγὼ
1278 1640 1427 1691 κοικῶ
1458 1638 1557 1705 τὴν
1590 1636 1920 1715 κουφότητα,

272 1724 595 1798 αἰδούμενος
653 1726 751 1793 τὴν
805 1721 1112 1781 εὐλάϐειαν.
1157 1725 1253 1781 Καὶ
1285 1728 1388 1801 γὰρ
1419 1728 1508 1795 ἦν,
1537 1725 1581 1781 εί
1616 1723 1697 1780 δεῖ
1752 1725 1923 1795 τάλη-

272 1815 379 1882 θὶς,
437 1814 624 1882 εἰπεῖν,
676 1813 841 1882 ζῆλον
894 1815 987 1887 μὶν
1021 1810 1190 1890 ἔχων,
1215 1813 1340 1869 ἀλλ’
1372 1814 1433 1869 ού
1465 1816 1581 1868 κατ’
1611 1814 1919 1890 ἐπίγνωσιν.

273 1902 573 1972 Ἐξωνεῖται
620 1899 677 1956 δὲ
723 1907 831 1956 τῶν
875 1902 925 1956 ἐν
956 1900 1101 1957 τέλει
1148 1902 1275 1965 τοὺς
1307 1902 1678 1980 φιλοχρύσους
1708 1903 1919 1975 μᾶλλον

268 1991 303 2060 ἢ
363 1990 759 2068 φιλοχρίστους
817 1990 1069 2063 (εὐπορία
1124 1993 1224 2068 γάρ
1284 1993 1351 2061 ἦν
1408 1991 1553 2064 αύτῷ
1597 1992 1664 2047 τὰ
1690 1997 1796 2046 τῶν
1826 2014 1918 2047 πει

266 2080 463 2151 νήτων,
531 2084 713 2141 κακῶς
789 2079 1192 2153 δαπανώμενα),
1271 2080 1361 2134 καὶ
1416 2080 1627 2135 τούτων
1685 2079 1921 2153 μάλιστα

265 2167 393 2229 τοὺς
471 2165 827 2242 γυναικώδεις
904 2171 1014 2241 ι37)
1080 2190 1139 2223 τε
1193 2169 1282 2223 καὶ
1341 2168 1392 2222 ἐν
1454 2167 1707 2246 ἀνδράσιν
1767 2171 1920 2224 ἀνάν-

269 2255 449 2333 δρους,
509 2257 597 2311 καὶ
658 2252 1006 2334 ἀμφιϐόλους
1067 2258 1161 2330 μὲν
1208 2256 1270 2312 τό
1312 2260 1484 2333 γένος,
1515 2256 1833 2332 προδήλους
1866 2258 1924 2314 δὲ

268 2347 367 2415 τήν
429 2340 693 2400 ἀσίὸειανσ
758 2347 838 2408 οἷς
901 2346 999 2400 ούκ
1056 2344 1158 2400 οἶδ’
1218 2346 1367 2409 ὅπως
1421 2348 1510 2401 καὶ
1559 2347 1675 2403 ὅθεν
1709 2349 1922 2403 οἱῬω-

275 2434 447 2508 μαίων
508 2434 771 2509 βασιλεῖς,
824 2436 891 2489 τὸ.
945 2440 1051 2490 τῶν
1114 2438 1228 2509 (38)
1276 2442 1545 2518 γυναικῶν
1598 2438 1922 2511 πιστευομὲ-

271 2544 408 2594 νοις,
438 2524 505 2577 τά
560 2527 667 2577 τῶν
724 2520 930 2599 ἀνδρῶν
988 2523 1373 2599 ἰγχειρίζουσι.
1436 2525 1530 2580 Καὶ
1562 2530 1728 2581 ταῦτα
1774 2524 1925 2601 ἴσχυ-

272 2633 356 2666 σεν
391 2613 418 2665 6
474 2616 570 2666 τοῦ
616 2617 861 2688 πονηροῦ
915 2614 1181 2685 θεράπων,
1234 2615 1261 2668 6
1315 2618 1422 2669 τῶν
1484 2614 1730 2684 ζιζανίων
1793 2637 1925 2671 σπο-

274 2700 417 2774 ρεὺς,
453 2702 479 2756 ὁ
524 2706 621 2755 τοῦ
674 2701 1051 2777 ’Δντιχρίστου
1100 2700 1439 2778 πρόδρομος·
1475 2706 1766 2780 χρώμενος
1827 2707 1921 2777 μὲν

272 2789 369 2843 ὃσα
399 2788 621 2864 γλώσσῃ
670 2795 776 2844 τῶν
834 2789 957 2845 τότε
1009 2790 1213 2865 λογίων
1264 2792 1315 2846 ἐν
1362 2792 1677 2855 ἐπισκόποις
1710 2796 1815 2865 (39)
1847 2799 1925 2865 τῷ

271 2878 474 2950 πρώτῷ
533 2876 609 2950 (εἷ’
646 2878 725 2951 τῷ
775 2882 887 2951 (40)
939 2878 1127 2953 λόγιον
1162 2879 1319 2956 φίλον
1352 2879 1536 2935 καλεῖν
1568 2884 1657 2937 τὸν
1702 2883 1807 2958 οὐχ
1838 2879 1925 2937 οὕ-

276 2988 384 3028 τως
414 2962 581 3036 ἀσεϐῆ
644 2965 1033 3042 δογματιστὴν,
1065 2968 1189 3023 ὅσον
1223 2968 1418 3044 ἐχθρὸν
1446 2972 1536 3024 καὶ
1569 2972 1880 3048 φιλόνεικον
1906 2991 1918 3004 ·

269 3056 332 3111 τὸ
370 3058 472 3131 γάρ
521 3051 695 3130 ὄνομα
742 3056 876 3111 ἑκὼν
914 3052 1353 3132 ὑπερϐήσομαι)·
1390 3058 1550 3121 αὐτὸς
1584 3058 1640 3114 δὶ
1668 3060 1781 3115 ἀντὶ
1812 3081 1926 3136 χει-

271 3145 364 3218 ρὸς
410 3142 482 3198 ὥν
533 3150 612 3216 τῷ
665 3148 989 3217 συστήματι,
1020 3146 1109 3199 καὶ
1140 3146 1462 3223 παρασύρων
1495 3153 1574 3219 τῷ
1606 3154 1795 3223 χρυσῷ
1823 3151 1921 3217 τὴν

274 3230 554 3305 ἀλήθειαν,
606 3232 663 3287 δν
716 3232 785 3288 δι’
831 3230 1100 3289 εὐσεϐεὶαν
1130 3235 1519 3311 συναγόμενον,
1552 3233 1775 3313 ὄργανον
1803 3238 1923 3293 ἀσε-

272 3317 421 3385 ϐείας
454 3324 506 3377 οἱ
536 3324 770 3399 πονηροὶ
801 3323 1150 3394 πεποίηνται.

342 3589 458 3644 ΚΒ’.
509 3587 717 3658 Ταύτης
770 3587 1117 3662 ἀποτέλεσμα
1158 3597 1259 3660 τῆς
1309 3588 1643 3661 δυναστείας,
1693 3595 1727 3661 ἡ
1782 3593 1923 3667 πρό-

266 3696 420 3751 τερον
505 3678 599 3749 μὶν
664 3679 764 3746 τήν
819 3685 920 3747 τῆς
978 3678 1132 3754 ἁγίας
1186 3680 1275 3734 καὶ
1330 3678 1769 3753 καλλίπαρθὲνου
1827 3683 1923 3737 6s-

268 3765 405 3827 κλας
462 3769 575 3839 (41)
626 3766 967 3835 Σελεύκειαν,
1017 3770 1151 3841 μετὰ
1207 3766 1265 3824 δὲ
1318 3774 1479 3824 τοῦτο
1536 3772 1635 3839 τήν
1682 3769 1922 3845 μεγαλό-

269 3853 433 3909 πολιν
478 3854 674 3921 ταύτην
723 3851 1103 3911 καταλαϐοῦσα
1153 3856 1372 3920 σύνοδος
1414 3861 1547 3933 (42),
1602 3859 1661 3921 ἃς
1693 3858 1777 3913 ἐπὶ
1808 3865 1923 3922 τοῖς

266 3940 589 4005 καλλίστοις
643 3943 778 4004 τέως
836 3948 1262 4019 γνωριζομένας,
1324 3946 1410 4001 ἐπὶ
1462 3952 1576 4009 τοῖς
1619 3947 1923 4023 αἶ’σχίστοις

272 4030 573 4103 ὀνομαστὰς
624 4031 941 4102 πεποίηκεν
997 4034 1102 4089 εἴτε
1158 4036 1249 4090 τὸν
1300 4034 1554 4106 Χαλοὶνης
1598 4037 1828 4111 πύργον,
1863 4036 1921 4099 ὅς

268 4118 452 4181 καλῶς
507 4120 600 4182 τὰς
657 4118 907 4196 γλώσσας
967 4121 1208 4198 ἐμέρισεν
1261 4124 1359 4197 (ὡς
1410 4122 1620 4202 ὤφελόν
1650 4147 1712 4200 γε
1742 4125 1922 4181 κάκεί-

267 4208 399 4269 ναςῑ
459 4206 546 4262 ἐπὶ
602 4214 753 4281 κακῷ
820 4210 923 4285 γὰρ
972 4213 1006 4279 ἡ
1057 4212 1383 4288 συμφωνία),
1436 4213 1541 4269 εἴτε
1593 4215 1654 4269 τὸ
1712 4216 1923 4293 Καῖάφα

270 4294 564 4371 συνέδριον,
622 4299 667 4370 ᾧ
742 4301 973 4373 Χριστὸς
1043 4302 1437 4377 κατακρίνεται,
1506 4302 1611 4357 εἴτε
1668 4325 1723 4359 τι
1780 4303 1920 4359 ἄλλο

264 4390 502 4457 τοιοῦτο,
562 4386 660 4454 τήν
712 4384 936 4443 σύνοδον
999 4389 1205 4461 ἐκείνην
1265 4391 1612 4464 ὀνομαστέον,
1659 4394 1694 4461 ἢ
1750 4394 1923 4447 πάντα

266 4473 521 4551 ἀνέτρεψε
579 4475 668 4530 καὶ
727 4476 999 4552 συνέχεεν.
1058 4480 1128 4533 Τὸ
1185 4481 1278 4553 μὶν
1339 4476 1552 4542 εὐσεϐὲς
1596 4479 1773 4557 δόγμα
1829 4482 1918 4536 καὶ

2040 660 2373 717 Salomonis
2407 658 2819 729 comprobans,
2852 674 2966 728 quo
3001 673 3173 712 suum
3204 656 3411 729 cuique
3435 654 3516 710 rei
3548 659 3695 710 tem-

2039 767 2150 821 pus
2184 765 2311 804 esse
2360 749 2558 803 docuit
2588 748 2653 801 θί.
2689 754 2769 801 Ac
2800 747 3043 818 proinde
3088 745 3513 817 aliquantisper
3558 743 3698 800 belli

2039 844 2273 908 tempus
2307 836 2537 907 fugiens
2571 835 2860 901 latitabat,
2892 841 2955 889 ut
2986 852 3119 890 cum
3151 836 3497 890 adventante
3536 833 3698 905 pacis

2037 931 2299 996 tempore
2348 924 2677 993 colluceret,
2712 924 3209 994 quemadmodum
3260 927 3315 978 et
3363 922 3536 994 paulo
3567 925 3699 993 post

2038 1014 2301 1085 contigit.
2336 1015 2405 1068 At
2438 1012 2743 1083 Georgius,
2776 1012 3011 1067 nemine
3036 1014 3153 1081 jam
3190 1012 3377 1082 ipsius
3408 1011 3695 1082 impetum

2040 1102 2418 1174 propellente,
2449 1102 2756 1172 zEgyptum
2814 1101 3247 1155 incursionibus
3280 1104 3485 1169 vastat,
3517 1104 3695 1172 atque

2035 1191 2355 1262 impietatis
2387 1189 2590 1244 robore
2614 1189 2840 1260 Syriam
2874 1188 3205 1261 populatur.
3240 1188 3492 1243 Orientis
3514 1189 3691 1244 etiam

2036 1286 2320 1353 quantum
2358 1280 2508 1334 399
2544 1283 2733 1349 potest
2761 1278 2983 1348 arripit,
3004 1278 3283 1332 remissos
3303 1282 3359 1332 et
3381 1277 3691 1349 languidos

2036 1368 2318 1441 qautidie,
2355 1366 2853 1439 quemadmodum
2903 1371 3187 1421 torrentes
3220 1382 3288 1421 ea
3335 1382 3460 1436 qua:
3512 1366 3691 1421 simul

2033 1458 2369 1522 volvuntur,
2416 1472 2746 1523 assumens,
2780 1472 2845 1510 ac
2903 1454 3146 1511 leviores
3203 1459 3306 1510 aut
3362 1454 3691 1526 ignaviores

2033 1549 2325 1604 adoriens.
2379 1546 2527 1612 Quin
2590 1544 2764 1599 etiam
2824 1543 3191 1615 imperatoris
3250 1542 3690 1615 simplicitatem

2032 1638 2145 1693 sibi
2176 1635 2486 1702 conciliat;
2513 1635 2595 1690 sic
2627 1634 2783 1689 enim
2816 1649 2921 1704 ego
2952 1633 3243 1688 levitatem
3286 1632 3532 1704 appello,
3568 1634 3689 1705 pie-

2031 1731 2211 1781 tatem
2242 1741 2545 1780 venerans.
2581 1724 2727 1778 Nam
2760 1721 2807 1777 si
2839 1738 2965 1779 vere
3015 1721 3328 1777 dicendum
3361 1727 3470 1787 est,
3500 1721 3690 1778 zelum

2032 1815 2305 1880 habebat,
2338 1829 2540 1868 verum
2574 1829 2687 1867 non
2740 1812 3065 1867 secundum
3105 1810 3412 1866 scientiam
3443 1812 3507 1864 θ’.
3537 1812 3687 1867 Tum

2035 1921 2103 1959 ex
2132 1903 2473 1974 proceribus
2501 1918 2599 1957 eos
2650 1900 2763 1955 sibi
2795 1900 3042 1973 pecunia
3070 1904 3391 1970 comparat,
3424 1899 3525 1970 qui
3556 1901 3686 1956 auri

2031 2008 2289 2047 amorem
2339 1989 2554 2045 Christi
2604 1989 2787 2045 amori
2844 1988 3227 2060 praeferebant
3284 1987 3417 2060 (ipsi
3464 1988 3683 2043 etenim

2030 2098 2169 2152 epes
2199 2085 2257 2136 et
2286 2078 2486 2152 copiae,
2519 2079 2671 2135 bona
2702 2095 3023 2150 pauperum
3058 2083 3244 2144 erant,
3268 2077 3328 2133 in
3360 2077 3683 2150 ﬂagitiosos

2034 2188 2177 2226 usus
2199 2170 2542 2240 insumpta),
2564 2174 2738 2239 atque
2760 2185 2828 2223 ex
2848 2167 2940 2222 his
2961 2168 3338 2239 potissimum
3363 2166 3683 2223 muliebres

2033 2259 2319 2323 homines,
2353 2262 2408 2313 et
2437 2258 2585 2313 inter
2618 2257 2770 2311 viros
2802 2255 3042 2313 minime
3072 2256 3246 2322 viros,
3279 2272 3420 2312 sexu
3446 2256 3685 2327 quidem

2034 2348 2266 2413 dubios,
2300 2347 2598 2417 impietate
2653 2350 2848 2401 autem
2907 2350 3141 2417 apertos
3196 2349 3253 2400 et
3307 2345 3683 2417 perspicuos;

2036 2440 2251 2510 quibus
2282 2455 2414 2493 cum
2460 2438 2812 2492 feminarum
2869 2454 3008 2492 cura
3056 2436 3479 2502 committatur,
3529 2437 3687 2493 haud

2034 2528 2153 2583 scio
2186 2527 2285 2597 qui
2318 2528 2437 2596 fiat,
2474 2532 2536 2581 ut
2566 2526 2946 2598 imperatores
2978 2526 3222 2581 Romani
3268 2528 3504 2583 eosdem
3535 2527 3689 2583 viro-

2036 2633 2163 2671 rum
2188 2615 2396 2671 cfﬁciis
2429 2615 2892 2685 muneribusque
2934 2613 3271 2685 praeﬁciant.
3305 2616 3561 2670 Tantum
3592 2633 3687 2671 va-

2036 2704 2145 2760 luit
2172 2704 2269 2759 ille
2318 2704 2533 2759 diaboli
2565 2705 2930 2771 administer,
2965 2702 3059 2758 ille
3106 2703 3459 2759 zizaniorum
3504 2709 3688 2774 sator,

2035 2793 2130 2847 ille
2160 2793 2507 2848 Antichristi
2557 2809 2917 2864 praecursor:
2951 2792 3032 2846 ita
3063 2792 3361 2864 negotium
3404 2794 3687 2863 partiens,

2037 2886 2101 2936 ut
2131 2882 2401 2953 episcopo
2451 2883 2728 2952 quodam,
2779 2898 2847 2937 ea
2878 2886 3224 2953 tempestate
3271 2882 3686 2951 disertissimo,

2034 2970 2246 3042 lingua
2277 2972 2398 3025 vice
2448 2975 2703 3026 uteretur
2731 2970 2803 3039 (si
2836 2971 2929 3025 cui
2977 2977 3172 3026 tamen
3222 2971 3509 3027 disertum
3550 2987 3686 3027 eum

2034 3059 2330 3131 appellare
2362 3058 2665 3130 libeat,qui
2698 3075 2813 3114 non
2842 3064 2961 3114 tam
2997 3059 3215 3131 impius
3247 3059 3530 3115 sectarius
3552 3059 3686 3130 fuit,

2036 3166 2211 3219 quam
2236 3148 2508 3203 inimicus
2540 3154 2597 3202 et
2618 3147 3007 3203 contentionis
3036 3147 3231 3203 studio
3261 3148 3516 3219 ﬂagrans
3548 3164 3562 3202 :
3590 3164 3688 3203 no-

2036 3254 2169 3293 men
2201 3237 2356 3292 enim
2388 3235 2654 3291 consulto
2687 3236 3011 3307 praeteribo)
3038 3254 3052 3302 ;
3085 3235 3210 3307 ipse
3239 3241 3689 3306 autem,manus

1954 3315 1996 3381 C
2035 3327 2239 3394 instar,
2275 3325 2493 3381 cohorti
2545 3342 2663 3380 suae
2695 3330 2869 3395 esset,
2902 3341 2967 3380 ac
3020 3325 3325 3381 veritatem
3375 3341 3519 3381 auro
3550 3341 3690 3381 con-

2031 3413 2288 3481 velleret,
2324 3414 2479 3485 quod
2514 3414 2748 3484 quidem
2784 3412 2855 3467 ob
2888 3413 3016 3484 pios
3047 3429 3192 3469 usus
3224 3412 3554 3479 collectum,
3586 3412 3691 3468 im-

2034 3504 2265 3575 pietatis
2296 3502 2751 3557 instrumentum
2786 3500 2947 3573 pravi
2978 3500 3246 3557 homines
3276 3502 3613 3557 effecerunt.

2106 3592 2273 3648 XXII.
2307 3593 2497 3662 Hujus
2528 3591 2801 3663 potentiae
2849 3607 2997 3662 opus
3028 3590 3340 3646 concilium
3373 3590 3517 3646 illud
3557 3590 3689 3660 fuit,

2032 3683 2184 3753 quod
2236 3680 2507 3737 Seleucia:
2540 3680 2821 3750 primum,
2857 3678 2955 3734 ubi
3005 3680 3205 3734 fanum
3256 3684 3345 3735 est
3391 3684 3600 3734 sancta:
3631 3683 3689 3735 et

2032 3772 2276 3842 egregiae
2308 3769 2517 3840 virgini
2568 3766 2819 3832 Theclze,
2851 3768 3060 3822 deinde
3090 3768 3147 3821 in
3179 3766 3287 3822 hac
3319 3766 3688 3838 amplissima

2031 3859 2266 3915 civitate
2295 3862 2562 3913 coactum
2587 3863 2853 3925 est,quas
2876 3857 3050 3910 urbes
3074 3854 3484 3927 pulcherrimis
3509 3859 3686 3911 antea

2034 3947 2370 4003 nominibus
2389 3948 2596 4011 claras,
2628 3943 3108 4014 turpissimarum
3133 3960 3325 3998 rerum
3351 3942 3505 3998 notis
3525 3940 3681 3999 cele-

2032 4039 2165 4093 bres
2196 4036 2569 4104 illustresque
2602 4032 2885 4099 reddidit;
2921 4034 3039 4087 sive
3070 4031 3339 4087 Cbalauae
3371 4031 3575 4087 turrim
3613 4032 3679 4101 ⁸³,

2031 4143 2155 4197 quae
2190 4125 2423 4195 linguas
2457 4121 2696 4194 pulchre
2743 4121 2984 4188 divisit;
3015 4120 3238 4175 utinam
3263 4119 3394 4176 illas
3424 4136 3680 4192 quoque,

2031 4215 2091 4269 in
2134 4213 2354 4268 malum
2406 4227 2612 4282 nempe
2661 4209 3163 4265 concordeslsive
3212 4209 3436 4281 Caiphae
3484 4209 3677 4265 conci-

2030 4303 2197 4369 lium,
2231 4319 2345 4373 quo
2395 4300 2660 4355 Christus
2704 4299 3128 4354 condemnatur
3155 4300 3219 4365 5‘,
3252 4299 3372 4354 sive
3415 4314 3677 4369 quocun‘

2030 4409 2140 4463 que
2171 4390 2405 4445 tandem
2438 4388 2552 4445 alio
2584 4388 2819 4443 nomine
2835 4392 3155 4444 conventus
3186 4387 3277 4443 hic
3296 4385 3681 4459 appellandus

2030 4489 2140 4554 est,
2174 4482 2275 4554 qui
2325 4482 2526 4537 omnia
2556 4481 2760 4535 evertit
2806 4496 2871 4535 ac
2900 4480 3279 4550 perturbavit.
3313 4479 3473 4535 Piam
3522 4479 3679 4536 enim

338 4583 383 4617 ⁶ί
421 4581 587 4637 Eccli.
622 4599 705 4648 III,
742 4585 791 4640 1.
871 4585 916 4619 ⁶²
948 4585 1113 4641 Rom.
1145 4603 1202 4656 κ,
1235 4589 1288 4642 2.
1364 4588 1409 4623 ⁸³
1438 4588 1579 4643 Gen.
1612 4603 1693 4657 χι,
1726 4590 1778 4644 4.
1855 4590 1901 4624 ⁶⁴
1934 4590 1951 4645 J

2039 4607 2101 4644 n.
2134 4606 2211 4653 χι,
2242 4589 2307 4641 47
2340 4592 2398 4641 et
2427 4603 2589 4657 seqq.

339 4689 453 4759 (33)
511 4686 842 4765 Διαφεύγων.
910 4692 1055 4748 Tres

268 4758 469 4835 φιρφι.

340 4825 459 4915 (34)
484 4828 814 4915 Κράτειῆτῆς
865 4825 1130 4915 desedere.
1163 4836 1255 4891 Sic
1287 4836 1556 4915 designat
1587 4837 1922 4915 Gregorius,

266 4906 326 4958 et
357 4903 1005 4981 nefariumGeorgium,
1040 4912 1095 4962 et
1125 4925 1242 4976 eos,
1277 4909 1374 4979 qui
1407 4903 1519 4981 ipsi
1552 4903 1732 4980 atque
1759 4903 1923 4964 Aria;

266 4920 326 4958 ei
357 4920 645 4959 aerarium
672 4920 820 4958 ueor
864 4921 981 4960 ium

264 4990 353 5047 ne:
385 4976 669 5047 impietati
702 4920 993 5032 favebant.

336 5046 456 5123 (Βξ)
481 5046 599 5123 limi.
634 5048 806 5123 Deest
853 5047 912 5102 in
956 5053 1225 5123 quatuor
1257 5050 1435 5122 Regg.
1470 5055 1526 5106 et
1555 5050 1648 5105 Or.
1686 5052 1735 5105 1.
1768 5054 1915 5123 Mox,

265 5134 373 5189 pro
406 5116 645 5185 ἐδύνατο,
682 5119 739 5172 in
773 5116 1094 5189 nonnullis,
1128 5116 1383 5188 ἡδύνατιῖ.

481 5190 639 5247 Οὕτω
695 5189 798 5263 γὰρ
858 5190 985 5264 ἐγώ,
1033 5196 1144 5264 etc.
1195 5193 1323 5247 Bill.
1361 5210 1430 5248 τι(
1485 5193 1702 5264 Pietate
1759 5193 1916 5249 enim

265 5260 458 5329 ipsius
488 5260 807 5329 dimoveor,
836 5260 907 5317 ne
936 5261 1229 5319 levitatem
1260 5264 1472 5319 dicam.
1502 5288 1529 5315 ››
1559 5263 1921 5321 Existimavit

323 5334 583 5407 regorius
625 5334 1032 5407 Constantium
1084 5334 1489 5406 imperatorem
1541 5335 1919 5407 simplicitate

264 5406 463 5480 potius
518 5412 691 5480 atque
733 5406 1101 5480 ignorantia,
1138 5424 1313 5478 quam
1347 5408 1557 5462 infesto
1617 5406 1918 5480 religionis

262 5475 424 5541 odio,
458 5478 689 5532 Arianis
725 5475 955 5532 favisse.

340 5549 453 5632 (3'?)
485 5546 622 5632 Τούς
663 5545 1035 5632 γυναικώδεις.
1072 5548 1165 5632 Sic
1188 5550 1467 5632 quinque
1499 5550 1827 5632 R_egg.,_Or.
1865 5552 1916 5620 1,

262 5616 527 5693 Cpmbef.
562 5616 731 5693 Deest
775 5616 901 5693 τούς
947 5620 1007 5693 in
1057 5620 1149 5675 ed.
1182 5616 1286 5675 Hic
1318 5616 1693 5693 Gregoriusd
1721 5616 1916 5677 Euan;

265 5688 411 5764 chos
460 5714 488 5740 ››
540 5691 833 5764 intelligit,
886 5696 948 5764 et
995 5691 1146 5745 inter
1199 5710 1297 5748 eos
1355 5688 1605 5748 maxime
1659 5711 1681 5741 α
1736 5695 1918 5749 Euse-

261 5760 457 5833 bium,
482 5784 512 5813 ››
543 5779 718 5837 quem
734 5760 987 5836 “magnis
1018 5764 1363 5822 muneribus
1413 5764 1484 5822 ad
1533 5780 1671 5823 suas
1721 5771 1918 5838 partes

1135 4698 1312 4767 Regg.
1400 4698 1458 4750 et
1541 4694 1740 4763 Savil.,
1809 4691 1925 4747 δια-
1956 4699 2004 4763 D
2034 4697 2371 4751 traduxerat
2399 4692 2703 4767 Georgius.

2106 4769 2218 4836 (38)
2249 4769 2391 4836 Τῶν.
2418 4766 2589 4820 Deest
2618 4764 2674 4817 in
2704 4780 2806 4836 sea
2834 4764 3037 4836 Regg.,
3070 4764 3165 4820 Or.
3201 4764 3252 4830 1,
3283 4767 3340 4818 et
3363 4762 3625 4836 Combef.

2112 4834 2219 4907 (39)
2250 4838 2335 4891 Ἐν
2379 4834 2715 4894 ἐπισκόποις.
2746 4834 2878 4907 Alii,
2930 4834 3063 4890 cum
3111 4836 3329 4907 Niceta,
3361 4834 3681 4890 Eusebium

2035 4906 2415 4978 Nicomediae,
2469 4907 2563 4963 alii
2616 4906 2933 4961 Eusebium
2986 4906 3272 4979 Pamphili
3316 4906 3678 4977 episcopum,

2028 4980 2229 5036 Ariani
2288 4979 2541 5052 agminis
2598 4979 3003 5052 coryphaaum,
3056 4978 3411 5051 intelligunt.
3469 4980 3677 5034 Annon

2030 5054 2275 5109 Acacius
2300 5050 2503 5123 posset
2534 5050 2826 5123 intelligi?

2100 5126 2209 5211 (ῥυ)
2238 5120 2432 5194 Εἱ¹“τῳ.
2459 5126 2519 5178 In
2553 5120 2873 5187 nonnullis,
2899 5138 3005 5173 ειτε
3031 5140 3112 5191 τῳ
3143 5121 3270 5177 sine
3300 5126 3541 5177 accentu
3575 5139 3677 5194 pro

2025 5214 2151 5251 τινι.

2098 5269 2207 5338 (41)
2241 5262 2464 5338 Eis-aly.
2499 5265 2559 5338 In
2593 5263 2879 5338 pluribus,
2905 5260 3136 5338 ᾷὲκλης.

2096 5332 2209 5427 (42)
2244 5334 2497 5427 Σύνοβος.
2525 5332 2743 5427 quol.:
2766 5332 2965 5427 Oé‘rﬁ‘v
2992 5337 3099 5389 τῶν
3133 5334 3676 5427 ἕκατὸνιπεντήκξγτα

2039 5402 2201 5482 Mm
2256 5408 2506 5482 Πατὲρων
2578 5404 2745 5477 λέγει,
2789 5402 2951 5482 ΔιΞιλλὰι
3013 5407 3454 5482 νπρογψεστὲραν.
3486 5428 3506 5453 ι
3548 5405 3672 5482 l‘jon

2102 5432 2192 5462 ιων
2259 5429 2506 5482 ιιατερων
2579 5429 2745 5477 Λεγιι,
2805 5429 2951 5459 αΛΛα
3020 5429 3506 5482 προγενεστεραν.ι
3549 5429 3672 5459 “UH

2028 5429 2187 5536 illam
2234 5483 2375 5537 dicit
2419 5487 2650 5535 centum
2702 5478 3134 5549 quinquaginta
3179 5481 3524 5535 Sanctorum
3562 5480 3672 5530 Pa-

2028 5560 2181 5609 trum
2216 5554 2522 5625 synodum.
2551 5551 2650 5606 sed
2680 5568 2832 5614 eam,
2857 5568 2981 5621 qua:
3016 5551 3176 5622 prius
3198 5550 3395 5625 habita
3424 5550 3670 5625 iuerat,»

2029 5617 2435 5681 scilicet'anno
2465 5625 2588 5686 360,
2622 5640 2737 5694 quo
2770 5617 3032 5694 tem-pore
3058 5624 3314 5694 synodus
3339 5617 3669 5673 Ariminen-

2029 5698 2111 5756 sis
2142 5700 2197 5753 in
2231 5698 2540 5753 Occidente
2570 5694 2913 5749 habebatur.
