4094 6212
452 412 606 487 ιιοτ

1693 420 1758 482 S.
1809 416 2177 482 GREGORII
2226 414 2621 481 'I‘IIEOLOGI

3707 431 3847 492 H08

448 567 503 615 et
534 565 781 614 veterem
817 558 1162 623 doctrinam,
1199 573 1261 612 ac
1294 556 1599 613 Trinitatis
1650 559 1977 627 patronam,
2012 552 2099 605 in-

2241 547 2465 617 ιαλαιὸν,
2524 550 2613 605 καὶ
2669 557 2766 621 τῆς
2841 551 3066 629 Τριάδος
3140 558 3437 635 συνήγορον
3500 561 3843 635 καταλύσασα,

447 651 687 720 terjccto
719 647 889 717 vallo,
923 665 987 702 ac
1038 645 1328 702 machinis
1358 644 1615 717 impulsa
1663 648 1718 698 ot
1760 643 2106 697 labefactata

2349 635 2533 711 βαλεῖν
2591 639 2826 714 χάρακα⁹
2886 644 2976 696 καὶ
3039 649 3411 720 μηχανήμασι
3460 656 3761 705 κατασεῖσαι
3797 654 3847 707 τὸ

452 736 982 794 Consubstantialis
1028 753 1183 805 voce,
1227 734 1511 791 sustulit:
1550 732 1831 804 impietati
1885 734 2104 797 autem,

452 844 551 899 per
583 826 781 897 scripti
839 825 1130 897 dogmatis
1165 824 1632 896 ambiguitatem,
1676 822 1921 892 januam
1954 820 2108 873 400

448 916 671 987 aperuit
708 932 719 969 :
757 915 861 968 hoc
911 914 1148 986 quidem
1202 917 1499 984 praetextu,
1535 910 1703 982 quasi
1746 908 2105 979 Scripturam

452 1009 829 1068 revereretur,
863 1020 928 1057 ac
960 1002 1506 1074 probatissimarum
1541 1016 1747 1055 vocum
1784 1014 1955 1052 usum
1982 1013 2109 1050 am-

457 1092 823 1164 plecteretur,
881 1108 942 1146 re
996 1096 1187 1145 autem
1266 1106 1401 1144 vera
1469 1088 1888 1152 Arianismum,
1949 1084 2110 1140 nullo

460 1182 772 1253 Scriptura:
826 1181 948 1235 loco
982 1180 1299 1250 proditum,
1337 1179 1389 1232 in
1425 1178 1617 1249 ipsius
1666 1178 1854 1231 locum
1891 1173 2111 1230 substi-

459 1278 651 1326 tucns.
686 1270 812 1324 Haec
864 1270 1019 1323 enim
1053 1268 1225 1323 verba
1261 1286 1273 1323 :
1310 1267 1503 1321 Simile
1529 1265 1822 1321 secundum
1866 1264 2111 1334 Scriptu-

458 1377 571 1427 ras,
605 1358 1063 1429 simplicioribus
1116 1357 1454 1411 hominibus
1487 1354 1757 1410 illecebra
1786 1358 1969 1418 erant,
2001 1352 2111 1407 im-

460 1446 693 1521 pietatis
715 1446 889 1501 hamo
915 1447 1307 1516 circumjecta,
1335 1445 1528 1515 imago
1560 1444 1631 1498 ad
1674 1459 1879 1498 omnes
1912 1458 2113 1513 perpe-

462 1540 837 1591 transeuntes
889 1551 1017 1590 sese
1065 1536 1392 1600 obvertens,
1426 1533 1760 1588 communis
1809 1531 2116 1602 utriusque

463 1626 628 1698 pedis
660 1629 1005 1691 cothurnus,
1037 1624 1309 1678 cribratio
1331 1624 1401 1677 ad
1436 1639 1669 1677 omnem
1693 1627 1929 1676 ventum
1950 1621 2015 1687 ⁸⁸,
2049 1635 2119 1674 ex

464 1730 667 1771 recens
698 1714 918 1784 scripta
946 1713 1167 1777 fraude,
1201 1711 1562 1783 consilioque
1600 1712 1878 1766 adversus
1910 1710 2118 1765 verita-

461 1802 577 1853 tem
611 1797 952 1867 excogitato,
986 1796 1280 1851 licentiam
1316 1802 1491 1866 atque
1520 1795 1924 1851 auctoritatem
1959 1811 2117 1851 asse-

460 1892 613 1942 cuta.
646 1887 929 1957 Sapientes
956 1888 1105 1940 enim
1136 1883 1385 1940 erantad
1417 1884 1560 1939 male
1588 1884 1859 1955 agendum
1890 1902 1909 1938 :
1939 1893 1996 1940 at
2029 1885 2117 1940 be—

460 1978 712 2047 nefacere
741 1991 853 2030 non
876 1977 1081 2029 norant
1109 1975 1175 2028 ⁸⁸.

535 2065 729 2119 XXIII.
763 2064 903 2119 Hinc
934 2062 1181 2119 subdola
1207 2061 1309 2117 illa
1340 2065 1397 2118 et
1424 2062 1685 2134 captiosa
1715 2062 2115 2119 hmreticorum

378 2190 385 2197 ο
464 2153 894 2221 condemnatio,
927 2170 1096 2224 quos,
1132 2157 1195 2207 ut
1226 2150 1592 2223 plausibilior
1639 2168 1839 2207 eorum
1873 2156 2117 2207 conatus

463 2246 637 2313 esset,
670 2241 862 2296 verbis
893 2242 1128 2312 quidem
1162 2241 1233 2295 ab
1265 2239 1521 2295 Ecclesia
1554 2240 2041 2312 proscripserunt,
2057 2257 2117 2296 re

464 2332 594 2403 ipsa
624 2335 817 2385 autem
848 2330 905 2384 in
942 2330 1201 2384 medium
1254 2329 1653 2400 produxerunt
1686 2346 1699 2383 :
1733 2329 1815 2383 sic
1855 2328 2121 2383 videlicet

466 2438 600 2477 cum
635 2419 750 2475 illis
799 2424 1059 2489 agentes,
1095 2422 1157 2472 ut
1204 2434 1315 2472 non
1353 2418 1630 2472 immanis
1670 2418 1974 2487 cujusdam
2008 2418 2118 2472 im-

467 2508 723 2580 pietatis,
774 2508 871 2562 sed
923 2506 1258 2577 scriptionis
1316 2506 1641 2560 immodicae
1698 2505 1915 2561 crimen
1976 2507 2119 2577 ipsis

470 2598 885 2669 impingerent.
937 2598 1081 2651 Hinc
1130 2594 1357 2667 profani
1405 2600 1741 2649 sanctorum
1781 2596 2033 2665 judices,
2068 2600 2124 2649 et

470 2702 621 2741 nova
651 2690 823 2757 atque
852 2684 1135 2739 inusitata
1182 2683 1399 2752 mistio,
1434 2685 1693 2755 mysticae
1724 2700 1934 2755 nempe
1964 2701 2122 2753 quae-

477 2774 696 2829 stiones
740 2776 1039 2843 spectante
1071 2771 1241 2843 vulgo
1284 2776 1562 2839 tractatas,
1597 2777 1771 2843 atque
1802 2774 2004 2844 iniqua
2036 2789 2125 2826 re-

476 2880 607 2918 rum
660 2866 953 2933 gestarum
989 2860 1315 2933 inquisitio,
1347 2864 1404 2916 et
1432 2861 1615 2932 pretio
1663 2861 1930 2916 conducti
1963 2878 2127 2934 syco-

477 2950 731 3022 phantm,
763 2954 822 3004 et
871 2950 1170 3005 sententiae
1216 2953 1367 3003 stata
1406 2950 1670 3004 mercede
1717 2950 2126 3020 pronuntiatis.

478 3039 623 3095 Hinc
654 3038 748 3095 alii
784 3040 856 3093 ab
888 3037 1277 3094 Ecclesiarum
1314 3038 1536 3093 thronis
1582 3038 1799 3108 injuste
1831 3037 2129 3111 pelleban-

478 3130 614 3181 tur:
649 3125 746 3180 alii
779 3126 836 3180 in
887 3142 1087 3180 eorum
1124 3125 1313 3181 locum
1363 3126 1877 3196 subrogabantur;
1911 3128 1995 3182 sic
2042 3132 2128 3181 ta-

479 3230 635 3285 men,
669 3219 733 3270 ut
760 3215 833 3269 ab
883 3214 954 3269 iis
996 3214 1316 3285 impietatis
1360 3214 1767 3286 chirographa,
1800 3231 1912 3269 non
1963 3231 2133 3271 secus

2218 726 2510 797 ὁμοούσιον
2571 732 2637 800 τῇ
2702 726 2757 783 δὲ
2812 725 3033 803 ἀσεϐείᾳ
3078 733 3241 809 θύραν
3299 736 3547 806 ἀνοίξασα
3604 741 3736 811 (43),
3775 738 3849 795 διὰ

2216 822 2315 903 τῆς
2382 820 2488 869 τῶν
2562 816 2951 893 γεγραμμένων
3028 822 3367 891 μεσότητος·
3446 826 3712 903 πρόφασιν
3767 831 3844 901 μὶν

2218 901 2367 959 αἰδοῖ
2420 911 2519 973 τῆς
2579 912 2813 983 Γραφῆς,
2874 909 2967 962 καὶ
3022 912 3119 977 τῆς
3157 916 3261 965 τῶν
3296 901 3847 989 ἂγκρίτωνήόνομάτων

2220 995 2497 1067 χρήσεως,
2553 994 2615 1048 τὸ
2661 992 2718 1049 δὲ
2768 993 2991 1068 ἀληθὲς,
3045 1000 3133 1052 τὸν
3187 998 3421 1078 ἄγραφον
3498 1004 3851 1076 Ἀρειανισμὸν

2219 1081 2624 1171 ἀντεισάγουσα.
2699 1085 2768 1137 Τὸ
2801 1086 2953 1171 γὰρ,
3013 1090 3241 1160 Ὅμοιον
3300 1092 3435 1145 κατά
3489 1092 3587 1153 τὰς
3641 1096 3849 1171 Γραφὰς,

2218 1176 2335 1232 τοῖς
2368 1169 2761 1246 ἁπλουστέροις
2794 1170 2985 1245 δέλεαρ
3026 1176 3092 1244 ἦν
3125 1181 3201 1248 τῷ
3230 1185 3328 1247 τῆς
3376 1174 3625 1241 ἀσεϐείας
3680 1169 3853 1256 χαλκῷ

2221 1258 2611 1334 περικείμενον,
2666 1262 2699 1329 ἠ
2750 1262 2884 1336 πρὸς
2932 1265 3129 1325 πάντας
3185 1265 3363 1340 ὁρῶσα
3409 1267 3536 1329 τοὺς
3580 1270 3852 1343 παριόντας

2224 1348 2407 1415 εἰκὼν,
2440 1349 2469 1403 ὁ
2516 1351 2695 1410 κοινὸς
2753 1355 2860 1405 τῶν
2913 1352 3233 1430 ἀμφοτέρων
3283 1358 3397 1429 (44)
3444 1355 3628 1411 ποδῶν
3680 1360 3852 1429 κόθορ-

2222 1457 2334 1508 νος,
2394 1438 2427 1506 ἡ
2479 1438 2614 1492 κατά
2677 1437 2847 1494 πάντα
2894 1441 3091 1514 ἄνεμον
3144 1441 3427 1516 λίκμησις,
3478 1446 3717 1516 ἐξουσίαν
3772 1446 3855 1502 λα-

2224 1522 2395 1579 ϐοῦσα
2424 1528 2523 1593 τήν
2554 1527 2854 1604 νεόγραφον
2887 1532 3002 1602 (45)
3044 1531 3396 1607 κακουργίαν,
3447 1534 3536 1587 καὶ
3593 1537 3695 1603 τήν
3741 1540 3855 1590 κατὰ

2222 1621 2324 1683 τῆς
2374 1612 2631 1685 ἀληθείας
2690 1615 2950 1675 ἐπίνοιαν.
3008 1620 3179 1696 Σοφοὶ
3234 1622 3337 1696 γὰρ
3387 1620 3636 1697 ἐγένοντο
3687 1625 3758 1685 εἷς
3801 1626 3855 1679 τὸ

2224 1706 2609 1773 κακοποιῆσαν
2682 1704 2746 1760 τό
2822 1703 2881 1761 δὲ
2963 1706 3130 1763 καλὸν
3221 1712 3443 1778 ποιῆσαι
3536 1711 3638 1767 οὐκ
3710 1710 3856 1789 ἔγνω-

2229 1813 2340 1849 σαν.

2298 2062 2415 2117 KI".
2474 2065 2738 2126 Ἐντεῦθεν
2797 2064 2831 2132 ἡ
2894 2065 3211 2141 σοφιστικὴν
3269 2068 3385 2139 (46)
3431 2072 3539 2121 τῶν
3592 2068 3863 2138 «ipsum?»

2225 2149 2560 2226 κατάκρισις,
2621 2150 2713 2211 οὕς
2767 2149 2924 2226 λόγῳ
2984 2153 3079 2225 μὲν
3140 2154 3495 2229 ἀπεκήρυξαν,
3561 2154 3637 2210 ’ἶν’
3690 2156 3725 2230 ᾖ
3777 2178 3862 2210 πι-

2228 2240 2384 2302 θανὸν
2435 2238 2618 2301 αὐτοῖς
2662 2239 2724 2293 τὸ
2777 2239 3117 2316 ἐπιχειρημα
3160 2243 3295 2315 (47),
3346 2240 3489 2318 ἔργῳ
3540 2242 3597 2299 δὲ
3629 2248 3863 2319 προήγα-

2227 2349 2324 2402 γον
2375 2329 2487 2400 (48)
2536 2326 2610 2388 εἷς
2650 2328 2712 2382 τὸ
2762 2327 3061 2401 ἔμπροσθεν
3090 2348 3102 2361 ·
3154 2328 3279 2385 οὐδὲ
3330 2326 3573 2386 ἀσέϐειαν
3620 2334 3857 2408 ἄμετρον,

2230 2414 2375 2472 ἀλλᾶ
2429 2418 2741 2494 συγγραφὴν
2801 2416 3080 2487 ἄπληστον
3138 2418 3540 2495 ἐγκαλέσαντες.
3600 2424 3860 2486 Ἐντεῦθεν

2230 2506 2281 2561 οἱ
2345 2500 2577 2580 βέϐηλοι
2628 2511 2732 2560 τῶν
2789 2506 2949 2561 ὁσίων
2996 2508 3196 2584 κριταὶ,
3255 2510 3343 2563 καὶ
3400 2512 3434 2579 ἡ
3493 2513 3656 2579 καινὴ
3710 2513 3857 2583 μίξις,

2231 2590 2356 2668 ὄψις
2405 2592 2659 2667 δημοσία,
2717 2596 2806 2649 καὶ
2860 2597 3090 2667 μυστικᾶ
3127 2593 3517 2671 προϐλήματα,
3555 2601 3651 2654 καὶ
3683 2604 3716 2669 η
3772 2622 3860 2655 πα-

2234 2682 2465 2759 ράνομος
2513 2687 2619 2737 τῶν
2674 2679 3023 2758 βεϐιωμένων
3070 2683 3325 2757 ἐξέτασις,
3383 2688 3471 2741 καὶ
3531 2690 3582 2741 οἱ
3656 2689 3861 2760 μισθούο

2238 2793 2386 2845 μενοι
2462 2773 2810 2849 συκοφάνται,
2884 2772 2974 2827 καὶ
3032 2776 3065 2843 ἡ
3126 2774 3213 2828 ἐπὶ
3272 2773 3459 2849 ῥητοῖς
3512 2779 3629 2849 (49)
3685 2778 3863 2851 κρίσις.

2238 2860 2338 2917 Καὶ
2371 2861 2423 2913 οἱ
2473 2861 2567 2932 μὲν
2620 2859 2975 2933 ἐξωθούμενοι
3016 2867 3120 2916 τῶν
3171 2860 3376 2938 θρόνων
3426 2861 3672 2927 ἀδίκως·
3718 2868 3767 2918 οἱ
3818 2864 3866 2919 δὲ

2239 2947 2697 3023 ἀντεισαγόμενοι,
2768 2949 2857 3002 καὶ
2931 2948 2996 3004 τὰ
3068 2950 3407 3029 χειρόγραφα
3476 2960 3577 3021 τῆς
3644 2949 3868 3014 ἀσεϐείας

2238 3036 2652 3108 ἀπαιτούμενοι,
2698 3033 2878 3113 ὣσπερ
2934 3058 2987 3092 τι
3045 3035 3186 3093 ἄλλο
3236 3044 3343 3093 τῶν
3404 3041 3739 3115 ἀναγκαίων·
3793 3045 3871 3096 καὶ

2239 3126 2300 3179 τὸ
2356 3123 2524 3198 μέλαν
2572 3123 2809 3198 ἕτοιμον,
2859 3126 2948 3180 καὶ
3000 3127 3027 3181 ὁ
3080 3127 3419 3207 συκοφάντης
3467 3128 3655 3205 έγγύς.
3706 3133 3768 3183 ’Ὀ
3812 3128 3869 3197 δὴ

2240 3214 2331 3268 καὶ
2396 3216 2556 3286 ἡμῶν
2628 3218 2735 3267 τῶν
2814 3215 3098 3285 ἀηττήτων
3157 3217 3209 3270 οἱ
3266 3216 3516 3272 πλεῖστοι
3570 3220 3871 3286 πεπόνθασι,

477 3307 654 3375 atque
715 3302 872 3359 aliud
941 3303 1246 3375 quidpiam
1313 3303 1749 3369 necessarium,
1812 3304 2124 3375 exigerent.

2241 3300 2451 3373 διανοίᾳ
2510 3302 2603 3374 μὲν
2663 3302 2725 3356 οὐ
2782 3302 3029 3365 πεσόντες
3089 3306 3222 3378 (50),
3280 3306 3562 3381 γράμματι
3643 3305 3700 3362 δὲ
3752 3326 3871 3378 παρ·

476 3393 665 3463 Atque
696 3392 753 3445 in
785 3396 1059 3463 promptu
1107 3396 1498 3446 atramentum
1530 3396 1674 3455 erat,
1707 3397 1763 3446 et
1807 3391 2129 3447 calumnia-

474 3481 568 3533 tor
618 3495 650 3532 a
698 3484 878 3549 tergo.
932 3483 1006 3533 Ea
1051 3494 1143 3533 res
1194 3478 1516 3548 permultos
1564 3494 1593 3533 e
1643 3479 1833 3545 nobis,
1884 3479 2132 3535 invictos

474 3566 693 3638 alioqui
756 3568 931 3637 viros,
975 3567 1032 3622 in
1094 3567 1354 3621 fraudem
1419 3567 1681 3639 impulit;
1716 3568 1813 3637 qui
1862 3568 2131 3639 quamvis

476 3661 672 3710 mente
730 3656 1183 3728 haudquaquam
1249 3656 1502 3727 prolapsi
1557 3656 1787 3721 fuerint,
1829 3658 2125 3729 subscrip-

474 3746 633 3802 tione
662 3752 858 3801 tamen
909 3746 1223 3801 transversi
1254 3745 1366 3801 acti
1416 3750 1573 3817 sunt,
1609 3751 1783 3819 atque
1822 3762 1954 3802 cum
1988 3748 2126 3815 illis,

477 3840 725 3907 utroque
756 3834 992 3890 nomine
1016 3835 1752 3907 improbis,consenserunt
1778 3854 1791 3904 ;
1824 3854 1908 3904 ac,
1934 3837 1980 3890 si
2015 3854 2126 3891 non

2241 3392 2518 3468 αχθέντες,
2551 3389 2640 3445 καὶ
2672 3390 2748 3453 εἷς
2781 3391 2833 3446 ἒν
2867 3389 3113 3455 ἐλθόντες
3144 3396 3255 3466 (51)
3301 3400 3416 3456 τοῖς
3462 3402 3733 3471 πονηροῖς
3772 3396 3873 3449 κατ’

2240 3476 2553 3557 ἀμφότερα’
2614 3479 2703 3534 καὶ
2758 3484 2856 3534 τοῦ
2911 3484 3117 3535 καπνοῦ
3169 3485 3280 3555 (52)
3334 3504 3414 3559 γι,
3463 3484 3511 3538 εἰ
3556 3486 3647 3538 καὶ
3691 3486 3762 3557 μὴ
3790 3488 3873 3537 τοῦ

2239 3570 2411 3645 πυρὸς
2473 3568 2854 3643 μετασχόντες.
2924 3571 2992 3626 "0
3048 3568 3322 3633 πολλάκις
3381 3569 3671 3649 ἐδάκρυσα,
3746 3574 3871 3647 δρῶν

2237 3659 2337 3727 τὴν
2368 3657 2491 3713 τότε
2546 3656 2703 3732 χύσιν
2744 3661 2856 3730 (53)
2885 3664 2984 3726 τῆς
3017 3653 3283 3731 ἀσεϐείας,
3310 3660 3399 3714 καὶ
3430 3662 3520 3714 τὸν
3542 3666 3634 3715 νῦν
3669 3662 3876 3715 ἐπανασο

2237 3746 2401 3801 τάντα
2458 3743 2697 3821 διωγμὸν
2750 3750 2830 3818 τῷ
2879 3744 3024 3821 ὀρθῷ
3074 3745 3228 3822 λόγῳ
3258 3749 3402 3821 παρὰ
3430 3752 3539 3803 τῶν
3574 3753 3874 3824 προστατῶν

2236 3840 2333 3889 τοῦ
2366 3834 2563 3910 Λόγου.

478 3924 749 3988 ﬂammas.
788 3925 928 3978 fumi
962 3931 1115 3979 certe
1147 3925 1460 3996 participes
1492 3925 1749 3980 fuerunt.
1782 3926 1941 3991 Quod
1976 3927 2214 3995 quidem
2265 3927 2391 3997 ipse
2437 3924 2638 3979 multis
2687 3940 2840 3996 saepe
2888 3924 3165 3997 lacrymis
3211 3933 3560 3998 prosecutus
3592 3945 3753 3995 sum,
3782 3929 3878 3983 im-

478 4014 753 4084 pietatem
786 4030 913 4068 eam
962 4030 1087 4084 quas
1146 4018 1285 4067 tunc
1345 4013 1517 4084 longe
1575 4014 1807 4085 lateque
1866 4015 2158 4083 manabat,
2192 4020 2249 4070 et
2277 4014 2739 4085 persecutionem
2773 4030 2898 4084 quin
2932 4030 3088 4069 nunc
3118 4015 3189 4070 ab
3217 4015 3361 4087 ipsis
3390 4015 3567 4071 Verbi
3630 4018 3879 4089 patronis

481 4104 762 4159 adversus
793 4103 1173 4157 orthodoxam
1205 4103 1531 4158 doctrinam
1566 4104 1811 4158 excitata
1842 4108 1949 4171 est,
1983 4104 2369 4175 conspiciens.

504 4213 515 4219 λ
554 4193 738 4248 XXIV.
769 4193 915 4248 Nam
949 4192 1146 4264 procul
1178 4193 1355 4248 dubio
1397 4194 1556 4249 stulte
1596 4202 1825 4263 egerunt
1873 4198 2136 4265 pastores,

486 4285 551 4336 ut
582 4298 715 4335 cum
747 4281 1047 4352 Scriptura
1093 4280 1319 4353 loquar,
1351 4289 1401 4336 et
1431 4291 1668 4351 pastores
1720 4284 1881 4338 multi
1922 4285 2138 4337 vineam

486 4386 664 4424 meam
708 4374 1178 4441 pet-vastaverunt,
1232 4387 1303 4425 ac
1347 4370 1767 4426 desiderabilem
1812 4376 2024 4442 partem
2069 4373 2133 4439 ⁵⁷,

484 4457 593 4514 hoc
625 4465 731 4525 est,
767 4460 861 4512 Dei
894 4458 1236 4527 Ecclesiam,
1270 4457 1473 4514 multis
1517 4459 1852 4527 sudoribus,
1884 4466 1939 4515 et
1972 4459 2132 4515 victi-

555 4638 600 4673 ⁸³
628 4636 799 4694 Eccli.
830 4655 887 4710 ν,
924 4640 1009 4694 11.
1085 4639 1129 4675 ⁵⁸
1157 4639 1274 4696 Jer.
1310 4656 1384 4711 IV,
1415 4640 1505 4695 22.
1582 4641 1625 4675 ⁸⁷
1656 4641 1772 4697 Jer.
1801 4659 1857 4710 x,
1889 4642 1978 4697 21.

558 4820 673 4901 (43)
721 4816 893 4901 Θύραν
946 4817 1217 4901 ἀνο-ίὶξασα.
1269 4844 1297 4871 ‹‹
1327 4820 1638 4901 -Ιλωρὶοῑξὶί
1678 4822 1940 4901 .januam
1984 4839 2136 4901 _ape-
2166 4824 2214 4889 D

488 4891 634 4958 ruit;
668 4891 895 4975 inedita
952 4892 1173 4977 scilicet
1227 4891 1710 4977 ambiguanfidei
1747 4891 2132 4977 confessione,

487 4979 613 5032 qum
667 4962 781 5035 pie,
814 4964 989 5019 simul
1049 4972 1105 5020 et
1160 4965 1339 5035 impie
1394 4962 1637 5035 intelligi
1688 4969 1917 5035 posset,
1954 4981 2129 5034 quam

486 5035 659 5088 etiam
694 5034 921 5105 cuique,
954 5038 1074 5089 sive
1103 5033 1418 5099 Catholico,
1451 5036 1571 5090 sive
1592 5033 1839 5100 ‘Ariano,
1872 5035 1931 5089 in
1965 5033 2131 5091 suam

488 5111 710 5178 partem
742 5108 971 5164 trahere
999 5106 1215 5163 liceret.
1239 5109 1599 5177 QuaprOpter
1619 5105 1950 5178 Theologus
1983 5108 2131 5161 hanc

487 5176 908 5233 confessionem
942 5186 1124 5247 vocat,
1150 5204 1175 5229 ι(
1211 5176 1583 5234 communem
1629 5176 1931 5248 utriusque
1965 5179 2130 5249 pedis

487 5250 861 5305 cothurnum.
890 5274 915 5298 ››

556 5322 667 5392 (44)
699 5324 812 5374 Τῶν
842 5319 1183 5396 ἀμφοτέρων.
1219 5320 1310 5375 Sic
1353 5336 1450 5373 sex
1496 5319 1673 5390 Regg.
1710 5319 1769 5371 In
1801 5319 1918 5383 ed,
1951 5318 2124 5394 ἀμφο-

518 5387 651 5444 ίοων
688 5397 815 5444 τῶν.

481 5411 651 5446 τεοων
688 5413 793 5445 των
806 5437 815 5446 .

546 5411 651 5463 ρων
688 5413 815 5446 των.

555 5466 666 5538 (45)
700 5463 1027 5538 Νεόγραφον.
1060 5462 1153 5517 0r.
1191 5462 1240 5523 1.
1270 5464 1327 5538 ει
1359 5464 1511 5538 ῌαετ,
1532 5454 1827 5538 ἔγγραφον,

554 5536 666 5611 (46)
701 5530 1021 5611 Σοφιστίκή,
1054 5540 1161 5587 etc.
1199 5530 1592 5611 Arian_i,ﬂti.cto
1615 5530 1979 5611 spbdoloque
2012 5533 2131 5587 ani-

485 5602 603 5665 mo.
637 5602 861 5660 Aetium
909 5606 1288 5666 damnarunt,
1324 5606 1387 5656 ut
1420 5602 1590 5657 fidem
1639 5602 1910 5673 facerent,
1944 5621 2004 5659 se
2033 5621 2124 5659 or-

484 5676 747 5730 thodoxm
779 5676 1051 5731 assentiri
1083 5674 1380 5730 doctrinae.

561 5745 671 5809 (47)
706 5744 1093 5817 Ἐπιχείρημα.
1130 5746 1267 5816 Reg.
1297 5746 1491 5816 Cypr.,
1523 5742 1850 5819 ἐγχείρημα.

2318 4194 2434 4248 ΚΔ’.
2508 4193 2602 4264 Τῷ
2701 4191 2813 4246 ὀντι
2914 4194 3039 4268 γὰρ,
3132 4192 3393 4266 Ποιμένες
3468 4196 3882 4272 ἠφρονεῦσαντο,

2244 4281 2380 4336 κατὰ
2443 4281 2506 4335 τὸ
2580 4282 2978 4356 γεγραμμένον,
3046 4282 3135 4336 καὶ
3217 4282 3473 4355 ποιμένες
3547 4282 3759 4339 πολλοὶ
3815 4282 3883 4337 διο

2245 4369 2487 4446 έφθειραν
2550 4369 2640 4422 τὸν
2741 4367 3039 4441 ἀμπελῶνα
3144 4390 3269 4442 μου,
3362 4372 3609 4445 ᾔσχυναν
3711 4368 3887 4446 μερίδι

2245 4458 2609 4531 ἐπιθυμητὴν,
2668 4458 2767 4527 τὴν
2828 4454 3149 4527 Ἐκκλησίαν
3205 4462 3303 4512 τοῦ
3349 4463 3482 4513 Θεοῦ
3543 4457 3722 4534 λέγω,
3760 4457 3884 4513 πολο

2315 4818 2803 4902 (48)[1ροήγαγον.
2854 4816 3136 4902 Combef._,
3186 4817 3641 4902 προσήγαγοντμα
3689 4821 3883 4902 Δῐὶείρβιι

2246 4889 2440 4948 autem
2489 4889 3213 4962 magil‘promoverunt,»
3245 4889 3706 4962 ipsum'scilicet
3754 4889 3880 4946 Aetii

2241 4965 2455 5036 dogma
2485 4960 2907 5036 confirmando,
2944 4965 2998 5015 et
3030 4961 3268 5015 modum
3314 4960 3881 5036 duntaxatscriben-

2241 5033 2509 5103 di,'velut
2541 5033 2976 5103 contentionum
3008 5048 3270 5101 causam,
3302 5033 3805 5103 reprehendendo.

2311 5100 2425 5176 (49)
2460 5103 2577 5156 Ἐπὶ
2615 5102 2821 5175 ῥητοῖς.
2852 5103 3026 5176 Coisl.
3061 5108 3120 5158 et
3146 5100 3290 5165 Jes.,
3324 5100 3621 5176 ἐπίρῥετοι.

2311 5172 2423 5247 (50)
2456 5172 2731 5247 Iliscine.
2764 5176 2901 5247 Reg.
2932 5192 2981 5240 ο,
3006 5172 3640 5247 Οοωὺε1“.,κλαίπὲντες,
3672 5201 3692 5224 ι
3732 5174 3881 5247 quasi

2311 5191 2423 5247 (ου)
2456 5191 2731 5235 ιιισοντες.
2764 5191 2901 5302 [ιεῇ
2932 5192 2981 5240 ο,
3006 5191 3294 5235 uomuei..
3316 5191 3640 5238 κΑαπεντες,
3672 5201 3692 5224 ι
3732 5191 3877 5247 quas:

2242 5250 2441 5320 furtim
2500 5246 2757 5320 spoliati.
2785 5269 2812 5295 »
2906 5263 2997 5309 οι,
3040 5263 3142 5318 pro
3192 5244 3499 5319 γράμματι,
3538 5247 3723 5320 Regg.
3754 5266 3802 5311 c,
3828 5247 3877 5311 d,

2236 5319 2544 5394 γράμμεσμ

2311 5386 2422 5462 (51)
2454 5386 2759 5452 Ἐλθόντες.
2822 5386 2960 5460 Reg.
3012 5404 3063 5455 c,
3116 5387 3212 5443 Or.
3263 5389 3315 5457 1,
3367 5388 3658 5459 Combef.,
3706 5386 3877 5441 σ’δνίλο

2238 5459 2562 5603 “gains
2591 5533 2824 5584 καπνοῦ.
2857 5530 2951 5583 Sic
3000 5528 3262 5600 plerique
3308 5529 3557 5603 codices.
3594 5530 3767 5586 Deest
3790 5532 3874 5581 τοῦ

2238 5602 2420 5686 ᾗπερ,
2455 5603 2561 5684 Per
2596 5627 2616 5652 ι
2654 5606 2875 5657 fumum
2917 5622 2944 5650 »
3000 5606 3195 5656 autem
3246 5622 3275 5650 ‹‹
3329 5602 3819 5676 subscriptionem
3850 5622 3872 5647 η

2238 5674 2529 5746 intelligit.

2308 5747 2420 5819 (53)
2449 5742 2634 5801 Χύσιν.
2665 5746 2805 5813 Ιοε.,
2837 5740 3117 5821 σύγχυσιν.
