4094 6212
305 358 455 418 1109

1213 357 1501 420 ORATIO
1545 358 1708 419 XXI.
1747 391 1825 402 —
1853 358 1931 418 IN
1975 358 2303 422 LAUDEM
2348 362 2800 427 ATHANASII.

3557 374 3715 434 1110

305 464 415 549 λοῖς
464 484 657 563 ἱδρῶσι
702 487 795 543 καὶ
847 487 1096 567 σφαγίοις
1144 487 1606 564 συνειλεγμένην,
1659 494 1781 550 τοῖς
1828 489 1936 565 πρὸ

2059 490 2166 547 mis
2187 496 2308 548 tam
2332 498 2464 549 ante
2504 494 2805 553 Christum
2829 515 3007 571 quam
3031 504 3163 570 post
3183 501 3483 560 Christum
3514 506 3704 572 omnis,

305 587 532 660 Χριστοῦ
578 605 635 638 τε
689 587 801 659 (54)
848 585 937 639 καὶ
995 585 1129 658 μετὰ
1173 587 1429 659 Χριστὸν,
1479 587 1569 640 καὶ
1615 586 1799 647 αὐτοῖς
1831 592 1943 647 τοῖς

308 670 559 748 μεγάλοις
613 677 711 727 τοῦ
768 678 902 728 Θεοῦ
958 674 1081 747 περὶ
1140 677 1296 746 ἡμῶν
1358 674 1564 729 πάθεσι.
1628 675 1779 742 Πλὴν
1840 676 1942 749 γὰρ

305 759 504 835 ὁλίγων
552 760 703 836 ἄγαν,
755 762 841 816 καὶ
888 761 1093 829 τούτων
1148 762 1261 817 ὅσοι
1296 760 1383 816 διὰ
1432 763 1769 835 σμικρότητα
1810 783 1944 838 παρ-

307 848 645 925 εῤῥίφησαν,
722 851 756 918 ἢ
832 847 919 905 διὰ
993 850 1187 926 ἀρετὴν
1264 845 1611 920 ἀντέϐησαν,
1672 849 1765 912 οος
1837 849 1942 905 ἔδει

302 937 512 1012 σπέρμα
564 938 653 993 καὶ
713 938 860 1014 ῥίζαν
936 938 1329 1017 ὑπολειφθῆναι
1399 944 1478 1011 τῷ
1537 936 1801 1014 Ἰσραὴλ,
1853 938 1945 994 ’ίνα

301 1026 534 1100 ἀναθάλῃ
591 1025 756 1081 πάλιν
788 1074 801 1099 ,
856 1028 943 1083 καὶ
992 1023 1267 1101 ἀναϐιώσῃ
1315 1032 1432 1089 ταῖς
1492 1026 1793 1103 ἐπιῤῥοίαις
1846 1032 1944 1082 τοῦ

299 1115 626 1188 Πνεύματος,
684 1116 875 1178 πάντες
933 1122 1030 1171 τοῦ
1084 1122 1275 1192 καιροῦ
1350 1116 1617 1192 γενόνασι,
1686 1121 1941 1171 τοσοῦτον

296 1202 558 1274 ἀλλήλων
595 1203 973 1279 διενεγκόντες,
1023 1205 1147 1260 ὅσον
1199 1205 1326 1267 τούς
1360 1205 1453 1277 μὲν
1502 1204 1789 1281 πρότερον,
1815 1205 1941 1269 τοὺς

297 1291 350 1348 δὲ
403 1294 621 1369 ὕστερον
679 1299 842 1349 τοῦτο
889 1298 1077 1349 παθεῖν
1108 1315 1119 1326 ’
1169 1296 1256 1348 οιαὶ
1312 1293 1439 1355 τοὺς
1506 1294 1601 1366 μὲν
1658 1314 1885 1368 προαγω
1920 1326 1942 1338 ο

296 1383 470 1444 νιστὰς
520 1384 608 1437 καὶ
666 1384 967 1459 προστάτας
1020 1382 1264 1458 γενέσθαι
1322 1391 1425 1453 τῆς
1484 1378 1757 1453 ἀσεϐείας,
1819 1383 1942 1444 τοὺς

300 1470 353 1526 δὲ
406 1474 668 1548 ταχθῆναι
728 1473 795 1527 τὰ
856 1470 1116 1547 δεύτερα,
1172 1474 1205 1541 ἢ
1262 1467 1417 1550 φόϐῳ
1474 1473 1937 1544 κατασεισθὲντας,

298 1561 331 1629 ἦ
381 1562 542 1635 χρείᾳ
593 1557 994 1629 δουλωθέντας,
1045 1560 1079 1629 ἦ
1131 1559 1390 1632 κολακείᾳ
1438 1558 1816 1622 δελεασθέντας
1851 1604 1865 1628 ,
1910 1562 1943 1630 ἣ

298 1648 486 1723 ἀγνοίᾳ
532 1648 859 1719 κλαπέντας,
898 1650 959 1704 τὸ
1013 1646 1393 1723 μετριώτατον·
1428 1648 1475 1703 εἲ
1519 1671 1600 1721 τῳ
1647 1648 1736 1703 καὶ
1779 1654 1939 1703 τοῦτο

284 1736 552 1813 ἀὔταρκες
611 1738 688 1799 εἷς
744 1737 1047 1813 ἀπολογίαν
1098 1742 1203 1791 τῶν
1282 1736 1416 1793 λαοῦ
1477 1736 1795 1813 προεστάναι
1845 1759 1938 1792 πε-

294 1827 684 1899 πιστευμένων.
735 1828 939 1902 ’Ὠσπερ
984 1827 1084 1902 γὰρ
1136 1826 1245 1902 οὐχ
1292 1827 1346 1880 αἱ
1397 1825 1550 1881 αὐταὶ
1601 1824 1834 1881 λεόντων
1883 1848 1941 1881 τε
1973 1858 2021 1922 Β

293 1915 515 1971 καὶτῶν
570 1913 755 1970 ἄλλων
806 1917 957 1984 ζώων
1010 1916 1198 1991 ὁρμαὶ,
1246 1912 1371 1970 οὐδὶ
1416 1912 1620 1990 ἀνδρῶν
1670 1917 1704 1985 ἣ
1750 1936 1940 1990 γυναι-

293 2008 422 2070 κῶν,
455 2004 489 2072 ἣ
519 1998 898 2079 πρεσϐυτέρων
990 2005 1291 2076 νεωτέρων,
1340 2002 1470 2058 ἀλλ’
1512 1999 1622 2059 ἔστι
1672 2004 1761 2058 καὶ
1809 2004 1941 2073 ἠλι-

294 2097 423 2148 κιῶν
470 2094 560 2147 καὶ
604 2098 771 2169 γενῶν
819 2093 881 2148 οὐ
934 2094 1126 2169 μικρὸν
1172 2094 1235 2147 τὸ
1285 2090 1563 2171 διάφορον
1617 2092 1788 2155 οὕτως
1819 2092 1944 2149 ούδὶ

299 2181 582 2257 ἀρχόντων
644 2183 679 2250 ἢ
744 2181 1070 2258 ἀρχομένων
1104 2226 1117 2238 .
1169 2186 1295 2243 Τοῖς
1356 2181 1450 2254 μὶν
1498 2184 1598 2257 γάρ
1656 2187 1752 2236 τοῦ
1810 2182 1945 2238 λαοῦ

302 2272 443 2346 τάχα
491 2269 549 2324 ἃν
599 2271 689 2324 καὶ
749 2272 1215 2345 συγγινώσκοιμεν
1273 2274 1433 2325 τοῦτο
1480 2272 1805 2347 πάσχουσιν,
1854 2272 1945 2334 οὓς

207 2366 212 2371 ’
305 2360 463 2428 σώζει
506 2357 777 2421 πολλάκις
835 2362 895 2414 τὸ
943 2355 1315 2414 ἀϐασάνιστον·
1368 2356 1679 2433 διδασκάλῳ
1728 2356 1785 2415 δὲ
1832 2365 1947 2423 πῶς

305 2452 466 2504 τοῦτο
499 2446 770 2521 δώσομεν,
819 2450 877 2510 ’ὸς
924 2448 1012 2503 καὶ
1060 2450 1154 2510 τὰς
1198 2453 1305 2503 τῶν
1349 2447 1533 2504 ἄλλων
1581 2449 1805 2523 ἀγνοίας
1854 2450 1947 2504 ἐπ-

311 2538 553 2611 ανορθοῖ,
616 2535 779 2612 ἄνπερ
828 2539 865 2608 ἦ
916 2538 989 2609 μὴ
1050 2534 1405 2611 ψευδώνυμος
1668 2543 1789 2599 Πῶς
1847 2541 1950 2615 γὰρ

467 2627 663 2680 ἄτοπον
700 2672 713 2695 ,
774 2624 1055 2698 Ῥωμαίων
1120 2627 1213 2698 μὲν
1265 2626 1435 2699 νόμον
1495 2623 1686 2699 μηδενὶ
1746 2626 1949 2703 ἀγνοεῖν

306 2715 521 2786 ἐξεῖναι,
576 2713 705 2788 μηδ’
754 2716 811 2769 ἂν
864 2712 1073 2793 σφόδρα
1118 2714 1154 2789 ᾖ
1202 2736 1285 2777 τις
1338 2715 1617 2791 ἀγροικίας
1667 2716 1754 2770 καὶ
1808 2716 1951 2789 ἀμα-

304 2804 573 2875 θέστατος,
656 2802 796 2877 μηδὲ
878 2804 1008 2859 εἶναι
1082 2802 1252 2876 νόμον
1309 2804 1401 2858 τὸν
1479 2805 1783 2879 βοηθοῦντα
1836 2810 1952 2869 τοῖς

303 2894 695 2969 πραττομένοις
755 2891 823 2947 δι’
884 2894 1099 2969 ἄγνοιαν
1151 2895 1284 2965 (56)’
1344 2892 1473 2954 τοὺς
1506 2890 1563 2947 δὲ
1616 2900 1718 2962 τῆς
1776 2915 1953 2964 σωτη-

304 2982 421 3058 ρίας
478 2983 687 3057 ἀγνοεῖν
752 2983 1145 3057 μυσταγωγοὺς
1210 2982 1307 3043 τὰς
1362 2988 1463 3050 τῆς
1523 2982 1798 3057 σωτηρίας
1857 2984 1954 3057 ἀρ-

305 3074 435 3148 χάς,
467 3070 562 3125 κᾶν
600 3069 777 3125 τᾶλλα
822 3072 1136 3146 τυγχάνωσι
1184 3074 1292 3125 τῶν
1352 3068 1728 3145 άπλονστὲρων
1780 3066 1950 3141 ὄντες,

303 3160 391 3215 καὶ
446 3161 521 3233 μὴ
578 3159 757 3233 βαθεῖς
808 3160 907 3228 τὴν
944 3156 1183 3213 διάνοιαν
1215 3177 1229 3225 ;
1265 3159 1420 3226 Ιίλήν
1466 3156 1603 3212 ἔστω
1650 3160 1947 3235 συγγνώμη

312 2626 409 2681 οὐκ

2053 582 2200 635 401
2247 598 2312 637 ac
2367 584 2614 655 denique
2673 588 2903 657 magnis
2962 589 3149 659 ipsius
3198 590 3299 646 Dei
3358 609 3461 663 pro
3519 594 3710 652 salute

2052 674 2254 725 nostra
2307 673 2664 730 cruciatibus
2719 676 3041 747 collectam,
3078 680 3288 749 probro
3321 697 3385 735 ac
3428 682 3710 740 dedecore

2051 758 2369 815 affecerunt
2397 762 2459 815 ⁸⁸.
2490 762 2633 818 Nam
2668 765 2714 819 si
2750 782 3072 837 perpaucos
3117 768 3430 840 exceperis,
3461 772 3584 842 qui,
3618 773 3706 829 vel

2052 847 2125 903 ob
2150 849 2405 904 nominis
2427 851 2841 909 obscuritatem
2863 857 3224 927 contemptui
3243 857 3424 913 habiti
3451 860 3705 927 fuerunt,

2051 937 2140 992 vel
2173 937 2246 992 ob
2268 938 2541 994 virtutem
2592 943 2952 1009 restiterunt,
2988 962 3134 1016 quos
3157 946 3356 1001 Israeli
3382 947 3625 1005 seminis
3653 956 3711 1006 et

2054 1025 2264 1079 radicis
2319 1026 2443 1081 loco
2493 1028 2745 1101 relinqui
2776 1032 2820 1067 5°
2851 1034 3171 1103 oportebat,
3207 1039 3269 1089 ut
3314 1051 3415 1107 per
3457 1037 3710 1108 Spiritus

2053 1113 2402 1169 inﬂuxiones
2456 1132 2691 1171 rursum
2746 1119 3133 1177 efﬂoresceret
3182 1126 3357 1194 atque
3407 1126 3477 1179 ad
3530 1126 3707 1181 vitam

2054 1209 2439 1269 revocaretur,
2492 1221 2696 1260 omnes
2745 1209 2993 1279 tempori
3042 1211 3301 1265 obsecuti
3352 1219 3492 1269 sunt
3534 1230 3545 1269 :
3597 1214 3707 1271 hoc

2053 1295 2279 1345 tantum
2313 1294 2464 1348 inter
2492 1311 2590 1349 eos
2624 1295 2979 1351 discriminis
3014 1298 3139 1365 fuit,
3176 1302 3328 1370 quod
3377 1301 3475 1355 alii
3508 1303 3702 1370 citius,

2051 1380 2150 1435 alii
2184 1381 2369 1436 serius
2402 1382 2459 1435 in
2511 1399 2637 1437 eam
2673 1384 2937 1439 fraudem
2991 1386 3359 1456 inciderunt;
3389 1394 3564 1460 atque
3608 1391 3705 1445 alii

2052 1469 2287 1540 quidem
2319 1469 2632 1540 impietatis
2683 1473 2860 1527 duces
2891 1474 3302 1547 antistitesque
3333 1493 3395 1531 se
3437 1480 3699 1549 praebue-

2051 1562 2207 1623 runt,
2240 1556 2337 1613 alii
2383 1563 2577 1614 autem
2624 1560 2680 1615 in
2740 1564 2996 1618 secundo
3054 1565 3256 1620 ordine
3310 1565 3483 1621 locati
3542 1573 3707 1633 sunt,

2052 1663 2260 1717 nempe
2278 1646 2362 1702 vel
2400 1647 2606 1704 timore
2625 1650 2876 1721 perculsi
2896 1651 2979 1706 vel
3000 1658 3226 1723 quaestu
3265 1659 3439 1725 atque
3460 1655 3709 1712 utilitate

2050 1736 2299 1806 subacti,
2332 1736 2417 1791 vel
2477 1736 2777 1794 blanditiis
2826 1740 3090 1807 inescati,
3123 1741 3211 1797 vel
3260 1742 3509 1814 denique
3548 1744 3707 1816 igno-

2050 1825 2241 1880 rantia
2270 1825 2647 1881 circumventi
2681 1844 2746 1881 ac
2776 1828 3225 1902 circumscripti,
3259 1831 3413 1902 quod
3439 1833 3704 1888 omnium

2050 1913 2416 1968 levissimum
2438 1919 2527 1969 est
2554 1932 2567 1982 ;
2598 1914 2645 1970 si
2675 1916 2769 1971 cui
2802 1920 2996 1972 tamen
3028 1918 3087 1973 id
3119 1934 3350 1990 quoque
3373 1921 3443 1975 ad
3476 1937 3700 1988 eorum,

2052 2002 2268 2074 quibus
2289 2002 2489 2075 pepuli
2511 2019 2653 2059 cura
2675 2006 2993 2061 commissa
3020 2010 3127 2073 est,
3148 2007 3554 2079 purgationem
3579 2010 3703 2064 suf-

2053 2092 2223 2146 ficere
2268 2092 2547 2147 videatur.
2584 2092 2727 2148 Nam
2763 2096 3255 2164 quemadmodum
3276 2096 3509 2153 leonum
3537 2102 3702 2154 caete-

2056 2198 2373 2251 rorumque
2403 2182 2797 2239 animantium
2821 2201 2937 2239 non
2958 2184 3134 2241 iidem
3158 2190 3300 2241 sunt
3330 2192 3524 2242 motus
3542 2190 3711 2257 atque

2056 2268 2335 2341 impetus,
2370 2286 2473 2324 nec
2504 2271 2761 2326 virorum
2796 2277 2854 2327 et
2897 2272 3237 2339 mulierum,
3270 2290 3375 2329 nec
3406 2291 3613 2330 senum
3646 2290 3711 2330 ac

2051 2360 2359 2430 juvenum,
2392 2375 2591 2414 verum
2628 2365 2683 2414 et
2728 2365 2963 2415 aetatum
3008 2366 3065 2416 et
3111 2378 3357 2417 sexuum
3407 2362 3561 2417 haud
3595 2364 3713 2418 exi-

2061 2464 2243 2521 guum
2276 2448 2591 2503 discrimen
2627 2454 2751 2516 est;
2787 2450 2869 2504 sic
2901 2465 3007 2505 nec
3048 2452 3454 2521 praefectorum
3485 2456 3542 2506 et
3572 2452 3712 2506 sub-

2063 2537 2502 2594 ditorum.Nam
2533 2553 2562 2592 e
2594 2537 2767 2609 vulgo
2800 2538 3163 2605 hominibus,
3198 2540 3297 2611 qui
3328 2558 3431 2612 per
3460 2557 3712 2597 errorem

2063 2627 2121 2682 id
2154 2627 2517 2694 admiserint,
2543 2628 2965 2699 ignoscendum
2998 2628 3242 2683 fortasse
3274 2629 3466 2697 fuerit,
3500 2629 3716 2701 quibus

2065 2715 2207 2769 illud
2240 2714 2584 2787 plerumque
2617 2715 2793 2771 saluti
2824 2717 3093 2788 est,quod
3126 2717 3391 2772 animum
3425 2734 3457 2771 a
3486 2716 3718 2772 curiosa

2063 2804 2456 2876 exploratione
2506 2804 2760 2859 alienum
2793 2806 3053 2867 habent;
3086 2811 3145 2861 at
3175 2806 3395 2862 doctori
3440 2823 3555 2878 quo
3586 2811 3714 2861 tan-

2064 2894 2194 2948 dem
2230 2895 2402 2948 modo
2440 2892 2596 2948 idem
2648 2895 3055 2961 concedemus,
3088 2896 3189 2966 qui
3239 2894 3488 2950 aliorum
3538 2895 3713 2951 etiam

2062 2982 2326 3037 inscitiae
2355 2982 2766 3048 emendat,nisi
2800 2984 2856 3038 id
2886 2982 3031 3039 falso
3057 2984 3170 3039 sibi
3204 3000 3416 3039 nomen
3439 2984 3716 3055 arroget?

2016 3111 2026 3119 ρ
2062 3071 2209 3127 Nam
2257 3087 2391 3127 cum
2426 3072 2821 3127 Romanorum
2871 3072 3057 3144 legem
3107 3073 3349 3141 nemini,
3393 3072 3718 3144 quamlibet

2063 3160 2283 3216 rustico
2315 3167 2373 3216 et
2405 3161 2656 3229 indocto,
2691 3162 2959 3233 ignorare
2988 3161 3180 3228 liceat,
3213 3177 3319 3216 nec
3351 3160 3442 3217 lex
3490 3160 3589 3216 illa
3618 3178 3715 3216 ex-

301 3255 417 3310 τοῖς
446 3223 544 3303 ’δι’
578 3223 825 3323 ¹ἄγνοιαν
867 3246 1397 3315 κατακολουθήσασι.
1442 3246 1501 3300 Τί
1560 3244 1605 3300 δ’
1657 3223 1740 3301 ἂν¹
1767 3223 1949 3310 ¹εἷ’ποις

2062 3254 2197 3317 stet,
2229 3266 2353 3320 quas
2404 3248 2755 3305 criminibus
2794 3267 2897 3321 per
2942 3250 3332 3322 ignorantiam
3378 3250 3715 3305 commissis

304 3340 565 3414 περὶτῶν
600 3334 808 3405 ἄλλων,
841 3335 958 3391 ὅσοι
999 3335 1087 3390 καὶ
1138 3334 1416 3411 ἀγχινοίας
1469 3336 1952 3410 μεταποιούμενοι,

308 3426 376 3482 δι’
410 3427 469 3489 ἃς
502 3427 649 3482 εἶπον
682 3425 880 3495 αἰτίας,
928 3430 1035 3480 τῶν
1076 3423 1416 3500 κρατούντων
1467 3426 1777 3495 ἡττήθησαν
1817 3428 1952 3500 (57),

306 3516 523 3584 καὶτὴν
579 3523 678 3585 τῆς
739 3511 1009 3575 εὐσεϐείας
1056 3515 1260 3584 σκηνὴν
1320 3513 1407 3568 ἐπὶ
1465 3513 1610 3569 πολὺ
1653 3514 1951 3587 παίξαντες,

306 3605 381 3667 ὡς
440 3602 605 3682 ἐφάνη
682 3624 735 3658 τι
790 3608 897 3658 τῶν
974 3602 1313 3679 ἐλεγχόντων
1350 3646 1364 3672 ,
1422 3602 1511 3657 καὶ
1576 3602 1889 3678 κατηνέχθη
1926 3636 1948 3645 -

306 3714 400 3747 σαν
435 3711 449 3762 ;

2065 3354 2234 3409 Opem
2266 3336 2429 3404 ferat,
2467 3354 2658 3393 nonne
2709 3339 3033 3394 absurdum
3066 3343 3154 3394 est
3201 3338 3410 3394 salutis
3451 3338 3715 3393 doctores

2063 3430 2119 3483 et
2150 3428 2441 3482 antistites
2474 3426 2681 3482 salutis
2715 3427 2995 3499 principia
3028 3428 3272 3492 nescire,
3304 3427 3532 3483 etiamsi
3571 3426 3712 3482 alio-

2063 3515 2161 3586 qui
2190 3515 2573 3588 simpliciores
2622 3516 2763 3583 sint,
2796 3516 3194 3587 hebetiorique
3225 3516 3468 3572 anima?
3498 3515 3714 3571 Verum

2062 3603 2155 3659 his
2205 3621 2345 3660 sane
2392 3606 2748 3677 ignoscatur,
2800 3603 2900 3675 qui
2948 3604 3145 3677 impiis
3189 3605 3565 3676 dogmatibus
3614 3622 3714 3675 per

2060 3693 2487 3765 ignorationem
2538 3710 2847 3749 assensum
2896 3695 3285 3764 praebuerunt.
3322 3693 3470 3756 Quid
3516 3696 3713 3746 autem

304 3785 376 3840 de
415 3782 545 3839 aliis
577 3782 811 3851 dixeris,
844 3781 944 3853 qui
994 3781 1171 3837 etiam
1230 3780 1451 3853 ingenii
1502 3780 1735 3837 laudem
1787 3781 1898 3837 sibi
1947 3781 2329 3847 vindicantes,
2360 3783 2434 3837 ob
2490 3798 2588 3837 eas
2644 3786 2859 3850 tamen,
2894 3798 3041 3853 quas
3099 3780 3711 3845 commemoravimus,

302 3889 536 3941 causas,
569 3872 1023 3944 imperatoribus
1056 3888 1267 3927 manus
1296 3871 1603 3937 dederunt,
1636 3875 1693 3925 et
1722 3887 1857 3925 cum
1910 3871 2143 3942 pietatis
2190 3886 2499 3943 personam
2531 3871 2809 3926 diuturno
2858 3876 3119 3941 tempore
3167 3874 3451 3941 tanquam
3485 3883 3587 3938 per
3616 3867 3711 3922 lu-

304 3963 447 4017 dum
480 3961 825 4033 gessissent,
861 3959 1041 4016 simul
1073 3976 1139 4016 ac
1171 3959 1370 4032 aliqua
1401 3959 1735 4032 supervenit
1763 3959 2031 4028 tentatio,
2065 3976 2182 4032 qua
2220 3959 2483 4015 convinci
2524 3966 2697 4031 atque
2728 3958 2963 4031 coargui
2994 3961 3251 4031 possent,
3284 3956 3551 4029 protinus
3580 3971 3713 4011 cor-

298 4052 595 4106 ruerunt?

372 4138 493 4193 KE'.
546 4140 663 4191 Ἔτι
725 4137 822 4209 μὶν
892 4134 1030 4206 ἅπαξ
1104 4134 1196 4190 τὸν
1260 4133 1484 4208 οὐρανὸν
1542 4133 1632 4189 καὶ
1684 4136 1783 4205 τήν
1844 4137 1945 4211 γῆν

2129 4136 2296 4193 XXV.
2341 4137 2529 4193 Semel
2578 4135 2813 4207 quidem
2867 4135 3059 4191 adhuc
3106 4137 3368 4191 futurum
3417 4134 3714 4205 Scriptura

301 4227 671 4297 σεισθήσεσθαι
721 4228 854 4299 (58),
903 4231 1003 4294 τῆς
1055 4230 1273 4302 Γραφῆς
1325 4223 1506 4279 ἀκούω
1558 4223 1847 4300 λεγούσης,
1877 4225 1950 4287 ὡς

2059 4226 2494 4300 pronuntiat,ut
2519 4226 2726 4281 omium
2746 4230 2802 4280 et
2820 4230 2972 4280 terra
2992 4230 3334 4280 moveantur
3352 4224 3416 4291 7°,
3433 4229 3710 4294 tanquam

302 4311 370 4382 δὴ
400 4318 562 4368 τοῦτο
592 4313 874 4367 παθόντων
916 4312 1004 4367 καὶ
1051 4312 1338 4388 πρότερον·
1393 4311 1538 4367 οὕτω
1580 4309 1949 4386 δηλουμένης,

303 4402 481 4476 οἶμαι,
536 4409 635 4471 τῆς
696 4401 987 4480 ἐπιφανοῦς
1042 4406 1149 4456 τῶν
1202 4402 1539 4475 πραγμάτων
1583 4403 1950 4475 καινοτομίας.

2057 4316 2116 4371 id
2144 4332 2375 4388 quoque
2403 4314 2547 4386 ipsis
2572 4315 2882 4386 anteajam
2907 4314 3242 4385 contigerit;
3263 4313 3478 4384 quibus
3498 4313 3710 4378 verbis,

2062 4421 2192 4460 mea
2223 4403 2459 4476 quidem
2492 4403 2803 4471 sententia,
2832 4402 3083 4459 illustris
3114 4418 3304 4457 rerum
3352 4401 3597 4456 mutatio
3630 4400 3711 4455 si-

304 4492 403 4547 Καὶ
449 4491 542 4546 τὸν
591 4489 897 4546 τελευταῖον
960 4491 1178 4564 σεισμὸν
1230 4488 1433 4563 Παύλῳ
1491 4491 1798 4546 πιστευτὲον
1861 4489 1951 4546 λὲ-

2061 4493 2391 4565 gniﬁcatur.
2426 4494 2577 4549 402
2630 4495 2814 4563 Atque
2844 4492 3022 4547 etiam
3058 4490 3231 4547 Paulo
3258 4490 3402 4545 ﬁdes
3444 4490 3714 4545 habenda

303 4601 479 4655 γοντι,
534 4582 609 4653 μὴ
669 4578 839 4635 ἄλλον
888 4580 1020 4635 εἷναι
1066 4581 1100 4648 ἢ
1143 4580 1242 4647 τὴν
1298 4576 1544 4653 δευτέραν
1575 4583 1673 4634 τοῦ
1717 4584 1950 4655 Χριστοῦ

304 4670 624 4742 παρουσίαν,
677 4668 766 4723 καὶ
824 4670 921 4737 τὴν
977 4665 1137 4723 τοῦδε
1187 4665 1284 4722 τοῦ
1342 4670 1536 4731 παντὸς
1591 4668 1947 4742 μεταποίησιν

303 4760 394 4814 καί
456 4760 731 4831 μετάθεσιν
792 4757 867 4819 εἷς
922 4759 986 4813 τὸ
1045 4757 1297 4828 ἀκίνητον
1355 4758 1444 4812 καὶ
1498 4757 1812 4814 ἀσάλευτον.
1844 4759 1945 4815 Τὸν

303 4845 363 4903 δὶ
409 4853 500 4902 νῦν
545 4852 736 4903 τοῦτον
784 4847 1003 4919 σεισμὸν
1053 4844 1269 4909 οὐδενὸς
1328 4844 1537 4902 ἓλάττω
1588 4851 1694 4901 τῶν
1750 4866 1947 4923 προγε-

372 4983 416 5018 ⁶⁸
444 4982 559 5037 Jer.
592 4998 692 5052 χιι,
729 4982 815 5037 10.
892 4983 938 5019 ⁸⁸
966 4982 1079 5039 Isa.
1112 5000 1154 5050 1,
1182 4982 1237 5037 9.
1313 4982 1358 5017 ⁷ο
1385 4983 1529 5055 Agg.
1564 4998 1626 5051 ιι,
1657 4982 1708 5039 7.

368 5125 486 5209 {Si}
519 5122 902 5209 ΠρὸνΧριστοῦ
928 5144 1008 5179 τε.
1040 5126 1184 5180 Tres
1216 5124 1396 5197 Regg.
1426 5128 1483 5180 et
1508 5124 1735 5194 Comb.,
1762 5122 1868 5199 πρό
1898 5144 1955 5178 τε

297 5199 396 5250 τοῦ
428 5199 681 5270 Χριστοῦ.

359 5269 483 5342 ,(55)
516 5272 720 5342 "Amr
750 5265 786 5341 ii
819 5268 894 5342 μὴ
940 5262 1501 5342 ψευδώνυμος--Τνθε
1550 5263 1951 5342 Beas-Laws

305 5333 387 5411 μὴ’
424 5333 776 5412 ψευδώνυμος
816 5333 1554 5410 ᾕξοὸῐηῦϐἣςψευδόμενος
1585 5333 1705 5407 ῆξᾶ
1734 5338 1843 5394 nisi
1876 5333 1952 5393 sit

303 5414 628 5608 ωζέἓῖἷὶθ
655 5476 895 5555 ἄγνοιαν.
946 5482 1036 5536 Sic
1097 5480 1357 5551 quinque
1416 5481 1617 5553 Regg.,
1677 5481 1951 5536 undecim

307 5555 383 5609 Co
412 5557 466 5609 b.
500 5560 556 5609 et
584 5554 677 5609 Or.
711 5556 757 5609 1.
798 5555 859 5608 In
893 5554 1008 5609 ed..
1042 5549 1110 5605 δι’
1140 5551 1379 5609 ἀγνοίας.

352 5555 466 5609 olb.
500 5560 556 5609 et
584 5555 677 5609 Or.
711 5556 757 5609 1.
798 5555 859 5608 In
893 5555 1008 5621 ed.,
1042 5555 1110 5605 δι’
1140 5555 1379 5625 ἀγνοίας.

379 5627 632 5699 (57lva
666 5624 1030 5699 κρατούντων.
1051 5648 1078 5675 α
1110 5623 1583 5699 Imperatoribus.
1606 5645 1634 5674 ››
1659 5623 1751 5678 Sic
1766 5623 1951 5699 niaxi-

314 5695 407 5753 me
438 5697 612 5754 tritus
657 5695 748 5755 est
793 5698 975 5769 hujus
1022 5696 1180 5752 vocis
1229 5711 1392 5752 usus.
1425 5695 1629 5752 Billius
1662 5713 1729 5752 :«
1760 5698 1950 5751 Hare-

2062 4586 2170 4647 est,
2206 4587 2567 4652 postremum
2600 4586 2763 4635 terra:
2789 4586 3010 4636 motum
3053 4580 3199 4635 nihil
3223 4578 3377 4635 aliud
3404 4580 3523 4634 fore
3552 4576 3710 4634 affir-

2062 4670 2267 4738 manti,
2301 4686 2477 4740 quam
2508 4672 2832 4725 secundum
2860 4668 3073 4723 Christi
3104 4669 3441 4734 adventum,
3476 4667 3710 4723 mundi-

2060 4776 2173 4831 que
2202 4759 2380 4830 hujus
2403 4758 2892 4825 immutationem,
2913 4756 3166 4827 atquein
3190 4756 3575 4829 tranquillum
3596 4761 3711 4812 sta-

2058 4852 2267 4913 tum,et
2296 4848 2367 4902 ab
2401 4846 2560 4903 omni
2594 4852 2754 4903 motu
2786 4852 2842 4902 et
2863 4846 3179 4918 agitatione
3212 4845 3485 4916 liberum,
3515 4850 3706 4902 trans-

2063 5124 2198 5180 ticis
2228 5140 2421 5180 rerum
2455 5122 2831 5195 potientibus.
2860 5146 2887 5173 »

2138 5197 2245 5266 (58)
2289 5193 2687 5265 Σεισθῆσεσθαι,
2739 5195 2928 5252 Semel
2978 5199 3034 5251 et
3084 5196 3293 5251 iterum
3337 5193 3542 5252 Billius
3576 5215 3604 5245 κ
3634 5194 3706 5266 de

2062 5264 2237 5339 terra!
2267 5273 2424 5323 motu
2463 5291 2488 5316 ››
2519 5267 2811 5339 intelligit,
2849 5272 3024 5339 atque
3069 5267 3485 5339 interpretatur
3512 5264 3702 5336 Λεξεωί

2062 5338 2277 5407 locum,
2310 5340 2407 5410 qui
2442 5347 2634 5395 tamen
2682 5338 3093 5405 intelligendus
3126 5338 3353 5393 videtur
3381 5361 3409 5385 ‹‹
3444 5340 3512 5391 de
3542 5352 3704 5410 corn-

2064 5406 2414 5493 motione'et
2460 5412 2841 5493 concussione
2890 5428 3119 5493 magna.
3149 5432 3176 5459 ››
3208 5412 3278 5493 ld‘
3319 5406 3704 5493 nangquehsic

2062 5483 2313 5555 reddunt
2369 5499 2571 5537 omnes
2634 5485 2947 5555 Scripturaa
2992 5479 3373 5555 interpretes.
3418 5479 3705 5555 Loquitur

2063 5553 2377 5628 Gregorius
2408 5557 2477 5609 de
2508 5552 3016 5628 turbulentissime
3054 5552 3155 5628 illa
3184 5553 3549 5628 tempestate,
3575 5564 3699 5628 qua!

2060 5617 2325 5698 contigit,
2354 5643 2487 5681 cum
2537 5626 2914 5682 Constantius
2961 5629 3016 5679 et
3047 5617 3437 5698 AAriani,Aejus
3487 5617 3700 5677 auxilio

2059 5695 2333 5767 fretiftot
2360 5698 2419 5753 in
2449 5698 2709 5755 Ecclesia
2741 5703 2965 5769 strages
2995 5695 3321 5752 ediderunt.
