4094 6212
363 337 510 400 illi

1599 339 1661 401 S.
1713 338 2083 400 GREGORII
2129 336 2526 399 THEOLOGI

3611 334 3757 397 1112

359 474 637 528 lationem
669 472 736 526 τί.
769 471 885 544 Ego
934 488 1068 526 vero
1122 476 1285 527 terra:
1321 477 1543 528 motum
1596 472 1774 540 hunc,
1808 478 2010 527 nostra

2143 469 2430 541 νενημένων
2492 462 2885 541 ὑπολαμϐάνω
2943 468 3062 531 καθ’
3121 468 3180 522 δν
3238 472 3463 523 κινεῖται
3525 469 3619 540 μὲν
3678 470 3755 546 ἀφ’

360 566 709 634 tempestate
740 565 1027 627 coortum,
1052 559 1212 616 nullo
1243 578 1467 629 eorum,
1501 560 1600 633 qui
1625 561 1750 632 jam
1785 560 2016 615 exstite-

364 656 520 719 runt,
553 648 884 703 inferiorem
934 665 1063 703 esse
1108 650 1397 717 existimo,
1433 667 1535 721 per
1587 666 1761 719 quem
1811 664 2017 703 omnes

364 736 742 810 philosOphiaa
766 738 943 791 dediti
976 755 1041 791 ac
1062 737 1159 793 Dei
1182 755 1377 793 amore
1402 738 1646 809 praediti,
1676 743 1850 809 atque
1881 740 2017 791 ante

362 831 594 897 tempus
628 826 681 879 in
716 824 877 880 oculis
906 824 1116 880 civium
1152 843 1391 881 munere
1424 826 1751 897 fungentes,
1784 843 1817 880 a
1849 824 2017 880 nobis

364 917 753 969 dimoventur.
789 915 893 979 Qui
930 915 1160 969 tametsi
1214 914 1430 985 alioqui
1487 914 1671 986 pacati
1703 931 1768 969 ac
1821 915 2016 968 mode-

363 1003 471 1059 rati
505 1005 646 1068 sint,
680 1003 787 1057 hac
828 1006 1023 1057 tamen
1064 1004 1120 1057 in
1159 1020 1216 1057 re
1250 1002 1408 1058 lenes
1440 1008 1495 1057 et
1523 1002 1720 1057 faciles
1744 1018 1871 1057 esse
1904 1018 2018 1057 non

364 1093 679 1158 sustinent,
713 1109 847 1146 cum
880 1109 981 1163 per
1009 1091 1305 1146 silentium
1337 1096 1395 1147 et
1425 1092 1680 1162 quietem
1718 1092 1811 1147 Dei
1845 1108 2023 1146 causa

364 1182 661 1253 proditur:
694 1196 892 1235 verum
926 1180 1018 1233 hic
1049 1181 1365 1234 admodum
1399 1179 1647 1234 bcllaces
1678 1184 2023 1250 sunt,atque

365 1270 424 1325 in
458 1269 824 1340 conﬂigendo
873 1284 1034 1322 acres
1081 1273 1138 1323 et
1186 1269 1404 1322 feroces
1454 1267 1816 1338 (hujusmodi
1865 1268 2022 1322 enim

364 1359 469 1413 zeli
503 1362 678 1412 aestus
710 1361 840 1427 est),
874 1357 1164 1426 citiusque
1213 1355 1457 1427 aliquid,
1490 1357 1642 1427 quod
1690 1372 1803 1410 non
1853 1372 2024 1428 opor-

364 1451 505 1510 teat,
538 1447 880 1511 emoverint,
913 1461 1113 1515 quam,
1147 1445 1301 1515 quod
1334 1461 1403 1499 ex
1434 1444 1626 1499 ofﬁcio
1657 1445 1755 1510 sit,
1790 1450 2027 1515 praeter-

2124 558 2284 627 ἡμῶν
2338 559 2450 629 (59)
2506 555 2628 611 ὅσον
2690 556 2986 634 φιλόσοφον
3045 556 3136 611 καὶ
3195 552 3474 634 φιλόθεον,
3530 556 3619 611 καὶ
3664 560 3760 632 πρὸ

2124 648 2317 719 καιροῦ
2364 650 2481 706 τοῖς
2534 643 2644 699 ἄνω
2694 644 3140 717 πολιτευόμενον.
3173 643 3255 710 Οἲ,
3290 643 3385 699 κᾶν
3413 645 3595 701 τᾶλλα
3640 648 3760 701 ὦσιν

2127 732 2392 808 εἰρηνικοί
2447 754 2504 788 τε
2577 733 2666 787 καὶ
2745 732 2990 806 μέτριοι,
3048 733 3208 788 τοῦτό
3266 754 3329 806 γε
3399 734 3461 787 οὐ
3520 733 3759 811 φέρουσιν

2129 821 2381 883 ἐπιεικεῖς
2431 820 2586 889 εἶναι,
2637 822 2764 877 Θεὸν
2806 819 3125 894 προδιδόναι
3355 820 3443 876 διὰ
3485 830 3587 891 τῆς
3635 827 3765 892 ἠσυ-

2127 910 2275 986 χίας*
2313 908 2457 964 ἀλλὰ
2493 910 2580 965 καὶ
2613 908 2732 965 λίαν
2784 910 2915 965 εἰσὶν
2966 910 3187 965 ἐνταῦθα
3235 909 3531 983 πολεμικοί
3577 932 3638 966 τε
3684 913 3766 965 καὶ

2131 997 2406 1074 δύσμαχοι
2438 1001 2549 1071 (61)
2582 1002 2847 1072 (τοιοῦτον
2880 998 2983 1074 γὰρ
3038 1001 3072 1068 ἡ
3114 1004 3211 1053 τοῦ
3246 998 3418 1069 ζήλου
3452 995 3766 1075 θερμότης),

2129 1088 2218 1143 καὶ
2276 1090 2463 1142 θᾶττον
2523 1085 2581 1142 ἄν
2642 1109 2692 1142 τι
2755 1089 2831 1161 μή
2896 1085 3014 1142 δέον
3069 1090 3511 1163 παρακινήσαιεν,
3563 1090 3599 1156 ἢ
3657 1086 3766 1143 διον

2132 1176 2529 1251 παραλίποιεν.
2591 1176 3106 1254 Συναποῤῥήγνυται
3184 1174 3239 1231 δὲ
3313 1177 3403 1232 καὶ
3462 1182 3569 1231 τῶν
3632 1177 3765 1233 λαῶν

2134 1264 2233 1319 οὐκ
2285 1263 2598 1340 ἐλάχιστον,
2633 1263 2814 1342 ὥσπερ
2865 1264 2915 1319 ἐν
2963 1264 3187 1339 ὀρνίθων
3232 1266 3420 1340 ἀγέλῃ,
3468 1271 3591 1327 τοῖς
3638 1287 3769 1341 προ-

2134 1359 2394 1407 αναπτᾶσι
2442 1359 2807 1424 συναναπτᾲν,
2853 1354 2945 1409 καὶ
2986 1353 3111 1409 οὐδὲ
3157 1358 3241 1408 νῦν
3299 1350 3377 1410 ἔτι
3438 1352 3605 1429 λήγει
3658 1376 3774 1409 συν-

2134 1443 2327 1496 ανιπτά
2335 1463 2487 1514 μενον
2517 1444 2649 1516 (62).

371 1534 662 1589 miserint.
697 1534 908 1588 Eodem
943 1538 1103 1588 motu
1136 1550 1249 1588 non
1285 1533 1532 1588 minima
1560 1550 1794 1604 quoque
1827 1532 2026 1605 populi
2064 1549 2201 1605 pars
2231 1533 2622 1605 abrumpitur,
2655 1532 2809 1588 velut
2837 1533 2897 1588 in
2928 1532 3122 1588 avium
3153 1549 3349 1606 grege,
3381 1532 3484 1606 qui
3513 1549 3654 1589 eum
3685 1532 3771 1587 his

367 1623 463 1694 qui
498 1622 659 1693 prius
691 1621 1009 1689 avolarant,
1043 1621 1250 1692 avolat,
1280 1638 1345 1677 ac
1376 1639 1447 1676 ne
1477 1639 1632 1676 nunc
1663 1622 1902 1694 quidem
1933 1621 2110 1678 simul
2145 1621 2409 1677 avolandi
2444 1622 2617 1678 finem
2652 1622 2807 1679 facit.

437 1710 624 1766 XXVI.
658 1711 748 1767 Sic
779 1727 841 1765 se
871 1727 961 1766 res
995 1711 1311 1781 habebant,
1339 1712 1603 1782 quandiu
1636 1710 2015 1779 Athanasius,

2200 1710 2307 1777 Κζ’.
2356 1714 2523 1764 Τοῦτο
2581 1708 2898 1771 Ἀθανάσιος
2956 1711 3114 1781 ἡμῖν,
3167 1707 3271 1771 ἔως
3329 1716 3530 1785 παρῆν,
3591 1711 3621 1764 ὁ
3659 1710 3777 1764 στύ-

365 1800 468 1855 illa
496 1798 761 1855 Ecclesiae
794 1798 1405 1865 columna,nobiscum
1438 1800 1819 1867 versabatur;
1853 1804 1909 1855 et
1939 1801 2024 1857 sic

378 1905 440 1943 se
461 1888 737 1952 habuere,
764 1892 1072 1959 postquam
1097 1889 1496 1960 improborum
1522 1888 1829 1944 hominum
1851 1906 2023 1944 cona-

373 1978 535 2032 tibus
556 1976 1439 2047 cessit.Quemadmodumjenim
1461 1978 1561 2050 qui
1585 1979 1814 2033 firmam
1829 1994 2027 2049 quam-

369 2065 503 2120 dam
537 2082 727 2120 arcem
779 2082 1114 2138 expugnare
1154 2066 1209 2120 in
1256 2067 1518 2121 animum
1565 2066 1942 2131 induxerunt,
1974 2066 2024 2122 si

367 2170 496 2209 eam
520 2170 758 2209 accessu
803 2160 1092 2225 captuque
1123 2155 1419 2210 difﬁcilem
1451 2171 1581 2211 esse
1604 2155 2022 2227 perspexerint,

365 2242 435 2298 ad
469 2246 651 2298 artem
686 2260 747 2297 se
780 2243 1105 2298 conferunt.
1140 2244 1286 2308 Quid
1338 2247 1585 2314 postea?
1616 2243 1776 2298 Arcis
1825 2245 2024 2314 praefe-

371 2336 531 2387 ctum
557 2332 821 2403 pecuniis
845 2336 943 2386 aut
967 2332 1168 2386 fraude
1188 2333 1257 2386 ad
1278 2349 1415 2387 suas
1444 2336 1637 2403 partes
1655 2332 2024 2403 pertrahunt,

368 2421 570 2491 sicque
601 2419 762 2475 nullo
809 2420 934 2491 jam
968 2420 1198 2493 negotio
1230 2425 1287 2475 et
1324 2420 1523 2476 labore
1568 2437 1760 2475 arcem
1796 2436 2026 2491 quoque

368 2510 559 2580 ipsam
587 2510 643 2563 in
672 2509 953 2564 ditionem
980 2509 1427 2580 redigunt.Aut,
1448 2509 1493 2564 si
1521 2510 1728 2575 mavis,
1750 2509 2029 2580 quemad-

366 2598 607 2653 modum
640 2597 737 2669 qui
780 2599 1086 2669 Sampsoni
1119 2597 1364 2654 insidias
1415 2603 1768 2661 struxerant,
1803 2598 2026 2653 crinem

366 2687 552 2758 prius,
590 2686 645 2739 in
680 2703 795 2757 quo
849 2686 999 2741 vires
1034 2690 1256 2757 positas
1304 2686 1576 2757 habebat,
1632 2687 2025 2752 abstulerunt,

367 2780 543 2845 atque
566 2774 646 2828 ita
668 2775 904 2829 domum
927 2774 1194 2830 Judicem
1211 2774 1267 2828 in
1294 2779 1638 2845 potestatem
1657 2780 2023 2845 acceperunt,

372 2867 428 2918 et
452 2862 665 2917 deinde
689 2862 801 2933 ipsi
825 2863 1109 2919 arbitratu
1135 2880 1240 2919 suo
1263 2864 2026 2936 insultarunt,pristianue

375 2950 562 3023 ipsius
598 2951 865 3022 potentis:
900 2968 1098 3022 parem
1131 2970 1198 3007 ex
1229 2953 1470 3007 adverso
1503 2958 1850 3024 potestatem
1893 2954 2027 3008 ade-

2134 1796 2229 1859 λος
2285 1804 2385 1867 τῆς
2433 1796 2780 1869 Ἐκκλησίας·
2831 1820 2920 1853 και
2965 1803 3148 1867 τοῦτο,
3199 1795 3386 1868 ἐπειδή
3441 1820 3502 1873 γε
3528 1804 3654 1860 ταῖς
3686 1798 3773 1854 l1:-

2130 1886 2336 1961 ηρείαις
2395 1892 2502 1942 τῶν
2556 1892 2809 1963 πονηρῶν
2868 1888 3241 1963 ὑπεχώρησεν.
3300 1891 3501 1962 Ὥσπερ
3561 1889 3668 1963 γὰρ
3726 1887 3778 1941 οἱ

2134 1974 2391 2052 φρούριόν
2438 1997 2489 2030 τι
2533 1981 2640 2031 τῶν
2690 1981 2960 2052 καρτερῶν
2992 1973 3188 2048 ὶξελεῖν
3232 1974 3619 2052 βουλευθέντες
3644 1979 3779 2050 (63),

2135 2061 2348 2118 ἐπειδὰν
2408 2061 2593 2127 ἄλλως
2653 2062 2807 2119 ἴδωσι
2858 2061 3214 2140 δυσπρόσιτον
3272 2064 3362 2118 καὶ
3440 2062 3780 2133 δυσάλωτον,

2136 2151 2223 2207 ἰπὶ
2280 2154 2379 2221 τήν
2432 2154 2632 2228 τέχνην
2684 2158 2995 2230 χωροῦσινο
3058 2152 3170 2208 εἶτα
3223 2153 3316 2221 τί;
3375 2155 3689 2228 χρήμασιν,
3746 2154 3780 2220 ἢ

2136 2239 2284 2314 δόλῳ
2315 2242 2405 2296 τὸν
2455 2244 2802 2319 φρούραρχον
2856 2243 3279 2309 ὑποσπάσαντες,
3331 2241 3503 2302 οὕτως
3542 2239 3657 2311 ἤδη
3692 2241 3783 2295 σὺν

2135 2328 2308 2385 οὐδενὶ
2356 2330 2506 2403 πόνῳ
2561 2330 2651 2385 καὶ
2696 2339 2795 2401 τῆς
2831 2335 3066 2410 φροῦρᾶς
3116 2331 3430 2404 ἐκράτησαν·
3486 2330 3531 2385 εἰ
3596 2329 3784 2405 βούλει

2136 2416 2213 2491 δὶ,
2262 2417 2441 2492 ὥσπερ
2491 2420 2543 2474 οἱ
2589 2423 2667 2491 τῷ
2719 2420 2959 2494 Σαμψὼν
3012 2414 3517 2487 ἐπιϐουλεύσαντες,
3556 2420 3661 2486 τήν
3696 2417 3789 2473 κό-

2139 2529 2246 2580 μην
2302 2508 2584 2584 πρότερον,
2643 2508 2693 2562 ἐν
2840 2510 2939 2577 τήν
3005 2508 3161 2584 ἰσχὺν
3217 2510 3356 2583 εἶχε,
3415 2506 3785 2583 περιελόντες,

2134 2601 2426 2666 τηνικαῦτα
2482 2599 2594 2670 (64)
2650 2597 2754 2653 ὑπὸ
2812 2603 2973 2672 χεῖρα
3025 2596 3117 2652 τὸν
3168 2598 3367 2672 Κριτήν
3414 2591 3636 2665 ἔλαϐον,
3672 2597 3785 2651 εἶτα

2136 2684 2408 2755 ἐνέπαιζον
2461 2685 2559 2740 ὅσα
2606 2685 2965 2761 βουλομένοις
3018 2687 3108 2755 ἦν,
3155 2693 3254 2754 τῆς
3312 2685 3439 2759 πρὶν
3469 2689 3565 2738 τοῦ
3599 2682 3792 2749 ἀνδρὸς

2137 2772 2443 2835 δυναστείας
2473 2773 2786 2850 ἀντίῤῥοπα·
2820 2774 2963 2829 οὕτω
3001 2774 3089 2829 καὶ
3136 2774 3187 2829 οἱ
3234 2776 3351 2828 καθ’
3406 2776 3554 2845 ἡμᾶς
3606 2772 3783 2827 ἄλλός

2136 2860 2320 2940 φυλοι,
2380 2862 2443 2915 τὸ
2501 2862 2766 2937 ἡμέτερον
2824 2862 3018 2936 κράτος
3072 2859 3317 2916 ἐκποδὼν
3391 2860 3781 2932 ποιησάμενοι,

2135 2950 2224 3005 καὶ
2280 2951 2378 3018 τήν
2427 2947 2580 3019 δόξαν
2630 2957 2731 3017 τῆς
2784 2949 3111 3018 Ἐκκλησίας
3158 2948 3561 3023 ἀποκείραντες,
3617 2949 3788 3009 οὕτως

369 3039 449 3111 pti
480 3046 621 3095 sunt
655 3066 668 3107 ;
701 3040 784 3097 sic
834 3057 1063 3111 quoque
1114 3041 1450 3113 alienigena
1502 3042 1707 3111 nostri,
1757 3043 2025 3097 submoto

2143 3036 2245 3109 ἤδη
2306 3044 2424 3100 τοῖς
2479 3041 2581 3107 τῆς
2640 3034 2884 3100 ἀσεϐείας
2941 3037 3239 3116 ἐνετρύφων
3302 3036 3537 3112 δόγμασί
3584 3058 3646 3091 τε
3705 3036 3793 3089 καὶ

370 3134 547 3201 atque
576 3146 607 3185 e
639 3130 832 3185 medio
881 3130 1113 3185 sublato
1162 3136 1361 3185 nostro
1411 3132 1633 3197 robore,
1668 3148 1734 3186 ac
1782 3132 2028 3187 detonsa

372 3217 638 3273 Ecclesiae
668 3217 1112 3291 gloria,itajam
1137 3218 1197 3273 in
1220 3219 1545 3289 impietatis
1569 3220 1945 3291 dogmatibus
1975 3224 2032 3275 et

372 3306 705 3362 actionibus
734 3323 863 3363 sese
894 3307 1283 3362 oblectabant.
1318 3308 1421 3362 Hic
1467 3308 1647 3362 vitam
1679 3324 1810 3362 cum
1846 3313 2032 3363 morte

374 3399 699 3450 commutat
727 3395 1039 3450 adversarii
1077 3396 1329 3467 pastoris
1359 3396 1821 3460 confirmatur,et
1842 3401 2031 3467 patro~

374 3500 508 3551 nus,
544 3483 641 3553 qui
680 3487 898 3537 malum
951 3484 1102 3539 haud
1140 3483 1294 3538 malo
1327 3483 1574 3555 imperio
1624 3489 1799 3555 caput
1831 3484 2029 3555 prefe-

373 3575 735 3640 cerat,atque
757 3570 971 3637 inutili,
994 3577 1058 3625 ut
1084 3572 1298 3641 ferunt,
1321 3572 1657 3643 paenitentia
1682 3572 1736 3626 in
1772 3578 2031 3628 extremo

373 3658 504 3712 vitae
537 3658 748 3730 spiritu
783 3660 1188 3729 aﬂ‘ectus,cum
1223 3661 1527 3727 nimirum,
1559 3662 1631 3716 ob
1666 3660 1905 3716 alterius
1928 3678 2028 3716 see-

374 3745 489 3801 culi
545 3746 827 3812 tribunal,
860 3748 1012 3802 403
1057 3765 1259 3819 aquus
1309 3766 1501 3804 rerum
1553 3766 1793 3804 suarum
1845 3766 2031 3805 unus-

374 3834 833 3908 quisquejudex
876 3841 984 3891 est.
1015 3838 1151 3892 Tria
1199 3836 1356 3893 enim
1389 3837 1510 3893 haec
1558 3854 1687 3894 esse
1740 3839 1925 3909 aiunt,
1958 3840 2030 3895 ob

376 3940 501 3995 quae
532 3930 816 3996 tanquam
848 3925 1093 3997 imperio
1124 3943 1231 3981 suo
1261 3926 1523 3998 indigna,
1557 3926 1892 3999 paenitentia
1924 3928 2030 3982 du-

377 4018 506 4067 ctus
539 4010 713 4067 fuerit
744 4031 756 4068 :
791 4013 1068 4083 primum,
1101 4015 1253 4085 quod
1291 4015 1634 4086 propinquis
1674 4014 1797 4070 suis
1830 4032 2030 4071 necem

377 4100 673 4155 intulisset
707 4118 719 4156 :
754 4099 1182 4172 alterum,quod
1210 4102 1512 4157 Julianum
1546 4107 1885 4175 Apostatam
1918 4104 2031 4158 Cae—

377 4204 566 4242 sarem
617 4189 1028 4245 nominasset:
1065 4196 1428 4261 postremum
1480 4192 1634 4262 quod
1684 4193 1847 4247 novis
1898 4192 2029 4248 fidei

376 4274 755 4348 dogmatibus
778 4277 1135 4349 studuissetl:
1165 4278 1456 4349 simulque
1481 4295 1613 4334 cum
1637 4279 1730 4334 his
1753 4279 2032 4335 vocibuse

374 4363 493 4416 vita
514 4363 858 4420 discessisse
887 4366 1091 4420 fertur.
1113 4367 1360 4421 Rursum
1384 4372 1580 4422 autem
1604 4368 1863 4423 veritatis
1896 4369 2029 4423 doc-

2138 3128 2438 3203 πράγμασι.
2501 3128 2680 3201 Ταύτῃ
2732 3126 2820 3181 καὶ
2883 3126 3242 3200 μεταΛλάττει
3306 3127 3399 3200 μὶν
3454 3127 3547 3181 τὸν
3591 3126 3711 3200 βίον
3764 3126 3791 3179 ὁ

2137 3237 2233 3271 του
2282 3214 2558 3270 ἄντιθέτου
2602 3219 2713 3287 (65)
2763 3216 3025 3288 ποιμίνος
3077 3212 3382 3291 βεϐαιωτὴς
3430 3214 3523 3268 καὶ
3553 3215 3794 3289 προσ-τά-

2138 3326 2261 3375 της,
2336 3305 2497 3359 κακὸν
2580 3303 2639 3359 ού
2704 3308 2845 3378 κακῇ
2904 3308 3019 3377 (66)
3076 3302 3324 3379 βασιλείᾳ
3377 3304 3440 3358 τὸ
3496 3302 3792 3357 κεφάλαιον

2141 3393 2367 3461 ἔπιθεὶς,
2417 3391 2506 3447 καὶ
2555 3392 2759 3462 ἀνόητα
2819 3392 3136 3468 μεταγνοὺς,
3179 3393 3252 3454 ὡς
3296 3413 3474 3470 φασιν,
3529 3391 3622 3447 ἐπὶ
3676 3396 3796 3453 rei;

2138 3480 2474 3544 τελευταίαις
2558 3481 2870 3549 ἀναπνοαῖς,
2947 3481 3107 3551 ἡνίκα
3190 3481 3486 3555 εὐγνώμων
3567 3477 3798 3542 ἕκαστος

2140 3572 2246 3626 τῶν
2307 3571 2499 3625 ἑαυτοῦ
2557 3573 2671 3643 (67)
2726 3571 2938 3643 κριτὴς,
2994 3567 3081 3625 διὰ
3130 3570 3192 3625 τὸ
3244 3568 3355 3624 ἐκεῖ
3412 3566 3786 3643 δικαστήριον.

2140 3660 2273 3735 Τρία
2350 3661 2453 3734 γὰρ
2526 3660 2693 3713 ταῦτά
2750 3660 2801 3713 οἱ
2857 3659 3248 3733 συνεγνωκέναι
3323 3658 3477 3727 κακὰ,
3539 3658 3633 3711 καὶ
3691 3665 3795 3726 τῆς

2142 3749 2333 3803 ἑαυτοῦ
2395 3746 2671 3823 βασιλείας
2730 3747 2934 3817 ἀνάξια,
2983 3747 3076 3803 τὸν
3124 3751 3222 3801 τοῦ
3263 3746 3449 3821 γένους
3484 3746 3679 3824 φόνον,
3709 3745 3800 3801 καὶ

2138 3839 2239 3905 τὴν
2445 3835 2737 3912 ἀνάρρησιν
2781 3839 2877 3891 τοῦ
2929 3836 3286 3901 ’Δποστάτου,
3328 3836 3417 3888 καὶ
3448 3838 3546 3902 τὴν
3606 3856 3801 3889 καινο-

2140 3925 2335 3998 τομίαν
2384 3932 2485 3994 τῆς
2541 3924 2793 3986 πίστεωςο
2864 3924 2954 3979 καὶ
3019 3924 3237 3986 ταύταις
3297 3921 3647 3978 συναπελθεῖν
3712 3924 3801 3979 λέ-

2140 4035 2287 4091 γεται
2353 4019 2473 4075 ταῖς
2532 4020 2757 4091 φωναῖς.
2820 4012 3093 4083 Ἐξουσίαν
3145 4010 3203 4067 δὶ
3244 4011 3394 4075 αὖθις
3442 4013 3469 4067 ὁ
3518 4019 3617 4079 τῆς
3651 4012 3802 4080 ἀλη-

2140 4103 2282 4164 θείας
2342 4102 2509 4177 λόγος
2561 4096 2846 4175 λαμϐάνει,
2896 4101 2986 4155 καὶ
3034 4099 3339 4177 παρρησίαν
3387 4101 3441 4155 οἱ
3484 4101 3803 4175 βιασθέντες

2141 4190 2458 4262 αὐτόνομον,
2488 4195 2584 4244 τοῦ
2620 4188 2792 4259 ζήλου
2820 4189 2911 4244 τὸν
2941 4190 3109 4261 θυμὸν
3159 4190 3440 4264 θήγοντος.
3486 4190 3558 4246 ’⁷0
3601 4186 3677 4255 δὴ
3712 4191 3802 4243 καὶ

2142 4279 2170 4332 ὁ
2202 4280 2320 4351 (69)
2376 4283 2485 4333 τῶν
2534 4276 2927 4351 Ἀλεξανδρέων
2978 4276 3139 4333 ἔπαθε
3186 4275 3384 4350 δῆμος,
3438 4277 3554 4338 οἷος
3584 4277 3802 4339 ἆκεῐνος

2140 4368 2265 4443 περὶ
2294 4366 2422 4429 τοὺς
2474 4362 2751 4442 ὑϐριστὰς,
2802 4367 2902 4421 οὐκ
2953 4365 3259 4441 ἐνεγκόντες
3304 4371 3400 4420 τοῦ
3448 4362 3647 4440 ἀνδρὸς
3699 4370 3803 4434 τὴν

376 4451 533 4505 trina
584 4456 932 4522 potestatem
988 4472 1054 4509 ac
1105 4454 1397 4510 licentiam
1444 4455 1677 4528 accipit,
1737 4460 1912 4528 atque
1969 4457 2026 4526 ii,

2145 4432 2429 4532 ἀμετρίαν,
2488 4432 2577 4510 καὶ
2629 4432 2924 4511 διὰντοῢτο
2970 4432 3101 4529 ξὲνιρ
3162 4455 3257 4527 μὲν
3290 4452 3495 4526 θανάτῳ
3693 4432 3801 4508 που

378 4539 476 4610 qui
505 4539 687 4594 vexati
718 4545 889 4611 atque
919 4545 1182 4615 oppressi
1228 4544 1476 4610 fuerant,
1508 4545 1763 4601 solutam
1795 4545 2033 4603 liberta-

447 4663 492 4701 "
526 4662 699 4719 Hebr.
734 4681 835 4735 ιιι,
867 4666 939 4721 26
968 4670 1025 4722 et
1053 4684 1179 4739 seq.

453 4792 832 4877 (59)IKWEETM
880 4797 973 4877 μὶν
1017 4796 1106 4875 ἀφ’
1131 4800 1318 4877 ἡμῶν.
1342 4800 1423 4857 De
1472 4802 1801 4877 monachis,
1832 4804 1931 4877 qui
1967 4804 2035 4858 ﬁ-

382 4866 473 4943 dei
505 4866 626 4943 zelo
656 4883 689 4921 a
720 4866 996 4939 GregOrio
1048 4866 1210 4942 patre
1263 4872 1676 4943 discesserant,
1711 4866 2035 4931 huic-dicta

381 4936 558 5009 videri
593 4936 863 5009 possunt:

453 5007 727 5086 (60)_6s6v
783 5007 1125 5086 προδιδόναι,
1156 5018 1265 5069 etc.
1295 5036 1322 5063 «
1350 5013 1421 5068 [Ιι
1461 5030 1564 5086 per
1621 5015 1919 5070 silentium
1978 5023 2035 5071 et

380 5079 759 5206 Solitudinem
792 5079 1071 5155 (instituti
1117 5079 1477 5156 tenaciores)-
1494 5087 1593 5142 Dei
1629 5104 1864 5143 causam
1900 5105 2031 5158 pro-

420 5168 492 5205 an
528 5194 537 5205 .
570 5174 599 5201 ›)

420 5168 537 5205 aut.
570 5174 599 5201 ))

451 5222 559 5312 (61)
594 5220 917 5312 ,Δύσμαχομ
973 5226 1254 5295 Combef‘.,
1314 5222 1759 5301 δυσμαχώτατοι.
1819 5229 1915 5283 Or.
1981 5231 2029 5301 1,

382 5313 519 5364 μαχι
532 5314 747 5362 μωτατο
757 5316 770 5348 ι
780 5338 792 5350 .

448 5364 562 5435 (62)
598 5364 1085 5437 Συνανιπτάμενον.
1119 5368 1213 5421 Sic
1260 5368 1521 5438 plerique
1572 5368 1822 5438 codices,
1856 5376 1913 5426 et
1952 5373 2034 5428 ita

378 5435 518 5509 legit
551 5438 776 5509 Billius.
814 5441 873 5509 In
907 5435 1021 5507 ἑὼ,
1056 5435 1522 5509 συνανιστάμενον.

448 5506 558 5585 (63)
593 5506 1015 5585 eamagema;
1040 5512 1303 5575 Quatuor
1343 5506 1551 5583 Ηθεεη
1596 5511 1791 5566 decem
1845 5513 2028 5585 Colb.,

376 5581 432 5631 et
462 5577 556 5632 Or.
594 5582 642 5644 1,
681 5578 1054 5645 βουληθέντες.

450 5648 565 5718 (64)
616 5648 724 5717 Τήν
794 5649 1067 5725 lexin“...
1126 5653 1442 5719 τηνικαῦτα.
1502 5652 1765 5716 Quatuor
1828 5656 2029 5728 Regg.,

2143 4546 2354 4621 νηρίαν,
2413 4546 2533 4619 ξένῃ
2578 4542 2634 4600 δὲ
2681 4539 2834 4621 ὕϐρει
2891 4544 2980 4599 τὸν
3042 4545 3264 4608 θάνατον
3320 4540 3802 4613 στηλιτεύσαντες.

2145 4804 2345 4888 decem
2413 4802 2569 4859 Colb.
2630 4806 2687 4857 et
2747 4801 2843 4858 0r.
2906 4802 2960 4868 1,
3024 4799 3088 4854 τὸ
3155 4797 3443 4875 ἰσχυρὸν...
3509 4799 3575 4853 τὸ
3637 4820 3803 4869 τηνι-

2144 4894 2333 4929 καυτα.

2236 4948 2327 5013 65)
2362 4943 2685 5016 Ἀντιθίπου.
2733 4944 2870 5016 Reg.
2921 4943 3043 5016 bm,
3089 4943 3234 5013 Jes.,
3266 4943 3491 5013 Comb.,
3524 4940 3803 5011 ἀντιθέου,

2144 5039 2171 5068 ιι
2206 5015 2321 5071 Deo
2355 5015 2737 5070 adversantis.
2763 5035 2789 5065 ι

2213 5090 2330 5158 (66)
2365 5086 2539 5141 Koma»
2572 5084 2633 5140 οὐ
2664 5087 2828 5157 κακῇ,
2853 5090 3025 5158 etc._u
3049 5084 3275 5158 (Malum
3313 5101 3425 5158 non
3472 5083 3629 5139 malo
3681 5084 3801 5139 im~

2144 5154 2509 5230 perio'caput
2538 5154 2882 5229 praeficiens,
2912 5177 2939 5205 »
2967 5154 3523 5230 Julianum_scil_icet
3555 5158 3802 5230 Aposta-

2143 5226 2345 5298 tatam,
2380 5226 2577 5301 quem—7
2603 5242 3001 5301 successorem
3050 5243 3221 5301 suum
3260 5226 3614 5301 ⁸ἱιιειίζιιειιζειι
3642 5226 3796 5301 Con-

2142 5297 2417 5367 stantius,
2476 5300 2682 5356 Billius
2728 5319 2793 5357 :c
2844 5297 3065 5354 malum
3120 5297 3279 5353 baud
3339 5297 3487 5353 malo
3545 5298 3798 5369 imperio

2142 5374 2318 5428 finem
2352 5373 2679 5442 imponens.
2708 5395 2734 5420 ››

2212 5446 2325 5515 (67)
2355 5437 2471 5515 Τῶν
2504 5443 2715 5497 ἑαυτοῦ.
2751 5442 2812 5496 In
2847 5438 3169 5515 nonnullis,
3200 5437 3253 5490 οἱ
3284 5437 3477 5508 ἑαυτῷ.

2212 5508 2321 5585 (68)
2369 5513 2463 5567 Καὶ
2512 5517 2634 5584 τήν,
2689 5519 2801 5568 etc.
2859 5510 3130 5565 Julianus
3163 5514 3452 5585 _apostata
3510 5508 3705 5585 Gaesar
3760 5526 3794 5563 ε

2140 5582 2484 5658 Constantio
2509 5582 2881 5658 imperatore
2896 5588 3125 5658 creatus
3149 5583 3344 5658 fuerat
3370 5597 3526 5658 anno
3554 5582 3679 5658 3_55.

2212 5657 2324 5730 (69)
2353 5656 2430 5711 '0.
2462 5656 2555 5713 Sic
2599 5651 2800 5732 plures
2849 5654 3025 5728 ngg.
3058 5656 3115 5708 et
3143 5651 3239 5709 Or.
3275 5653 3327 5708 1.
3364 5657 3531 5709 Deest
3583 5652 3638 5706 in
3692 5651 3792 5706 ed.
