4094 6212
322 365 474 427 1113

1241 364 1531 426 ORATIO
1573 362 1729 425 XXI.
1763 394 1841 410 —
1866 364 1948 424 IN
1991 364 2309 426 LAUDEM
2358 363 2809 425 ATHANASII.

3575 359 3725 427 ιιιι

320 497 459 553 Ἵστε
487 497 587 565 τὴν
618 493 868 568 κάμηλον
904 499 1017 567 (70)
1058 494 1288 565 ἐκείνην,
1343 497 1433 549 xui
1490 496 1580 550 τὸν
1638 496 1781 566 ξὲνον
1838 495 1967 569 φόρ-

2094 503 2229 565 tem,
2262 496 2382 552 zelo
2413 512 2621 568 nempe
2646 496 3013 553 iracundiam
3062 500 3324 553 acuente.
3357 494 3517 560 Quod
3550 493 3724 550 etiam

318 606 430 655 τον,
460 584 550 638 καὶ
582 586 641 638 τὸ
662 584 844 638 καινὸν
868 583 1021 658 ὕψος,
1055 583 1143 638 xui
1173 585 1270 652 τὴν
1304 585 1526 660 πρώτην
1560 581 1834 660 περίοδον,
1887 583 1967 638 οἶ-

323 693 417 744 μαι
464 670 540 743 δὲ,
594 672 681 726 καὶ
718 672 911 745 μόνην,
968 674 1034 726 τὰ
1088 671 1251 748 μέχρι
1303 673 1392 726 καὶ
1421 676 1511 726 νῦν
1545 678 1661 733 τοῖς
1695 668 1968 749 ὑϐρισταῖς

321 760 707 832 ἀπειλούμενα.

2081 587 2277 656 ipsum
2310 584 2716 641 Alexandrinis
2746 587 2977 651 accidit,
3033 586 3150 656 qui.
3203 590 3266 639 ut
3297 584 3354 639 in
3387 601 3506 653 eos,
3540 600 3573 638 a
3604 582 3726 655 qui-

2080 675 2188 730 bus
2219 674 2634 729 contumeliam
2668 680 3035 746 acceperunt,
3086 673 3450 729 acerbissimi
3482 688 3609 727 esse
3632 689 3723 726 so-

2080 762 2640 832 lent,importunam
2674 763 2932 818 hominis
2955 763 3258 818 audaciam
3291 760 3727 833 indignissimis

320 851 538 907 animis
572 853 841 917 terentes,
874 854 997 906 tum
1032 868 1176 906 novo
1207 851 1486 906 dedecore
1529 856 1774 906 mortem
1827 851 2145 906 notandam
2176 857 2351 921 atque
2397 851 2797 906 infamandam
2850 853 3161 907 duxerunt.
3194 851 3379 906 Notus
3428 854 3517 905 est
3564 848 3731 903 vobis

320 938 583 995 camelus
614 940 731 1008 ille,
765 946 935 1011 atque
986 940 1217 995 insueta
1260 941 1509 1009 sarcina,
1544 944 1600 995 et
1631 956 1778 993 nova
1807 939 2073 1009 altitudo,
2109 938 2412 1009 primaque
2444 938 2563 1007 illa,
2597 955 2685 1009 ac,
2718 938 2830 994 nisi
2884 956 2974 995 me
3021 940 3215 1012 opinio
3266 937 3430 1005 fallit,
3466 936 3591 992 sola
3620 937 3732 991 cir-

320 1029 675 1097 cumductio,
707 1045 833 1100 quae
867 1030 1187 1084 etiamnum
1222 1028 1663 1084 contumeliosis
1694 1028 2038 1084 hominibus
2070 1027 2377 1082 minaciter
2404 1028 2802 1083 denuntiatur.

397 1122 507 1170 ΚΖ.
572 1116 719 1170 Ἐπεὶ
779 1114 836 1170 δὲ
895 1118 922 1170 ὁ
974 1117 1155 1193 τυφὼν
1212 1118 1325 1189 (71)
1375 1123 1474 1184 τῆς
1528 1113 1758 1188 ἀδικίας,
1792 1116 1819 1169 6
1876 1122 1975 1184 τῆς

325 1199 599 1265 εὐσεϐείας
631 1204 886 1279 φθορεὺς,
919 1205 946 1259 ὁ
974 1208 1071 1258 τοῦ
1103 1208 1347 1276 πονηροῦ
1380 1201 1719 1278 πρόδρομος,
1770 1203 1971 1272 ταύτην

322 1292 694 1367 εἰσπράττεται
754 1294 850 1360 τήν
911 1291 1090 1363 δίκην,
1143 1292 1265 1366 ἐμοὶ
1322 1294 1415 1364 μὶν
1450 1293 1549 1347 ούκ
1574 1292 1856 1362 ἐπαινετὴν
1889 1292 1974 1365 (οὐ

318 1381 422 1457 γάρ
456 1381 487 1435 ἃ
523 1387 711 1444 παθεῖν
759 1381 956 1436 ἐκεῖνον
1008 1381 1198 1456 ἐχρῆν,
1247 1379 1373 1437 ἀλλ’
1413 1380 1444 1435 ἂ
1475 1384 1587 1454 (72)
1618 1387 1791 1435 ποιεῖν
1824 1384 1974 1454 ἡμᾶς

320 1467 429 1524 ἔδει
478 1473 743 1543 σκοπεῖν),
803 1468 1173 1544 εἰσπράττεται
1224 1468 1270 1524 δ’
1318 1470 1432 1540 οὗν,
1481 1470 1653 1546 ὀργῆς
1682 1468 1974 1543 πανδήμου

317 1559 409 1614 xui
469 1564 636 1635 φορᾶς
703 1557 860 1633 ἔργον
920 1562 1031 1632 (73)
1089 1558 1371 1635 γενόμενος
1402 1577 1412 1590 ·
1466 1558 1699 1614 ἐπάνεισι
1763 1560 1856 1631 μὲν
1917 1558 1976 1613 ἐκ

316 1647 417 1715 τῆς
448 1645 624 1716 καλῆς
656 1644 923 1720 ἐκδημίας
957 1647 984 1701 6
1026 1646 1269 1717 ἀθλητὴς
1302 1647 1465 1721 (οὕτω
1516 1649 1619 1723 γὰρ
1669 1646 1975 1723 ἐγὼ,καλῶ

316 1737 416 1804 τήν
478 1736 681 1791 ἐκείνου
744 1734 833 1791 διὰ
888 1737 987 1805 τήν
1047 1733 1250 1812 Τριάδα
1297 1743 1385 1790 καί
1444 1737 1577 1803 μετά
1622 1742 1721 1806 τῆς
1749 1733 1975 1811 Τριάδος

320 1826 534 1902 φυγὴν).
595 1825 742 1879 οὕτω
799 1823 856 1879 δὲ
914 1825 1168 1898 ἀσμένοις
1222 1824 1544 1900 προσπίπτει
1601 1828 1712 1898 (74)
1741 1830 1856 1887 τοῖς
1916 1824 1967 1879 ἐν

324 1919 391 1989 τῇ
422 1913 604 1980 πόλει,
635 1915 724 1969 καὶ
784 1920 982 1989 μικροῦ
1026 1920 1095 1989 τῇ
1146 1916 1407 1991 Αἰγύπτῳ
1453 1915 1614 1989 πάσῃ,
1654 1916 1741 1970 καὶ
1774 1936 1973 1970 παντα-

327 2005 487 2079 χόθεν
539 2003 614 2066 είς
660 2005 825 2058 ταυτὸ
873 2001 1268 2079 συνδραμούσῃ,
1324 2010 1416 2058 καῖ
1484 2006 1573 2059 ἀπ’
1623 2002 1789 2081 ἄκρου
1845 2026 1978 2060 παν-

327 2094 419 2154 τὸς
467 2095 601 2165 (75),
646 2091 718 2146 ’ἶν’
767 2094 818 2147 oi
867 2095 961 2166 μὶν
1012 2096 1199 2170 φωνῆς
1241 2092 1561 2157 ’Δθανασίου
1614 2093 1804 2167 μόνης,
1839 2096 1891 2148 oi
1923 2091 1980 2148 δὲ

327 2187 424 2237 τοῦ
472 2179 645 2243 εἴδους
689 2180 1096 2260 ἐμφορηθῶσιν,
1146 2183 1199 2236 οἱ
1255 2180 1330 2254 δὲ,
1364 2180 1395 2236 6'
1424 2182 1682 2257 περὶτῶν
1743 2183 1975 2237 ἀποστό-

329 2268 440 2325 λων
489 2270 821 2343 ἠκούσαμεν,
876 2275 942 2344 τῇ
992 2276 1115 2341 σκιᾷ
1163 2269 1293 2345 γοῦν
1348 2273 1643 2345 ἁγιασθῶσι
1698 2271 1855 2345 μόνῃ,
1886 2270 1975 2325 καὶ

326 2362 404 2431 τῷ
430 2360 568 2430 κενῷ
601 2362 711 2431 (76)
746 2358 899 2431 τύπῳ
929 2364 1025 2413 τοῦ
1057 2362 1332 2431 σώματος’
1392 2358 1528 2413 ὥστε
1558 2357 1784 2415 πολλῶν
1831 2358 1975 2414 πολ-

329 2444 483 2508 λάκις
531 2447 618 2501 καὶ
678 2446 915 2509 πολλοῖς
964 2444 1073 2515 ἤδη
1118 2448 1488 2523 γεγενημένων
1538 2447 1596 2502 ἐκ
1639 2453 1735 2502 τοῦ
1780 2448 1974 2511 παντὸς

330 2535 534 2611 χρόνου
564 2540 741 2609 τιμῶν
788 2558 848 2591 τι
894 2534 984 2590 xui
1016 2536 1386 2605 ὑπαντήσεων,
1419 2537 1519 2591 οὐκ
1549 2535 1773 2612 ἅσχουσι
1810 2537 1974 2609 μόνον

327 2622 616 2695 δημοσίοις
673 2624 763 2679 xui
816 2624 1067 2699 ἱερεῦσιν,
1118 2622 1264 2680 ἀλλὰ
1310 2624 1400 2679 xui
1447 2630 1554 2679 τῶν
1604 2624 1817 2680 οἰκείων
1857 2632 1977 2689 τοῖς

327 2712 787 2790 ἕπιφανεστάτοις,
868 2711 1008 2786 μηδὲ
1073 2713 1197 2787 μίαν
1272 2712 1475 2783 ταύτης
1542 2714 1976 2787 μνημονεύεσθαι

328 2798 889 2877 πολυανθρωποτὲραν
962 2801 1051 2855 καὶ
1122 2800 1527 2878 λαμπροτέραν.
1578 2806 1671 2856 ’Ἑν
1737 2800 1793 2857 δὶ
1844 2803 1974 2858 εἶναι

328 2889 497 2963 ταύτῃ
571 2889 735 2961 μόνον
806 2885 1175 2964 παραϐάλλειν
1250 2889 1406 2944 αὐτὸν
1478 2892 1812 2963 Ἀθανάσιον,
1884 2892 1974 2945 καὶ

325 2979 425 3047 τήν
485 2977 630 3049 αὐτῷ
678 2978 941 3054 προτέραν
988 2980 1099 3050 (77)
1132 2980 1464 3033 συντεθεῖσαν
1498 2980 1583 3035 ἐπὶ
1614 2984 1681 3054 τῇ
1739 2979 1976 3057 προτέρᾳ

324 3067 526 3136 ταύτης
584 3063 780 3139 εἰσόδῳ
834 3069 1024 3139 τιμὴν,
1084 3068 1241 3136 ἡνῖκα
1290 3066 1349 3122 ἐκ
1393 3070 1491 3137 τῆς
1540 3068 1704 3139 αὐτῆς
1752 3069 1843 3123 καὶ
1886 3068 1973 3124 ἰπὶ

324 3160 440 3216 τοῖς
471 3154 653 3217 αὐτοῖς
688 3154 903 3228 ἐπανῄει
937 3162 1137 3233 φυγῆς·

2006 1969 2054 2034 Β

2155 1116 2795 1187 XXVI[.iPosteaquam
2843 1120 3038 1170 autem
3072 1116 3169 1170 ille
3201 1115 3503 1186 injustitiae
3534 1115 3730 1184 turbo,

2084 1203 2185 1259 illa
2218 1205 2448 1277 pietatis
2491 1206 2651 1259 labes
2709 1208 2764 1259 et
2823 1204 3171 1275 corruptela.
3232 1203 3326 1260 ille
3356 1204 3514 1277 pravi
3573 1204 3732 1259 illius

2087 1292 2778 1366 praecursor,hujusmodi
2804 1292 3092 1365 supplicio
3126 1294 3445 1348 mulctatus
3477 1298 3583 1357 est,
3605 1309 3733 1348 meo

2085 1385 2591 1456 quidemjudicio,
2635 1384 2790 1441 haud
2835 1389 2989 1440 recte
3045 1384 3175 1457 (nec
3204 1384 3360 1439 enim
3410 1384 3548 1453 quid
3598 1399 3733 1439 eum

2086 1477 2334 1547 pati,sed
2368 1476 2507 1547 quid
2542 1493 2648 1530 nos
2672 1476 2857 1531 facere
2888 1475 3541 1547 decebat,spectandum
3578 1473 3733 1543 fuit),

2084 1566 2184 1621 sed
2220 1564 2535 1620 mulctatus
2566 1570 2655 1619 est
2684 1564 3209 1635 tamen,totiusque
3239 1562 3437 1635 pepuli
3469 1563 3733 1632 inpetum

2089 1659 2263 1724 atque
2296 1653 2662 1708 iracundiam
2694 1652 2911 1721 subiit;
2944 1658 3071 1707 tum
3105 1652 3343 1723 quidem
3393 1651 3604 1706 nobilis
3634 1650 3732 1707 ille

2083 1742 2301 1798 athleta
2330 1759 2397 1797 ex
2430 1741 2707 1813 praeclara
2736 1740 3199 1812 peregrinatione
3220 1741 3327 1812 (sic
3358 1739 3514 1794 enim
3548 1740 3734 1811 ipsius

2090 1831 2286 1900 fugam
2319 1847 2422 1902 pro
2454 1830 2738 1884 Trinitate
2769 1834 2826 1883 et
2876 1845 3010 1884 cum
3063 1829 3347 1883 Trinitate
3396 1832 3732 1898 susceptam

2085 1917 2336 1990 appello)
2369 1918 2429 1972 in
2458 1919 2661 1973 urbem
2696 1918 2865 1984 redit,
2907 1922 3085 1989 atque
3125 1918 3208 1973 ita
3237 1916 3400 1972 laetos
3427 1920 3484 1971 et
3514 1914 3733 1971 alacres

2090 2023 2245 2062 cives
2276 2006 2540 2072 offendit,
2573 2007 2689 2060 imo
2738 2005 2913 2061 etiam
2969 2006 3301 2061 universam
3353 2020 3531 2076 prope
3560 2008 3732 2077 [Egy-

2089 2101 2255 2166 ptum
2298 2095 2712 2165 undequaque,
2760 2098 2816 2149 et
2864 2093 2935 2148 ab
2986 2093 3263 2148 extremis
3301 2093 3482 2148 totius
3506 2093 3733 2166 [Egypti

2086 2184 2326 2253 finibus,
2360 2184 2417 2237 in
2448 2200 2631 2238 unum
2681 2188 3148 2252 concurrentem,
3180 2185 3244 2236 ut
3273 2180 3368 2236 alii
3400 2182 3525 2236 sola
3552 2180 3730 2237 Atha-

2086 2272 2239 2328 nasii
2269 2287 2425 2336 voce,
2459 2270 2557 2326 alii
2591 2271 2778 2327 forma
2807 2276 2862 2325 et
2892 2275 3131 2342 aspectu
3167 2274 3591 2335 saturarentur,
3610 2268 3730 2340 alii,

2086 2363 2238 2433 quod
2256 2362 2326 2417 de
2342 2360 2624 2434 apostolis
2646 2360 3091 2432 praedicatur,ex
3106 2360 3313 2414 umbra
3324 2359 3407 2414 sal
3418 2365 3530 2414 tem
3554 2359 3729 2430 ipsa”

2086 2456 2143 2507 et
2170 2468 2316 2506 vana
2347 2449 2606 2521 corporis
2639 2450 2824 2522 ﬁgura
2874 2448 3240 2505 sanctitatem
3300 2447 3729 2515 contraherent,

2088 2546 2313 2607 ut,cum
2349 2539 2551 2594 multis
2582 2540 2697 2609 iam
2723 2554 3201 2609 smpenumeroex
3232 2536 3391 2591 omni
3424 2536 3733 2591 hominum

2090 2628 2373 2683 memoria
2403 2627 2651 2682 honores
2676 2627 2857 2681 habiti
2889 2627 3027 2693 sint,
3062 2624 3266 2679 multis
3296 2625 3469 2680 etiam
3502 2624 3733 2680 obviam

2090 2718 2385 2789 proditum
2407 2716 2685 2787 sit,idque
2701 2732 2812 2770 non
2840 2714 3125 2787 praefectis
3147 2718 3371 2768 tantum
3409 2712 3658 2781 publicis
3678 2718 3736 2768 et

2085 2805 2508 2878 episcopis,sed
2536 2804 2915 2859 familiarium
2942 2820 3173 2874 quoque
3206 2801 3589 2874 amplissimis
3604 2802 3733 2873 qui-

2085 2897 2313 2964 busque
2343 2899 2399 2948 et
2429 2893 2794 2959 clarissimis,
2831 2891 3032 2948 nullus
3070 2899 3261 2947 tamen
3310 2908 3589 2946 occursus
3620 2892 3732 2945 fre-

2086 2984 2325 3055 quentia
2355 2987 2412 3037 et
2441 2982 2751 3052 splendore
2789 2983 2974 3052 major
3006 2996 3263 3052 unquam
3293 2980 3474 3035 fuisse
3506 2996 3732 3035 memo-

2088 3071 2438 3126 retur.Unus
2465 3072 2750 3125 duntaxat
2782 3070 2965 3125 honor
2996 3068 3131 3123 huic
3162 3068 3488 3135 comparari
3521 3071 3731 3139 potest;

2086 3160 2184 3216 ille
2215 3159 2458 3226 scilicet,
2491 3176 2606 3230 quo
2638 3158 2996 3213 Athanasius
3027 3158 3153 3229 ipse
3184 3158 3255 3212 ad
3288 3156 3541 3228 priorem
3572 3155 3737 3211 urbis

323 3245 659 3318 ingressum
699 3254 940 3301 ornatus
997 3248 1155 3302 404
1213 3247 1421 3315 fuerat,
1452 3264 1585 3303 cum
1635 3264 1705 3304 ex
1751 3249 1955 3305 eadem
2005 3249 2162 3322 fuga,
2196 3250 2526 3319 iisdemque
2557 3248 2627 3303 de
2657 3248 2851 3303 causis
2911 3247 3071 3317 inita,
3103 3245 3512 3301 Alexandriam
3573 3262 3737 3317 repe-

325 3338 489 3390 teret.

397 3423 522 3479 KH'.
557 3422 783 3498 Φέρεται
833 3421 921 3477 καὶ
976 3422 1220 3485 τοιοῦτός
1267 3445 1349 3486 τις
1410 3422 1492 3479 ἐπ’
1536 3423 1708 3491 ἐκείνη
1735 3424 1806 3499 τῇ
1835 3425 1973 3502 τιμῇ

2157 3428 2405 3484 XXVIII.
2439 3427 2587 3493 Quin
2619 3430 2676 3482 et
2705 3427 2775 3480 de
2807 3424 3026 3480 honore
3066 3423 3166 3479 illo
3197 3423 3540 3494 hujusmodi
3572 3422 3731 3496 quis-

333 3508 501 3583 λόγος
526 3530 538 3542 ·
600 3510 836 3586 λεγέσθω
878 3510 1001 3587 γὰρ,
1053 3511 1097 3566 εἰ
1144 3511 1231 3567 καὶ
1265 3511 1664 3588 περιττότερος,
1701 3514 1813 3568 οἷον
1848 3512 1975 3583 ἢδυ-

333 3600 446 3672 σμά
473 3620 525 3653 τι
554 3604 632 3671 τῷ
663 3599 837 3673 λόγῳ,
870 3621 958 3675 καὶ
990 3600 1147 3662 ἄνθος
1189 3599 1418 3655 είσόδιον
1469 3604 1601 3675 (78).
1654 3600 1973 3672 Ἐἷσήλαυνᾶ

324 3709 407 3751 τις
463 3693 567 3743 τῶν
616 3686 967 3764 ὃισοπάρχων
1015 3692 1127 3762 (79)
1173 3696 1285 3762 μετ’
1344 3688 1553 3759 ἐκείνην
1592 3692 1691 3757 τὴν
1742 3689 1973 3763 εἶ’σοδον,

323 3778 617 3851 ¹Ημὲτερος
652 3778 805 3839 οὗτος
861 3778 948 3845 ἢν·
984 3775 1348 3848 Καππαδόκης
1394 3779 1519 3851 γὰρ,
1560 3779 1647 3833 xui
1677 3782 1784 3832 τῶν
1814 3781 1975 3837 πάνυ.

327 3867 427 3921 Τὸν
483 3865 784 3941 Φιλάγριον
846 3866 1044 3920 ἐκεῖνον
1096 3862 1326 3921 οἶδ’ἤδτι
1374 3867 1568 3929 πάντες
1597 3866 1837 3923 ἀκούετε.
1871 3868 1973 3925 Καὶ

326 3955 390 4009 τὸ
445 3955 692 4031 φίλτρον,
752 3954 869 4008 οἷον
925 3954 1024 4009 οὐκ
1079 3952 1246 4022 ἄλλο,
1298 3956 1387 4009 καὶ
1435 3956 1557 4028 περὶ
1590 3952 1782 4023 ἄλλον,
1816 3956 1903 4010 καὶ
1938 3958 1972 4027 ἡ

326 4045 461 4115 τιμή
512 4044 648 4099 κατὰ
704 4044 765 4097 τὸ
812 4041 1060 4118 φίλτρον,
1110 4042 1202 4097 ’ίνα
1259 4048 1437 4119 μικρῷ
1468 4043 1616 4121 λόγῳ
1644 4046 1974 4120 παραστήσω

326 4132 387 4186 τὸ
441 4138 545 4185 πᾶν
590 4133 891 4207 γνώρισμαο
943 4131 989 4204 ᾧ
1038 4134 1150 4205 (80)
1196 4133 1285 4187 καὶ
1334 4136 1368 4203 ἡ
1410 4134 1578 4209 ἀρχὴ,
1611 4129 1867 4209 πρεσϐείᾴ
1919 4156 1976 4190 τε

324 4221 423 4287 τῆς
470 4218 706 4286 πόλεως,
758 4221 847 4274 xui
890 4222 1058 4295 ψήφῳ
1108 4224 1205 4275 τοῦ
1251 4220 1541 4297 βασιλέως,
1592 4220 1742 4286 αὖθις
1796 4225 1973 4299 ἐγχει-

324 4313 585 4380 ρισθεῖσα.
620 4308 840 4366 Τούτων
876 4307 966 4363 οὗν
997 4330 1117 4363 τινα
1144 4314 1241 4365 τοῦ
1290 4308 1472 4382 δήμου
1518 4314 1654 4384 (81),
1706 4311 1752 4384 ᾧ
1809 4320 1976 4389 φανῆ-

394 4400 438 4433 ⁷²
469 4401 594 4454 Act.
624 4416 679 4469 ν,
714 4401 799 4454 15.

419 4488 511 4561 70)
543 4487 680 4561 Ἱστε
708 4487 807 4553 τὴν
839 4483 1119 4561 κάμηλον,
1164 4492 1277 4543 etc.
1319 4488 1606 4561 (Intelligit
1659 4489 1973 4561 Gregorius

328 4579 362 4630 «ι
390 4558 726 4629 Georgium,
760 4580 786 4608 »
822 4576 994 4630 quem
1026 4558 1418 4626 Alexandrini,
1437 4558 1668 4615 mortuo
1689 4558 1970 4616 Constan-

2088 3518 2244 3590 piam
2278 3534 2469 3573 sermo
2516 3516 2928 3572 circumfertur
2958 3530 2971 3569 :
3006 3514 3196 3568 dicam
3246 3513 3422 3583 enim,
3456 3530 3732 3583 superva-

2086 3622 2303 3661 caneus
2336 3606 2469 3660 licet
2500 3604 2683 3659 videri
2712 3603 2914 3675 possit,
2948 3618 3013 3657 ac
3064 3601 3220 3669 velut
3266 3601 3730 3667 condimentum,

2086 3694 2582 3764 adventitiumque
2635 3693 2837 3748 ﬂorem
2895 3692 3141 3747 orationi
3202 3691 3538 3762 adiungam.
3602 3690 3735 3744 Post

2087 3782 2245 3837 illius
2278 3784 2591 3838 adventum
2626 3781 2868 3852 quidam
2902 3779 2959 3833 in
2990 3780 3193 3834 urbem
3226 3779 3562 3846 vehebatur,
3596 3776 3731 3831 alte-

2086 3888 2211 3925 ram
2253 3871 2378 3941 jam
2432 3871 2834 3940 praefecturam
2883 3883 3138 3938 gerens:
3175 3871 3369 3922 noster
3428 3865 3521 3919 hic
3579 3870 3728 3930 erat,

2086 3959 2300 4030 quippe
2328 3958 2658 4029 Cappadox,
2699 3957 2790 4010 vir
2832 3955 3127 4027 imprimis
3176 3954 3405 4022 clarus;
3442 3970 3544 4008 nec
3587 3953 3730 4008 mihi

2085 4047 2329 4101 dubium
2364 4045 2621 4115 est,quin
2652 4042 3015 4115 Philagrium
3047 4042 3216 4097 illum
3259 4060 3291 4097 a
3317 4059 3409 4097 me
3437 4040 3727 4096 nominari

2085 4134 2458 4191 sentiatis.Ea
2489 4150 2658 4204 porro
2689 4133 2907 4187 civium
2938 4148 3076 4203 erga
3097 4131 3199 4186 illa
3228 4130 3444 4186 amoris
3467 4130 3723 4195 ﬂamma,

2086 4230 2151 4280 ut
2184 4240 2288 4279 nec
2323 4222 2443 4277 ulla
2473 4221 2586 4277 alia
2617 4237 2851 4293 par,nec
2882 4237 3020 4291 erga
3050 4220 3253 4290 alium,
3286 4219 3473 4275 honor
3509 4223 3728 4287 autem,

2085 4318 2149 4369 ut
2176 4328 2299 4367 rem
2330 4316 2507 4367 lotam
2530 4309 2730 4382 paucis
2762 4308 2949 4364 verbis
2981 4308 3582 4380 complectar,amoris
3604 4323 3727 4361 ma-

2085 4492 2345 4545 necatus.
2383 4510 2411 4537 ››

2156 4560 2267 4632 (84)
2326 4558 2610 4632 ’Δσμένοις
2667 4554 3015 4632 προσπίπτει.
3074 4557 3138 4632 Si
3203 4556 3481 4632 quinque
3521 4554 3727 4627 Regg.,

324 4629 425 4696 tio,
459 4624 871 4702 crudelissima
894 4634 1081 4685 morte
1108 4624 1519 4694 affecerunt,ac
1549 4632 1760 4687 deinde
1793 4649 1972 4687 mem-

2094 4624 2379 4697 Pa‘r.,'etc.
2417 4624 2477 4685 in
2510 4632 2625 4698 ed.,
2660 4624 2905 4700 ἀσμίνως
2935 4624 3283 4702 προσπίπτει.
3317 4624 3411 4683 0i.
3464 4628 3515 4692 1,
3557 4624 3729 4699 πρᾱσ-

328 4702 538 4755 bratim
571 4700 889 4776 dissectum
925 4702 1149 4776 camelo
1199 4702 1629 4774 imposuerunt,
1663 4709 1840 4775 atque
1870 4720 1975 4776 per

324 4777 507 4827 totam
541 4772 746 4827 urbem
780 4772 1317 4828 circumduxerunt.

397 4845 427 4921 (Α
458 4844 509 4915 1)
565 4844 624 4899 Ὀ
681 4844 887 4921 τρφᾴξνᾼ.
950 4844 1148 4899 Schol.
1184 4861 1196 4898 :
1230 4844 1299 4921 ’οᾲ
1346 4841 1514 4921 μέγα(
1581 4844 1773 4921 ἄνεμος
1820 4843 1968 4920 λέγει

324 4913 619 4991 ζεώργιον·
646 4937 683 4991 _«
711 4913 1195 4991 Vh]_id_us_ventus
1225 4934 1245 4991 :_
1269 4913 1579 4988 Georgium
1602 4913 1965 4991 designatis)

328 4984 569 5061 Μοκίού
599 4987 767 5061 γὰρῖ..
802 4984 927 5061 ἀλλ’
949 4984 982 5039 ’ὰ
1011 4990 1185 5061 ποιεῖν
1220 4988 1388 5061 ἡμᾶς,
1420 4984 1559 5061 veto.
1600 4984 1843 5061 Videtur
1869 4988 1964 5045 hic

319 5059 632 5130 Gregorius
664 5060 989 5124 admittere,
1024 5060 1335 5130 Georgium
1370 5076 1400 5114 a
1430 5059 1778 5116 Christianis
1799 5076 1969 5116 neca-

319 5135 447 5185 tum
485 5130 683 5186 fuisse.
718 5133 1010 5199 Attamen,
1039 5132 1208 5201 juxta
1249 5132 1494 5196 Socrat.,
1537 5130 1575 5184 ι.
1612 5148 1695 5201 ιη,
1746 5148 1796 5187 c.
1827 5133 1880 5198 3,
1915 5136 1972 5188 et

318 5202 572 5272 Sozom.,
607 5203 645 5256 Ι.
678 5219 733 5267 ν,
769 5220 818 5258 c.
850 5204 905 5257 7.
938 5174 1296 5269 Juliannsﬁn
1330 5177 1594 5274 Epistad
1628 5174 1971 5258 Aiexandri-

318 5291 449 5340 nos,
484 5274 542 5328 id
593 5273 912 5345 contigisse
942 5278 1211 5339 testatur,
1235 5296 1262 5324 ί(
1294 5273 1651 5345 οοεροιὶειια
1679 5274 1970 5331 idolorum

318 5344 558 5399 templa.
596 5366 616 5393 ι
654 5351 761 5399 etc.

314 5349 558 5413 templa,
596 5366 616 5413 in
654 5351 761 5399 etc.

387 5362 558 5415 mpm,
596 5366 616 5393 ι
654 5362 761 5399 etc.

387 5417 500 5487 (72)
532 5412 688 5469 Ἀλλ’
719 5414 769 5471 ἅ.
804 5415 1129 5487 Legebatur
1154 5416 1444 5487 ineditis,
1479 5413 1643 5487 ἀλλά.
1682 5416 1838 5471 Εοῐτ.

389 5483 503 5557 (73)
559 5487 756 5562 Ὀργῆς
810 5483 1245 5562 πανδήμοομκαῖ
1307 5492 1502 5562 φορᾶς.
1533 5484 1709 5561 ἔργον.
1775 5511 1795 5537 ι

320 5574 447 5613 rore
477 5557 889 5630 totiu's‘populi
922 5564 1092 5628 atque
1125 5557 1350 5630 impetu
1382 5557 1616 5614 occisus
1637 5564 1745 5614 est.
1780 5582 1807 5609 »
1840 5558 1969 5616 Haec

318 5636 408 5703 est
437 5631 597 5703 enim
630 5626 716 5687 vis
738 5626 927 5703 hujus
955 5626 1136 5703 vocis,
1172 5626 1346 5703 ἔργον.
1372 5630 1608 5703 Tritum
1642 5630 1797 5687 enim
1824 5636 1966 5703 est:

319 5696 477 5775 ἔργον
512 5699 705 5774 λιμοῦ,
738 5696 963 5773 λοῖμοῦ,
1003 5696 1272 5773 πόλεμὸό.
1299 5725 1327 5753 α
1362 5702 1535 5771 fame,
1584 5707 1768 5777 peste,
1818 5702 1969 5761 bello

1860 5488 1969 5543 Fu-

2080 4702 2292 4757 πίπτοι.

2152 4776 2265 4843 (75)
2297 4771 2396 4826 Καὶ
2428 4771 2519 4845 ἀπ’
2548 4768 2715 4845 ἄκρου
2744 4770 2964 4833 παντός.
2998 4769 3209 4828 Billius
3246 4786 3258 4827 :
3293 4775 3468 4841 atque
3499 4769 3570 4823 ab
3603 4770 3724 4825 edi-

2081 4846 2158 4901 tis
2187 4845 2465 4901 omnibus
2493 4843 2659 4900 locis.
2696 4867 2717 4894 ι

2159 4918 2267 4989 (76)
2298 4918 2462 4989 Κενῷ,
2495 4916 2589 4971 Sic
2621 4915 2761 4986 Reg.
2796 4930 2846 4967 a.
2884 4915 2943 4969 In
2976 4914 3091 4983 ed.,
3123 4916 3311 4989 καινῷ,
3346 4930 3574 4989 «_nova.
3610 4935 3638 4989 η

2152 4982 2263 5057 (77)
2296 4982 2578 5060 Προτὲραν.
2637 4982 2757 5041 υιῖο
2802 4989 3004 5060 ΑῙῖειεε.Δ
3034 4982 3319 5060 πρότερον.
3370 4985 3609 5060 Primus
3632 4982 3728 5060 ille

2081 5056 2385 5114 Athanasii
2417 5056 2479 5113 in
2508 5058 2719 5114 Urbem
2752 5056 3163 5112 Alexandriam
3196 5056 3561 5115 adventus.is
3586 5056 3717 5124 fuit,

2079 5148 2213 5187 cum
2244 5132 2529 5187 exstincto
2545 5146 2756 5200 magno
2775 5129 3214 5199 Constantino,a
3238 5146 3353 5200 quo
3372 5130 3431 5183 in
3452 5126 3722 5182 exsilium

2081 5148 2213 5187 cum
2244 5146 2529 5187 exstincto
2545 5146 2756 5255 magno
2775 5146 3214 5199 uonstanuno,a
3238 5146 3431 5200 quom
3452 5146 3720 5182 exsulum

2081 5204 2314 5278 missus
2333 5202 2557 5278 fuerat,
2576 5218 2661 5278 re‘
2684 5203 2771 5257 iit.
2810 5275 2855 5278 Η
3069 5275 3076 5278 _
3208 5276 3214 5278 _
3273 5270 3285 5278 .
3382 5270 3394 5278 _
3468 5270 3479 5278 _
3682 5267 3720 5278 υ

2150 5274 2489 5347 (78)Ῐ¹Ανθος
2520 5269 2773 5327 εἱσόδιον.
2810 5275 2930 5327 Mos
2960 5275 3107 5338 erat,
3161 5276 3225 5326 ut
3272 5270 3331 5325 in
3381 5268 3723 5339 hujusmodi

2080 5346 2242 5419 testis
2273 5346 2444 5401 ﬂores
2475 5349 2837 5419 spargerent.

2149 5409 2677 5542 (79)]Δισυπάρχωῖ.
2712 5417 2808 5474 Or.
2843 5414 2939 5483 ΟΡ,
2974 5416 3025 5480 1,
3080 5409 3406 5479 δισυπάτων,
3444 5432 3472 5461 ε(
3504 5410 3718 5464 iterum

2149 5506 2254 5542 nsu
2291 5532 2300 5541 .
2335 5509 2360 5540 η

2078 5505 2300 5544 CODSUI.
2335 5509 2360 5540 η

2290 5562 2376 5637 ᾮ..
2412 5562 2472 5615 In
2509 5558 2831 5637 nonnullis,
2865 5553 2947 5637 ob:

2150 5622 2261 5703 (81)
2296 5622 2510 5704 Δίήμου.
2545 5633 2684 5704 Reg,
2718 5631 2793 5702 ph
2817 5622 3010 5701 addit,
3041 5622 3227 5694 ἐπειδή
3260 5622 3336 5678 οι.
