4094 6212
441 374 592 434 1115

1683 369 1746 428 8.
1798 365 2166 427 GREGORII
2213 365 2605 427 THEOLOGI

3801 80 4029 300 *ι

3674 374 3796 435 1116

444 503 738 577 gnitudini
753 501 1135 572 respondens;
1152 500 1246 555 cui
1259 500 1435 555 etiam
1451 499 1616 556 urbis
1631 498 2083 565 administratio,

2221 516 2283 549 Ιαι
2313 497 2375 551 τὸ
2405 497 2614 566 πλῆθος
2648 501 2889 574 ἄπειρον,
2917 503 3007 556 καὶ
3039 501 3151 557 οἷόν
3177 522 3229 557 τι
3282 501 3521 576 πέλαγος
3567 501 3662 578 οὑχ
3701 504 3803 576 ὁρί-

448 604 575 650 tum
626 593 839 647 civium
894 596 1121 660 rogatu,
1167 595 1290 644 tum
1342 589 1716 660 imperatoris
1765 586 1991 642 calculo
2035 591 2093 641 et

445 681 752 744 sententia,
785 696 990 733 rursus
1039 680 1314 734 mandata
1376 680 1582 733 fuerat.
1644 679 1793 732 Tum
1852 676 2093 747 igiture

442 770 614 841 vulgo
646 768 964 840 quispiam,
984 768 1078 821 cui
1102 767 1332 822 inﬁnita
1353 767 1668 821 multitudo
1697 766 2093 829 videbatur,ac

443 856 856 929 velutpelagus
870 857 1160 927 quoddam
1177 855 1361 910 oculis
1377 856 1836 925 haudquaquam
1855 854 2094 907 circum-

446 948 752 1016 scriptum,
788 947 859 999 ad
896 945 1150 999 amicum
1181 945 1496 1015 quemdam
1543 949 1595 997 et
1628 943 1995 1008 familiarem;
2031 946 2095 995 ut

448 1036 506 1090 in
541 1034 878 1105 hujusmodi
913 1034 1088 1087 rebus
1119 1033 1378 1088 accidere
1413 1033 1580 1098 solet,
1604 1033 1686 1085 ita
1716 1031 1946 1086 locutus
1968 1047 2096 1085 esse

449 1125 636 1180 fertur
668 1139 681 1177 :
719 1145 745 1170 ››
784 1123 877 1175 Dic
913 1122 1078 1189 mihi,
1111 1122 1197 1174 vir
1227 1121 1466 1191 optime,
1499 1126 1802 1174 tantamne
1834 1135 2094 1189 unquam

449 1212 647 1285 populi
682 1209 1116 1265 multitudinem
1152 1209 1366 1274 vidisti,
1419 1215 1654 1279 tamque
1708 1207 2096 1262 concordibus

453 1300 667 1357 animis
697 1300 767 1355 ad
803 1316 984 1353 unum
1017 1299 1314 1352 hominem
1349 1299 1676 1353 ornandum
1703 1295 2098 1351 effusam?Mi-

453 1391 630 1454 nime,
665 1386 1136 1457 inquitjuvenis.
1172 1395 1252 1440 Ac
1303 1404 1372 1442 ne
1424 1386 1830 1441 Constantium
1863 1385 2095 1454 quidem

451 1477 650 1548 ipsum
675 1476 798 1547 pari
831 1475 1273 1530 honoriﬁcentia
1294 1481 1597 1546 exceptum
1633 1474 1813 1529 fuisse
1835 1473 2098 1544 opinor:»

451 1571 733 1636 tanquam
766 1563 1032 1618 videlicet
1063 1580 1162 1635 per
1192 1564 1562 1634 imperatoris
1587 1580 1797 1618 nomen
1829 1579 2099 1617 summus

454 1653 695 1708 honoris
727 1657 918 1706 vertex
962 1652 1413 1723 signiﬁcaretur.
1456 1657 1600 1706 Tum
1656 1651 1752 1705 ille
1814 1666 2096 1722 perquam

448 1742 706 1798 suaviter
736 1740 1001 1795 arridens
1037 1759 1049 1795 :
1091 1762 1117 1792 α
1149 1741 1295 1806 Quid
1348 1740 1456 1806 ais,
1507 1740 1718 1809 inquit,
1769 1739 1937 1810 quasi
1972 1756 2093 1793 ma-

2205 589 2291 652 ζον
2320 587 2433 659 (82)
2462 593 2578 648 τοῖς
2624 587 2954 665 ὀφθαλμοῖς,
2994 591 3131 665 πρός
3158 612 3278 644 τινα
3306 589 3518 665 λέγεται
3563 595 3658 645 τῶν
3706 593 3802 646 ἰαυ-

2200 678 2297 727 τοῦ
2349 677 2594 744 συνήθων
2647 677 2735 732 καὶ
2795 677 2992 754 φίλων,
3029 680 3057 733 6'
3113 678 3264 756 φιλεῖ
3313 675 3618 751 συμϐαίνειν
3642 680 3685 733 tv
3713 687 3804 740 τοῖς

2201 761 2493 834 τοιούτοις,
2557 764 2745 818 εἰπεῖν·
2828 792 2847 816 ι
2913 766 3044 820 Εἰπὲ
3106 789 3220 839 μοι,
3280 769 3324 820 ὦ
3389 767 3642 842 βέλτιστε·
3695 767 3804 837 Ἤδη

2203 853 2334 904 ποτὶ
2363 852 2605 906 τεθέασαι
2637 851 2814 926 δῆμον
2842 859 3097 909 τοσοῦτον
3117 856 3204 910 καὶ
3231 855 3401 916 οὕτως
3434 854 3667 930 ἔμψυχον
3697 861 3808 929 (83),

2206 938 2286 1016 ἐφ’
2343 939 2456 1001 ἐνὸς
2516 941 2800 1016 ἀνθρώπου
2854 948 2992 1016 τιμῇ
3052 943 3318 1019 χυθέντα;
3373 942 3564 1014 -Οὕ,
3602 971 3619 992 ι

2203 1028 2293 1081 τὸν
2350 1049 2466 1082 νεαν
2480 1028 2577 1082 {cur

3711 966 3806 998 αναι

2650 967 2800 996 ωπου
2854 967 2992 1016 τιμῃ
3052 967 3318 1019 χυοεντα;
3373 967 3564 1014 -υυ,
3602 971 3619 992 ι
3677 967 3806 1021 cavat

2645 1055 2664 1080 ι
2719 1029 2845 1084 ἀλλ’
2904 1032 3027 1103 ἐμοὶ
3103 1033 3193 1104 μὶν
3238 1030 3406 1104 δόξαι,
3445 1031 3570 1104 μηδ’
3599 1033 3651 1086 ἃν
3679 1035 3808 1094 αὐτὸς

2203 1117 2403 1185 ταύτης
2448 1124 2634 1194 τυχεῖν
2696 1121 3073 1182 Κωνστάντιος
3125 1123 3262 1193 (84)·
3313 1146 3338 1170 ››
3381 1123 3454 1183 ὡς
3483 1127 3576 1176 τοῦ
3625 1123 3811 1193 ἀκροτά-

2204 1227 2300 1260 του
2356 1214 2455 1274 τῆς
2510 1215 2678 1279 τιμῆς
2733 1206 3082 1281 δηλουμάνου
3130 1208 3218 1263 διὰ
3265 1215 3359 1264 τοῦ
3415 1211 3689 1284 βασιλέως.
3733 1213 3811 1264 Καὶ

2205 1296 2296 1349 τὸν
2355 1294 2658 1370 γελάσαντα
2718 1296 2865 1370 μάλα
2919 1299 3132 1371 κομψὸν
3183 1300 3272 1352 καὶ
3330 1296 3453 1366 ἡδὺ.
3510 1323 3536 1349 ‹‹

2209 1382 2364 1461 ἔφης,
2400 1409 2426 1434 ››
2461 1385 2650 1453 εἰπεῖν,
2687 1410 2713 1435 ‹‹

3589 1299 3641 1352 Τί
3684 1304 3813 1352 τοῦτο

2745 1387 2818 1447 ὡς
2852 1384 2916 1456 δή
2950 1408 3000 1440 τι
3035 1386 3207 1460 λέγων
3247 1386 3380 1461 μέγα
3409 1388 3498 1440 καὶ
3549 1388 3812 1458 Θαυμαστόν

2209 1476 2359 1544 (85);
2422 1472 2594 1536 Μόλις
2629 1474 2685 1528 ἃν
2739 1476 2890 1546 οἶμαι
2925 1475 3012 1529 καὶ
3045 1476 3354 1531 Ἀθανάσιον
3387 1477 3559 1536 οὕτως
3591 1477 3813 1550 εἷσαχθῆυ

2208 1583 2290 1616 ναι
2321 1563 2411 1615 τὸν
2448 1566 2616 1637 μάγαν
2643 1582 2653 1593 '
2692 1587 2719 1614 ))
2755 1565 2840 1618 καὶ
2893 1566 3005 1636 ἅμα
3035 1560 3192 1638 ὅρκον
3225 1567 3340 1618 τινα
3397 1571 3698 1636 προσθεῖναι
3728 1568 3818 1636 (86)

2208 1654 2316 1704 τῶν
2369 1649 2684 1727 ἐπιχωρίων
2735 1651 2809 1713 εἷς
2853 1654 2953 1720 τὴν
2999 1657 3095 1707 τοῦ
3129 1651 3298 1727 λόγου
3335 1649 3637 1728 βεϐαίωσιν.
3664 1649 3819 1709 Ἐὖρός

2211 1738 2337 1794 λετο
2393 1737 2450 1794 δὲ
2509 1742 2536 1795 6
2586 1738 2748 1816 λόγος
2795 1740 2960 1812 αὐτῷ,
2993 1741 3022 1796 ὅ
3049 1742 3136 1796 καὶ
3172 1743 3298 1814 ὑμῖν
3334 1743 3489 1814 οἶμαι
3523 1741 3702 1811 δῆλον,
3748 1742 3819 1795 καὶ
3878 1775 3884 1781 ο

452 1846 634 1903 gnum
663 1828 884 1900 aliquid
910 1834 967 1884 et
992 1829 1400 1884 admirandum
1427 1830 1587 1884 dicas
1606 1829 1633 1884 ‘I
1666 1829 1785 1884 Imo
1817 1844 2096 1899 magnum

2221 1825 2485 1903 βασιλέως
2537 1829 2700 1884 αὐτοῦ
2760 1825 3059 1905 ἔμπροσθεν
3109 1833 3255 1905 ἄγειν
3307 1833 3397 1885 τὸν
3446 1836 3540 1885 νῦν
3587 1831 3823 1910 εὐφημού-

453 1935 686 1990 quoque
717 1917 883 1972 illum
917 1917 1296 1974 Athanasium
1328 1918 1449 1989 pari
1469 1917 2098 1973 honoreintroductum

2220 1937 2378 1988 μενον
2389 1959 2401 1970 .

454 2007 658 2074 fuisse,
692 2006 784 2060 vix
815 2007 1026 2061 adduci
1061 2023 1301 2077 possum
1337 2013 1398 2061 ut
1428 2008 1660 2062 credam
1696 2024 1708 2062 :
1740 2029 1760 2054 ι»
1796 2005 2093 2076 simulque
2143 2007 2398 2077 patrium
2430 2009 2724 2078 quoddam
2762 2010 3184 2080 jusjurandum
3217 2011 3286 2065 ad
3317 2009 3397 2079 id,
3430 2011 3582 2079 quod
3614 2009 3820 2074 dixerat,

453 2095 924 2151 conﬁrmandum
957 2097 1240 2165 adjunxit.
1275 2097 1350 2150 Eo
1382 2101 1575 2150 autem
1620 2096 1713 2150 hic
1763 2112 1954 2150 sermo
2009 2095 2331 2166 spectabat,
2364 2099 2863 2168 quemadmodum
2896 2099 3071 2154 etiam
3102 2099 3267 2154 vobis
3315 2099 3680 2170 perspicuum
3718 2113 3823 2152 esse

453 2184 723 2249 arbitror,
760 2189 822 2237 ut
853 2183 1192 2254 imperatori
1223 2200 1456 2256 quoque
1485 2184 1595 2255 ipsi
1627 2183 2013 2238 Athanasium
2046 2184 2378 2239 anteferret.

521 2271 710 2326 XXIX.
745 2272 930 2326 Tanta
960 2280 1080 2326 erat
1113 2273 1265 2343 apud
1311 2289 1517 2327 omnes
1563 2273 1667 2326 viri
1721 2272 1895 2342 hujus
1925 2287 2094 2326 vene-

451 2361 618 2428 ratio,
651 2365 934 2432 tantoque
966 2362 1188 2432 stupori
1221 2362 1331 2416 t'uit
1363 2360 1478 2427 ille,
1500 2363 1670 2431 cujus
1703 2377 1858 2415 nunc
1893 2360 2095 2415 memi-

453 2452 673 2518 nimus,
709 2451 1032 2523 ingressus.
1067 2451 1210 2505 Nam
1243 2468 1342 2522 per
1371 2468 1564 2516 sexus,
1599 2455 1654 2506 et
1685 2455 2097 2521 aetates,atque

2281 2273 2396 2328 KO'.
2430 2275 2697 2329 Τοσοῦτον
2742 2277 2808 2342 ἦν
2855 2274 3001 2350 παρᾶ
3049 2279 3180 2328 πᾶσι
3219 2273 3282 2328 τὸ
3311 2277 3409 2328 τοῦ
3441 2271 3630 2349 ἀνδρὸς
3655 2271 3820 2326 τούτου

2207 2355 2388 2421 σέϐας
2439 2361 2529 2415 καὶ
2585 2361 2817 2432 τοσαύτη
2888 2369 2988 2430 τῆς
3048 2361 3537 2434 μνημονευομᾶνης
3583 2363 3683 2434 (87)
3733 2359 3819 2414 εἱσ-

2207 2444 2337 2503 όδου
2377 2454 2467 2502 νῦν
2501 2451 2534 2519 ἡ
2568 2447 2924 2520 κατάπληξις.
2959 2453 3104 2506 Κατὰ
3130 2472 3230 2526 γαρ
3267 2450 3418 2526 γένη,
3469 2453 3561 2504 καὶ
3611 2448 3818 2517 ἡλικίας,

456 2546 612 2596 artcs
642 2539 1012 2605 divisi,(solet
1033 2539 1187 2593 enim
1221 2540 1686 2594 maximecivitas
1718 2539 1817 2592 illa
1849 2539 1917 2592 ad
1942 2539 2098 2592 hunc

2221 2537 2296 2592 ιαὶ
2326 2542 2520 2613 τέχνας
2554 2537 2927 2612 διαιρεθέντες,
2957 2539 3199 2615 (φιλοῦσι
3229 2541 3331 2614 γὰρ
3359 2538 3596 2611 μάλιστα
3684 2536 3818 2595 πόλις

456 2629 690 2684 modum
713 2627 1084 2695 instrui,cum
1113 2628 1343 2698 publico
1372 2629 1589 2682 honore
1607 2628 1976 2682 afﬁciendum
2002 2625 2098 2680 ali-

458 2733 629 2788 quem
644 2716 918 2786 suscipit;
953 2733 1208 2787 quonam
1232 2733 1362 2771 vero
1385 2717 1551 2772 modo
1569 2716 1915 2788 spectaculis
1941 2715 2100 2771 illius

458 2804 925 2876 magnitudinem
975 2805 1234 2859 oratione
1286 2806 1499 2861 referre
1562 2806 1838 2876 queam?)
1888 2805 2099 2860 ﬂuvius

460 2911 617 2949 unus
649 2910 850 2948 omnes
891 2900 1094 2960 erant;
1125 2894 1319 2949 Nilum
1362 2896 1538 2950 etiam
1591 2901 1758 2966 poeta
1808 2895 2097 2966 quispiam

459 2985 697 3053 diceret,
727 2981 914 3049 illum,
959 2985 1107 3040 405
1159 2984 1422 3054 inquam,
1458 3001 1588 3040 vere
1648 2985 1988 3051 auriﬂuum,
2047 2988 2102 3038 et

459 3073 638 3145 spicis
671 3073 1009 3141 ubsrem,ab
1034 3074 1176 3128 urbe
1198 3075 1266 3127 ad
1291 3073 1590 3128 Chaereum
1620 3079 1903 3128 retroacto
1926 3090 2098 3127 cursu

461 3163 759 3231 ﬂuentem,
795 3162 908 3216 diei
939 3164 1111 3216 unius
1147 3162 1372 3231 itinere,
1405 3167 1579 3232 atque
1611 3177 1676 3216 eo
1709 3161 1984 3233 amplius.
2021 3161 2106 3216 Li-

464 3258 590 3306 ceat
623 3251 788 3318 mihi,
822 3269 923 3322 per
951 3269 1078 3320 vos,
1113 3253 1669 3324 quaeso,paululum,
1703 3253 1893 3306 adhuc
1927 3252 1983 3304 in
2004 3251 2111 3305 hac

465 3340 796 3395 narratione
820 3355 910 3393 me
932 3340 1368 3396 oblectare.lllic
1391 3341 1544 3396 enim
1570 3342 1803 3396 animus
1823 3345 2109 3404 versatur,

467 3445 573 3484 nec
601 3444 931 3482 sermonem
991 3430 1062 3482 ab
1096 3446 1163 3483 ea
1221 3430 1592 3484 solemnitate
1652 3446 1915 3484 revocare
1947 3428 2112 3483 facile

467 3533 730 3589 possum.
767 3516 972 3572 Pullus
1005 3517 1198 3588 ipsum
1232 3518 1478 3572 vehebat
1509 3521 1594 3587 (ac
1630 3524 1759 3590 peto
1787 3536 1819 3572 a
1849 3518 2111 3587 vobis,ne

464 3621 556 3661 me
587 3605 852 3660 amentiae
885 3607 1216 3676 accusetis),
1253 3623 1367 3661 non
1412 3623 1580 3660 secus
1629 3607 1765 3673 fere,
1817 3623 1882 3661 ac
1907 3607 2108 3661 Jesum

462 3710 661 3749 meum
691 3693 889 3764 pullus
923 3693 1017 3748 ille
1047 3695 1092 3728 ⁷³
1118 3720 1132 3761 ;
1167 3695 1286 3749 sive
1305 3695 1578 3766 geniilem
1605 3695 1906 3766 populum,
1936 3712 2110 3765 quem

465 3783 809 3854 ignorantia:
823 3782 1075 3838 vinculis
1091 3783 1378 3855 singulari
1397 3783 1675 3839 beneﬁcio
1690 3784 1949 3839 solutum
1975 3801 2109 3840 con-

541 3889 586 3922 τ⁸
616 3893 749 3943 Luc.
784 3905 897 3952 xxx,
931 3889 1001 3941 35
1029 3905 1194 3960 seqq.

545 3993 660 4063 (82)
688 3989 918 4061 Ὀρίζον.
953 4002 1089 4066 heg.
1123 3995 1328 4066 Cypr.,
1363 3993 1831 4062 beltvaiceLet
1860 3995 2112 4063 Tillem.,

478 4061 820 4118 ὁριζόμενον.

550 4083 628 4118 tLO
638 4083 796 4118 μενον
808 4105 820 4118 ο

512 4067 820 4139 ριζόμενον.

682 4135 1201 4225 ᾜμι(,ίυ](οιι.υίῗιοίειἶ
1236 4138 1259 4190 1
1296 4141 1352 4190 et
1375 4137 1518 4225 λος,
1551 4132 1806 4225 εὔψυχον.

549 4207 660 4276 (84)
701 4206 942 4266 Αὐτὸςῖ..
991 4206 1376 4268 Κωνστάντιος.
1432 4208 1594 4265 Unus
1627 4206 1803 4265 Cblb.
1855 4212 1911 4263 et
1959 4209 2115 4276 88.8.,

477 4275 702 4331 αὐτὸν...
735 4277 1116 4334 Κωνστάντιον.

547 4348 895 4422 (85)]ξὲγων
940 4347 1077 4422 μέγα
1125 4348 1212 4422 δια)
1263 4348 1591 4422 θαυμαστόν,
1652 4350 1786 4422 Alii,
1841 4347 1979 4422 μέγα
2025 4347 2116 4402 λὲο

471 4440 578 4494 γων
613 4417 701 4542 ﬁeri
732 4417 1059 4491 θαυμαστόν.
1095 4421 1204 4476 Alii
1269 4417 1409 4494 μίγα
1442 4419 1618 4494 λέγων
1669 4420 1757 4475 καὶ
1809 4417 1945 4494 μιγά
1995 4430 2116 4483 θαυ-

480 4509 615 4542 ιιαστ
653 4512 702 4542 ν.

523 4509 702 4546 αστον.

479 4511 702 4562 μαστον.

548 4563 656 4632 (86)
686 4561 1027 4634 ῐΙροσΘεῖναι.
1061 4563 1156 4618 0r.
1191 4565 1241 4629 1,
1275 4568 1595 4634 προσθῆναι.

550 4634 660 4705 (87)
717 4634 1248 4708 δένημονευομὲνηςτ
1311 4634 1448 4708 Reg.
1510 4640 1741 4708 Cypra,“
1775 4644 2116 4708 μνημονευθ-

481 4702 651 4772 nam;
681 4702 917 4759 «Tanto
953 4702 1192 4776 stupore
1216 4707 1362 4776 fuit,
1397 4702 1447 4754 ἰι
1508 4702 1618 4772 οἷο,
1681 4702 1822 4762 Hinc
1875 4702 2062 4763 'Nicet.
2099 4723 2111 4759 :

479 4777 993 4850 Togoﬁtovdmiwac
1041 4775 1369 4850 κατέπληξεν
1416 4779 1450 4844 ἡ
1517 4782 1611 4831 τοῦ
1661 4777 1819 4850 ἁγίου
1895 4778 1969 4837 εἷς
2018 4778 2113 4844 τήν

480 4845 642 4900 πόλιν
675 4844 988 4908 ιίσέλευσις’
1027 4873 1047 4897 α
1084 4844 1280 4920 Usque
1303 4844 1452 4905 adeo
1502 4850 1680 4919 hujus
1709 4844 1900 4905 sancti
1931 4852 1989 4905 in
2021 4867 2116 4905 ur-

479 4921 610 5003 bem
643 4920 945 5003 ingressus
975 4937 1179 5003 omnes
1211 4922 1564 5003 percussit».
1594 4921 1792 5003 Billius
1828 4939 1839 4976 :
1877 4945 1902 4970 ‹‹
1935 4923 2118 5003 Tanto

479 4996 717 5063 stupore
747 4993 1051 5064 ingressus
1081 4995 1208 5063 ejus
1241 4994 1520 5050 memoria
1552 4993 1859 5049 hominum
1893 4997 2120 5048 mentes

478 5065 803 5119 etiamnum
839 5065 1057 5119 deﬁxae
1085 5069 1238 5120 tenet
1265 5065 1276 5118 l
1314 5088 1341 5114 n

553 5137 663 5208 (88)
696 5131 999 5208 Εὕσταχυν.
1037 5135 1173 5208 Reg.
1226 5153 1275 5192 c.
1317 5136 1498 5208 addit,
1538 5133 1626 5208 xui
1658 5137 1972 5208 ipsxpoi'ma
2023 5134 2121 5208 την

476 5203 821 5280 εὐδαιμονίαν
849 5203 964 5280 τοῖς
996 5203 1236 5275 nune—acii,
1273 5230 1300 5256 ‹‹
1333 5207 1550 5280 quique
1596 5203 1935 5262 felicitatem
1971 5205 2118 5261 mul-

477 5279 729 5333 titudine
761 5279 1016 5333 metitur.
1050 5303 1068 5327 ι

554 5350 667 5421 (89)
702 5349 834 5404 Ἀπὸ
863 5356 961 5418 τῆς
993 5346 1230 5420 πόλεως,
1273 5353 1381 5421 ctc.
1440 5369 1464 5400 ι
1512 5349 1648 5421 Hoc,
1704 5369 1732 5395 »
1769 5346 1977 5421 inquit
2024 5346 2119 5421 Ni—

481 5418 658 5482 cetas,
694 5422 838 5476 iater
867 5422 1060 5476 Nilum
1097 5427 1152 5476 et
1191 5418 1471 5492 populum
1527 5418 1983 5492 Alexandrinum
2027 5418 2123 5472 in—

480 5497 720 5558 tererat,
759 5495 911 5564 quod
946 5494 1175 5564 Nilusa
1204 5491 1456 5560 Chaereo,
1488 5507 1612 5562 qua
1664 5497 1840 5564 terra
1865 5491 1972 5545 hoc
1999 5507 2123 5564 Vno-

481 5580 614 5634 men
649 5582 681 5617 a
713 5562 965 5634 quodam
998 5563 1329 5619 habitatore
1355 5568 1668 5618 consecuta
1699 5566 1805 5630 est,
1830 5562 1886 5616 in
1923 5563 2123 5618 urbem

483 5633 678 5708 inﬂuit
702 5633 806 5699 {at
837 5635 1135 5708 popularis
1167 5635 1263 5708 ille
1295 5635 1505 5690 ﬂuvius
1543 5641 1690 5708 tunc
1722 5640 1922 5708 sancto
1948 5635 2123 5708 Athaf

487 5704 652 5760 nasio
679 5721 806 5762 sese
833 5704 1161 5776 eﬂ‘undens,
1192 5707 1251 5762 in
1302 5706 1658 5763 contrarium
1713 5722 1747 5761 a
1793 5706 2024 5764 civitate
2055 5706 2124 5761 ad

2209 2628 2344 2696 αὕτη
2398 2628 2539 2682 οὕτω
2590 2626 3043 2696 διασκευάζεσθαι,
3094 2628 3217 2682 ὅταν
3257 2629 3359 2683 τινὶ
3415 2627 3654 2683 πλὲκωσι
3685 2626 3822 2696 τιμὴ-δ

2211 2714 2501 2788 δημοσίαν·
2565 2721 2680 2770 πῶν
2733 2716 2791 2771 ἂν
2841 2720 3248 2792 παραστήσαιμι
3298 2722 3377 2788 τῷ
3411 2716 3563 2792 λόγῳ
3599 2717 3655 2770 τὸ
3710 2715 3822 2786 μέγα

2212 2804 2383 2860 ἰκιῖνο
2440 2803 2675 2878 θὲαμα;)
2741 2807 2988 2877 ποταμὸς
3067 2807 3202 2874 ἦσαν
3258 2807 3355 2876 εἷς,
3411 2810 3648 2874 ποιητοῦ
3691 2801 3740 2857 δὲ
3775 2805 3825 2868 ἦν

2212 2892 2315 2968 ἄρα
2370 2894 2457 2948 καὶ
2507 2895 2599 2948 τὸν
2661 2895 2854 2949 Νεῖλον
2912 2895 3101 2966 εἰπεῖν,
3148 2896 3240 2950 τὸν
3289 2894 3628 2970 χρυσορῥόαν
3683 2891 3822 2949 ὅντως

2209 2981 2298 3037 καί
2331 2979 2592 3056 εὕσταχυν
2627 2985 2758 3054 (88),
2814 2981 3048 3054 ἔμπαλιν
3106 2984 3211 3037 ἀπὸ
3256 2987 3352 3051 τῆς
3383 2982 3602 3043 πόλεως
3634 2983 3732 3053 (89)
3758 2977 3826 3033 ἐπὶ

2212 3073 2312 3140 τὴν
2361 3069 2593 3145 Χαιρέου
2641 3069 2849 3145 ῥέοντα,
2900 3069 3205 3144 ἡμερησίαν
3256 3067 3378 3124 ὁδὸν
3413 3070 3702 3142 οἶμαι,καὶ
3751 3086 3824 3119 m-

2222 3160 2473 3235 ραιτὲρω.
2507 3159 2637 3213 Δότε
2671 3179 2764 3231 μοι
2799 3160 2990 3232 μικρὸν
3040 3158 3116 3213 ἔτι
3167 3158 3495 3235 ἐντρυφῆσαι
3547 3163 3621 3228 τῷ
3662 3153 3828 3227 διηγή-

2224 3270 2372 3321 ματι.
2407 3250 2611 3302 Ἑκεῖσε
2640 3249 2744 3322 γὰρ
2778 3247 2912 3320 εἶμι,
2945 3247 3031 3301 καὶ
3066 3245 3189 3302 οὐδὶ
3219 3247 3536 3321 ἀπαχθῆναι
3583 3247 3665 3299 τὸν
3697 3244 3831 3316 λόγον

2219 3345 2317 3406 τῆς
2368 3335 2594 3406 τελετῆς
2645 3336 2851 3407 ἐκείνης
2895 3334 3101 3411 ῥᾴδιον.
3154 3334 3346 3397 Πῶλος
3397 3336 3491 3410 γὲν
3542 3337 3662 3410 ἦγεν
3699 3332 3826 3386 αὐτὸν

2220 3426 2334 3500 (καὶ
2389 3428 2462 3499 μή
2519 3446 2610 3498 μοι
2661 3432 2759 3494 τῆς
2807 3425 3064 3486 ἀπονοίας
3113 3428 3230 3496 (90)
3286 3425 3620 3497 μᾶμψησθε),
3675 3423 3736 3482 ὡς
3769 3442 3838 3491 μισ

2219 3512 2352 3590 κροῦ
2382 3516 2473 3570 τὸν
2505 3515 2632 3587 ἐμὸν
2668 3516 2872 3584 Ἰησοῦν
2907 3515 2934 3568 6
2967 3512 3153 3575 πῶλος
3185 3513 3383 3574 ἐκεῖνος
3419 3512 3538 3582 (εἶτ’
3567 3513 3651 3566 οὗν
3681 3512 3704 3564 6
3745 3511 3834 3581 (91)

2223 3604 2272 3674 ἐξ
2299 3603 2464 3666 ἐθνῶν
2518 3602 2672 3671 λαὸς,
2722 3602 2779 3656 δν
2832 3601 2887 3656 εὖ
2935 3607 3105 3656 ποιῶν
3151 3605 3266 3672 (92)
3298 3595 3585 3654 ἐπιϐαίνει.
3634 3605 3730 3652 τῶν
3756 3603 3834 3662 τῆς

2222 3692 2434 3769 ἀγνοίας
2469 3690 2682 3764 δεσμῶν
2717 3691 3004 3765 λυόμενον,
3038 3689 3142 3745 εἷ’τε
3187 3711 3238 3744 τι
3271 3690 3410 3745 ἄλλο
3468 3688 3712 3764 βούλεται
3755 3705 3833 3737 πα-

2224 3779 2499 3859 ραδηλοῦν
2527 3781 2553 3835 ὁ
2587 3780 2792 3856 λόγος)’
2827 3778 3021 3836 κλάδοι
3062 3777 3118 3834 δὶ
3149 3779 3308 3835 αὐτὸν
3343 3775 3699 3853 ὑποδὲχονται
3727 3777 3836 3846 (93),

2223 3993 2528 4051 Chaareum
2560 3997 2767 4062 ﬂuens,
2799 3991 2910 4047 diei
2945 3990 3122 4048 unius
3150 3991 3279 4060 iter,
3313 3996 3370 4047 et
3398 4008 3464 4047 eo
3497 3990 3741 4062 amplius
3766 4002 3842 4040 cx-

2226 4071 2431 4122 tensus
2459 4069 2566 4118 est.
2605 4085 2626 4111 ι

2439 4132 2746 4208 ξΔπονοίας.
2781 4134 2987 4208 Νἱϐθΐ2
3018 4131 3255 4208 τόλμης,
3289 4152 3320 4185 (ι
3351 4132 3628 4208 audacia.
3662 4152 3688 4180 ιι

2317 4138 2386 4189 90
2439 4138 2746 4194 ’Δπονοίας.
2781 4138 2987 4200 Nicet.,
3018 4138 3255 4204 τόλμης,
3289 4152 3320 4185 (ι
3351 4138 3549 4188 audaci

2317 4138 2408 4277 91)
2438 4206 2515 4278 'O_.
2549 4206 2642 4261 Sic
2674 4211 2927 4276 quatuor
2955 4207 3134 4278 Regg.
3167 4206 3426 4278 Deestin
3456 4205 3549 4258 ed.

2318 4273 2410 4346 92)
2440 4273 2739 4350 Εᾷποιῶν.
2775 4273 3137 4350 «Singulari
3185 4277 3466 4350 beneﬁcio
3504 4273 3788 4350 afﬁciens;
3819 4291 3838 4313 ’⁸

2225 4343 2636 4420 (ιυόἀέοἰιὶοθι
2665 4349 2795 4420 ejus
2824 4343 3162 4420 ignorantia;
3184 4348 3414 4402 vincula
3432 4346 3654 4402 solvere
3675 4343 3841 4412 digna-

2226 4425 2405 4494 retur.
2441 4420 2668 4494 Bi‘lli‘us,
2703 4421 3193 4494 «__percommode._
3228 4441 3255 4468 »
3524 4493 3528 4494 ί
3646 4482 3760 4494 -ην

2301 4492 2409 4562 (93)
2461 4482 2664 4545 Κλάδοί
2718 4482 2782 4544 δξ
2823 4489 2981 4545 αὐτόν
3036 4487 3418 4562 ὑποδέχονται,
3479 4493 3596 4562 6ῐοἶ
3645 4482 3838 4562 Dillius,

2152 4532 2196 4596 Β
2227 4532 2488 4620 Ni‘cetam
2511 4567 2769 4629 secutus,
2798 4564 2883 4618 sic
2913 4564 3083 4620 vertit
3117 4580 3130 4617 :
3168 4532 3344 4616 «Ilico
3375 4532 3532 4615 u’nus
3583 4554 3837 4629 interfuit.

2227 4636 2380 4706 quod
2416 4635 2711 4690 Christum
2745 4625 2891 4690 rami
2935 4639 3340 4706 susceperunt,
3392 4637 3450 4686 et
3504 4629 3665 4706 varia
3692 4625 3837 4706 indu-

2228 4701 2886 4778 menta,multiplicique
2917 4701 3128 4761 ﬂorum
3171 4721 3381 4778 genere
3413 4701 3836 4778 constratum?“

2227 4767 2703 4848 ipsum-projects
2729 4767 2869 4833 su'nt
2900 4795 2911 4831 :
2945 4767 3406 4832 excelsovautem
3453 4779 3512 4848 et
3563 4767 3836 4842 magniﬁco

2227 4847 2348 4925 viro
2380 4847 2882 4925 Athanasionihil
2915 4849 3030 4925 tale
3061 4850 3281 4925 factum
3311 4852 3416 4925 est.
3455 4847 3518 4899 ln
3550 4856 3725 4925 eoque
3746 4851 3834 4925 uni)

2229 4921 2484 4992 impares
2517 4921 2750 4977 honoris
2784 4925 2978 4993 partes
3010 4921 3236 4976 habuit.
3285 4942 3313 4993 η
3362 4917 3605 4986 Verum,
3639 4914 3834 4993 illorum

2230 4984 2370 5064 pace
2401 4993 2669 5062 dixerim,
2704 4984 2948 5064 uterque
2981 5009 3014 5047 a
3059 4992 3332 5064 Gregorii,
3370 4984 3596 5064 mente;
3619 4984 3831 5064 aberrat-

2230 5053 2391 5128 Ouod
2415 5063 2572 5119 enim
2596 5053 2927 5135 Theologus
2963 5064 3032 5118 ad
3058 5053 3586 5135 Athanasium,ip_si
3621 5057 3688 5135 ad
3709 5053 3834 5135 ΟΠΞ·

2230 5125 2388 5190 θ’ῐυῐη
2421 5125 2926 5208 referunt.Scopus
2957 5141 3152 5190 tamen
3185 5135 3431 5208 oratoris
3455 5125 3517 5185 in
3544 5133 3648 5184 hoc
3669 5125 3834 5180 tendit.

2230 5213 2296 5261 ut
2328 5209 2596 5280 ostendat
2626 5209 2789 5263 illam
2819 5205 3235 5280 similitudinis
3267 5205 3750 5280 afﬁnitatem,qw
3770 5209 3833 5280 re:

2233 5279 2454 5349 peritur
2487 5280 2635 5334 inter
2671 5280 2886 5335 Christi
2941 5277 3370 5350 Jerosolymam
3408 5266 3749 5350 _i_utroitum,

2231 5336 2534 5424 Athanasii
2581 5351 2991 5407 Alexandriam
3030 5336 3342 5424 ‘mditum.
3408 5346 3661 5424 Uterque
3710 5336 3831 5424 991le

2234 5421 2450 5494 insidet
2484 5438 2496 5475 :
2533 5428 2778 5493 uterque
2809 5440 2840 5477 ι
2871 5420 3085 5494 populo
3118 5420 3327 5476 faustis
3356 5410 3830 5494 acclamationibus

2235 5492 2559 5568 excipitur;
2595 5488 2727 5550 ante
2782 5488 3091 5566 utr-iusque
3124 5493 3298 5568 pedes
3327 5492 3667 5568 sternuntur
3692 5488 3827 5568 etiarn

2235 5551 2384 5619 rami
2434 5571 2491 5618 et
2547 5551 2928 5622 indumenta:
2965 5551 3071 5619 n‘ec
3125 5551 3391 5626 deerant,
3447 5560 3549 5630 qui
3607 5551 3830 5630 prpireqt

2239 5635 2582 5708 clamantes,
2634 5643 2743 5693 etc.
2799 5639 2923 5692 Haec
2971 5637 3168 5692 Graeca
3215 5637 3343 5708 ipsa
3380 5623 3516 5708 prie
3563 5623 3830 5708 adferunt.

2238 5706 2542 5764 Claudioat
2571 5701 2750 5780 igitur
2779 5709 2930 5766 Billii
2957 5709 3167 5777 versio,
3201 5701 3327 5780 quas
3361 5701 3430 5759 ad
3457 5701 3736 5758 Christum
3765 5709 3832 5746 re-
