4094 6212
313 460 467 523 ΗΠ

1239 465 1528 527 ORATIO
1574 466 1737 527 XXI.
1769 498 1847 510 —
1877 466 1955 526 IN
2004 467 2329 527 LAUDEM
2376 467 2828 529 ATHANASII.

3570 468 3725 530 1118

308 592 397 648 καὶ
430 592 689 667 στρώσεις
721 592 954 665 ἱματίων
985 591 1306 656 πολυανθῶν
1340 594 1430 648 καὶ
1477 594 1747 651 ποικίλων
1792 595 1964 671 προρ-

2095 598 2321 652 scendit
2348 615 2360 664 ;
2396 598 2513 652 sive
2536 597 2673 669 quid
2696 598 2850 653 aliud
2886 599 3185 671 Scriptura
3210 599 3543 671 significare
3570 599 3725 655 velit.

316 680 692 758 ῥιπτουμένων
741 702 799 735 τε
846 683 933 736 καὶ
988 682 1528 757 ὑπορῥιπτουμένωνο
1593 683 1813 738 ἐνταῦθα
1865 683 1963 755 μό-

310 791 399 825 νον
446 770 832 841 ἀτιμασθέντος
879 775 976 825 τοῦ
1006 771 1224 842 ὑψηλοῦ
1253 772 1340 825 καὶ
1373 770 1737 844 πολυτελοῦς,
1772 774 1859 827 καὶ
1901 772 1963 827 τὸ

310 858 422 913 ἴσον
462 861 534 931 μὴ
569 857 817 933 ἔχοντος.
856 859 1029 916 Eime
1062 860 1151 914 καὶ
1184 857 1317 929 αὕτη
1349 868 1450 929 τῆς
1483 859 1780 933 ἔπιδημίας
1836 864 1961 934 Χριο

311 952 459 1015 στοῦ,
492 947 579 1001 καὶ
618 948 668 1000 οἳ.
699 942 1061 1022 προϐοῶντες.
1094 948 1182 1001 καὶ
1227 949 1279 1002 οἱ
1329 952 1440 1020 (94)
1488 949 1920 1024 προχορεύοντες
1943 969 1955 981 ·

306 1035 455 1105 πλὴν
507 1037 631 1090 ὅσον
684 1036 745 1090 οὐ
796 1034 1003 1091 πα.δων
1045 1036 1244 1108 ὅμιλος
1280 1036 1439 1108 μόνον
1470 1038 1533 1091 τὸ
1563 1038 1840 1114 εὐφημοῦν
1870 1038 1957 1106 ἧν,

304 1124 451 1179 ἀλλὰ
509 1126 598 1179 καὶ
658 1131 801 1178 πᾶσα
856 1124 1081 1199 γλῶσσα
1152 1125 1442 1203 σύμφωνος
1511 1126 1599 1179 καὶ
1659 1126 1958 1196 ἁντίθιτος,

303 1219 452 1284 νικᾷν
498 1213 787 1282 ἀλλήλους
839 1215 1231 1288 ἐπειγομένων.
1266 1215 1376 1269 Ἐὦ
1434 1215 1537 1289 γὰρ
1597 1212 1772 1290 λέγειν
1831 1215 1959 1289 κραί-

302 1325 432 1365 τους
490 1301 834 1375 πανδήμους,
884 1304 973 1357 καὶ
1026 1303 1210 1377 μύρων
1264 1302 1533 1379 ἐκχύσεις,
1564 1304 1654 1358 καὶ
1703 1304 1960 1379 παννυχί-

307 1390 422 1462 δας,
449 1392 539 1445 καὶ
572 1398 743 1445 πᾶσαν
775 1392 913 1468 φωτὶ
946 1390 1494 1466 καταστραπτομὲνην
1522 1393 1619 1460 τήν
1656 1392 1834 1463 πόλιν,
1868 1394 1959 1447 καὶ

306 1477 574 1552 δημοσίας
606 1482 717 1551 (95)
750 1478 1009 1541 ἆστιάσεις
1039 1481 1129 1534 καὶ
1162 1478 1414 1545 οἷκιδίας,
1445 1480 1534 1534 καὶ
1575 1476 1725 1542 ὅσοις
1774 1482 1828 1535 αἱ
1855 1481 1961 1535 πό-

308 1569 422 1630 λεις
446 1570 509 1623 τὸ
541 1566 766 1646 φαιδρὸν
799 1568 1265 1641 ἰπισημαίνουσιν·
1302 1569 1331 1623 ἃ
1360 1566 1484 1623 τότε
1510 1571 1625 1642 μεθ’
1651 1566 1960 1645 ὑπερϐολῆς

309 1657 518 1730 ἐκείνῳ,
550 1658 637 1712 καὶ
667 1659 812 1731 παρᾶ
838 1658 902 1712 τὸ
936 1658 1076 1719 εἰκὸς
1110 1658 1431 1733 ἐχαρίζοντο
1482 1661 1617 1731 (96).
1668 1660 1821 1713 Οὕτω
1864 1661 1963 1727 τὴν

316 1748 506 1802 ἑαυτοῦ
536 1745 697 1801 πόλιν
728 1746 755 1801 ὁ
788 1745 1086 1817 θαυμάσιος
1126 1745 1349 1815 ἐκεῖνος,
1382 1746 1472 1800 καὶ
1526 1748 1659 1819 μετὰ
1704 1746 1961 1817 τοιαύτης

311 1830 719 1907 καταλαμϐάνει
750 1841 847 1903 τῆς
878 1833 1256 1908 πανηγύρεως.

2078 685 2247 741 Illum
2284 685 2462 741 etiam
2495 688 2728 751 rami,et
2756 688 2914 743 varia
2932 688 3109 743 variis
3140 689 3294 760 picta
3322 688 3616 743 coloribus
3638 689 3727 743 in-

2074 775 2356 830 dumenta
2376 779 2510 830 ante
2540 792 2671 830 eum
2700 777 2956 846 projecta
2986 782 3041 830 et
3072 777 3369 832 substrata
3383 777 3680 846 excipiunt
3706 794 3718 842 ;

2070 863 2162 918 hic
2195 864 2386 918 solum
2420 869 2615 934 spreta
2649 867 2901 934 pretiosa
2933 865 3364 936 supellectii,ac
3395 867 3565 934 cujus
3597 883 3719 920 ma-

2071 952 2423 1022 gnificentia
2457 952 2600 1006 nihil
2630 969 2735 1023 par
2766 953 3134 1009 erat.Christi
3167 971 3400 1025 quoque
3432 955 3717 1010 adventus

2071 1038 2266 1108 imago
2300 1040 2475 1107 fuere,
2509 1046 2632 1094 tum
2664 1042 2764 1110 qui
2799 1042 3074 1109 praeundo
3097 1041 3595 1107 clamabant,tum
3620 1042 3724 1112 qui

2074 1126 2319 1181 choreas
2346 1127 2684 1198 agitabant;
2722 1128 2830 1182 nisi
2855 1130 3009 1199 quod
3039 1147 3153 1184 non
3174 1130 3419 1200 pueritis
3434 1131 3722 1185 duntaxat

2071 1216 2242 1271 turba
2278 1216 2485 1270 faustis
2517 1216 2682 1270 illum
2719 1217 3242 1273 acclamationibus
3274 1219 3725 1290 excipiebat,ve-

2071 1320 2203 1359 rum
2235 1303 2411 1359 etiam
2443 1305 2636 1359 omnis
2665 1304 2864 1375 lingua
2894 1321 3135 1361 concors
3165 1312 3223 1361 et
3253 1306 3584 1361 adversaria
3614 1306 3723 1361 ho-

2072 1392 2319 1455 minum.
2365 1394 2464 1463 qui
2515 1409 2643 1449 sese
2692 1399 2898 1449 mutuo
2947 1411 3224 1466 superare
3271 1396 3723 1451 contendebant.

2070 1481 2215 1537 Nam
2232 1480 2497 1537 omittam
2516 1481 2780 1553 publicos
2802 1482 3572 1553 plausus,etunguentorum
3593 1500 3727 1554 pro-

2071 1570 2353 1639 fusiones,
2386 1575 2442 1625 et
2472 1576 2789 1626 nocturnas
2817 1572 3180 1637 festivitates,
3214 1578 3269 1626 et
3299 1578 3479 1627 totam
3514 1573 3716 1627 urbem

2074 1658 2299 1714 lumine
2328 1666 2756 1723 coruscantem,
2791 1660 3025 1732 publica
3057 1660 3195 1716 item
3243 1667 3300 1715 et
3332 1661 3555 1732 privata
3587 1678 3725 1715 con-

2072 1747 2244 1815 vivia,
2277 1754 2603 1819 cateraque
2636 1765 2737 1819 per
2762 1766 2889 1820 qua
2924 1751 3099 1804 urbes
3128 1749 3339 1804 latitia
3370 1754 3547 1820 atque
3570 1749 3721 1805 hila-

2075 1837 2268 1892 ritatis
2297 1843 2646 1908 argumenta
2677 1838 2883 1903 edunt,
2913 1854 3038 1909 qua
3071 1842 3197 1893 tum
3226 1837 3307 1892 illi
3335 1837 3725 1909 amplissime,

308 1929 363 1980 et
393 1941 569 1996 supra
603 1941 781 1995 quam
822 1924 979 1980 credi
1023 1928 1216 1996 queat,
1250 1924 1718 1980 conferebantur.
1750 1925 1845 1981 Sic
1896 1926 1981 1981 vir
2025 1924 2300 1995 eximius,
2332 1941 2397 1980 ac
2428 1941 2563 1980 cum
2597 1924 2694 1980 tali
2727 1941 2937 1998 pompa
2967 1932 3026 1983 et
3057 1926 3387 1983 celebritate
3435 1927 3728 1982 civitatem

312 2029 479 2068 suam
515 2012 863 2083 ingreditur.

377 2101 453 2154 Λ’.
490 2100 608 2174 Ἆρ’
640 2097 731 2153 οὖν
770 2094 896 2153 ἐϐίω
927 2100 1040 2172 (97)
1069 2100 1185 2171 μὶν,
1220 2098 1398 2172 ὥσπερ
1454 2099 1599 2162 εἰκὸς
1646 2100 1775 2162 τοὺς
1826 2100 1962 2156 λαοῦ

2143 2101 2304 2157 ΧΧΧ.
2338 2102 2476 2156 Esto
2512 2101 2710 2174 igitur,
2766 2103 2895 2159 vita
2944 2103 3199 2158 rationes
3248 2102 3330 2158 ita
3382 2096 3731 2161 instituerits

308 2187 571 2242 τοσούτου
603 2189 1081 2262 προστησομὲνους
1114 2190 1261 2261 (98);
1296 2185 1503 2259 ἐδίδαξε
1533 2188 1612 2256 δὲ,
1645 2188 1752 2264 οὐχ
1783 2191 1858 2252 ὡς
1891 2191 1974 2265 βε-

315 2272 511 2331 ϐίωκεν
540 2296 552 2345 ;
590 2277 887 2350 ἠγώνισται
921 2274 998 2345 δὲ,
1033 2276 1140 2351 οὐχ
1188 2276 1261 2338 ὡς
1322 2275 1593 2347 ἐδίδαξεν;
1643 2277 1973 2334 ἐκινδύνευσε

322 2362 379 2419 δὶ
409 2370 515 2419 τῶν
551 2366 682 2439 ὑπὶρ
726 2370 824 2420 τοῦ
876 2363 1046 2439 λόγου
1091 2365 1238 2427 τινὸς
1281 2367 1670 2441 ἠγωνισμένων
1721 2366 1967 2435 ἐλάττως

315 2453 603 2525 τετίμηται
657 2450 713 2508 δε
762 2455 835 2507 ὧν
886 2454 1178 2529 ἠγώνιςται
1214 2460 1363 2525 μεῖον
1575 2458 1884 2531 κατῄσχυνε
1914 2454 1972 2511 δέ

317 2564 369 2597 τι
396 2547 504 2596 τῶν
534 2550 632 2611 τῆς
655 2540 865 2597 εῗσόδου
900 2544 1033 2614 μετὰ
1060 2544 1159 2611 τὴν
1195 2542 1401 2598 εἶ’σοδον
1428 2564 1440 2612 ;
1464 2545 1533 2600 Οιῖ
1548 2542 1758 2617 δαμῶς.
1795 2546 1972 2599 Πάντα

327 2628 383 2685 δὲ
414 2630 679 2700 ἀλλήλων
725 2628 985 2706 ἓχόμενα,
1044 2627 1225 2707 ὥσπερ
1281 2632 1331 2687 ἐν
1393 2631 1531 2708 λύρᾳ
1586 2654 1702 2705 μιᾳ,
1752 2634 1969 2702 καὶτῆς

326 2720 493 2788 αὐτῆς
525 2720 810 2792 ἁρμονίας,
845 2721 873 2773 ὁ
908 2719 1043 2793 βίος,
1076 2721 1104 2773 ὁ
1135 2719 1318 2796 λόγος,
1371 2721 1422 2775 οἱ
1471 2722 1696 2796 ἀγῶνες,
1748 2723 1800 2776 οἱ
1850 2722 1971 2776 κίν-

326 2806 493 2879 δυνοι,
543 2810 609 2862 τὰ
654 2816 754 2877 τῆς
780 2806 1064 2876 ἐπανόδου,
1104 2810 1172 2863 τά
1200 2810 1333 2881 μετὰ
1360 2812 1459 2879 τὴν
1492 2808 1770 2868 ἐπάνοδον.
1799 2812 1971 2885 Ὀμοῦ

320 2917 379 2952 τε
406 2899 506 2972 γὰρ
536 2898 634 2964 τήν
668 2897 996 2967 Ἐκκλησίαν
1038 2894 1467 2970 γαταλαμϐάνιι,
1523 2899 1611 2953 καὶ
1662 2900 1723 2954 οὐ
1770 2900 1971 2976 πάσχει

318 2987 509 3039 ταυτὸν
548 2990 663 3046 τοῖς
708 2983 775 3039 δι’
828 2984 1084 3060 ἀμετρίαν
1130 2985 1303 3059 ὀργῆς
1348 2986 1747 3062 τυφλώττουσι,
1805 2989 1895 3042 καὶ
1941 2988 1971 3043 ὅ

316 3095 371 3128 τι
421 3073 478 3127 ἂν
526 3075 828 3147 παραπέσῃ,
887 3078 1050 3128 τοῦτο
1107 3079 1322 3150 πρῶτον
1383 3079 1458 3148 (1)
1514 3081 1874 3151 περιωθοῦσιν
1932 3078 1966 3146 ἢ

318 3161 561 3232 παίουσι,
618 3161 715 3215 κᾶν
762 3183 812 3216 τι
855 3166 963 3217 τῶν
1016 3160 1231 3239 φειδοῦς
1262 3162 1422 3235 ἀξίων
1455 3163 1512 3217 ὃν
1543 3164 1711 3238 τύχοι
1743 3167 1840 3237 (2),
1870 3170 1968 3219 τοῦ

318 3251 494 3323 θυμοῦ
543 3248 978 3312 δυναστεύοντος.
1029 3250 1205 3305 ’ΔΛλᾶ
1250 3256 1411 3307 τοῦτο
1473 3250 1707 3324 μάλιστα
1754 3251 1967 3309 εὐδοχι-

320 3342 537 3413 μήσεως
569 3341 713 3410 αὑτῷ
741 3340 927 3415 καιρὸν
958 3341 1087 3394 εἶναι
1119 3340 1343 3412 νομίσας
1376 3338 1585 3414 (ἐπειδὴ
1617 3343 1679 3395 τὸ
1712 3342 1805 3415 μὲν
1837 3344 1967 3397 πάσ-

316 3448 416 3503 χον
449 3432 648 3499 κακῶς,
684 3428 763 3482 ἀεὶ
799 3429 1157 3503 μετριώτερον
1185 3448 1197 3460 ·
1243 3430 1306 3484 τὸ
1340 3427 1395 3484 Si
1428 3430 1480 3485 ἰν
1510 3429 1723 3502 ἐξουσίᾳ
1747 3436 1844 3486 τοῦ
1874 3431 1965 3485 ἆν-

316 3514 526 3592 τιδρᾷν,
559 3516 986 3591 ἀκρατέστερον),
1029 3518 1171 3572 οὕτω
1202 3517 1388 3593 πράως
1420 3519 1507 3574 καὶ
1556 3518 1738 3587 ἠπίως
1769 3520 1834 3574 τὰ
1856 3525 1963 3575 τῶν

318 3604 712 3675 λελυπηκότων
748 3606 1202 3681 μεταχειρίζεται,
1223 3607 1299 3668 ὡς
1335 3606 1476 3677 μηδὲ
1506 3608 1689 3669 αὐτοῖς
1719 3608 1964 3678 ἑκεῖνοις,

318 3691 363 3747 εί
397 3694 510 3748 οἶόν
546 3714 604 3748 τε
632 3699 791 3749 τοῦτο
820 3694 988 3750 εἰπεῖν
1023 3698 1122 3768 (3),
1156 3694 1298 3766 ἀηδῆ
1334 3698 1576 3770 γενέσθαι
1620 3701 1717 3751 τοῦ
1773 3696 1963 3771 ἀνδρὸς

316 3783 417 3850 τήν
448 3780 727 3839 ἐπάνοδον.

2082 2196 2149 2246 ut
2202 2207 2301 2246 eos
2358 2192 2543 2255 decet,
2598 2192 2695 2263 qui
2746 2197 2920 2247 tanta
2993 2190 3300 2247 hominum
3352 2190 3722 2246 multitudini

2081 2296 2331 2351 praesse
2374 2280 2606 2344 debent,
2638 2296 2837 2335 verum
2887 2296 3165 2352 paremus
3214 2280 3342 2336 vita
3390 2280 3717 2335 doctrinam

2082 2367 2324 2423 attulit?
2354 2368 2676 2423 Decertavit
2704 2368 2964 2440 quidem,
2996 2386 3138 2424 num
3180 2373 3244 2424 ut
3287 2369 3484 2424 docuit
3510 2368 3537 2423 ?
3568 2369 3718 2423 Num

2082 2457 2281 2512 minus
2313 2473 2490 2528 quam
2523 2456 2715 2527 quivis
2756 2473 2981 2523 eorum,
3042 2457 3143 2529 qui
3206 2473 3307 2529 pro
3357 2461 3513 2511 recta
3568 2457 3723 2512 400

2081 2546 2347 2601 doctrina
2375 2551 2666 2600 certamen
2700 2545 2990 2611 adierunt,
3026 2545 3389 2617 periclitatus
3412 2545 3547 2600 est?
3574 2544 3726 2600 Num

2083 2633 2359 2698 minores,
2395 2649 2570 2704 quam
2605 2650 2707 2703 pro
2756 2633 3144 2688 certaminum
3196 2635 3427 2697 merito,
3480 2633 3728 2689 honores

2082 2725 2435 2777 consecutus
2456 2721 2591 2776 est?
2621 2722 2771 2775 Num
2804 2723 3057 2794 denique
3088 2723 3412 2777 honoribus
3443 2722 3724 2793 illis,qui-

2080 2811 2191 2866 bus
2221 2810 2280 2865 in
2314 2811 2582 2882 ingressu
2614 2816 2857 2865 ornatus
2889 2817 2998 2879 est,
3034 2817 3164 2882 post
3192 2810 3523 2883 ingressum
3557 2810 3725 2865 dede-

2081 2900 2200 2955 cori
2232 2899 2754 2971 atqueignominia
2778 2900 2927 2954 fuit?
2958 2900 3197 2955 Minime
3218 2898 3723 2972 gentium.Verum

2081 2989 2299 3053 omnia,
2334 3006 2445 3043 non
2479 3006 2650 3044 secus
2682 2995 2855 3059 atque
2885 2990 2945 3043 in
2975 2989 3220 3057 cithara,
3254 2989 3407 3042 inter
3437 3005 3497 3042 se
3511 2992 3648 3058 apta
3668 2992 3725 3042 et

2080 3093 2340 3133 connexa
2368 3085 2555 3142 erant,
2589 3078 2946 3150 pulchreque
2988 3079 3405 3149 congruebant,
3447 3081 3573 3131 tum
3604 3076 3723 3130 vita

2078 3170 2136 3220 et
2169 3166 2456 3235 doctrina,
2488 3171 2614 3221 tum
2649 3168 2969 3222 certamina
2999 3171 3056 3220 et
3091 3164 3367 3235 pericula,
3412 3170 3536 3219 tum
3570 3165 3720 3219 redi-

2078 3258 2196 3322 tus,
2232 3260 2290 3309 et
2334 3272 2459 3324 qua
2492 3256 2747 3309 reditum
2797 3259 2937 3309 sunt
2984 3258 3318 3309 consecuta.
3362 3254 3507 3308 Nam
3542 3252 3721 3308 simul

2077 3348 2252 3414 atque
2299 3344 2370 3397 ad
2420 3343 2738 3399 Ecclesiam
2802 3343 3085 3414 pervenit,
3131 3359 3245 3397 non
3293 3342 3495 3398 eodem
3550 3342 3722 3397 modo

2076 3432 2321 3487 affectus
2352 3437 2461 3495 est,
2493 3449 2607 3502 quo
2637 3431 2676 3485 ii
2709 3430 3025 3502 solent,qui
3056 3448 3159 3502 per
3186 3430 3284 3485 ira
3316 3430 3721 3501 impotentiam

2079 3521 2415 3586 cacutiunt,
2469 3526 2545 3584 et,
2606 3524 2669 3574 ut
2728 3520 2987 3591 quidque
3038 3518 3292 3590 primum
3339 3519 3610 3584 occurrit,
3645 3519 3725 3573 ita

2076 3610 2576 3680 illud,quamlibet
2604 3608 2780 3663 etiam
2812 3609 3121 3680 dignum,a
3154 3624 3269 3679 quo
3305 3624 3515 3661 manus
3538 3608 3726 3662 absti-

2075 3704 2347 3765 neantur,
2384 3698 2738 3769 protrudunt
2790 3705 2890 3751 aut
2920 3696 3157 3765 feriunt,
3193 3713 3381 3767 usque
3412 3696 3554 3749 adeo
3586 3703 3725 3750 sunt

2076 3788 2134 3842 in
2167 3788 2313 3842 iram
2347 3786 2693 3857 pracipites.
2721 3785 2935 3839 Verum
2966 3784 3074 3839 hoc
3098 3785 3470 3854 potissimum
3492 3788 3724 3854 tempus

320 3874 390 3929 ad
425 3873 681 3928 nominis
713 3872 1108 3929 celebritatem
1142 3879 1199 3929 et
1227 3873 1474 3947 gloriam
1508 3876 1783 3931 idoneum
1816 3876 1926 3931 sibi
1953 3892 2083 3932 esse
2111 3876 2429 3931 arbitratus
2457 3874 2949 3945 (quandoquidem
2985 3874 3102 3928 fere
3134 3874 3217 3940 tit,
3252 3878 3315 3927 ut
3345 3872 3443 3943 qui
3476 3870 3533 3925 in
3567 3870 3723 3926 cala-

319 3963 521 4017 mitate
552 3969 837 4030 versatur,
869 3964 1313 4019 moderatiorem
1348 3979 1410 4019 se
1443 3964 1713 4036 prabeat,
1747 3966 1845 4036 qui
1877 3970 2075 4020 autem
2107 3964 2418 4019 referenda
2462 3962 2688 4030 injuria
2721 3968 3066 4033 potestatem
3100 3966 3304 4016 nactus
3334 3965 3444 4028 est,
3469 3958 3723 4014 insolen-

314 4052 435 4105 tius
466 4068 527 4106 se
558 4054 762 4123 gerat),
794 4057 959 4107 tanta
989 4052 1223 4107 lenitate
1254 4058 1429 4125 atque
1472 4054 1838 4110 humanitate
1887 4071 1979 4109 res
2023 4070 2249 4120 eorum,
2284 4070 2316 4107 a
2346 4053 2561 4123 quibus
2610 4050 2787 4106 Iasus
2834 4050 3043 4118 fuerat,
3077 4048 3527 4117 administravit,
3560 4052 3624 4103 ut
3653 4064 3726 4102 ne

316 4138 389 4193 iis
420 4140 659 4210 quidem
692 4138 858 4210 ipsis,
892 4140 940 4195 si
976 4140 1084 4196 boo
1113 4141 1227 4195 dici
1258 4147 1469 4213 potest,
1500 4142 1690 4213 ipsius
1718 4142 1943 4197 reditus
1974 4142 2255 4199 molestus
2288 4142 2480 4195 fuerit.

388 4227 520 4283 AA'.
573 4225 827 4301 Καθαίρει
885 4227 978 4299 μέν
1029 4247 1090 4303 γε
1137 4230 1212 4301 (4)
1260 4230 1324 4282 τὸ
1372 4228 1515 4303 ἱερὸν
1560 4233 1668 4283 τῶν
1695 4230 1965 4299 Θεοκαπή-

316 4310 453 4381 λων,
485 4314 573 4367 καὶ
624 4315 1077 4389 χριστεμπόρων,
1124 4312 1215 4369 ’ίνα
1264 4316 1353 4371 καὶ
1400 4322 1562 4373 τοῦτο
1591 4322 1699 4371 τῶν
1732 4322 1965 4392 Χριστοῦ

320 4403 653 4475 μιμήσηταιο
687 4401 832 4470 πλὴν
873 4402 996 4457 ὅσον
1047 4402 1110 4458 οὐ
1153 4404 1476 4482 φραγελλίῳ
1523 4405 1766 4478 πλεκτῷ,
1816 4405 1966 4481 λόγῳ

318 4488 376 4545 δὲ
406 4495 616 4562 πιθανῷ
659 4495 822 4546 τοῦτο
862 4491 1165 4567 ἐργάζεται·
1215 4494 1578 4549 καταλλάττιι
1628 4491 1685 4549 δὶ
1730 4495 1793 4549 τὸ
1840 4514 1965 4549 στα-

389 4634 437 4669 7‘
457 4635 624 4691 Joan.
658 4651 720 4702 ιι,
752 4636 841 4693 15.

319 4775 449 4843 fert,
502 4777 653 4848 quod
699 4775 1023 4847 Theologus
1074 4779 1144 4833 ad
1190 4779 1597 4835 Athanasium.
1668 4780 1736 4836 Et
1791 4786 1965 4848 certe,

316 4852 482 4902 tanta
509 4853 631 4902 erat
652 4848 1172 4904 Alexandrinorum
1195 4850 1392 4906 latitia
1409 4852 1563 4907 circa
1576 4852 1965 4907 Athanasium

315 4920 388 4974 ab
418 4919 619 4974 exsilio
652 4920 1015 4995 redeuntem,
1050 4926 1113 4977 ut
1143 4939 1257 4977 non
1301 4929 1528 4979 tantum
1578 4925 1727 4979 rami
1766 4931 1966 4995 gesta-

315 4994 649 5081 renturmu‘t
681 4990 852 5081 ﬂores
884 4997 1430 5081 spa‘rgerentu_r,sed
1458 4996 1633 5081 etiam
1653 4990 1963 5068 quidquid,

312 5063 371 5117 in
409 5062 579 5133 pictis
611 5062 931 5132 tapetibus
952 5069 1009 5118 et
1030 5062 1353 5136 'stragulis,
1382 5062 1705 5138 pretiosius
1738 5062 1962 5123 ac'maé

311 5134 688 5260 gniﬁcentius
718 5139 862 5203 erat,
896 5143 1354 5218 sp.erneretur,et
1383 5144 1515 5194 ante
1547 5139 1732 5209 ipsius
1765 5140 1962 5211 pedes,

362 5223 558 5260 onoris
590 5222 788 5260 causa.
830 5214 1224 5260 nronceretur-
1264 5211 1478 5260 Idcircn
1511 5210 1661 5260 hanc
1683 5211 1962 5260 similitu-

362 5207 558 5261 onoris
590 5222 788 5270 causa,
830 5207 1225 5277 projiceretur,
1264 5211 1478 5266 Idcirco
1511 5207 1661 5264 hanc
1683 5207 1962 5265 similituL

310 5278 527 5353 dinem
558 5278 712 5353 inter
756 5281 1078 5353 utrumque
1128 5280 1307 5335 nectit
1351 5281 1703 5353 Gregorius;
1738 5283 1838 5336 sed
1892 5300 1964 5338 ne

308 5350 431 5425 hac
483 5348 832 5425 similitudo,
865 5350 937 5403 ob
984 5348 1363 5425 reverentiam
1424 5348 1550 5425 qua
1602 5352 1831 5408 Christo
1863 5354 1961 5410 de-

309 5420 503 5496 betur,
536 5422 926 5496 quorumdam
957 5438 1127 5496 aures
1166 5420 1460 5479 offendere
1504 5428 1719 5496 posset,
1746 5425 1828 5496 ab
1860 5442 1960 5481 au-

310 5492 601 5567 ditoribus
635 5492 799 5563 petit,
834 5506 904 5545 ne
935 5493 1071 5549 talia
1129 5492 1520 5567 proferendo,_
1542 5495 1806 5552 amentia
1864 5501 1964 5552 aut

312 5564 569 5619 audacia
602 5567 929 5618 accusetur.

351 5635 496 5761 ἀρά)
548 5635 637 5692 ut.
692 5635 788 5691 Sic
838 5639 1093 5705 quatuor
1143 5638 1319 5711 Regg.
1373 5645 1429 5696 et
1476 5638 1572 5705 Or,
1616 5639 1667 5694 1.
1701 5642 1870 5694 Deest
1900 5639 1960 5695 in

314 5720 408 5761 ea.

392 5777 505 5849 (95)
539 5774 837 5849 Δημοσίας.
871 5779 957 5831 Ita
995 5793 1095 5833 sex
1144 5784 1344 5854 Regg.,
1400 5787 1456 5839 et
1502 5798 1588 5838 or.
1622 5782 1672 5836 1.
1726 5781 1790 5836 In
1840 5780 1955 5849 ed.,

2144 4230 2333 4285 XXXI.
2372 4233 2451 4284 Ac
2478 4227 2764 4299 templum
2816 4228 3053 4299 quidem
3094 4225 3395 4298 sacrilegis
3429 4223 3723 4279 nundina-

2075 4319 2323 4387 toribus,
2354 4318 2545 4388 iisque
2577 4318 2675 4386 qui
2706 4316 2935 4371 Christo
2967 4316 3038 4371 ad
3076 4319 3368 4385 quastum
3402 4313 3722 4369 abuteban-

2075 4412 2192 4473 tur,
2226 4410 2523 4477 repurgat,
2584 4406 2641 4459 in
2700 4405 2809 4460 hoc
2868 4420 3099 4475 quoque
3154 4403 3376 4459 scilicet
3422 4402 3720 4458 Christum

2077 4496 2334 4551 referens
2366 4510 2379 4548 :
2415 4494 2528 4550 nisi
2557 4494 2711 4565 quod
2745 4509 2861 4549 non
2893 4498 3047 4548 texto
3093 4490 3323 4563 ﬂagello
3353 4490 3421 4557 π,
3456 4489 3556 4545 sed
3590 4504 3722 4560 pro-

2077 4776 2143 4849 δη
2157 4776 2398 4850 μοσίους.

2147 4843 2261 4922 (96)
2312 4846 2687 4922 Ἐχαρίζοντο.
2740 4848 2921 4902 Oxon.
2975 4848 3127 4917 apud
3196 4846 3466 4911 Montac.,
3538 4843 3720 4917 ἠρανί-

2078 4920 2257 4992 ζοντο,
2284 4943 2311 4972 ‹‹
2342 4920 2796 4993 c_oll'igeban_tur.
2828 4941 2857 4969 ››

2147 4980 2260 5066 (97)
2290 4980 2634 5046 ἘϐίωῘΟυο
2666 4990 2867 5066 Begg.,
2900 4988 3103 5066 Chrys.
3133 4992 3189 5045 et
3214 4992 3366 5066 Bas.,
3396 4980 3565 5040 ἐϐίου.

2147 4996 2236 5066 (97
2290 4996 2476 5046 Ἐὅὶω.
2516 4996 2634 5046 Duo
2667 4996 2867 5062 Regg.,
2900 4996 3103 5060 Chrys.
3133 4996 3189 5045 et
3214 4996 3366 5055 Bas.,
3396 4996 3565 5040 εοιου.

2146 4996 2262 5137 (98)
2331 5061 2840 5135 Προστησομὲνους.
2912 5060 3007 5116 Or.
3064 5062 3113 5131 1,
3178 5058 3269 5112 τὸν
3337 5055 3713 5134 προστησόμε⁹

2073 5156 2469 5281 νω(έ)9)ῡιίεῖον.
2504 5205 2645 5281 Beg.
2680 5203 2780 5274 pb,
2817 5206 3022 5274 μεῖζον,
3059 5225 3086 5253 ι(
3136 5203 3407 5272 majores.
3465 5223 3493 5249 ››
3541 5198 3717 5254 Coisl.

2076 5283 2127 5352 1,
2153 5275 2217 5335 ἐἰ
2239 5275 2341 5347 ΟΡ,
2380 5279 2427 5343 1,
2460 5275 2732 5352 πλεῖστον.

2248 5345 2515 5441 Ερῶτονλ
2531 5348 2701 5430 Deest
2716 5345 2993 5441 fagi-1.

2162 5414 2217 5498 ἓ)
2248 5414 2438 5498 Τῦχρε·
2474 5420 2741 5498 Quinque
2772 5414 3164 5498 Beas-.3611:-

2165 5437 2217 5495 Z)
2249 5437 2438 5495 'l-gxot.
2474 5437 2741 5505 quinque
2775 5437 2974 5510 tlegvg”
3003 5437 3164 5542 τυχγ(

2165 5496 2214 5570 3)
2244 5492 2305 5546 El
2338 5491 2450 5545 οἷόν
2477 5510 2539 5570 τε
2568 5489 3071 5570 τουτο.ειπειν.“ξιο
3164 5502 3234 5570 eg

2074 5569 2126 5631 1,
2150 5559 2298 5631 399.,
2323 5570 2433 5619 etc.
2474 5569 2637 5618 Deest
2662 5562 2705 5614 εἰ
2738 5562 2793 5616 in
2827 5562 2916 5616 ed.
2952 5559 3228 5615 Nonnulli

2071 5654 2175 5710 pro
2198 5635 2387 5710 εἰπεῖν.
2422 5634 2865 5710 Ali_i_0rr_iittunt,
2896 5632 3076 5710 τοῦτοἔ

2145 5710 2218 5781 (4)
2246 5708 2351 5765 Μὲν
2385 5727 2467 5782 γε.
2501 5706 2596 5762 Sic
2628 5707 2803 5777 Regg.
2835 5692 2957 5772 bu),
3020 5704 3118 5775 ph.
3180 5701 3241 5756 In
3296 5697 3414 5767 ed.,
3454 5694 3547 5768 μὶν
3580 5692 3704 5768 γάρ.

3237 5502 3294 5610 gt;
3325 5484 3445 5549 bm,
3478 5480 3578 5550 ph,
3613 5482 3708 5564 (Ir.

3302 5554 3477 5609 abent
3531 5570 3708 5603 ποιειν

3302 5554 3477 5609 abent
3531 5555 3708 5603 ποιεῖν
