4094 6212
417 393 574 456 1119

1645 394 1730 464 ,3,
1765 392 2148 453 .GREGORII
2193 388 2586 451 THEOLOGI

3658 387 3780 448 1120

418 527 716 583 habilibus
776 527 1139 600 argumentis
1197 531 1372 601 atque
1448 529 1522 583 ad
1584 527 2060 598 persuadendum

2193 525 2356 591 τιάζον
2383 521 2519 598 πρός
2546 541 2606 576 τε
2649 516 2778 576 αὐτό
2806 520 2896 575 καὶ
2950 519 3110 576 δαυτὸ
3139 520 3235 593 (5),
3289 516 3508 580 οὐδενὸς
3551 522 3649 572 τῶν
3684 540 3780 573 συν-

421 617 876 672 accommodatis
907 617 966 670 id
1025 616 1222 671 efﬁcit.
1284 617 1430 672 Tum
1489 633 1608 684 eos,
1661 617 1760 689 qui
1801 617 1953 670 inter
1983 631 2067 681 se,

421 711 477 759 et
507 722 641 759 cum
693 704 818 774 ipso
864 705 1194 760 simultates
1243 707 1539 777 gerebant,
1588 705 1649 760 in
1701 704 2068 760 concordiam

422 792 686 860 reducit;
713 794 1016 863 etquidem
1045 795 1217 862 ita,ut
1249 795 1873 866 nulliuspaciﬁcatoris
1897 810 2070 864 opera

421 880 492 935 ad
527 896 653 935 eam
689 897 808 935 rem
835 900 982 953 opus
1017 884 1802 952 haberet.Pr:stereainjuria
1834 884 2069 937 affectos

421 969 728 1040 tyrannide
761 970 990 1035 liberat.
1026 973 1254 1026 nullum
1289 971 1630 1042 eorum,qui
1665 971 1852 1042 ipsius
1883 987 2068 1026 causae

423 1057 821 1126 studebant,et
848 1062 1182 1130 eorum,qui
1216 1062 1488 1116 adversas
1522 1066 1717 1131 partes
1741 1060 2066 1131 sequeban-

420 1151 518 1200 tur
575 1146 864 1202 delectum
926 1149 1168 1204 habens.
1250 1149 1587 1220 Prolapsam
1637 1149 1879 1221 insuper
1934 1147 2068 1202 fidei

423 1234 748 1290 doctrinam
783 1237 972 1307 erigit,
1006 1254 1070 1291 ac
1103 1237 1283 1292 libere
1332 1256 1536 1292 rursus
1583 1238 1835 1293 Trinitas
1862 1236 2067 1308 praedi-

426 1329 613 1390 catur,
674 1341 851 1395 super
901 1326 1316 1381 candelabrum
1377 1328 1583 1398 posita,
1644 1327 2069 1398 splendideque

428 1414 606 1467 unius
638 1413 1194 1470 divinitatislumine
1224 1415 1452 1471 animas
1473 1434 1675 1472 omnes
1693 1415 2066 1471 collustrans.

424 1502 602 1571 Leges
633 1502 808 1556 etiam
844 1519 1047 1558 rursus
1080 1504 1201 1558 orbi
1226 1508 1510 1558 terrarum
1546 1505 2070 1576 praescribit,atque

424 1590 687 1644 omnium
722 1597 946 1646 mentes
974 1592 1043 1646 ad
1071 1609 1132 1646 se
1163 1593 1605 1662 convertit,aliis
1637 1593 1912 1664 epistolas
1935 1594 2067 1647 mit-

431 1682 589 1742 tens,
621 1677 766 1733 alios
797 1695 1120 1750 accersens,
1171 1681 1484 1735 nonnullos
1514 1683 1691 1735 etiam
1724 1681 1876 1736 ultro
1907 1697 2066 1736 acce-

425 1765 628 1820 dentes
656 1767 950 1836 erudiens,
983 1767 1376 1838 omnibusque
1426 1768 1671 1822 liberam
1708 1769 2067 1822 voluntatem

423 1869 527 1923 pro
561 1852 684 1923 lege
717 1871 1068 1925 proponens.
1107 1857 1219 1909 Hoc
1251 1857 1407 1909 enim
1455 1855 1645 1911 solum
1677 1857 1747 1910 ad
1782 1873 2066 1926 praemon-

424 1942 730 1996 strandum
761 1943 996 1997 virtutis
1028 1943 1136 1998 iter
1165 1944 1436 1998 sufficere
1458 1945 1749 1999 censebat.
1778 1944 1849 2000 Ut
1879 1949 2070 1999 autem

2175 611 2418 687 αγόντων
2471 612 2545 682 (6)
2594 607 2969 684 προσδεηθείς’
3026 608 3141 664 λύει
3195 606 3252 662 δὲ
3299 613 3414 669 τοῖς
3465 604 3780 678 ἠδικημένοις

2177 699 2272 760 τάς
2330 694 2669 773 τυραννίδας,
2718 695 2870 752 οὐδὲν
2934 695 3128 751 διελὼν
3182 694 3309 756 τοὺς
3364 697 3464 763 τῆς
3525 695 3782 767 ἑαυτοῦίῖ)

2185 785 2420 863 μερίδος,
2481 788 2569 840 καὶ
2617 793 2716 856 τῆς
2771 786 3028 846 ἐναντίας⁸
3093 785 3337 854 ἀνίστησι
3397 781 3454 838 ὂὶ
3503 784 3785 837 πεπτωκότα

2177 877 2266 930 τὸν
2300 875 2480 950 λόγων
2662 874 3085 950 παρρησιάζεται
3117 872 3174 927 δὲ
3225 875 3261 941 ἡ
3303 874 3466 947 Τριᾶς
3510 869 3662 925 πάλιν
3707 873 3784 942 (9),

2180 965 2266 1019 ἐπὶ
2321 966 2420 1033 τὴν
2469 963 2692 1039 Λυχνίαν
2743 966 2972 1032 τεθεῖσα,
3026 964 3114 1017 καὶ
3164 961 3404 1036 λαμπρῷ
3451 965 3528 1030 τῷ
3560 960 3785 1035 φωτὶτῆς

2183 1061 2306 1127 μιᾶς
2366 1055 2620 1125 θεότητος
2673 1061 2788 1116 ταῖς
2835 1055 3050 1108 πάντων
3119 1056 3322 1127 ψυχαῖς
3392 1051 3790 1124 έναστρὰπτουσα

2181 1146 2478 1217 Νομοθετεῖ
2555 1141 2611 1198 δὲ
2672 1148 2741 1216 τῇ
2807 1143 3100 1215 οἰκουμένῃ
3169 1139 3354 1195 πάλιν·
3422 1137 3709 1216 ἐπιστρέφει
3746 1137 3790 1193 δὶ

2178 1232 2315 1305 πρὸς
2373 1231 2555 1284 ἑαυτὸν
2615 1237 2784 1285 πᾶσαν
2839 1228 3095 1297 διάνοιαν,
3145 1234 3261 1290 τοῖς
3316 1227 3408 1299 μὲν
3467 1225 3790 1293 ἐπιστέλλων,

2177 1319 2303 1382 τοὺς
2352 1318 2409 1374 δὲ
2453 1318 2657 1374 καλῶν·
2701 1317 2812 1373 ἔστι
2863 1316 2920 1373 δὶ
2946 1318 3037 1379 οὕς
3069 1318 3157 1371 καὶ
3200 1315 3469 1386 ἀκλήτους
3502 1315 3790 1386 προσιόντας

2180 1407 2438 1484 σοφίζων,
2487 1414 2617 1461 πᾶσι
2665 1405 2720 1461 δὲ
2766 1407 2935 1480 νόμον
2985 1403 3078 1460 ἕνα
3126 1406 3344 1481 προθεὶς
3391 1404 3452 1457 τὸ
3515 1401 3788 1477 βούλεσθαν

2179 1496 2267 1550 καὶ
2299 1497 2402 1572 γὰρ
2433 1500 2592 1550 τοῦτο
2627 1496 2788 1568 μόνον
2825 1494 3035 1569 ἐξήρκει
3068 1496 3201 1570 πρὸς
3234 1490 3461 1567 ὁδηγίαν
3509 1495 3607 1544 τοῦ
3652 1491 3793 1565 κρείτ-

2181 1607 2360 1648 τονος.
2413 1587 2498 1640 Ἐν
2548 1585 2826 1663 κεφαλαίῳ
2877 1583 2933 1639 δὲ
2977 1584 3169 1651 εἰπεῖν,
3229 1582 3324 1637 δύο
3375 1581 3541 1645 λίθων
3582 1585 3795 1651 μιμεῖται

2179 1674 2364 1752 φύσεις
2413 1674 2834 1746 ἐπαινουμένων.
2883 1672 3086 1727 Γίνεται
3136 1674 3236 1746 γὰρ
3279 1676 3395 1733 τοῖς
3432 1670 3526 1740 μὲν
3579 1667 3793 1721 παίουσιν

2179 1761 2410 1837 ἀδάμας,
2441 1769 2560 1825 τοῖς
2589 1761 2645 1817 δὲ
2676 1761 3015 1830 στασιάζουσι
3044 1768 3332 1836 μαγνῆτις,
3360 1758 3586 1834 ἀρῥητῳ
3614 1756 3794 1832 φύσεως

2187 1853 2277 1928 βίᾳ
2320 1854 2412 1907 τὸν
2459 1850 2681 1925 σίδηρον
2727 1850 2979 1917 ἕλκουσα,
3027 1850 3118 1903 καὶ
3146 1850 3208 1904 τὸ
3240 1852 3352 1921 (10)
3384 1842 3721 1923 στεῤῥότατον
3751 1844 3792 1899 ἐν

2183 1940 2340 2003 ὕλαις
2373 1939 2712 2013 οἰκειουμένη
2731 1983 2742 1997 .

425 2029 486 2104 in
518 2046 754 2084 summa
783 2031 993 2098 dicam,
1027 2032 1274 2086 duorum
1310 2032 1692 2088 laudabilium
1725 2032 1987 2104 lapidum
2039 2036 2314 2088 naturam
2363 2033 2648 2088 imitatur.
2679 2032 2824 2086 Nam
2857 2036 2914 2087 et
2945 2028 3403 2101 percutientibus
3432 2028 3673 2082 adamas
3698 2024 3800 2079 efﬁ-

425 2117 598 2183 citur,
631 2124 687 2173 et
718 2119 1140 2175 dissidentibus
1183 2138 1446 2194 magnes,
1479 2122 1703 2177 occulta
1751 2130 1974 2176 naturae
2016 2122 2069 2177 vi
2119 2123 2337 2177 ferrum
2382 2122 2643 2189 trahens,
2677 2137 2744 2176 ac
2775 2120 3156 2176 durissimam
3207 2119 3472 2173 omnium
3524 2113 3799 2170 materiam

425 2205 536 2260 sibi
569 2206 884 2262 asciscens.

500 2296 647 2350 407
685 2295 900 2351 XXXII.
936 2296 1151 2352 Verum
1201 2299 1354 2353 enim
1402 2299 1525 2353 fieri
1574 2316 1686 2355 non
1730 2304 1976 2370 poterat,
2015 2304 2076 2354 ut

429 2382 650 2438 invidia
674 2385 794 2438 haec
817 2385 1010 2455 ferret,
1063 2393 1238 2456 atque
1291 2387 1604 2442 Ecclesiam
1650 2387 1908 2459 pristinas
1957 2387 2075 2458 glo-

427 2472 526 2526 rias
561 2489 678 2527 suae
711 2475 1004 2544 veterique
1034 2475 1274 2530 sanitati
1308 2477 1864 2545 restitutam,videre
1894 2477 2074 2531 susti-

432 2567 614 2630 neret,
648 2562 882 2617 dissecti
931 2564 1211 2618 nimirum
1261 2566 1524 2635 partibus
1572 2566 1876 2620 celerrima
1923 2566 2073 2620 cica-

429 2652 592 2714 trice,
657 2650 814 2705 velut
871 2652 926 2704 in
986 2668 1248 2722 corpore,
1324 2655 1613 2708 obductis.
1685 2655 2072 2720 Quamobrem

427 2738 840 2809 imperatorem
873 2741 1152 2796 adversus
1183 2759 1315 2796 eum
1349 2745 1577 2808 excitat,
1609 2747 1667 2797 in
1700 2745 1924 2809 eodem,
1961 2760 2074 2814 quo

429 2826 556 2898 ipse
588 2828 933 2884 defectionis
966 2831 1211 2886 crimine
1243 2838 1769 2903 versantem,atque
1795 2833 2075 2904 improbi-

429 2918 546 2970 tate
577 2932 798 2986 parem,
831 2921 1090 2989 tempore
1116 2919 1239 2974 solo
1272 2921 1690 2991 posteriorem;
1726 2923 1825 2992 qui
1851 2922 2076 2993 primus

433 3003 900 3061 Christianorum
955 3008 1374 3080 imperatorum
1436 3011 1714 3066 adversus
1779 3011 2075 3066 Christum

432 3093 627 3148 furore
659 3096 934 3165 percitus,
967 3103 1142 3168 atque
1173 3097 1493 3168 impietatis
1525 3099 2075 3170 basiliscum,quem

435 3181 618 3236 multo
651 3189 785 3258 ante
828 3187 1208 3256 parturiebat,
1261 3187 1458 3242 oblata
1506 3190 1831 3254 occasione,
1881 3188 2076 3244 subito

432 3271 812 3340 perfundens,
845 3274 1022 3328 simul
1058 3282 1231 3346 atque
1260 3276 1578 3347 imperator
1612 3278 1942 3333 declaratus
1964 3283 2074 3342 est,

2253 2299 2370 2353 AB'.
2429 2295 2582 2353 Ἀλλ’
2632 2295 2694 2350 οὗ
2742 2297 2845 2370 γὰρ
2890 2293 3094 2366 ἔμελλε
3143 2297 3310 2348 ταῦτα
3340 2291 3503 2346 οἷ’σειν
3542 2291 3570 2344 ὁ
3602 2288 3795 2367 φθόνος,

2183 2383 2308 2440 οὐδὲ
2356 2387 2454 2454 τὴν
2505 2383 2830 2454 Ἐκκλησίαν
2884 2386 3024 2459 ὁρῶν
3073 2383 3338 2452 ἀνέξεσθαι
3388 2378 3557 2434 πάλιν
3603 2378 3682 2433 ἐπὶ
3722 2379 3804 2444 τῆς

2185 2473 2349 2542 αὐτῆς
2399 2471 2584 2544 δόξης,
2636 2473 2725 2527 καὶ
2776 2479 2876 2541 τῆς
2924 2470 3160 2532 παλαιᾶς
3221 2469 3442 2546 ὑγιείας,
3473 2464 3803 2543 τάχιστατοῦ

2186 2561 2472 2624 διεστῶτος
2505 2561 2950 2631 συννυλωθέντος,
2993 2559 3173 2634 ὣσπερ
3204 2558 3254 2612 έν
3287 2559 3497 2629 σώματι
3555 2560 3679 2626 (11).
3725 2553 3806 2608 Διὰ

2182 2655 2342 2704 τοῦτο
2394 2649 2733 2719 ἐπανίστησιν
2786 2649 2929 2720 αὐτῷ
2972 2649 3062 2703 τὸν
3109 2646 3502 2711 συναποστάτην
3561 2648 3667 2717 (12)
3703 2645 3804 2697 ἔαυ-

2183 2744 2262 2811 τῷ
2316 2737 2561 2813 βασιλέα,
2602 2739 2690 2792 καὶ
2742 2739 2841 2806 τὴν
2891 2737 3076 2792 κακίαν
3126 2736 3422 2808 ὁμότιμον,
3456 2735 3644 2809 χρόνῳ
3677 2731 3804 2804 μόνῳ

2187 2826 2532 2900 λειπόμενον·
2611 2828 2668 2889 ὃς
2722 2830 2836 2901 (13)
2889 2831 3105 2902 πρῶτος
3159 2829 3494 2899 Χριστιανῶν
3563 2820 3803 2898 βασιλίων

2184 2918 2319 2971 κατὰ
2347 2921 2579 2992 Χριστοῦ
2622 2916 2823 2990 μανεὶς,
2853 2916 2944 2969 καὶ
2983 2913 3041 2969 ὅν
3091 2911 3248 2968 ὣδινε
3283 2913 3563 2988 πόρῥωθεν
3607 2911 3654 2964 ἐν
3701 2910 3804 2963 lau-

2184 3011 2261 3078 τῷ
2296 3005 2610 3081 βασιλίσκον
2640 3012 2740 3074 τῆς
2772 2999 3014 3066 ἀσεϐείας
3045 3003 3342 3079 ἀναρῥήξας
3393 3002 3630 3075 ἀθρόως,
3677 2999 3805 3053 im:-

2187 3094 2253 3163 δὴ
2297 3095 2481 3170 καιρὸν
2535 3089 2744 3166 ἔλαϐεν,
2797 3095 2938 3166 ὁμοῦ
2990 3113 3052 3147 τι
3112 3092 3462 3164 αὐτοκράτωρ
3514 3087 3803 3144 ἀναδείκνυ-

2183 3205 2291 3250 ται,
2345 3183 2433 3237 καὶ
2483 3184 2645 3244 κακὸς
2696 3183 2790 3256 μὲν
2839 3182 2961 3258 περὶ
2993 3181 3081 3236 τὸν
3122 3180 3478 3235 πιστεύσαντα
3514 3177 3730 3253 βασιλέα
3755 3176 3810 3228 τὰ

2191 3270 2438 3348 βασίλεια
2488 3275 2600 3346 (14)
2648 3271 2876 3345 γίνεται,
2923 3269 3124 3326 κακίων
3175 3267 3232 3324 δὲ
3279 3269 3401 3344 περὶ
3432 3269 3525 3323 τὸν
3563 3265 3810 3322 σεσωκότι

432 3358 654 3426 statim,
679 3365 735 3415 et
761 3378 899 3432 erga
922 3363 1356 3434 imperatorem,
1387 3366 1484 3436 qui
1517 3366 1703 3437 ipsius
1735 3366 1870 3422 fidei
1891 3366 2075 3437 impe-

2193 3356 2340 3417 Θεόν⁸
2404 3361 2492 3416 καὶ
2560 3358 2799 3436 διωγμὸν
2861 3359 3026 3415 ἐννοιῖ
3079 3363 3186 3414 τῶν
3253 3360 3475 3413 πώποτε
3534 3355 3808 3433 γενομένων

432 3449 587 3504 rium
631 3453 1026 3516 commiserat,
1081 3453 1366 3523 improbe,
1422 3459 1479 3508 et
1520 3471 1664 3525 erga
1729 3455 1936 3524 Deum,
1985 3456 2079 3510 cui

433 3536 684 3592 salutem
715 3538 986 3604 debebat,
1019 3541 1346 3611 improbius
1378 3559 1439 3597 se
1489 3543 1656 3613 gerit,
1691 3559 1756 3597 ac
1809 3559 2080 3614 persecu-

431 3626 650 3680 tionem
676 3627 963 3693 omnium,
997 3645 1124 3700 quae
1158 3647 1419 3700 unquam
1455 3631 2080 3698 fuerunt,teterrimam

432 3714 762 3786 excogitat;
816 3720 1106 3787 quatenus
1162 3720 1606 3790 persuasionem
1675 3725 1730 3775 et
1791 3722 2081 3776 sermonis

433 3802 752 3858 blanditias
802 3806 1099 3876 tyrannidi
1159 3808 1489 3880 adjungens
1547 3809 1707 3880 (nam
1756 3825 1855 3864 eos
1904 3810 2080 3865 etiam

433 3892 814 3963 honores,qui
848 3895 921 3947 ob
953 3895 1277 3951 certamina
1303 3897 1478 3952 tribui
1503 3899 2082 3972 solent,martyribus

434 3981 751 4051 invidebat)
788 3984 1148 4040 lmutudinis
1182 3985 1415 4040 laudem
1467 3987 1524 4041 in
1578 3988 1824 4042 dubium
1857 4004 2084 4043 revoca-

433 4069 535 4122 bat
585 4070 892 4125 verborum
965 4089 1174 4144 nempe
1230 4074 1527 4144 captiones
1585 4081 1640 4129 et
1696 4077 1956 4146 argutias
2011 4077 2082 4132 ad

435 4171 628 4212 mores
660 4175 799 4213 suos
840 4163 1224 4227 transferens,
1271 4169 1393 4229 aut,
1421 4169 1487 4217 ut
1541 4165 1735 4219 verius
1791 4166 2016 4236 loquar,
2050 4183 2082 4219 a

436 4246 700 4300 moribus
731 4253 786 4300 et
818 4247 1036 4319 ingenii
1069 4250 1302 4304 vafrioie
1352 4253 1425 4306 ad
1460 4269 1527 4306 ea
1559 4252 1783 4308 scelera
1814 4254 2078 4310 studium

436 4334 760 4400 conferens,
791 4338 1216 4410 doemonisque,
1252 4342 1350 4410 qui
1384 4341 1571 4411 ipsius
1619 4348 1847 4411 pectore
1895 4344 2082 4399 domi-

435 4421 634 4476 cilium
670 4422 944 4493 habebat,
984 4434 1191 4494 artem,
1232 4429 1734 4501 multiplicemque
1765 4433 2080 4487 versutiam

435 4509 696 4565 imitans.
725 4511 826 4566 Ille
857 4514 1092 4583 quidem
1128 4534 1334 4587 parum
1358 4517 1623 4589 amplum
1647 4524 1822 4592 atque
1851 4522 2084 4591 pracla-

437 4613 568 4651 rum
600 4615 729 4653 esse
761 4601 1076 4658 arbitratus
1108 4610 1216 4672 est,
1255 4607 1584 4661 universam
1616 4608 2079 4666 Christianorum

2188 3449 2703 3525 ἀπανθρωπότατον,
2752 3447 2864 3521 ὅσῳ
2910 3449 2970 3503 τὸ
3037 3448 3256 3502 πιθανὸν
3305 3451 3377 3519 τῇ
3423 3442 3695 3521 τυραννίδι
3739 3441 3813 3513 μί-

2190 3541 2278 3611 ξας
2331 3538 2564 3616 (ἐφθόνει
2622 3539 2723 3614 γὰρ
2780 3543 2896 3599 τοῖς
2953 3538 3224 3612 πάσχουσι
3281 3537 3373 3590 καὶ
3423 3538 3528 3603 τῆς
3588 3533 3671 3588 ἐπὶ
3715 3535 3812 3590 τοῖς

2191 3629 2379 3690 ἄθλοις
2411 3630 2622 3701 τιμῆς),
2656 3623 2965 3706 ἀμφίϐολον
2996 3626 3167 3681 ἐποίει
3197 3626 3287 3680 καὶ
3313 3627 3376 3680 τὸ
3428 3632 3532 3693 τῆς
3595 3620 3816 3695 ἀνδρείας

2192 3716 2507 3793 φιλότιμον·
2542 3718 2638 3778 τὰς
2689 3716 2739 3770 ἐν
2781 3722 2895 3777 τοῖς
2945 3715 3134 3790 λόγοις
3186 3716 3419 3790 στροφὰς
3478 3713 3572 3768 καὶ
3627 3709 3817 3768 πλοκὰς

2190 3805 2276 3860 ἐπὶ
2306 3807 2395 3860 τὸν
2424 3805 2627 3878 τρόπον
2660 3808 2772 3877 (15)
2802 3805 3157 3878 μετενεγκὼν,
3206 3804 3265 3873 ἢ,
3315 3804 3374 3858 τό
3431 3824 3491 3878 γε
3549 3801 3821 3870 ἀληθέστι·

2193 3916 2284 3971 ρον
2314 3895 2505 3951 εἰπεῖν.
2539 3894 2644 3949 ἀπὸ
2700 3899 2795 3948 τοῦ
2853 3893 3078 3970 τρόπου,
3137 3893 3225 3947 καὶ
3277 3892 3404 3968 περὶ
3454 3892 3630 3945 ἐκεῖνα
3673 3909 3820 3941 σπου-

2193 3982 2376 4055 δάσας,
2431 3983 2520 4038 καὶ
2577 3983 2668 4037 τὸν
2727 3981 2932 4038 ἕνοικον
2989 3980 3136 4054 αότῷ
3193 3981 3435 4056 πονηρὸν
3473 3987 3574 4047 τῆς
3603 3976 3822 4031 πολυτιε

2191 4071 2350 4148 χνίας
2389 4072 2750 4145 μιμούμενος.
2785 4069 2952 4132 Οὗτος
3002 4071 3193 4146 μικρὸν
3245 4070 3337 4143 μὶν
3391 4067 3551 4143 ἔργον
3599 4066 3824 4137 ἐνόμισεν

2193 4164 2327 4217 εἶναι
2373 4163 2435 4216 τὸ
2496 4167 2598 4215 πᾶν
2656 4165 2760 4215 τῶν
2829 4162 3160 4236 Χριστιανῶν
3227 4158 3669 4232 παραστήσασθαι
3727 4152 3825 4224 (16)

2190 4251 2360 4326 γένος·
2449 4249 2581 4325 μέγα
2652 4247 2708 4304 δὲ
2774 4249 2837 4303 τὸ
2897 4247 3210 4302 Ἀθανασίυυ
3266 4249 3554 4321 κρατῆσαι,
3609 4245 3826 4306 καὶτῆς

2191 4339 2395 4393 ἐκείνου
2453 4337 2577 4411 περὶ
2633 4337 2723 4392 τὸν
2786 4335 2950 4411 λόγον
3008 4339 3167 4408 ἡμῶν
3222 4333 3524 4408 δυνάμεως.
3589 4333 3686 4386 Καὶ
3738 4329 3826 4402 γὰρ

2193 4429 2336 4504 ἑώρα
2389 4424 2555 4499 μηδὲν
2604 4425 2660 4481 δν
2712 4425 2859 4497 αὐτῷ
2907 4423 3072 4480 πλέον
3115 4427 3222 4499 (17)
3252 4431 3354 4492 τῆς
3383 4425 3501 4486 καθ’
3534 4425 3694 4494 ἡμῶν
3725 4418 3826 4472 έπι-

2192 4515 2364 4585 νοίας,
2428 4514 2515 4570 διὰ
2568 4516 2667 4583 τήν
2715 4513 2812 4570 τοῦ
2860 4513 3051 4587 ἀνδρὸς
3103 4511 3514 4586 ἀντιπαράταξιν
3551 4510 3643 4565 καὶ
3701 4504 3826 4562 ἀντί-

2193 4607 2356 4659 θεσιν·
2406 4603 2487 4658 ἀεὶ
2538 4608 2636 4658 τοῦ
2701 4603 3027 4676 κινουμένου
3090 4605 3426 4677 Χριστιανῶν
3491 4596 3828 4670 ἀναπληρου·

437 4685 733 4742 nationem
761 4690 1006 4760 imperio
1030 4710 1135 4747 suo
1167 4695 1475 4763 subjicere;
1503 4712 1786 4768 magnum
1810 4705 2004 4753 autem
2028 4702 2075 4754 el

439 4773 753 4799 -\.._.’..-.-_.
794 4779 908 4799 0-”:
945 4782 988 4799 λε
1023 4781 1097 4799 Διὶ
1279 4782 1289 4793 ~
1450 4785 1460 4795 ο
1677 4786 1685 4796 ο
1759 4787 1812 4799 Α.
1875 4787 1885 4799 .
1931 4788 1964 4799 ,ο

2198 4693 2383 4767 μένου,
2417 4691 2505 4747 διὰ
2532 4699 2632 4762 τῆς
2665 4691 2993 4761 Ἑλληνικῆς
3026 4693 3370 4767 προσθήκης,
3421 4689 3509 4743 καὶ
3559 4695 3662 4757 τῆς
3710 4683 3825 4739 ἐκτί-

2443 4784 2452 4799 1
2672 4780 2698 4799 ιν
2811 4783 2824 4797 \
3003 4778 3050 4799 I3
3092 4781 3112 4799 ν
3244 4785 3281 4799 ηπ
3319 4784 3344 4794 ~
3387 4780 3398 4799 9
3501 4779 3523 4796 Γ
3631 4776 3645 4799 3
3721 4779 3792 4799 -5,_

437 4773 692 4845 gloriosu
704 4794 758 4832 m
794 4779 992 4845 foré,si
1008 4781 1397 4838 Athanasium
1412 4785 1460 4853 ej
1473 4786 1732 4857 usquein
1755 4787 2086 4844 Christiana

512 4921 580 4989 (5)
609 4920 817 4977 Ἑαυτό.
854 4923 947 4978 Sic
981 4924 1241 4982 melioris
1273 4930 1419 4982 notae
1465 4928 1693 4985 codices
1741 4935 1797 4985 et
1826 4930 2079 4988 Nicetas.

439 4991 603 5067 In
622 5035 629 5046 .
650 5037 662 5057 ,
694 4993 880 5067 ἑαυτόν
911 4994 1130 5067 [recte].

622 5063 990 5140 Συναγόντὼν.
1025 5063 1299 5122 Nonnulli
1333 5071 1577 5135 addunt,
1627 5069 1854 5125 πολλῶν
1888 5067 2080 5130 ὄντων.

484 5137 865 5223 ’(ΊλἙαυτοῦ.
929 5140 1023 5194 Sic
1085 5147 1202 5196 tres
1262 5140 1440 5214 Regg.
1500 5148 1558 5198 et
1613 5144 1789 5200 Savil.
1853 5146 1915 5199 ln
1964 5147 2080 5212 ed.,

440 5226 624 5263 αυτου.

514 5280 590 5357 (8)
623 5283 954 5357 Πεπτωκοτα
983 5281 1072 5334 τὸν
1103 5279 1285 5353 λόγον.
1337 5284 1428 5338 Sic
1466 5283 1735 5357 ‘quinque
1785 5290 1959 5357 Regg.
2020 5287 2082 5343 In

514 5301 590 5349 (ο)
628 5301 954 5333 ιιεπτωκοτα
983 5302 1072 5334 τον
1105 5301 1285 5353 Λογον.
1337 5301 1428 5338 διο
1473 5301 1735 5356 qumque
1785 5301 1860 5339 ne
1905 5302 1959 5357 g.
2021 5301 2081 5343 1n

444 5351 822 5428 quibusdam,
856 5353 922 5405 τὰ
951 5357 1273 5410 πεπτωκότα
1322 5358 1419 5408 τοῦ
1466 5352 1656 5427 λόγου.
1711 5362 1770 5410 In
1822 5301 1937 5428 ei,
1987 5378 2081 5411 πε-

443 5421 698 5497 πτωκότα
729 5421 913 5497 λόγον.

516 5493 994 5570 (9)]’ριᾲς-πάλιν.
1027 5499 1166 5552 Tres
1200 5500 1402 5570 Regg.,
1433 5494 1596 5548 πάλιν
1629 5497 1807 5570 Τριάς.

519 5565 630 5636 (IO)
660 5565 750 5620 Τό.
779 5567 839 5621 In
871 5570 1192 5636 nonnullis,
1221 5565 1342 5623 τόνῖ

663 5637 905 5706 Σώματι.
943 5645 1119 5712 Regg.
1151 5634 1206 5706 d7,
1244 5641 1338 5712 ph.
1364 5638 1457 5712 Or.
1496 5640 1545 5705 1,
1573 5640 1814 5712 σώμασι.

518 5706 628 5775 (12)
695 5706 1131 5780 Συναποστάεῖηνν.
1217 5706 1409 5766 Schol.
1486 5727 1500 5765 :
1571 5706 1865 5768 Ἰουλιανὸν
1936 5712 2085 5788 λέγει

2193 4805 2288 4838 νου
2337 4784 2622 4853 συνέσεως,
2667 4780 2698 4837 ὅ
2737 4783 2827 4836 καὶ
2875 4778 3200 4857 παράδοξον.
3244 4780 3398 4834 Ταῦτ’
3463 4779 3558 4833 οὗν
3627 4776 3826 4839 ἐννοῶν,

2195 4950 2224 4980 ‹‹
2253 4927 2552 4984 Julianum
2587 4926 2745 4982 dicit.
2781 4947 2809 4978 »

2263 5001 2377 5068 (13)
2439 5000 2558 5059 "Oc.
2601 4999 2695 5054 Sic
2759 5000 2875 5053 duo
2943 4997 3121 5070 Regg.
3190 5001 3246 5051 et
3311 5011 3517 5052 novem
3589 4993 3708 5050 Col.
3773 4991 3824 5045 ln

2194 5073 2285 5128 ed.
2321 5072 2369 5126 ὁ.
2763 5078 2766 5084 “

2264 5143 2378 5214 (14)
2430 5141 2520 5215 Τὰ⁸
2565 5137 2834 5215 βασίλεια.
2890 5140 3122 5215 Nicetes
3176 5157 3188 5194 :
3233 5139 3339 5204 Τὴν
3406 5142 3502 5215 του
3581 5137 3826 5215 [inierang

2194 5211 2393 5287 apxiﬁxi-
2437 5235 2457 5262 ι
2493 5211 2734 5287 Qefsaris
2762 5212 3134 5287 dignitatem.
3166 5230 3192 5262 ι
3250 5215 3390 5287 V_o_x,
3435 5211 3538 5266 illa
3592 5212 3749 5287 deest
3776 5211 3821 5287 in

2196 5275 2400 5342 multis
2431 5285 2598 5339 codd.
2649 5275 2968 5340 RetinEnda
3017 5289 3210 5338 tamen
3262 5275 3509 5346 videtur,
3556 5275 3822 5352 quidquid

2196 5360 2350 5412 dicat
2381 5357 2671 5411 variarum
2698 5356 3012 5411 lectionum
3048 5355 3341 5411 oollector.

2264 5429 2376 5500 (l5)
2407 5426 2528 5480 Ἐπὶ
2556 5427 2644 5481 τὸν
2676 5425 2899 5501 τρόπον.
2932 5446 2962 5477 ε
2996 5427 3080 5482 Ad
3113 5426 3415 5498 ingenium
3463 5423 3819 5490 indolemque

2193 5503 2566 5556 transferens.
2603 5522 2629 5547 »

2266 5573 2378 5645 (16)
2430 5570 2901 5645 [Inpote‘nﬁcmeah
2951 5569 3046 5624 Sic
3095 5569 3232 5640 Reg.
3281 5568 3338 5623 d.
3387 5566 3516 5634 Alii,
3562 5561 3817 5636 παραστή-

2197 5644 2398 5706 σεσθαι,
2436 5641 2629 5698 minus
2657 5648 2829 5699 recte.
2863 5641 3019 5695 Em'r.

2267 5714 2518 5786 (17)Ἠὶο
2549 5715 2753 5771 deesse
2781 5714 3030 5780 videtur,
3063 5707 3142 5766 ἐκ.
3175 5710 3338 5766 Enrr.
