4094 6212
303 448 452 510 1131

1227 446 1522 508 ORATIO
1565 444 1926 508 XXI.—IN
1970 446 2297 511 LAUDEM
2345 451 2787 514 ATHANASII.

3557 452 3713 515 “22

301 582 392 637 καὶ
425 582 563 655 ὁρῶν
594 580 621 634 ὁ
654 576 821 640 δεινὸς
860 577 1059 639 ἐκεῖνος
1107 577 1517 655 παραλογιστής
1557 580 1647 634 καὶ
1690 576 1950 651 διώκτης,
1983 584 2004 649 Α

2109 586 2331 640 octrina
2360 586 2477 642 vim
2523 592 2579 643 et
2613 589 2945 643 facultatem
2979 590 3300 657 superaret.
3330 586 3719 655 Perspiciebat

305 669 430 726 οὐδὲ
462 669 548 724 ἰπὶ
574 673 672 723 τοῦ
700 667 1021 739 πλάσματος
1053 664 1131 721 ἔτι
1166 666 1311 739 μένει
1359 668 1447 721 καὶ
1495 675 1594 737 τῆς
1637 676 1954 746 σοφιστικῆς

307 757 707 831 ἀνελευθερίας·
762 755 909 811 ἀλλά
961 758 1061 825 τήν
1111 756 1372 829 πονηρίαν
1422 760 1750 831 γυμνώσας,
1798 779 1955 835 φανε-

309 853 417 924 ρῶς
470 846 777 923 ὑπερορίζει
824 846 916 900 τὸν
981 844 1148 919 ἄνδρα
1201 853 1302 915 τῆς
1349 845 1604 907 πόλεως.
1656 844 1804 903 Ἔδει
1854 848 1957 921 γὰρ

305 936 452 1012 τρισὶ
504 934 844 1007 παλαίσμασι
895 936 1006 1007 (18)
1052 934 1145 988 τὸν
1193 932 1448 1010 γεννάδαν
1497 936 1821 1006 νικήσαντα,
1868 956 1957 989 τε-

313 1023 461 1085 )είας
487 1028 676 1098 τυχεῖν
707 1023 796 1077 καὶ
825 1028 924 1091 τῆς
955 1022 1324 1098 ἀναρρήσεως.

2067 673 2221 727 enim
2270 674 2417 729 nihil
2473 677 2583 730 sibi
2617 694 2685 731 ex
2715 678 2839 732 suis
2870 678 2929 731 in
2962 692 3065 731 nos
3112 674 3374 729 consiliis
3423 676 3717 738 accedere,

2068 762 2221 831 quod
2255 763 2538 818 adversus
2568 781 2699 819 eum
2735 766 2791 819 in
2816 766 2937 819 acie
2959 768 3139 819 staret
3161 763 3541 827 Athanasius,
3567 765 3723 832 ejus-

2068 866 2182 920 que
2212 854 2521 908 conatibus
2572 854 2898 910 obsisteret.
2938 856 2996 909 Id
3049 854 3231 918 enim,
3264 852 3419 923 quod
3454 868 3520 905 ex
3553 852 3717 906 Chri—

2068 938 2276 993 stianis
2308 941 2638 1013 decedebat,
2672 943 2978 1015 gentilium
3033 940 3363 997 accessione
3413 940 3722 1012 ipsiusque

2070 1028 2381 1098 prudentia
2421 1030 2678 1101 quotidie
2722 1032 3126 1102 supplebatur,
3159 1031 3215 1083 id
3247 1030 3400 1100 quod
3435 1045 3574 1084 sane
3607 1030 3721 1083 mi-

317 1115 568 1170 randum
600 1118 741 1169 erat.
772 1115 905 1178 Quae
938 1129 1072 1168 cum
1117 1112 1367 1169 callidus
1416 1113 1512 1169 ille
1560 1114 1843 1185 impostor
1890 1118 1947 1169 et
1993 1121 2333 1186 persecutor
2362 1119 2850 1174 animadverteret
2894 1125 2951 1173 et
2995 1123 3275 1183 cerneret,
3311 1134 3382 1172 ne
3413 1134 3723 1188 personam

317 1205 557 1276 quidem
589 1202 813 1257 diutius
861 1203 1029 1271 ferre,
1062 1219 1128 1257 ac
1178 1202 1501 1273 sophistica
1548 1207 1604 1258 et
1651 1201 1843 1258 servili
1894 1202 2365 1259 dissimulatione
2397 1206 2481 1260 uti
2513 1207 2830 1273 sustinuit;
2860 1222 3061 1260 verum
3117 1206 3297 1260 animi
3348 1206 3727 1275 perversitate

316 1293 565 1355 detecta,
600 1289 789 1361 palam
822 1295 1135 1362 aperteque
1166 1290 1462 1346 hominem
1494 1308 1524 1346 ο
1553 1290 1784 1346 civitate
1827 1292 2113 1346 exturbat.
2148 1293 2458 1365 Egregium
2496 1294 2653 1350 enim
2686 1296 2875 1349 virum
2908 1294 3120 1363 triplici
3154 1294 3470 1348 certamine
3498 1294 3731 1350 vincere

318 1380 643 1452 oportebat,
676 1384 740 1433 ut
771 1378 1093 1449 perfectum
1125 1378 1298 1434 etiam
1334 1379 1683 1451 preconium
1714 1384 2192 1450 consequeretur.

394 1468 513 1523 Al".
546 1467 749 1541 Μικρὸν
798 1465 861 1519 τὸ
909 1465 960 1519 ἐν
1017 1464 1186 1538 μέσῳ,
1232 1466 1322 1521 καὶ
1372 1468 1602 1542 Πέρσαις
1649 1467 1742 1539 μὶν
1771 1468 1806 1535 ἡ
1840 1463 1962 1536 δίκη

323 1554 488 1611 δοῦσα
512 1555 604 1609 τὸν
637 1552 941 1626 ἀλιτήριον,
986 1553 1095 1608 ἐκεῖ
1141 1552 1366 1623 δικάζει·
1397 1556 1487 1610 καὶ
1542 1554 1767 1630 βασιλέα
1814 1555 1968 1633 φιλό-

319 1666 482 1719 τιμον
532 1643 975 1718 παραπέμψασα,
1024 1644 1211 1720 νεκρὸν
1266 1644 1535 1721 ἐπανάγει,
1590 1644 1731 1719 μηδὲ
1777 1643 1968 1700 ἐλεού-

327 1753 508 1808 μενον·
545 1733 621 1795 ὡς
671 1730 729 1788 δὶ
782 1731 893 1808 ἐγώ
937 1732 1084 1795 τινός
1136 1754 1219 1787 σοι
1270 1736 1383 1807 (19)
1425 1731 1653 1806 ἤκουσα,
1704 1730 1843 1807 μηδὲ
1891 1736 1970 1805 τῷ

322 1843 479 1900 ταφῳ
530 1816 1111 1897 προσλαμϐανόμενον,
1170 1821 1296 1877 ἀλλ’
1354 1822 1457 1877 ὑπὸ
1512 1825 1612 1891 τῆς
1667 1820 1969 1891 σεισθείσης

2147 1468 2389 1526 XXXIII.
2447 1470 2571 1527 Non
2631 1470 2887 1526 multum
2946 1470 3228 1541 temporis
3294 1469 3729 1533 intercesserat,

2078 1573 2210 1612 cum
2254 1558 2506 1631 impium
2558 1559 2725 1613 illum
2777 1563 2834 1613 et
2884 1557 3234 1629 sacrilegum
3271 1558 3341 1611 ad
3396 1561 3599 1611 Persas
3646 1556 3734 1611 vis

2078 1646 2340 1701 numinis
2372 1647 2550 1702 ultrix
2579 1647 2829 1719 ablegat.
2863 1646 3097 1713 illicque
3130 1662 3370 1700 causam
3402 1645 3728 1716 disceptet:

2077 1739 2135 1789 et
2165 1752 2334 1803 quem
2369 1736 2747 1808 magniﬁcum
2777 1741 2832 1790 et
2857 1734 3097 1789 honoris
3130 1733 3450 1804 cupiditate
3481 1732 3735 1803 ﬂagran-

2078 1828 2197 1878 tem
2262 1825 2705 1894 transmiserat,
2773 1823 3045 1878 eumdem
3115 1828 3416 1878 mortuum
3484 1821 3733 1886 reducit,

328 1909 397 1967 δι’
423 1911 582 1965 αὐτὸν
612 1916 716 1984 γῆς
746 1909 1134 1982 ἀποσειόμενον
1184 1910 1274 1965 καὶ
1323 1906 1811 1986 ἀναϐρασσόμενον·
1845 1929 1976 1985 προ-

2104 1912 2236 1967 ιθϐ
2268 1928 2340 1967 ne
2380 1912 2755 1968 miseratione
2805 1912 3043 1983 quidem
3090 1926 3447 1982 quemquam
3502 1925 3730 1980 permo-

329 1999 531 2073 οίμιον,
581 1999 757 2071 οἶμαι,
803 2004 903 2067 τῆς
951 1998 1149 2061 ἐκεῖθεν
1194 1996 1506 2061 κολάσεως.
1564 1999 1867 2056 Ἀνίσταται
1918 1996 1977 2053 δὲ

335 2087 589 2164 βασιλεὺς
619 2083 803 2161 ἕτερος
832 2089 966 2160 (20),
1017 2086 1115 2141 οὐκ
1156 2085 1381 2156 ἀναιδὴς
1427 2092 1505 2159 τῷ
1534 2089 1814 2161 προσώπῳ
1843 2088 1979 2141 κατὰ

329 2178 420 2232 τὸν
449 2177 864 2251 προειρημένον,
900 2173 1025 2230 οὐδὲ
1068 2181 1185 2239 τοῖς
1233 2182 1497 2253 πονηροῖς
1528 2175 1705 2252 ἔργοις
1747 2176 1836 2231 καὶ
1868 2175 1979 2231 ἆπι-

330 2266 546 2327 στάταις
594 2259 864 2328 ἔκθλίϐων
914 2265 1005 2319 τὸν
1058 2263 1299 2340 Ἰσραὴλ,
1335 2263 1481 2321 ἀλλὰ
1528 2266 1617 2320 καὶ
1671 2264 1789 2321 λίαν
1833 2265 1977 2319 εὐσε-

332 2350 437 2424 ϐής
464 2374 522 2409 τε
550 2354 640 2407 καὶ
679 2352 908 2427 ἥμερος·
957 2352 1039 2421 ὃς,
1086 2351 1179 2408 *ίνα
1221 2354 1445 2429 ἀρίστην
1492 2356 1664 2425 εαυτῷ
1711 2355 1979 2423 καταστή-

333 2463 496 2512 σηται
525 2443 639 2512 (21)
684 2442 783 2508 τὴν
834 2447 934 2511 τῆς
988 2439 1264 2515 βασιλείας
1308 2440 1570 2516 κρηπῖδα,
1599 2442 1689 2497 καὶ
1738 2441 1856 2497 ὅθεν
1901 2441 1982 2497 δεῖ

332 2532 469 2603 (22),
498 2537 602 2599 τῆς
635 2528 891 2602 εὐνομίας
924 2530 1170 2603 ἄρξηται,
1206 2529 1324 2584 Λύει
1358 2532 1451 2603 μὶν
1501 2536 1616 2592 τοῖς
1664 2530 1979 2592 ἐπισκόποις

332 2619 433 2687 τήν
483 2617 711 2693 ἐξορίαν,
761 2622 879 2671 τοῖς
923 2638 982 2672 τε
1030 2616 1223 2681 ἄλλοις
1272 2619 1456 2688 ἅπασι,
1486 2620 1576 2674 καὶ
1620 2622 1725 2695 πρὸ
1767 2621 1980 2675 πάντων

334 2707 416 2778 τῷ
448 2707 554 2781 πρὸ
585 2708 798 2760 πάντων
829 2707 928 2774 τὴν
959 2706 1179 2781 ἀρετὴν,
1228 2707 1317 2762 καὶ
1364 2705 1665 2783 προδήλως
1852 2709 1982 2784 ὑπὲρ

336 2803 435 2864 τῆς
470 2790 739 2857 εὐσεϐείας
770 2794 1159 2867 πολεμηθίντι.
1211 2802 1369 2867 Ζητεῖ
1417 2795 1474 2851 δὶ
1522 2804 1622 2866 τῆς
1671 2800 1789 2861 καθ’
1836 2800 1986 2871 ἡμᾶς

348 2882 580 2945 πίστεως
632 2884 731 2952 τήν
796 2881 1094 2955 ἀλήθειαν,
1129 2884 1232 2939 ὑπὸ
1290 2883 1516 2940 πολλῶν
1576 2882 1983 2940 διασπασθεῖσαν

340 2972 429 3026 καὶ
480 2973 871 3046 συγχυθεῖσαν,
920 2973 1010 3027 καὶ
1061 2972 1138 3034 εἰς
1186 2972 1399 3035 πολλὰς
1450 2971 1603 3044 δόξας
1650 2974 1739 3029 καὶ
1793 2974 1988 3048 μοίρας

340 3058 731 3132 νενεμημένην·
794 3059 931 3115 ὥστε
990 3060 1226 3134 μάλιστα
1286 3062 1380 3134 μὲν
1434 3063 1525 3116 τὸν
1571 3062 1776 3135 κόσμον
1833 3062 1986 3131 ὅλον,

342 3148 387 3203 εἰ
421 3144 533 3203 οἷόν
559 3170 639 3221 τε,
672 3156 1025 3226 συμφωνῆσαι
1055 3151 1187 3223 (24),
1217 3150 1306 3204 καὶ
1356 3150 1429 3212 εἰς
1458 3150 1513 3205 ἓν
1546 3149 1721 3215 ἐλθεῖν
1767 3151 1836 3226 τῇ
1869 3174 1988 3207 συν-

2084 2007 2313 2056 ventem
2347 2019 2359 2056 :
2396 2002 2536 2071 imo,
2563 2006 2627 2056 ut
2667 2000 2812 2055 mihi
2860 1999 3156 2071 quispiam
3214 1998 3489 2065 narravit,
3523 2014 3629 2053 nec
3661 1997 3733 2052 ad

2086 2090 2449 2162 sepulturam
2501 2095 2899 2161 assumptum,
2940 2090 3041 2143 sed
3091 2105 3124 2143 a
3172 2095 3341 2156 terra,
3371 2103 3498 2157 quae
3549 2085 3738 2156 ipsius

2086 2196 2265 2234 causa
2285 2180 2517 2234 turbata
2538 2180 2745 2246 fuerat,
2770 2194 3105 2241 excussum,
3131 2182 3390 2246 aestuque
3410 2174 3740 2230 vehementi

2088 2269 2408 2339 projectum
2436 2283 2449 2323 :
2475 2267 2863 2338 insequentis,
2888 2270 2952 2320 ut
2974 2266 3202 2337 Opinor,
3226 2263 3498 2336 supplicii
3533 2262 3739 2335 prtelu-

2088 2356 2275 2412 dium.
2309 2357 2510 2429 Surgit
2538 2361 2733 2411 autem
2767 2354 2914 2410 alter
2943 2354 3282 2426 imperator,
3316 2353 3461 2407 facie
3491 2351 3737 2407 minime

2090 2444 2426 2516 impudens,
2458 2445 2957 2515 quemadmodum
3008 2442 3078 2507 is,
3111 2442 3181 2496 de
3225 2457 3340 2512 quo
3389 2445 3524 2495 ante
3561 2440 3739 2494 verba

2093 2533 2360 2596 fecimus,
2394 2550 2497 2588 nec
2549 2533 2737 2604 pravis
2768 2532 3043 2603 operibus
3073 2535 3129 2585 et
3159 2545 3400 2600 operum
3453 2527 3739 2599 praefectis

2096 2622 2363 2676 Israelem
2385 2623 2745 2693 opprimens,
2761 2621 2860 2676 sed
2882 2621 3031 2674 mira
3052 2618 3265 2690 pietate
3284 2618 3584 2687 animique
3604 2615 3746 2671 leni-

2094 2717 2211 2766 tate
2232 2711 2507 2782 praeditus
2525 2728 2537 2776 ;
2558 2709 2753 2781 qui,ut
2770 2708 3231 2780 pulcherrimum
3255 2706 3486 2777 imperii
3505 2706 3595 2759 sui
3618 2705 3745 2758 fun-

2095 2801 2437 2854 damentum
2469 2801 2710 2869 jaceret,
2744 2805 3074 2866 rectamque
3119 2794 3317 2867 legum
3358 2794 3744 2858 sanctionem,

2097 2888 2253 2943 unde
2296 2888 2698 2951 conveniebat,
2737 2886 3156 2955 auspicaretur,
3192 2899 3324 2938 cum
3360 2898 3565 2937 omnes
3597 2880 3742 2935 alios

2096 2976 2420 3047 episcopos,
2444 2980 2570 3030 tum
2601 2991 2734 3030 eum
2769 2980 2903 3029 ante
2946 2988 3171 3036 omnes,
3195 2971 3297 3042 qui
3329 2969 3605 3026 omnibus
3625 2970 3741 3023 vir-

2096 3068 2221 3120 tute
2255 3065 2584 3136 prsastabat,
2608 3080 2673 3118 ac
2697 3064 2841 3118 citra
2861 3061 3283 3116 dubitationem
3307 3059 3487 3114 ullam
3514 3057 3745 3129 pietatis

2100 3170 2277 3209 causa
2308 3156 2680 3225 oppugnatus
2722 3152 2928 3217 fuerat,
2961 3152 3032 3204 ab
3064 3147 3266 3204 exsilio
3311 3154 3560 3203 revocat.
3594 3146 3744 3210 Quin

349 3237 498 3313 εργίᾳ
541 3241 639 3291 τοῦ
680 3236 1016 3309 1Ινεύματος·
1054 3238 1098 3292 εί
1153 3236 1210 3292 δὲ
1253 3238 1336 3305 οὓ,
1389 3237 1514 3293 ἀλλ’
1569 3240 1726 3295 αὐτόν
1775 3244 1889 3314 (25)
1927 3262 1991 3316 γε

2104 3242 2275 3297 etiam
2311 3241 2443 3296 ﬁdei
2477 3246 2689 3296 nostrae
2714 3243 3018 3295 veritatem
3052 3254 3085 3291 a
3115 3236 3317 3291 multis
3345 3235 3661 3291 laceratam
3693 3239 3751 3290 et

353 3326 485 3399 μετά
530 3328 628 3393 τῆς
682 3325 969 3400 βελτίστης
1011 3326 1272 3402 γενέσθαι,
1324 3327 1540 3403 κάκείνῃ
1584 3336 1880 3405 παρασχεῖν
1927 3330 1990 3384 τὸ

2104 3332 2519 3404 perturbatam,
2551 3334 2729 3400 atque
2760 3329 2820 3382 in
2853 3330 3154 3383 sexcentas
3187 3324 3493 3395 opiniones
3526 3328 3751 3395 partes-

348 3416 567 3489 κράτος,
600 3414 687 3468 καὶ
718 3416 846 3490 παρ’
875 3413 1084 3485 ἐκείνης
1121 3412 1456 3485 ἀντιλαϐεῖν,
1504 3416 1624 3472 λίαν
1676 3417 1904 3492 ὑψήλῶς
1934 3438 1992 3473 τε

349 3503 438 3557 καὶ
493 3500 925 3578 μεγαλοπρεπῶς
975 3524 1096 3576 περι
1139 3509 1246 3559 τῶν
1280 3506 1547 3580 μεγίστων
1583 3505 1989 3581 διανοούμενος.

350 3592 517 3645 Ἔνθα
548 3588 613 3659 δὴ
664 3591 752 3645 καὶ
802 3590 1038 3664 μάλιστα
1086 3590 1358 3669 διεδείχθη
1409 3599 1505 3649 τοῦ
1548 3594 1737 3672 ἀνδρὸς
1768 3598 1802 3665 ἡ
1833 3598 1993 3651 καθα-

355 3679 541 3754 ρότης,
595 3679 684 3733 καὶ
730 3680 793 3733 τὸ
849 3680 1129 3755 στερέωμα
1186 3688 1288 3750 τῆς
1336 3682 1411 3743 εἷς
1464 3684 1690 3756 Χριστὸν
1736 3684 1991 3745 πίστεως.

352 3772 467 3821 Τῶν
496 3768 599 3842 γάρ
631 3765 815 3822 ἄλλων
848 3768 1115 3834 ἀπάντων,
1150 3770 1265 3825 ὅσοι
1317 3776 1414 3826 τοῦ
1462 3774 1579 3827 καθ’
1626 3776 1771 3846 ἡμᾶς
1804 3773 1991 3850 λόγου,

348 3860 518 3929 τριχῆ
550 3855 951 3927 νενεμημένων,
984 3858 1069 3912 καὶ
1112 3857 1338 3914 πολλῶν
1390 3861 1484 3932 μὲν
1532 3857 1700 3915 όντων
1731 3866 1839 3917 τῶν
1870 3862 1993 3937 περὶ

347 3943 439 3996 τὸν
500 3943 621 3996 Υἱὸν
669 3943 1109 4019 ἀρῥωστούντων,
1168 3946 1438 4003 πλειόνων
1501 3946 1557 4003 δὲ
1610 3954 1716 4004 τῶν
1758 3951 1880 4025 περὶ
1929 3951 1993 4005 τὸ

353 4035 574 4103 Πνεῦμα
626 4032 688 4086 τὸ
736 4033 924 4107 ἅγιον,
979 4032 1101 4098 ἔνθα
1155 4036 1244 4090 καὶ
1291 4037 1354 4091 τὸ
1572 4040 1730 4107 ἧττον
1789 4035 1995 4094 ἀσεϐεῖν

354 4114 593 4173 εὐσέϐεια
624 4120 906 4193 ἐνομίσθη,
936 4121 1130 4197 ὀλίγου
1161 4127 1276 4197 (27)
1321 4122 1378 4180 δὲ
1420 4131 1526 4181 τῶν
1573 4130 1689 4182 κατ’
1719 4127 1998 4206 ἀμφότερα

355 4207 708 4281 ὑγιαίνοντος·
744 4216 959 4285 πρῶτος
992 4212 1081 4266 καὶ
1116 4213 1301 4285 μόνος,
1333 4216 1368 4284 ἢ
1400 4214 1604 4286 κομιδῆ
1641 4217 1731 4271 σὺν
1787 4217 1998 4294 ὀλίγοις

356 4295 652 4369 ἀποτολμᾷ
698 4299 797 4367 τήν
848 4298 1105 4370 ἀλήθειαν
1156 4307 1340 4381 σαφῶς
1388 4305 1587 4360 οὐτωσί
1633 4306 1721 4361 καὶ
1770 4305 2000 4383 διαῤῥή-

357 4382 479 4455 δην,
529 4390 634 4439 τῶν
684 4391 844 4462 τριῶν
899 4388 1023 4460 μίαν
1071 4390 1299 4461 θεότητα
1345 4392 1432 4447 καὶ
1483 4393 1662 4449 οὐσίαν
1710 4382 1997 4471 ἐγγράφως

357 4473 713 4548 ὁμολογήσας
743 4479 881 4547 (28)·
916 4477 1004 4532 καὶ
1037 4479 1065 4533 ’ὀ
1094 4484 1173 4551 τῷ
1202 4480 1400 4553 πολλῷ
1428 4486 1533 4537 τῶν
1586 4484 1838 4561 Ιίατέρων
1880 4488 1999 4560 ἀρι-

358 4564 484 4635 θμῷ
512 4566 625 4637 (29)
664 4566 787 4640 περὶ
835 4568 926 4620 τὸν
978 4568 1098 4622 Υἱὸν
1150 4567 1409 4645 ἐχαρίσθη
1470 4571 1734 4647 πρότερον
1769 4618 1783 4645 ,
1838 4579 2001 4630 τοῦτο
2032 4562 2078 4626 D

435 4760 542 4842 (18)
588 4761 737 4844 Τρισὶ
795 4760 1155 4844 παλαίσμασι.
1216 4790 1262 4844 «Δ
1296 4769 1529 4844 Triplici
1591 4771 1927 4827 certamine.
1980 4794 2009 4822 ι)

360 4832 712 4911 Tria‘sub‘iit
755 4837 959 4911 exsilia
990 4832 1361 4895 Athanasius.
1396 4832 1681 4911 Primum,
1717 4844 1826 4898 sub
1860 4847 2007 4898 Con-

360 4905 659 5030 ἓξιιῖρὲἒῐέω
694 4909 1041 4975 secundum,
1065 4912 1174 4965 sub
1206 4911 1580 4980 Constantio;
1610 4905 1866 4985 tertium,
1899 4919 2009 4972 sub

366 5046 549 5171 mg?)
580 5051 698 5105 Σοι.
736 5053 903 5105 Deest
933 5051 991 5106 in
1032 5052 1201 5109 Coisl.
1239 5053 1289 5124 1,
1334 5053 1429 5109 Or.
1466 5055 1516 5126 1,
1548 5054 1798 5128 aliisque
1827 5057 2009 5129 pluri-

367 5187 843 5314 νὶἑξίέθίίαριλεὺς
904 5189 1106 5269 ἕτερος.
1168 5194 1362 5251 Schol.
1412 5212 1425 5252 :
1485 5191 1769 5266 Ἰοϐιανός,
1832 5222 1857 5250 «ε
1907 5201 2010 5255 J0.

438 5331 551 5401 (21)
586 5334 1015 5409 Καταστήσηται.
1087 5338 1181 5409 Sic
1249 5339 1481 5409 Optima
1549 5346 1694 5396 notae
1762 5340 2013 5398 codices.

369 5400 615 5541 Egregia,
672 5400 998 5481 καταστήσῃ.
1054 5408 1165 5463 Alii
1212 5400 1345 5464 cuin
1399 5411 1592 5477 editis,
1632 5414 2013 5486 προκαταστή-

380 5546 822 5686 Ιῃ(ἷέ,Δὲἓ.8ἱο
852 5549 1047 5621 plures
1081 5551 1284 5624 Regg.,
1316 5552 1428 5608 duo
1457 5552 1657 5620 Coisl.,
1708 5560 1765 5611 et
1810 5559 1904 5612 Or.
1962 5556 2013 5611 1.

583 5684 924 5767 έξροδήλως.
958 5691 1110 5758 Par.,
1138 5690 1459 5767 προθύμως.

534 5755 659 5836 )Εί’
707 5755 826 5816 οἷόν
884 5782 962 5838 τε,
1022 5755 1403 5846 συμφωνῆσαι.
1464 5765 1554 5824 Sic
1614 5767 1791 5844 Regg.
1854 5788 1910 5847 α,
1964 5786 2017 5842 ο,

2102 3436 2215 3490 que
2262 3417 2624 3482 distractam,
2659 3416 2884 3486 quaerit,
2920 3418 2984 3468 ut
3034 3411 3284 3467 maxime
3329 3410 3568 3483 quidem
3621 3410 3753 3465 uni-

2098 3524 2306 3563 versus
2338 3506 2516 3573 orbis,
2550 3506 2598 3559 si
2635 3504 2759 3559 ﬁeri
2808 3508 3023 3575 posset,
3056 3502 3113 3557 in
3150 3500 3283 3555 ﬁdei
3332 3500 3563 3571 negotio
3612 3516 3750 3554 con-

2103 3594 2363 3663 sentiret,
2397 3593 2765 3664 Spiritusque
2796 3592 3014 3647 auxilio
3057 3591 3113 3645 in
3158 3606 3341 3644 unum
3393 3588 3576 3643 coiret
3604 3603 3617 3641 :
3650 3588 3739 3641 sin

2105 3686 2321 3746 minus,
2354 3684 2479 3754 ipse
2529 3687 2682 3736 certe
2726 3682 2959 3753 optima;
3012 3679 3159 3749 parti
3211 3694 3339 3732 sese
3381 3676 3746 3745 adjungeret,

2105 3772 2399 3841 simulque
2419 3775 2475 3826 et
2504 3771 2555 3824 ei
2578 3771 2757 3824 robur
2781 3769 3028 3835 afferret,
3052 3766 3199 3820 etab
3222 3781 3287 3820 ea
3308 3764 3564 3818 vicissim
3597 3763 3751 3817 acci-

2106 3867 2285 3932 peret,
2308 3860 2530 3914 excelse
2552 3857 2726 3913 simul
2760 3862 2817 3911 et
2847 3856 3154 3927 magniﬁce
3176 3855 3245 3907 de
3274 3853 3446 3907 rebus
3480 3850 3753 3906 maximis

2106 3949 2371 4021 cogitans
2424 3950 2611 4018 Atque
2642 3946 2734 3999 hic
2782 3944 3156 4015 potissimum
3189 3940 3547 3995 Athanasius
3595 3939 3756 4010 puri-

2107 4040 2245 4093 tatis
2277 4054 2398 4092 suaa
2428 4036 2680 4105 ﬁdeique
2714 4034 2769 4087 in
2805 4033 3097 4086 Christum
3134 4031 3315 4084 ﬁrmae
3346 4034 3403 4084 et
3432 4028 3759 4084 constantis

2108 4128 2403 4198 specimen
2429 4122 2787 4178 edidit.Nam
2813 4137 2946 4175 cum
2974 4120 3161 4175 caeteri
3186 4117 3529 4188 omnes,qui
3552 4115 3761 4171 doctri-

2110 4232 2245 4271 nam
2277 4218 2533 4268 nostram
2564 4212 3010 4281 proﬁtebantur,
3033 4207 3319 4263 trifariam
3345 4206 3513 4260 divisi
3538 4209 3756 4270 essent,

2111 4321 2177 4361 ac
2208 4302 2376 4358 multi
2412 4301 2565 4356 circa
2596 4300 2830 4364 Filium,
2856 4297 3055 4369 plures
3080 4297 3253 4351 etiam
3287 4296 3441 4350 circa
3470 4294 3757 4365 Spiritum

2112 4398 2383 4449 sanctum
2417 4405 2629 4463 aegram
2679 4389 2852 4443 ﬁdem
2904 4388 3186 4442 haberent
3214 4384 3312 4453 (ibi
3346 4383 3524 4438 levior
3551 4381 3759 4453 impie-

2112 4490 2202 4540 tas
2269 4481 2500 4553 pietatis
2568 4477 2899 4549 opinionem
2977 4474 3254 4543 ferebat),
3323 4472 3493 4544 pauci
3563 4474 3759 4525 autem

2112 4572 2390 4641 utrinque
2420 4567 2548 4623 sani
2593 4570 2650 4621 et
2693 4564 3020 4620 incolumes
3071 4567 3288 4630 essent,
3324 4561 3549 4633 primus
3578 4558 3677 4614 ille
3706 4563 3766 4615 et

2121 4771 2178 4836 d,
2228 4766 2323 4823 Or.
2374 4765 2422 4834 1,
2476 4763 2620 4827 Jes.,
2672 4767 2805 4836 etc.,
2851 4777 2982 4836 cum
3012 4759 3111 4836 illo
3142 4763 3369 4815 tantum
3403 4754 3765 4836 discrimine,

2121 4826 2295 4913 quod,
2350 4826 2477 4913 ριῖο⁸
2512 4826 2889 4913 συμφωνῆσαι,
2942 4834 3217 4913 habeant,
3269 4834 3666 4903 συμφρονῆσαι.
3700 4826 3764 4881 In

2120 4904 2210 4969 ed.
2245 4904 2407 4967 deest
2436 4904 2505 4972 εἰ,
2536 4904 2595 4962 et
2626 4904 2728 4978 pro
2756 4924 2833 4971 τε,
2867 4906 3080 4976 legitur
3130 4921 3203 4957 τι.

2192 4983 2304 5029 (95)
2335 4977 2397 5029 El
2449 4973 2505 5029 δὲ
2553 4975 2635 5029 οὒ-
2677 4974 2801 5029 ἀλλ’
2848 4974 3029 5029 αὐτόν.
3064 4949 3203 5029 {iam

2192 4983 2304 5108 (25)
2335 4977 2397 5067 El
2449 4969 2505 5030 δέ
2553 4969 2644 5047 οὒς
2677 4969 3029 5058 ἀλλ’-αὐτόν.
3064 4969 3241 5045 Regg.
3276 4972 3394 5054 biit,
3431 4970 3529 5061 pb,
3564 4969 3764 5059 decem

2121 5047 2514 5175 ῗρλοέὐοὲἓῖός.
2549 5051 2613 5105 In
2644 5049 2734 5105 ed.
2769 5052 2825 5105 et
2867 5047 3220 5120 quibusdam
3260 5042 3413 5113 alus,
3461 5060 3505 5094 ει
3556 5036 3583 5094 ὃ
3652 5058 3763 5109 ουν,

2122 5123 2251 5180 ἀλλ’
2280 5123 2462 5177 αὐτόν.

2192 5198 2303 5268 (26)
2333 5191 2424 5268 'l‘6_.
2447 5192 2554 5268 _Sic
2587 5190 3047 5268 quatuorltegg.
3084 5191 3253 5268 Deest
3279 5183 3432 5268 16_in
3464 5182 3554 5238 ed.

2194 5206 2303 5268 (26)
2333 5206 2424 5247 'l‘o.
2460 5206 2554 5247 διο
2587 5206 2837 5263 quatuor
2868 5206 3047 5316 negg.
3085 5206 3253 5245 Decet
3279 5206 3343 5238 το
3373 5206 3432 5239 1n
3464 5206 3554 5238 eu.

2194 5270 2307 5335 (27)
2340 5261 2726 5347 Ὀλίγουκςξο.
2768 5262 2900 5347 Alii,
2984 5262 3153 5347 λέγων
3201 5255 3258 5347 δὲ
3302 5259 3409 5309 τῶν
3440 5297 3452 5309 .
3482 5250 3771 5347 ΗΔΕ-γ.ίαῖ

2122 5324 2347 5392 νόντιιίν.
2398 5324 2531 5407 Alii,
2573 5324 2773 5407 olivae
2833 5324 2899 5388 δὲ’
2944 5324 3066 5390 τοῦ¹
3092 5329 3445 5407 ὑγιαίνοντος.
3486 5324 3771 5380 Neutrum

2125 5409 2394 5481 displicet
2444 5406 2821 5481 Co_mbeli_sio..
2934 5476 2943 5481 Α
3105 5406 3143 5481 Α⁷
3210 5474 3221 5481 _
3275 5476 3284 5481 _
3554 5464 3568 5481 ,
3604 5462 3653 5481 __,

2198 5461 2649 5553 (ἑὼ-Ἔγγράφως
2694 5474 3066 5553 ὁμολογήσας.
3101 5474 3396 5553 scriptum
3430 5464 3583 5553 illud:
3601 5461 3770 5553 vide:

2125 5535 2224 5608 tur
2269 5535 2420 5607 ἔθεθ’
2444 5535 2741 5621 's'yn'odica'
2775 5535 3042 5621 Epist-cla
3075 5549 3143 5621 ad
3189 5535 3518 5601 Jovianum,
3552 5535 3623 5589 de
3654 5547 3772 5602 qua

2125 5619 2545 5689 Theodoretu's,
2578 5622 2739 5687 Hist,
2786 5619 2885 5675 lib.
2920 5638 2996 5687 iv,
3029 5637 3078 5674 c.
3110 5619 3164 5673 3.

2199 5670 2963 5767 ξξὸῑῇδλλξίιαξέίβιέέ
2984 5670 3236 5767 saepe,
3282 5682 3411 5737 Haec
3458 5677 3530 5734 de
3580 5670 3771 5731 Patri-

2127 5759 2241 5825 bu's
2271 5759 2751 5825 concilii'Nicaani
2780 5759 3056 5838 intelligit
3085 5759 3332 5815 Nicetes.
3786 5770 3795 5781 η·
