4094 6212
478 350 634 411 1123

1720 343 1784 403 S.
1834 336 2206 404 GREGORII
2251 338 2640 404 THEOLOGI

3722 360 3829 427 “24

472 482 655 550 solus,
688 484 789 537 aut
817 495 948 535 cum
982 477 1299 534 admodum
1332 476 1555 549 paucis,
1587 474 1888 531 veritatem
1924 473 2098 545 palan

2233 471 2356 549 περὶ
2405 478 2505 528 τοῦ
2554 474 2714 547 ἁγίου
2760 475 3073 550 Ιίνεύματος
3124 477 3284 543 αὐτὸς
3337 482 3687 555 ἐμπνευσθεὴ
3720 492 3834 551 {ia-:3.

474 572 809 642 apertisque
836 568 1026 623 verbis
1059 566 1436 639 promulgare
1466 582 1581 621 non
1612 562 1921 631 dubitavit,
1947 578 2125 617 unam

474 659 652 713 trium
691 673 1073 728 personarum
1097 657 1466 710 divinitatem
1491 658 1546 708 et
1565 652 1884 708 essentiam
1907 652 2098 722 scripti

2234 654 2311 720 τῷ
2371 649 2587 724 βασιλεῖ
2640 655 3009 729 προσενεγκὼν
3047 702 3060 727 ,

475 751 782 802 confessus
817 761 829 799 ε
864 750 922 800 et
951 746 1106 816 quod
1152 743 1354 799 multis
1402 742 1519 797 illis
1553 741 1822 796 Patribus
1853 740 2005 794 circa
2034 740 2125 793 Fi-

474 834 818 906 liumgprius
847 848 1192 888 concessum
1241 833 1449 897 fuerat,
1481 831 1636 885 idem
1680 828 1807 900 ipse
1837 834 2036 899 postea
2065 827 2125 881 in

473 923 790 980 asserenda
809 923 1061 993 Spiritus
1092 920 1278 976 sancti
1309 920 1615 974 divinitate
1639 933 1893 988 superno
1923 916 2123 970 afflatu

2239 580 2370 637 ρον,
2421 562 2509 616 καὶ
2559 560 2734 637 δῶρον
2782 565 3060 640 βασιλικὸν
3109 564 3286 631 ὅντως
3333 572 3421 625 καὶ
3475 576 3831 652 μεγαλοπρεπὲς

3122 654 3393 736 ἔγγραφον
3455 664 3555 731 τήν
3614 664 3832 725 εὐσέϐειαν

2234 739 2495 830 διατάτῇς
2527 738 2771 830 άγράφομ
2820 745 3172 830 καινοτομίας
3220 749 3353 820 (30)·
3399 747 3490 804 ’ἱνα
3539 752 3738 825 βασιλεῖ
3761 762 3829 830 μὲν

2241 824 2516 913 βασιλεὺς,
2549 828 2701 903 λόγῳ
2733 826 2791 883 δὲ
2821 829 3009 906 λόγος,
3038 838 3322 909 γράμματι
3353 834 3411 891 δὲ
3439 824 3670 913 γράμμα
3706 824 3833 901 κατα-

2234 912 2535 983 παλαίηται
2550 958 2560 971 .

470 1018 840 1069 consecutus.
872 1013 1061 1081 Atque
1090 1010 1431 1081 imperatori
1460 1009 1681 1062 donum
1711 1021 1842 1059 vere
1874 1004 2100 1074 regium
2132 1008 2185 1057 et
2218 1004 2596 1075 magnificum
2641 1006 2826 1073 offert,
2860 1008 3139 1080 scriptam
3174 1010 3452 1069 nimirum
3488 1016 3619 1072 fidei
3653 1024 3830 1078 confes-

470 1103 718 1171 sionem,
752 1101 1030 1155 adversus
1063 1115 1276 1154 novum
1322 1099 1535 1169 dogma
1581 1109 1875 1164 nusquam
1909 1092 1969 1147 in
2000 1092 2298 1162 Scriptura
2328 1108 2668 1163 expressum
2704 1110 2716 1147 ε
2752 1100 2816 1149 ut
2844 1095 2929 1151 sic
2973 1102 3030 1152 et
3076 1098 3488 1171 imperatorem
3539 1107 3816 1178 imperator

469 1196 529 1247 et
559 1190 887 1245 doctrinam
922 1187 1207 1255 doctrina,
1242 1190 1299 1241 et
1326 1184 1591 1240 libellum
1625 1181 1860 1237 libellus
1892 1182 2184 1252 frangeret
2212 1185 2384 1250 atque
2414 1180 2789 1252 Opprimeret.
3626 1172 3644 1178 ’
3821 1172 3834 1198 ’

548 1278 700 1333 409
733 1275 972 1331 XXXIV.
998 1274 1140 1330 Mihi
1166 1274 1345 1344 hujus
1366 1268 1749 1327 confessionis
1776 1267 2124 1323 auctoritate

2302 1267 2422 1322 AA'.
2455 1265 2662 1335 Ταύτην
2715 1289 2807 1339 μοι
2863 1266 3110 1325 δοκοῦσιν
3166 1270 3476 1346 αἰδούμενοι
3508 1298 3606 1348 την
3662 1282 3831 1353 ὁμολοο

474 1365 720 1439 permoti
779 1364 1072 1433 videntur,
1121 1368 1248 1417 tum
1306 1359 1728 1426 Occidentales,
1769 1361 1896 1411 tum
1945 1356 2098 1428 quid.

2231 1352 2373 1427 γίαν,
2406 1351 2458 1444 ο⁹ί
2486 1360 2674 1444 τετῆς
2707 1356 2976 1433 ἒσπερίας,
3024 1360 3112 1414 καὶ
3152 1369 3253 1431 τῆς
3303 1364 3462 1435 ἑῴας,
3515 1367 3640 1422 ὅσον
3682 1351 3833 1444 βιώσι-

473 1458 614 1528 quid
648 1457 707 1510 in
739 1455 971 1511 Oriente
1018 1451 1191 1507 vitale
1221 1456 1341 1518 est;
1372 1450 1469 1505 alii
1522 1449 1758 1521 quidem
1808 1447 2005 1502 animo
2035 1451 2119 1501 te-

473 1562 586 1600 nus
627 1544 904 1616 pietatem
937 1541 1152 1606 colunt,
1187 1541 1234 1595 si
1264 1540 1404 1610 quid
1450 1539 1711 1610 ipsorum
1742 1536 1934 1591 verbis
1983 1533 2119 1589 fidei

469 1634 805 1688 habendum
834 1636 941 1700 est,
966 1629 1211 1685 ulterius
1256 1633 1451 1683 autem
1485 1643 1613 1681 eam
1647 1642 1763 1680 non
1796 1625 2114 1694 proferunt,

465 1721 623 1777 velut
655 1727 952 1775 mortuum
988 1718 1301 1789 quemdam
1335 1718 1539 1781 letum,
1561 1714 1621 1768 in
1655 1717 1917 1768 materno
1950 1718 2114 1766 utero

2234 1460 2357 1514 μονο
2408 1443 2460 1496 οἳ
2516 1443 2610 1515 μὶν
2662 1444 2825 1520 μέχρι
2875 1442 3116 1511 διανοίας
3167 1449 3315 1524 ἄγειν
3367 1454 3429 1507 τὸ
3477 1442 3703 1526 εὐσεϐὲς,
3735 1458 3775 1513 εἷ’
3794 1483 3832 1516 τι

2231 1528 2477 1621 λέγουσιν
2528 1532 2711 1621 αὐτοῖς
2761 1536 3098 1607 πιπευτὲον,
3147 1542 3449 1617 περαιτέρω
3501 1541 3558 1598 δὲ
3614 1548 3683 1618 μή
3726 1570 3833 1621 προ-

2225 1618 2369 1711 άγειν
2403 1622 2537 1690 (31),
2596 1620 2777 1697 ὥσπερ
2834 1643 2885 1676 τι
2945 1626 3128 1700 νεκρὸν
3189 1627 3377 1700 κύημα
3427 1637 3544 1694 ταῖς
3608 1618 3835 1711 μητράσιν

2224 1706 2638 1776 ἐναποθνῆσκον·
2698 1711 2749 1764 οἱ
2809 1708 2865 1765 δὲ
2921 1714 3031 1785 (32)
3096 1717 3286 1789 μικρὸν
3348 1718 3628 1789 ἐξάπτειν,
3684 1706 3833 1801 ὥσπερ

462 1809 852 1873 exstinctum;
903 1805 1001 1860 alii
1032 1822 1164 1861 vero
1196 1821 1347 1869 eam,
1382 1802 1628 1876 igniculi
1662 1802 1973 1873 cujusdam
2023 1801 2098 1854 in-

2221 1800 2514 1883 σπινθῆρας
2540 1801 2675 1871 (33),
2715 1802 2837 1853 ὅσον
2890 1801 3242 1877 ἀφοσιοῦσθαι
3292 1807 3382 1861 τὸν
3432 1811 3702 1883 καιρὸν,ἣ
3743 1800 3831 1868 τῶν

460 1904 612 1965 star,
675 1894 942 1952 nonnihil
1002 1894 1360 1961 accendunt,
1414 1894 1692 1947 hactenus
1750 1890 1992 1955 scilicet,
2047 1893 2112 1944 ut

458 1985 730 2057 tempori,
761 1991 936 2054 atque
981 1982 1428 2038 ferventioribus
1458 1979 1816 2048 orthodoxis,
1849 1982 1949 2033 aut
2002 1977 2107 2048 pits

458 2073 612 2143 plebi
645 2078 943 2143 utcunque
989 2070 1385 2137 satisfaciant;
1419 2068 1518 2124 alii
1548 2067 1802 2138 denique
1830 2071 1953 2121 tota
1982 2082 2107 2120 ver-

455 2162 664 2217 borum
715 2162 980 2215 libertate
1014 2160 1312 2214 veritatem
1349 2158 1685 2229 praedicant.
1718 2172 1751 2209 a
1781 2172 1898 2225 qua
1947 2160 2107 2224 parte

459 2250 685 2305 utinam
707 2248 833 2319 ipse
855 2253 1004 2303 stem
1029 2265 1042 2303 :
1063 2262 1167 2301 nec
1188 2246 1343 2301 enim
1369 2245 1563 2314 majus
1585 2244 1864 2315 quiddam
1885 2244 2107 2312 jactare

457 2340 675 2405 audeo;
712 2354 827 2393 non
852 2338 974 2407 jam
1009 2334 1307 2391 timiditati
1340 2350 1501 2402 mezs,
1527 2334 1681 2387 sicut
1712 2347 1816 2385 nec
1855 2330 2105 2384 aliorum

454 2426 701 2497 ignaviae
749 2443 815 2481 ac
870 2425 1087 2480 mentis
1142 2422 1535 2477 imbecillitati
1584 2418 1886 2475 consulam
1938 2419 2106 2489 (satis

451 2514 666 2569 etenim
701 2528 992 2585 superque
1014 2510 1506 2582 dispensavimus,
1532 2526 1642 2563 non
1678 2509 1850 2562 modo
1882 2506 2105 2562 alienos

454 2602 623 2657 nobis
655 2619 769 2657 non
803 2602 1211 2671 adjungentes,
1237 2599 1336 2653 sed
1372 2604 1601 2653 nostros
1627 2598 1802 2650 etiam
1839 2611 2102 2649 corrum-

456 2694 686 2762 pentes,
718 2691 872 2761 quod
923 2705 1063 2743 sane
1116 2688 1405 2742 malorum
1437 2686 1906 2757 dispensatoruxu
1957 2683 2099 2753 est);

2223 1881 2540 1977 όρθοδόξωνλ
2574 1886 2699 1977 τοὺς
2748 1888 3128 1977 θερμοτέρους,
3160 1893 3194 1961 ἢ
3242 1898 3350 1949 τῶν
3399 1881 3544 1952 λαῶν
3593 1900 3655 1954 τὸ
3701 1903 3833 1977 φιλό-

2219 1973 2357 2059 θεον⁹
2401 1974 2453 2027 οἱ
2501 1971 2559 2028 δὲ
2604 1975 2693 2029 καὶ
2738 1976 3199 2053 παρρησιάζεσθαι
3238 1984 3339 2051 τήν
3389 1982 3669 2057 ἀλήθειαν,
3698 1971 3755 2059 ἧς
3784 1992 3832 2045 ἃν

2219 2057 2333 2131 εἷἠν
2368 2060 2472 2137 ἐγὼ
2515 2060 2756 2144 μερίᾷος·
2792 2065 2854 2119 οὐ
2884 2068 2987 2141 γάρ
3028 2066 3232 2142 ’τολμῶ
3277 2092 3331 2125 τι
3383 2073 3548 2129 πλέον
3723 2057 3839 2132 γλαυ-

2216 2151 2511 2224 χήσασθαι,
2558 2151 2752 2223 μηκέτι
2798 2155 2897 2222 τὴν
2944 2154 3080 2228 ἐμὴν
3130 2155 3335 2213 δειλίαν
3388 2162 3689 2234 οἰκονομῶν
3721 2210 3733 2233 ,
3774 2167 3835 2228 ὡς

2217 2234 2284 2305 δὴ
2331 2239 2430 2306 τὴν
2478 2244 2585 2293 τῶν
2638 2241 2973 2318 σαθροτὲρων
3025 2242 3263 2301 διάνοιαν
3316 2250 3536 2323 (ἱκανῶς
3592 2255 3693 2327 γὰρ
3723 2256 3839 2327 ᾠκο-

2214 2329 2553 2399 νομήσαμεν,
2591 2332 2729 2399 μήτε
2758 2332 2818 2384 τὸ
2849 2330 3143 2408 ἀλλότριον
3187 2336 3719 2413 προσλαμϐάνοντες,
3763 2343 3838 2397 καὶ

2212 2416 2273 2468 τὸ
2301 2417 2570 2491 ἡμέτερον
2600 2419 2924 2494 φθείροντες,
2960 2421 2989 2475 ὅ
3017 2429 3195 2477 κακῶν
3238 2420 3407 2488 ὅντως
3456 2428 3600 2484 ἐστὶν
3651 2431 3841 2487 οἰκονό-

2217 2507 2372 2575 μων)·
2407 2503 2531 2559 ἀλλ’
2560 2505 2635 2566 εἷς
2663 2511 2776 2583 φῶς
2807 2508 2949 2583 ἄγων
2993 2511 3082 2564 τὸν
3136 2510 3321 2585 τόκον,
3377 2517 3467 2569 καὶ
3521 2521 3657 2589 μετὰ
3704 2542 3843 2574 σπου-

2214 2589 2313 2660 δῆς
2343 2591 2630 2669 ἐκτρὲφων,
2663 2596 2751 2649 καὶ
2780 2603 2898 2659 ταῖς
2932 2598 3179 2654 ἁπάντων
3210 2597 3363 2675 ὄψεσι
3392 2608 3680 2679 προτιθεὶς
3727 2612 3845 2680 (35),

2212 2680 2293 2734 ἀεὶ
2322 2680 2726 2755 τελειούμενον.

454 2794 660 2833 verum
694 2783 925 2850 partum
960 2778 1022 2832 in
1053 2778 1241 2831 lucem
1275 2776 1511 2830 efferam
1563 2778 1641 2845 et:
1667 2777 1938 2829 accurate
1986 2770 2243 2827 nutriam
2274 2775 2449 2842 atque
2479 2773 2738 2843 quotidie
2768 2785 3178 2848 augeseentem
3210 2782 3491 2839 omnibus
3538 2784 3613 2840 ob
3664 2785 3846 2842 oculos

449 2882 793 2939 proponam.

519 2954 732 3010 XXXV.
764 2955 876 3009 Sed
909 2954 1013 3009 hoc
1063 2954 1122 3008 in
1150 2951 1249 3007 illo
1281 2952 1477 3006 minus
1523 2948 1927 3005 admirationis
1975 2965 2092 3003 me-
2126 2949 2169 3015 C

448 3044 561 3100 reri
592 3045 841 3100 videtur.
871 3042 1014 3098 Nam
1050 3043 1148 3114 qui
1182 3058 1241 3096 re
1271 3042 1400 3113 ipsa
1452 3056 1553 3112 pro
1586 3039 1845 3093 veritatis
1898 3038 2096 3092 defen-

450 3132 614 3188 sione
636 3131 912 3204 periculis
936 3148 997 3186 se
1020 3129 1479 3201 objecerat,quid
1504 3128 1741 3190 mirum,
1758 3129 1805 3181 si
1829 3126 2096 3181 eamdem

449 3220 665 3291 scripto
697 3221 1002 3276 confessus
1032 3219 1150 3274 sit?
1181 3220 1342 3284 Quod
1375 3233 1509 3271 vero
1541 3216 1686 3270 mihi
1719 3218 1776 3269 in
1809 3214 1935 3284 ipso
1968 3231 2093 3268 ma-

443 3309 598 3363 xime
650 3309 849 3363 mirari
901 3308 1080 3373 subit,
1131 3307 1406 3378 quodque
1454 3320 1569 3359 non
1617 3307 1764 3357 citra
1811 3303 2094 3357 damnum

443 3397 680 3454 silentio
710 3396 992 3468 prateriri
1025 3401 1234 3466 potest,
1260 3395 1365 3450 bac
1399 3394 1720 3465 praesertim
1747 3396 2094 3462 tempestate

444 3503 562 3558 qua
584 3486 779 3540 multae
803 3485 1203 3541 contentiones
1229 3482 1590 3552 dissidiaque
1616 3481 1958 3551 gignuntur,
1985 3480 2093 3535 hoc

440 3576 633 3630 adhuc
665 3574 1070 3646 superioribus
1099 3573 1396 3643 adjiciam.
1421 3571 1566 3626 Nam
1598 3571 1692 3626 his
1722 3586 1970 3641 quoque,
1991 3569 2091 3641 qui

444 3681 604 3721 nunc
632 3665 856 3734 vivunt,
888 3664 1007 3717 haec
1057 3663 1205 3719 actio
1236 3662 1502 3717 doctrina
1543 3676 1667 3715 esse
1696 3665 1888 3729 queat,
1923 3658 1970 3714 si
2002 3659 2089 3730 ip-

439 3769 571 3808 sum
624 3752 794 3807 nobis
840 3751 1192 3806 imitandum
1238 3765 1656 3822 proponamus.
1699 3748 2089 3814 Quemadmo-

437 3843 578 3896 dum
612 3841 768 3896 enim
803 3841 875 3896 ab
928 3857 1046 3895 una
1073 3844 1131 3895 et
1159 3840 1364 3894 eadem
1395 3854 1549 3910 aqua
1599 3854 1712 3893 non
1764 3842 1989 3891 tantum
2022 3853 2089 3892 ea

437 3946 573 4001 pars
606 3930 991 4002 disjungitur,
1027 3945 1203 4000 quam
1255 3944 1465 3982 manus
1496 3926 1648 3982 inter
1694 3925 2085 3981 hauriendum

437 4019 690 4089 reliquit,
719 4034 921 4073 verum
954 4018 1010 4072 id
1040 4019 1217 4072 etiam
1263 4016 1416 4087 quod
1470 4031 1647 4069 manu
1699 4012 2085 4085 comprehen-

438 4122 593 4175 sum,
627 4123 728 4178 per
760 4106 973 4178 digitos
998 4106 1185 4161 effluit
1219 4122 1232 4160 :
1266 4105 1467 4160 eodem
1501 4104 1674 4158 modo
1705 4120 1739 4157 a
1769 4103 1939 4157 nobis
1968 4119 2083 4157 non

436 4193 630 4265 impia:
679 4196 869 4250 solum
903 4196 1174 4250 doctrinas
1221 4192 1491 4259 cultores,
1524 4207 1725 4248 verum
1774 4190 1950 4245 etiam
1984 4189 2085 4262 qui

2280 2946 2398 3003 ΛΗ.
2451 2950 2617 3001 Τοῦτο
2672 2948 2765 3019 μὶν
2818 2946 2907 3003 οὖν
2958 2953 3069 3025 (36)
3117 2954 3279 3022 ἦττον
3326 2960 3435 3011 τῶν
3483 2957 3694 3013 ἐκείνου
3740 2971 3845 3023 θαυ-

2211 3035 2395 3123 μάζειν
2449 3034 2617 3106 ἄξιον.
2659 3041 2713 3090 Ὀ
2765 3038 2865 3111 γὰρ
2914 3034 3055 3113 ἔργῳ
3103 3048 3203 3110 τῆς
3253 3040 3515 3113 ἀληθείας
3565 3046 3844 3123 προκινδυ-

2204 3122 2407 3194 νεύσας,
2465 3122 2516 3177 τί
2574 3125 2879 3197 θαυμαστὸν
2931 3126 2978 3180 εἲ
3009 3130 3295 3202 γράμματι
3342 3133 3550 3205 ταύτην
3604 3122 3846 3207 καθωμο-

2206 3208 2470 3286 λόγησεν;
2516 3213 2582 3268 Ὃ
2642 3210 2698 3267 δέ
2750 3234 2844 3285 μοι
2889 3213 3123 3287 μάλιστα
3158 3223 3255 3272 τοῦ
3301 3218 3500 3296 ἀνδρὸς
3565 3226 3847 3296 θαυμάζειν

2205 3297 2375 3353 ἔπεισι
2409 3301 2517 3372 (καὶ
2553 3302 2724 3373 ζημία
2751 3302 2815 3356 τὸ
2848 3309 3074 3374 σιωπᾷν,
3109 3303 3197 3360 διὰ
3225 3309 3317 3362 τὸν
3364 3312 3558 3386 καιρὸν
3600 3311 3845 3385 μάλιστα,

2203 3386 2417 3450 πολλὰς
2448 3388 2649 3464 φύοντα
2680 3392 2791 3462 (37)
2822 3391 2916 3453 τὰς
2966 3389 3316 3467 διαστάσεις),
3347 3402 3518 3454 τοῦτο
3570 3399 3652 3456 ἔτι
3704 3422 3853 3476 προσ-

2201 3477 2351 3547 θήσω
2409 3481 2525 3538 τοῖς
2576 3477 2909 3551 εἰρημένοις·
2965 3481 3172 3556 γένοιτο
3220 3486 3322 3559 γάρ
3372 3486 3430 3539 ἄν
3482 3509 3541 3542 τι
3589 3486 3851 3561 παίδευμα

2200 3565 2288 3619 καὶ
2326 3571 2441 3627 τοῖς
2486 3570 2577 3619 νῦν
2629 3568 2663 3635 ὴ
2718 3569 2930 3641 πρᾶξις,
2984 3570 3028 3623 εἰ
3077 3571 3213 3646 πρὸς
3262 3571 3466 3629 ἐκεῖνον
3528 3575 3855 3651 βλέποιμεν.

2197 3655 2286 3715 Ὠς
2330 3656 2433 3729 γὰρ
2488 3652 2681 3717 ὕδατος
2721 3656 2838 3718 ἑνὸς
2882 3658 3129 3731 τέμνεται
3176 3660 3237 3714 οὐ
3445 3669 3621 3720 τοῦτο
3676 3666 3855 3739 μόνον,

2198 3741 2321 3796 ὅσον
2344 3745 2379 3811 ἡ
2413 3744 2535 3819 χεὶρ
2567 3744 2768 3832 ἀφῆκεν
2797 3744 3094 3819 ἀρυομένη,
3125 3746 3271 3804 ἀλλὰ
3298 3750 3387 3805 καὶ
3440 3752 3579 3808 ὅσον
3611 3759 3686 3829 τῇ
3717 3754 3857 3832 χειρὶ

2196 3834 2516 3906 περιεσχέθη
2568 3837 2675 3887 τῶν
2723 3831 3003 3890 δακτύλων
3050 3835 3229 3909 ἐκρέον
3268 3858 3281 3872 ο
3334 3839 3478 3896 οὕτω
3546 3843 3648 3897 καὶ
3708 3847 3858 3916 ἡμῶν

2197 3920 2303 3996 οὐχ
2352 3920 2475 3975 ὅσον
2524 3917 2709 3983 ἀσεϐὲς
2762 3923 3004 3997 σχίζεται
3055 3926 3240 4001 μόνον,
3286 3926 3434 3983 ἀλλὰ
3474 3932 3579 3986 καὶ
3627 3931 3757 3988 ὅσον
3787 3931 3861 3987 εὖ.

2196 4004 2530 4085 σεϐἐστερον,
2564 4009 2626 4064 οὐ
2652 4010 2775 4085 περὶ
2808 4008 3097 4088 δογμάτων
3129 4011 3292 4088 μόνον
3329 4023 3554 4094 μικρῶν
3601 4021 3697 4075 καὶ
3730 4041 3867 4095 παρ-

2195 4099 2415 4173 ορὰσθάι
2447 4098 2605 4168 ἀξίων
2661 4104 2838 4173 (ἧττον
2881 4102 2985 4176 γὰρ
3031 4101 3090 4157 ἂν
3134 4107 3199 4172 ἦν
3247 4110 3406 4161 τοῦτο
3461 4105 3657 4163 δεινὸν
3712 4112 3863 4184 [39]),

2191 4185 2317 4275 άλλ’
2347 4184 2456 4256 ἤδη
2490 4186 2580 4241 καί
2610 4188 2733 4263 περὶ
2778 4188 3037 4263 ῥημάτων
3090 4191 3165 4254 είς
3201 4195 3301 4263 τὴν
3352 4194 3532 4265 αὐτὴν
3592 4199 3867 4275 φερόντων

435 4282 667 4352 pietatis
699 4282 870 4339 laude
899 4283 959 4338 in
994 4282 1198 4354 primis
1227 4279 1538 4348 excellunt,
1563 4278 1978 4352 praeciduntur,
2001 4278 2085 4332 id-

2215 4276 2452 4332 ῖιάνοιαν.
2500 4278 2607 4345 Τῆς
2653 4277 2754 4352 γὰρ
2807 4278 2932 4351 μιᾶς
2985 4279 3189 4351 οὐσίας,
3220 4282 3308 4337 καὶ
3354 4288 3466 4338 τῶν
3526 4272 3713 4361 τριῶν
3742 4288 3863 4341 ὑπο-

434 4385 548 4440 que
570 4386 684 4425 non
709 4371 765 4425 in
793 4372 985 4442 parvis
1002 4373 1285 4426 duntaxat
1306 4374 1361 4425 et
1382 4367 1827 4423 contemnendis
1849 4367 2084 4438 dogma-

2215 4364 2423 4420 πάσεων
2474 4363 2787 4439 λεγομὲνων
2844 4368 2936 4439 μὲν
2991 4369 3077 4447 ὑφ’
3127 4372 3288 4443 ἡμῶν
3338 4369 3600 4437 εὐσεϐῶς
3657 4378 3748 4449 (τὸ

431 4458 593 4513 tibus
623 4459 845 4525 (minus
876 4461 1032 4514 enim
1083 4460 1191 4514 hoc
1239 4474 1412 4531 grave
1444 4456 1639 4527 esset),
1673 4472 1875 4510 verum
1906 4454 2079 4510 etiam

2215 4454 2288 4528 ’ἀρ
2337 4455 2435 4521 τὴν
2483 4454 2636 4531 φύσιν
2689 4452 2855 4521 δηλοῖ
2899 4459 2997 4525 τῆς
3035 4429 3320 4532 ⁸Θεότητος,
3372 4462 3434 4515 τὸ
3498 4462 3569 4517 δὲ
3617 4429 3721 4526 τάς

429 4546 489 4599 in
520 4546 732 4616 verbis,
767 4564 896 4618 quis
928 4548 998 4602 ad
1031 4548 1301 4603 eumdem
1333 4546 1573 4602 omnino
1606 4561 1847 4600 sensum
1878 4545 2081 4600 tende-

2215 4547 2353 4615 ’ριῶν
2399 4540 2718 4617 ἰδιότητας),
2766 4544 3041 4617 νοομὲνων
3093 4544 3151 4602 δὲ
3210 4547 3298 4603 χαί
3348 4552 3509 4625 παρὰ
3563 4560 3696 4617 τοῖς
3748 4556 3871 4609 ἰτα-

430 4635 593 4690 bant.
624 4636 771 4691 Nam
804 4653 937 4692 cum
984 4636 1240 4692 essentia
1269 4652 1406 4703 una,
1438 4640 1495 4690 et
1524 4643 1641 4690 tres
1672 4633 2018 4706 hypostases
2049 4650 2085 4689 a

2215 4637 2311 4694 toi:
2345 4634 2457 4704 (40)
2493 4631 2723 4705 ὁμοίως,
2758 4630 2882 4687 ἀλλ’
2932 4634 2995 4689 ού
3043 4633 3359 4710 δυναμένοις
3410 4636 3519 4695 διὰ
3581 4644 3870 4712 στενότητα

2185 4868 2368 4992 eiii?)
2402 4871 2730 4940 Σπινθῆρας.
2792 4867 2887 4923 Sic
2946 4872 3063 4926 tres
3129 4871 3307 4944 Regg.
3376 4872 3446 4927 In
3530 4877 3671 4943 θείη
3731 4896 3867 4929 cm.

2217 4959 2344 5006 ηραο

2404 5004 2596 5062 ΙΙλὲον.
2629 5008 2769 5082 Tres
2802 5008 3005 5082 Regg.,
3052 5007 3264 5065 πλεῖον.

2255 5078 2363 5168 (ἕξ)
2398 5078 3334 5168 British-ﬂeamapameae.

2255 5151 2364 5223 (36)
2396 5151 2522 5223 Οὗν.
2560 5155 2740 5223 Deest
2772 5151 2956 5207 in'Or.
2996 5155 3045 5208 1.

2253 5221 2362 5300 (37)
2396 5221 2795 5300 (inimicm-Sid
2838 5240 2937 5278 sex
2992 5224 3193 5300 Regg.,
3252 5228 3366 5281 duo
3437 5228 3675 5300 Coisl.,
3731 5232 3859 5287 δίε..

2180 5294 2459 5362 Combef.,
2492 5300 2600 5349 etc.
2640 5294 2695 5347 ln
2730 5295 2844 5362 ed.,
2879 5294 3163 5352 ποιοῦνται.

2252 5369 2359 5437 (38)
2390 5363 2482 5419 Οὐ.
2516 5366 2687 5437 Deest
2719 5366 2775 5418 in
2806 5366 2951 5437 Reg.
2987 5368 3104 5437 bm.

2250 5434 2359 5509 (39)
2395 5434 2595 5509 Δεινόν.
2628 5436 2773 5509 Tres
2802 5434 3003 5509 Regg.,
3037 5435 3241 5491 δεινῶν.

2248 5506 2360 5581 (40)
2392 5506 2541 5583 Παρᾶ
2594 5510 2711 5567 τοῖς
2763 5506 3014 5569 Ἰταλοῖς.
3068 5510 3293 5578 Billius,
3341 5533 3370 5560 ‹‹

2176 5598 2304 5637 1108.
2337 5602 2366 5630 υ

503 4869 614 4940 (30)
638 4868 787 4950 ’Κατᾲ
838 4892 938 4941 της
992 4870 1233 4950 ἀγράφου
1279 4870 1648 4950 καινοτομίας.
1683 4869 1758 4950 ΙΙ).
1779 4867 2077 4950 nonnullis

429 4941 882 5013 exemplaribus,
935 4951 999 4999 ut
1038 4941 1286 5001 'anriotat
1334 4941 1583 5009 Nicetes,
1627 4941 1927 5006 scribitur,
1960 4958 2074 4995 non

428 5012 693 5093 ἀγράφου,
747 5012 873 5093 sed,
928 5014 1209 5093 ἐγγράφουῄ
1240 5014 1611 5093 καινοτομίρις.
1662 5013 2072 5093 Quamobrem,

428 5084 483 5160 si
512 5084 751 5160 ἀγράφου
790 5084 1031 5158 legatur,
1084 5084 1139 5144 i'd
1197 5084 1473 5160 intelligit
1510 5084 2072 5160 Gregorius_..voAcem

427 5153 764 5231 ὁμοιούσὶον,
797 5153 971 5231 quam
1007 5162 1205 5215 Ariani
1236 5153 1703 5231 inti-educebant,
1737 5153 1894 5231 nullo
1926 5156 2073 5231 _Scri-
2118 5158 2132 5168 ”

425 5222 611 5309 ptui-aa
645 5228 768 5309 loco
800 5222 1104 5309 contineri.
1159 5234 1215 5287 Si
1242 5242 1459 5309 autem
1492 5230 1743 5309 legetur,
1779 5222 2069 5309 ίγῖράφίῖυο

424 5298 1007 5380 intelligitscriptam
1041 5303 1362 5380 illam‘fidei
1398 5298 1730 5380 formulam,
1773 5298 1873 5380 cui
1929 5298 2067 5380 sub-

427 5369 720 5495 scribgntdi
752 5369 1160 5430 necessitatem
1195 5372 1570 5430 Constantius
1627 5369 1903 5423 omnibus
1954 5369 2069 5423 im-

427 5457 572 5495 none
619 5459 692 5495 a.

426 5449 692 5510 ponebat

498 5512 926 5586 (31)]Ιροάγειν.
978 5518 1070 5571 Sic
1131 5534 1228 5572 sex
1284 5517 1485 5586 Regg.,
1544 5512 1659 5566 duo
1718 5510 1913 5577 Coisl.,
1971 5510 2065 5567 Or.

406 5580 477 5643 Δ1,
746 5580 817 5662 ξεί
859 5588 973 5662 Θάζ,
1007 5593 1284 5662 ’προάγωνζ

497 5651 607 5722 (32)
638 5650 722 5708 Δί.
754 5654 894 5712 Tres
924 5650 1132 5732 Reg'g.,
1159 5650 1218 5717 et
1247 5660 1344 5718 Or.
1378 5658 1405 5713 1
1439 5655 1682 5729 addunt,
1711 5672 1787 5712 τε.

3426 5519 3612 5589 apud
3671 5518 3857 5574 Roma-
