4094 6212
316 449 469 509 1125
1227 438 1521 502 ORATIO
1564 433 1721 500 XXI.
1758 469 1833 480 —
1877 438 1952 497 IN
2002 433 2328 499 LAUDEM
2371 437 2829 501 ATHANASII.

3557 450 3715 514 “9.6

312 587 409 650 τῆς
435 578 560 654 παρ’
592 574 778 635 αὐτοῖς
825 573 1105 650 γλώττης,
1150 572 1240 627 καὶ
1290 568 1569 642 ὀνομάτων
1620 567 1823 635 πενίαν,
1873 564 1954 621 δι-

2095 570 2237 624 ιοὺίε
2268 570 2361 641 ρίο
2390 570 3013 643 dicerentur(alterum
3063 576 3217 632 enim
3260 578 3579 639 divinitatis
3610 599 3713 639 na-

317 668 458 724 ελεῖν
512 666 616 721 ἀπὸ
663 670 762 733 τῆς
812 662 998 724 οὐσίας
1048 662 1146 730 τὴν
1202 659 1512 729 ὑπόστασιν,
1545 658 1632 712 καὶ
1683 655 1772 711 διὰ
1797 660 1955 711 τοῦτο

312 752 736 826 ἀντεισαγούσης
781 748 848 803 τὰ
885 749 1170 824 πρόσωπα,
1215 744 1307 800 ἵνα
1340 746 1416 817 μὴ
1466 750 1611 819 τρεῖς
1652 743 1826 798 οὐσίαι
1856 764 1959 797 πα-

313 840 619 917 ραδεχθῶσι
655 842 789 912 (4),
820 837 871 892 τί
902 837 1105 911 γίνεται
1140 856 1154 904 ;
1186 836 1273 896 Ὡς
1307 833 1424 889 λίαν
1476 831 1722 907 γελοῖον,
1749 834 1783 901 ἢ
1819 831 1958 887 ἐλει-

314 931 425 985 νόν.
463 930 707 989 Πίστεως
740 924 887 996 ἔδοξε
920 923 1152 1003 διαιρορά
1182 927 1215 994 ἡ
1249 922 1371 993 περὶ
1419 923 1510 975 τὸν
1556 921 1702 995 ἦχον
1738 940 1960 995 σμικρο-

318 1019 479 1093 λογία
510 1020 643 1091 (42).
678 1016 809 1070 Εἶτα
861 1008 1243 1086 Σαϐελλισμὸς
1276 1012 1392 1083 (43)
1439 1008 1662 1064 ἐνταῦθα
1689 1008 1955 1077 ἐπενοήθη

314 1113 428 1169 τνῖς
476 1106 619 1181 τρισὶ
668 1104 1019 1179 προσώποις,
1071 1101 1160 1156 καὶ
1205 1097 1583 1173 ’Δρειανισμὸς
1632 1103 1746 1157 ταῖς
1789 1095 1961 1171 τρισὶν

319 1196 659 1262 ὑποστάσεσι,
712 1192 779 1247 τὰ
819 1198 920 1261 τῆς
972 1188 1304 1267 φιλονεικίας
1356 1184 1778 1257 ἀναπλάσματα.
1828 1187 1960 1239 Εἶτα

309 1285 409 1353 τί;
456 1280 895 1359 Προστιθεμένου
952 1282 1150 1354 μικροῦ
1190 1297 1337 1337 τινος
1385 1275 1466 1329 ἀεὶ
1512 1278 1608 1328 τοῦ
1658 1272 1957 1335 λυποῦντος

312 1376 364 1447 (ὃ
394 1373 643 1446 λυπηρὸν
676 1374 712 1441 ἡ
757 1367 1062 1449 φιλονεικία
1108 1369 1300 1439 ποιεῖ),
1346 1361 1639 1420 κινδυνεύει
1690 1362 1958 1439 συναπορ-

314 1464 539 1540 ῥαγῆναι
583 1466 704 1522 ταῖς
750 1452 1057 1519 συλλαϐαῖς
1104 1457 1171 1511 τὰ
1216 1453 1439 1530 πέρατα.
1474 1453 1638 1510 Ταῦτ’
1685 1450 1775 1506 οῦν
1819 1452 1958 1528 ὁρῶν

311 1539 400 1607 καὶ
449 1550 660 1605 ἁκούων
690 1550 719 1604 ὁ
755 1548 1017 1623 μακάριος
1064 1545 1286 1612 ἐκεῖνος,
1337 1543 1427 1597 καὶ
1480 1542 1553 1604 ὡς
1600 1540 1822 1611 ἀληθῶς
1871 1539 1962 1595 ἄν·

315 1653 534 1718 θρωπος
562 1643 659 1694 τοῦ
709 1642 865 1707 Θεοῦ,
896 1636 985 1690 καὶ
1041 1634 1208 1709 μέγας
1252 1637 1358 1687 τῶν
1411 1635 1604 1706 ψυχῶν
1647 1630 1961 1702 οἰκονόμος,

315 1730 414 1785 οὐκ
442 1728 599 1800 ᾠήθη
635 1724 743 1781 δεῖν
776 1722 1023 1801 παριδεῖν
1070 1725 1171 1791 τὴν
1227 1718 1425 1775 ἄτοπον
1454 1718 1598 1773 οὕτω
1636 1718 1726 1772 καὶ
1760 1717 1960 1793 ἄλογον

311 1821 408 1873 τοῦ
438 1817 616 1892 Λόγου
662 1814 976 1887 κατατομήν
1024 1814 1159 1886 (44)’
1205 1810 1265 1864 τὸ
1315 1805 1373 1864 δὲ
1416 1808 1543 1883 παρ’
1592 1807 1782 1861 ἑαυτοῦ
1830 1806 1965 1884 φάρ-

2068 664 2285 724 turam,
2307 659 2559 715 alterum
2587 662 2765 716 trium
2798 680 3177 733 personarum
3214 670 3593 739 preprietates
3616 672 3714 728 de-

2068 747 2291 817 clarat),
2325 752 2499 818 atque
2546 750 2747 804 eodem
2794 752 3030 822 quidem
3059 756 3232 810 modo
3282 759 3435 827 apud
3485 759 3718 816 Latinos

2069 834 2563 907 intelligerentur,
2615 844 2886 894 caeterum
2940 842 3012 895 ob
3062 840 3275 914 linguas
3322 845 3482 900 illius
3533 864 3716 921 angu-

2071 924 2243 979 stiam
2277 930 2333 979 et
2364 926 2669 980 verborum
2704 928 2983 998 inopiam,
3020 930 3379 1001 hypostasim
3416 937 3486 989 ab
3519 952 3717 992 essen-

2069 1012 2151 1067 tia
2172 1012 2533 1084 distinguere
2563 1030 2679 1068 non
2712 1022 2972 1085 possent,
2995 1034 3179 1088 eoque
3210 1021 3429 1077 factum
3457 1030 3629 1096 esset,
3654 1030 3720 1081 ut

2072 1117 2174 1172 pro
2207 1116 2296 1164 ea,
2329 1116 2400 1154 ne
2449 1106 2567 1156 tres
2615 1104 2979 1159 substantias
3009 1108 3314 1164 admittere
3362 1111 3716 1182 viderentur,

2075 1204 2459 1259 personarum
2491 1190 2645 1243 410
2674 1190 3021 1247 vocabulum
3044 1194 3555 1268 inducerent,quid
3586 1206 3716 1257 tan-

2068 1278 2201 1332 dem
2234 1276 2521 1348 contigit?
2550 1278 2657 1332 Res
2688 1278 2943 1348 profecto
2974 1282 3242 1353 ridicula,
3263 1285 3354 1339 vel
3388 1288 3581 1357 potius
3612 1291 3719 1345 mi-

2069 1366 2339 1421 seranda.
2375 1365 2622 1420 Diversae
2673 1367 2804 1421 fidei
2836 1370 3090 1439 speciem
3134 1373 3379 1440 przsbuit
3425 1374 3570 1431 levis
3620 1378 3721 1434 illa

2069 1460 2126 1511 et
2148 1454 2355 1524 jejuna
2387 1455 2457 1509 de
2489 1470 2699 1509 vocum
2749 1472 2891 1511 sono
2923 1458 3241 1515 altercatio.
3276 1461 3378 1517 Hic
3427 1463 3634 1521 deinde
3664 1470 3722 1523 et

2071 1543 2457 1600 Sabellismus
2498 1545 2571 1599 ob
2623 1550 2740 1600 tres
2790 1562 3070 1616 personas
3117 1550 3481 1621 excogitatus
3525 1559 3633 1621 est,
3665 1559 3724 1611 et

2073 1632 2441 1687 Arianismus
2471 1634 2543 1687 ob
2577 1638 2695 1687 tres
2727 1634 3094 1705 hypostases,
3127 1653 3375 1708 quorum
3410 1646 3726 1713 utrumque

2072 1723 2342 1793 pertinax
2370 1721 2757 1776 contendendi
2789 1722 3051 1778 studium
3083 1726 3406 1782 efﬁnxerat.
3442 1730 3586 1793 Quid
3622 1747 3725 1802 po-

2072 1808 2233 1863 stea?
2262 1809 2408 1864 Cum
2460 1808 2669 1880 exigua
2709 1826 2801 1865 res
2850 1811 3051 1881 aliqua
3096 1815 3356 1883 quotidie
3404 1818 3723 1886 accederet,

318 1926 485 1979 μακον
521 1904 707 1980 ἐπάγει
733 1902 813 1975 τῷ
843 1900 1096 1978 ἀρῥωστή
1110 1920 1257 1972 ματι.
1292 1901 1415 1958 Πῶς
1446 1893 1538 1951 οὖν
1568 1900 1731 1949 τοῦτο
1778 1900 1962 1963 ποιεῖ;

322 2000 362 2007 .-
541 1992 561 2007 \
656 1994 665 2007 ι
892 1989 906 2007 9
1016 1988 1029 2007 Ι
1264 1987 1277 2005 \
1387 1984 1429 2007 I,
1538 1983 1729 2007 _’A,._‘.
1786 1983 1906 2007 ___'_,

2095 1913 2208 1967 quae
2238 1896 2571 1951 molestiam
2606 1897 2835 1954 afferret
2859 1899 3214 1970 (molestiam
3244 1903 3397 1958 enim
3431 1907 3726 1964 contentio

2095 1985 2257 2007 --μευ
2318 2001 2375 2007 Α-
2418 1986 2646 2007 Δ..-..1..Δ
2708 2003 2797 2007 ___
2849 1987 3083 2007 _j_‘l“_s,
3216 1995 3226 2007 ι
3333 1995 3343 2007 ι
3506 1994 3516 2004 ι
3601 1994 3613 2007 1

322 1992 837 2071 Προσκαλεσάμενος
882 1988 1163 2067 ἀμφότερα
1221 1987 1287 2041 τὰ
1339 1984 1477 2061 μέρη
1532 1983 1732 2039 οὑτωσὶ
1782 1983 1973 2058 πράως

319 2081 411 2138 καί
442 2080 868 2161 φιλανθρώπως,
896 2079 987 2133 καὶ
1014 2077 1107 2133 τὸν
1139 2080 1264 2132 νοῦν
1312 2078 1421 2129 τῶν
1474 2072 1788 2148 λεγομὲνων
1817 2072 1969 2146 ἀκρι-

326 2159 463 2232 ϐῶς.
493 2170 760 2241 ἐξετάσας,
804 2164 992 2234 ἐπειδὴ
1045 2168 1479 2243 συμφρονοῦντας
1514 2161 1633 2236 εὗρε
1682 2162 1771 2215 καὶ
1815 2159 1968 2216 οὐδὲν

325 2257 612 2320 διεστῶτας
656 2256 791 2312 κατὰ
831 2256 922 2310 τὸν
957 2253 1142 2329 λόγον,
1172 2254 1239 2307 τὰ
1289 2251 1530 2324 ὀνόματα
1580 2252 1968 2324 συγχωρήσας,

322 2345 505 2401 συνδεῖ
534 2348 646 2419 (45)
675 2350 792 2407 τοῖς
825 2344 1155 2419 πράγμασιν.

2085 1985 2279 2057 parit),
2312 2001 2379 2039 eo
2418 1986 2655 2041 tandem
2708 2003 2800 2042 res
2846 1987 3099 2044 adducta
3146 1995 3254 2058 est,
3288 1995 3353 2046 ut
3400 1994 3725 2064 periculum

2080 2078 2255 2140 esset,
2288 2089 2358 2128 ne
2408 2073 2565 2128 orbis
2604 2078 2892 2130 terrarum
2944 2078 3089 2132 fines
3136 2094 3255 2133 una
3302 2095 3434 2135 cum
3485 2081 3727 2154 syllabis

2079 2163 2589 2233 abrumperentur.
2623 2162 2758 2225 Quae
2807 2179 2942 2219 cum
2995 2165 3202 2221 beatus
3236 2167 3330 2223 ille
3370 2169 3477 2239 vir,
3511 2176 3568 2225 et
3595 2185 3728 2229 vere

2080 2251 2252 2305 homo
2319 2249 2441 2313 Dei,
2502 2266 2872 2322 magnusque
2925 2254 3258 2310 animarum
3334 2258 3726 2331 dispensator,

2079 2337 2263 2393 oculis
2314 2338 2673 2409 auribusque
2713 2346 3043 2411 usurparet,
3079 2343 3190 2398 sibi
3236 2350 3354 2400 tam
3407 2348 3726 2405 absurdam

323 2443 379 2495 et
409 2455 443 2493 a
474 2437 697 2491 ratione
729 2434 981 2490 alienam
1013 2432 1188 2488 Verbi
1232 2431 1553 2486 sectionem
1583 2428 2075 2485 dissimulandam
2110 2443 2175 2481 ac
2205 2426 2611 2498 negligendam
2666 2445 2779 2483 non
2830 2432 3085 2501 putavit;
3120 2448 3322 2488 verum
3372 2436 3725 2493 medicinam

328 2528 531 2583 morbo
562 2526 1003 2598 quamprimum
1037 2523 1294 2579 adhibet.
1327 2522 1591 2585 Quonam
1642 2526 1838 2575 autem
1891 2519 2063 2574 modo
2093 2518 2149 2571 id
2183 2517 2362 2572 facit?
2394 2517 2649 2589 Utraque
2680 2524 2842 2589 parte
2871 2520 3081 2576 leniter
3123 2529 3177 2578 et
3226 2525 3473 2597 benigne
3522 2528 3726 2596 accita,

326 2616 752 2685 verborumque
781 2614 1069 2670 sententia
1099 2611 1410 2684 diligenter
1439 2614 1496 2664 et
1525 2613 1790 2665 accurate
1829 2622 2133 2679 perpensa,
2167 2611 2546 2678 posteaquam
2576 2610 2893 2664 concordes
2936 2612 3171 2682 reperit,
3198 2630 3303 2668 nec
3331 2620 3620 2685 quantum
3653 2616 3728 2673 ad

330 2703 682 2771 doctrinam,
718 2702 834 2758 ullo
867 2703 1038 2758 modo
1070 2703 1222 2757 inter
1252 2717 1313 2756 se
1341 2700 1715 2762 dissidentes,
1749 2699 1830 2752 ita
1860 2697 2158 2769 negotium
2204 2695 2506 2768 transegit,
2541 2700 2607 2751 ut
2635 2697 2942 2754 nominum
2978 2717 3148 2756 usum
3179 2704 3520 2775 concedens,
3554 2706 3729 2763 rebus

330 2809 428 2848 eos
461 2791 903 2864 constringeret.

398 2880 507 2945 AC.
540 2880 709 2931 Τοῦτο
756 2881 861 2930 τῶν
920 2879 1139 2951 μακρῶν
1188 2873 1367 2929 πόνων
1414 2872 1503 2927 καὶ
1538 2872 1714 2947 Λόγων
1765 2870 1975 2927 λυσιτε-

325 2961 603 3039 λιστερον,
638 2964 732 3026 οὓς
764 2963 957 3025 πάντες
1006 2960 1115 3033 ἤδη
1170 2962 1628 3040 λογογραφοῦσιψ
1673 2962 1755 3022 οἷς
1802 2981 1853 3014 τι
1883 2959 1972 3014 καὶ

330 3051 648 3130 φιλοτιμίας
698 3055 809 3126 (46)
850 3052 1208 3122 συνέζευκται,
1266 3050 1355 3105 καὶ
1415 3047 1504 3104 διὰ
1548 3054 1708 3104 τοῦτο
1751 3046 1886 3110 ’ίσως
1919 3069 1972 3103 τι

330 3142 419 3198 καὶ
467 3148 871 3215 καινοτομεῖται
920 3140 1044 3217 περὶ
1094 3140 1183 3195 τὸν
1229 3137 1419 3213 λόγον.
1460 3142 1628 3193 Τοῦτο
1674 3142 1781 3192 τῶν
1830 3135 1972 3192 πολ-

332 3229 443 3286 λῶν
476 3230 784 3306 ἀγρυπνιῶν
818 3229 908 3283 καὶ
956 3232 1269 3304 χαμευνιῶν
1319 3226 1733 3302 προτιμότερον,
1780 3227 1851 3280 ὧν
1889 3225 1976 3298 μὲ-

2152 2872 2393 2928 XXXVI.
2425 2871 2542 2928 Hoc
2584 2873 2879 2931 diuturnis
2924 2876 3041 2933 illis
3089 2877 3387 2935 laboribus
3418 2885 3475 2936 et
3503 2897 3731 2938 sermo-

2083 2962 2280 3026 nibus,
2314 2978 2463 3032 quos
2509 2963 2627 3031 iam
2679 2980 2885 3020 omnes
2942 2965 3151 3022 litteris
3208 2970 3509 3036 mandant,
3556 2969 3729 3042 longe

2086 3050 2291 3106 utilius
2320 3056 2443 3117 est;
2479 3055 2676 3122 utpote
2708 3053 2807 3123 qui
2862 3054 3182 3111 ambitione
3230 3074 3345 3111 non
3393 3063 3619 3123 vacant,
3652 3058 3728 3115 ob

2085 3154 2334 3210 eamque
2389 3139 2636 3195 fortasse
2691 3157 2929 3196 causam
3001 3143 3153 3199 circa
3209 3144 3341 3200 tidei
3397 3146 3728 3203 doctrinam

2086 3228 2408 3298 quidquam
2458 3228 2789 3284 innovatur.
2828 3232 2939 3285 Hoc
2970 3232 3171 3288 multis
3220 3234 3438 3306 vigiliis
3485 3241 3542 3290 et
3586 3235 3729 3291 cha-

338 3339 437 3395 χρι
466 3323 573 3372 τῶν
619 3317 1024 3393 κατορθούντων
1069 3318 1132 3371 τὸ
1183 3313 1395 3392 κέρδος.
1429 3318 1604 3371 Τοῦτο
1650 3319 1756 3369 τῶν
1804 3313 1975 3368 ἀοιδί-

2095 3316 2345 3371 meuniis
2390 3318 2783 3388 praestantius,
2816 3336 3063 3391 quarum
3098 3321 3322 3377 utilitas
3370 3323 3428 3378 in
3482 3323 3593 3390 his,
3626 3321 3732 3395 qui

343 3430 457 3480 μων
505 3406 723 3483 ἐξοριῶν
771 3407 860 3460 καὶ
910 3410 1093 3483 φυγῶν
1142 3411 1238 3459 τοῦ
1306 3402 1498 3480 ἀνδρὸς
1554 3402 1788 3474 ἐπάξιον
1846 3403 1977 3478 ὑπὲρ

338 3497 443 3571 γὰρ
497 3496 569 3549 ὧν
614 3493 790 3549 εἷ’λετο
837 3495 1065 3568 πάσχειν
1113 3493 1307 3561 ἐκεῖνα,
1351 3498 1521 3547 ταῦτα
1564 3492 1653 3546 καὶ
1686 3494 1797 3565 (47)
1846 3491 1981 3565 μετὰ

338 3584 399 3638 τὸ
428 3586 610 3637 παθεῖν
664 3580 1041 3652 ἐσπουδάζετο.
1092 3583 1165 3639 Τὸ
1210 3580 1257 3636 δ’
1302 3582 1431 3637 αὐτὸ
1482 3581 1578 3636 κάν
1626 3586 1742 3643 τοῖς
1783 3578 1978 3643 ἄλλοις

336 3677 511 3727 ποιῶν
541 3670 790 3727 διετέλεν
823 3671 952 3733 τοὺς
1010 3671 1102 3745 μὶν
1151 3670 1402 3740 ἐπαινῶν,
1448 3670 1575 3731 τοὺς
1621 3667 1678 3724 δί
1723 3668 1981 3739 πλήττων

342 3760 593 3835 μετρίωςο
627 3758 715 3814 καί
738 3764 845 3815 τῶν
899 3760 993 3833 μὲν
1043 3758 1106 3815 τὸ
1158 3760 1365 3835 νωθρὸν
1418 3756 1719 3833 διεγείρων,
1764 3763 1872 3811 τῶν
1924 3754 1981 3811 δὲ

334 3850 399 3905 τὸ
432 3849 631 3926 θερμὸν
660 3848 959 3924 κατείργων
991 3868 1003 3880 ·
1053 3849 1142 3903 καὶ
1191 3853 1298 3903 τῶν
1348 3847 1461 3919 μὲν,
1507 3845 1655 3907 ὅπως
1710 3846 1785 3918 μὴ
1824 3845 1981 3899 πταί-

339 3960 495 4010 σωσι,
552 3938 1008 4014 προμηθούμενος
1043 3957 1056 3970 ·
1105 3937 1237 4000 τοὺς
1296 3934 1372 4009 δὲ,
1431 3936 1579 3997 ὅπως
1636 3934 1979 4009 διορθωθεῖεν

338 4027 651 4090 πταίσαντες
684 4030 817 4100 (48),
870 4028 1309 4101 μηχανώμενος·
1359 4023 1568 4086 ἁπλοῦς
1616 4024 1708 4079 τὸν
1757 4023 1980 4099 τρόπον,

340 4113 639 4184 πολυειδὴς
670 4116 768 4183 τήν
800 4110 1139 4189 κυϐέρνησιν·
1176 4114 1343 4191 σοφὸς
1387 4116 1477 4167 τὸν
1528 4112 1712 4187 λόγον,
1745 4113 1982 4189 σοφώτε-

343 4224 436 4281 ρος
466 4205 562 4272 τήν
619 4201 873 4258 διάνοιαν
920 4204 1081 4272 πεζὸς
1126 4208 1243 4265 τοῖς
1295 4202 1720 4275 ταπεινοτέροις,
1774 4196 1983 4275 ὑψηλό-

339 4313 492 4370 τερος
536 4298 653 4354 τοῖς
707 4294 1128 4367 μετεωροτέροις
1160 4311 1174 4324 °
1226 4289 1502 4369 φιλόξενος
1536 4336 1552 4362 ,
1602 4292 1801 4353 ἱκέσιος
1850 4291 1983 4363 (49),

414 4472 525 4542 (41)
560 4468 967 4545 ῌαραδεχθῶσι.
1029 4472 1123 4545 Sic
1164 4473 1361 4545 Regg.
1418 4489 1480 4543 a,
1538 4487 1600 4538 c,
1658 4471 1724 4536 d,
1778 4468 1873 4524 Or.
1935 4470 1987 4538 1,

338 4541 598 4617 Combef.
634 4541 696 4599 in
728 4541 844 4617 ed.,
876 4541 1309 4617 παραδειχθῶσῖ.

2088 3405 2209 3459 haec
2242 3410 2534 3476 praestant,
2558 3406 2849 3478 defigitur,
2875 3425 2980 3463 nec
3006 3409 3182 3466 latius
3213 3418 3428 3468 manat.
3455 3411 3571 3468 Hoc
3602 3428 3732 3484 per-

2086 3494 2340 3566 vulgatis
2368 3498 2540 3567 atque
2571 3496 2727 3550 omni
2772 3497 2928 3551 fama
2956 3498 3263 3555 celebratis
3293 3501 3481 3572 ipsius
3513 3502 3734 3559 exsiliis
3844 3538 3847 3541 »

2091 3590 2146 3638 et
2171 3584 2327 3655 fugis
2352 3583 2533 3638 nihilo
2562 3584 2807 3639 inferius
2831 3587 3283 3643 existimandum
3308 3596 3412 3645 est.
3434 3590 3494 3644 In
3528 3592 3733 3647 eadem

2091 3674 2305 3743 quippe
2336 3674 2550 3737 studia,
2583 3674 2655 3727 ob
2687 3689 2815 3743 quae
2845 3674 3209 3730 calamitates
3241 3676 3371 3731 illas
3403 3678 3512 3732 sibi
3549 3680 3732 3749 perte.

2091 3762 2303 3816 rendas
2344 3762 2605 3827 duxerat,
2635 3764 2767 3831 post
2813 3761 3177 3818 calamitates
3227 3764 3384 3833 ipsas
3433 3766 3734 3823 incumbe-

2090 3849 2210 3904 bat.
2247 3850 2393 3914 Quin
2426 3850 2482 3903 id
2516 3851 2691 3904 etiam
2724 3852 2917 3919 ipsum
2962 3850 3018 3904 in
3051 3850 3182 3906 aliis
3215 3852 3401 3907 facere
3432 3870 3545 3908 non
3577 3853 3738 3910 desi-

2093 3938 2300 4001 nebat,
2350 3936 2495 3991 alios
2542 3937 2776 4007 quidem
2826 3937 3099 3993 laudibus
3144 3940 3384 4005 vehens,
3417 3941 3562 3997 alios
3602 3957 3737 3998 vero

2093 4040 2264 4096 parce
2293 4024 2613 4095 leviterque
2657 4025 2899 4093 feriens;
2934 4025 3179 4081 aliorum
3234 4029 3557 4085 socordiam
3589 4028 3741 4085 exci-
3850 4036 3853 4039 '

2090 4118 2244 4182 tans,
2260 4112 2505 4167 aliorum
2533 4114 2811 4168 fervorem
2837 4115 3190 4185 reprimens;
3215 4116 3366 4183 aliis,
3383 4135 3455 4172 ne
3475 4118 3743 4174 laberen-

2094 4207 2209 4265 tur,
2243 4201 2576 4272 providens,
2609 4202 2704 4255 alii
2741 4208 2805 4256 ut
2843 4202 2989 4274 lapsi
3037 4204 3419 4277 erigerentur,
3452 4207 3739 4264 rationem

2096 4288 2315 4357 iniens;
2351 4288 2612 4344 moribus
2661 4289 2928 4361 simplex,
2959 4292 3323 4362 gubernandi
3372 4300 3494 4351 arte
3542 4294 3739 4351 multi-

2098 4468 2258 4545 nymi
2290 4468 2596 4545 epistolam
2629 4484 2738 4545 nvi:
2771 4470 2840 4524 ad
2865 4469 3207 4545 Damasum.
3236 4476 3407 4545 Legat
3431 4474 3603 4530 etiam
3636 4475 3742 4532 Pe-

2097 4542 2339 4619 tavium,
2374 4545 2517 4594 tom.
2550 4539 2619 4603 ΙΙ,
2652 4540 2751 4594 lib.
2787 4558 2859 4608 ιν,
2894 4558 2943 4597 c.
2977 4544 3029 4611 4,
3063 4561 3119 4598 n.
3150 4545 3185 4597 9
3215 4550 3272 4601 et
3303 4539 3450 4617 s'eq.,
3481 4563 3612 4619 pag.
3638 4547 3746 4603 343

413 4616 526 4694 (42)
560 4610 965 4694 Σμικρολογιαζ
991 4616 1084 4671 Sic
1112 4610 1294 4687 Regg.
1346 4631 1400 4681 a,
1445 4630 1496 4683 c,
1544 4613 1602 4667 d.
1647 4616 1712 4666 In
1742 4611 1857 4679 ed.,
1893 4630 1976 4681 μι-

2100 4610 2309 4694 etse-

338 4682 627 4740 κοολογία.

378 4704 1131 4828 ρῗέἕίίὲάῦελλισμός,οιο.
1189 4756 1375 4828 Quod
1411 4752 1601 4809 Latini
1658 4767 1761 4822 per
1816 4755 1994 4828 «tres

341 4824 647 4899 personas,
672 4850 701 4876 »
730 4828 790 4882 Id
823 4824 1000 4883 Graeci
1034 4845 1135 4899 per
1164 4850 1193 4899 ς(
1216 4833 1334 4882 tres
1364 4826 1707 4899 hrypostases
1739 4844 1767 4871 ››
1798 4824 1994 4899 expri-

344 4895 601 4965 inebant,
636 4904 809 4969 atque
842 4899 928 4953 hae
961 4895 1128 4955 voces
1158 4898 1311 4953 idem
1363 4895 1792 4969 signiﬁcabant.
1845 4895 1991 4950 Cum

341 4975 556 5042 autem,
598 4968 783 5042 Latini
814 4993 871 5042 7«
906 4977 1023 5025 tres
1063 4971 1418 5042 hypostases
1450 4968 1729 5042 {dicere
1759 4982 1991 5022 recusa-

348 5046 498 5107 rent,
530 5040 921 5097 Orientalibus
971 5040 1072 5095 visi
1121 5037 1263 5096 sunt
1309 5037 1543 5094 Sabellii
1590 5054 1842 5093 errorem
1902 5054 1991 5092 se-

346 5113 470 5183 qui.
505 5112 794 5167 Sabellius
823 5113 979 5167 enim
1023 5132 1038 5159 ι
1062 5117 1179 5167 tres
1212 5126 1540 5184 personas»
1576 5110 1865 5184 rejiciens,
1900 5126 1992 5165 as-

342 5181 575 5239 serebat
599 5200 775 5238 unam
808 5189 1036 5238 tantum
1068 5181 1360 5253 esse,'qua3
1390 5182 1578 5237 tribus
1604 5181 1996 5253 appellaretur

342 5254 707 5310 nominibus.
734 5254 1055 5310 Orientales
1083 5272 1215 5309 vero
1239 5271 1370 5309 cum
1410 5272 1431 5301 ε
1458 5259 1576 5307 tres
1600 5254 1941 5323 hypostases
1960 5272 1986 5301 ιι

344 5333 780 5398 perseveranter
840 5325 1322 5398 retinerenthec
1362 5340 1581 5398 earum
1610 5325 1765 5398 ΔΙοοο
1816 5346 1842 5371 ‹‹
1878 5329 1994 5398 t_res

343 5394 627 5477 personas
661 5421 687 5447 η
744 5398 1051 5477 admittere
1086 5395 1417 5477 ‘vellenthin
1461 5394 1855 5477 suspicionem
1889 5394 1994 5448 La-

342 5465 487 5526 tinis
520 5473 826 5535 venerunt,
860 5469 1029 5541 quasi
1069 5468 1282 5524 Ariano
1330 5465 1588 5537 dogmati
1638 5465 1996 5541 assentiren-

340 5548 461 5597 tur.
496 5542 663 5597 Arius
695 5541 849 5597 enim
876 5537 911 5590 'u
937 5546 1054 5596 tres
1088 5540 1430 5612 hypostases
1459 5559 1486 5587 »
1518 5541 1727 5592 natura
1755 5537 1908 5591 inter
1936 5552 1998 5592 se

348 5614 661 5669 distinctas
695 5614 1068 5684 agnoscebat,
1112 5617 1334 5667 «tres»
1374 5614 1567 5684 autem
1609 5632 1636 5657 «
1664 5625 1945 5684 personas
1969 5629 1996 5657 ››

345 5685 529 5742 unius
552 5681 773 5756 naturae
797 5701 914 5741 non
942 5684 1275 5756 recipiebat.
1300 5682 1407 5747 Qui
1430 5682 1580 5756 hanc
1594 5684 1842 5756 Graecos
1847 5681 2001 5756 inter

342 5760 411 5818 et
439 5755 676 5816 Latinos
706 5755 869 5816 litem
897 5750 1130 5834 plenius
1162 5771 1336 5815 nosse
1366 5752 1547 5829 cupit,
1592 5751 1748 5827 legat
1796 5750 1998 5809 Hiero—
2050 5782 2053 5783 ν

2166 4680 2279 4762 (44)
2312 4677 2492 4762 Λόγου
2525 4681 2880 4762 κατατομήν.
2947 4706 2968 4732 α
3005 4683 3175 4762 Verbi
3224 4685 3563 4762 sectionem,
3596 4709 3625 4739 »
3664 4687 3745 4762 id

2103 4756 2212 4815 est,
2282 4773 2310 4801 «
2354 4751 2631 4807 dcctrinaa
2698 4753 2951 4825 ﬁdeique
3017 4755 3170 4812 circa
3227 4757 3480 4814 Verbum
3540 4751 3747 4816 sectio-

2100 4839 2256 4878 nem.
2300 4844 2330 4871 >)

2173 4895 2288 4976 (45)
2320 4888 2695 4976 Συνδεῖ,ηςξο.
2754 4895 2814 4976 Id
2863 4900 3057 4951 actum
3104 4897 3162 4952 in
3215 4900 3459 4976 concilio
3502 4902 3746 4976 Alexan-

2102 4966 2289 5038 drino,
2341 4981 2492 5038 anno
2531 4966 2674 5038 _36_2,
2725 4966 2817 5020 cui
2868 4976 3113 5038 prmerat
3160 4970 3539 5029 Athanasius.
3602 4974 3748 5029 Vide

2102 5037 2284 5117 Epist.
2321 5037 2390 5117 ad
2417 5034 3030 5117 antiochensesﬁpud
3055 5040 3266 5096 Athan.
3298 5048 3438 5099 tom.
3464 5048 3509 5115 Ι,
3533 5062 3591 5117 p.
3616 5045 3745 5115 770,

2103 5106 2162 5163 et
2188 5109 2403 5163 Socrat.
2436 5106 2535 5161 lib.
2569 5123 2656 5175 III,
2687 5125 2735 5163 c.
2769 5111 2822 5164 7.

2177 5180 2282 5257 (4o)
2316 5175 2667 5257 Φιλοτιμίας,
2704 5179 2941 5257 Sic‘tres
2972 5181 3175 5257 Begg.,
3211 5182 3305 5239 0r.
3336 5186 3386 5256 1,
3416 5186 3560 5257 Jes.,
3591 5186 3746 5254 Par.,

2103 5252 2329 5315 Comb.,
2360 5257 2470 5305 etc.
2505 5251 2565 5304 In
2597 5252 2711 5317 ed.,
2788 5248 3053 5323 ιλοτιμία.

2182 5324 2293 5377 (47)
2323 5320 2445 5376 Καί.
2479 5323 2571 5375 Sic
2600 5328 2718 5377 tres
2744 5270 2950 5377 item“
2983 5330 3039 5377 et

2205 5293 2571 5406 mist;
2592 5293 2718 5406 ξῖέὲ
2747 5293 3164 5406 Ηὲᾇέίῗὲῖριι.
3200 5328 3250 5406 1,.
3292 5326 3465 5406 Deest
3494 5328 3551 5381 in
3581 5328 3673 5406 ed.

2205 5339 2264 5376 al
2323 5339 2445 5376 nat.
2479 5339 2571 5375 διο
2600 5339 2718 5377 tres
2748 5339 2827 5377 ne
2871 5340 2950 5395 g.,
2983 5339 3039 5379 et
3068 5339 3164 5380 Ur.
3200 5339 3250 5380 1.
3292 5339 3465 5381 Deest
3494 5344 3551 5381 In
3581 5339 3673 5381 ed.

2200 5339 2293 5465 48)
2320 5391 2667 5471 Διορβωθεῖεν
2716 5339 3049 5471 πταίὶαντες.
3083 5396 3180 5471 ΟΡ.
3222 5400 3246 5453 1
3301 5407 3354 5451 et
3403 5397 3544 5467 Jes.,
3593 5392 3744 5471 διορο

2106 5464 2304 5539 θώσειε
2333 5464 2700 5539 πταίσανταςη
2722 5489 2759 5539 ‹‹Δ
2785 5473 2847 5521 ut
2878 5466 3072 5538 lapsos
3102 5468 3364 5539 erigeret.
3402 5490 3430 5516 »

2178 5534 2635 5613 (49),,Φιλόξενρς,
2687 5532 3067 5613 ἱκέσιοςςβὶο.
3116 5532 3612 5613 Ιη”ῳιὶ1)υεᾱιιω,
3662 5532 3751 5613 φί-

2107 5604 2250 5669 λιος,
2285 5606 2477 5678 ξένιος,
2511 5604 2738 5668 ἱκέσιος.
2776 5610 2835 5663 ln
2870 5608 2999 5664 aliis
3030 5604 3262 5665 inverso
3288 5611 3509 5665 ordine.
3542 5604 3754 5678 Obser-

2108 5683 2202 5734 vat
2230 5675 2470 5733 Nicetas'
2496 5682 2696 5735 Jovem
2744 5696 2778 5734 a
2826 5680 3151 5736 Gentilibus
3199 5679 3494 5752 appellari,
3589 5675 3641 5734 ιλ

2108 5748 2295 5812 ξένιον,
2337 5748 2558 5812 ἱκέσιον,
2606 5754 2673 5807 ut
2725 5750 3015 5812 amicitiae,
3065 5750 3485 5812 hospitalitatis
3522 5688 3861 5812 υἷϊ

3522 5769 3609 5821 σε,

2108 5748 2295 5823 ξένιον,
2337 5748 2558 5819 ἱκέσιον,
2606 5754 2673 5807 ut
2725 5750 3015 5820 amicitiae,
3065 5748 3485 5828 hospitalitatis

4046 4834 4049 4835 ν
4086 4832 4094 4841 ι

4046 4852 4057 4861 ο

4030 4896 4094 4939 Ἴ

3982 4962 3991 4967 ⁶
4004 4968 4049 4983 κ’..

4062 4940 4094 4979 ’1

4066 4984 4094 5003 ‘H

4068 5036 4089 5051 ⁷ης

4070 5184 4094 5211 ατ

4074 5676 4091 5687 ο
