4094 6212
416 468 568 529 1127

1660 454 1725 523 S.
1772 449 2144 522 GREGORII
2193 449 2586 518 THEOLOGI

3676 455 3834 519 1128

413 600 576 672 plex;
625 597 817 653 verbis
864 594 1121 670 sapiens,
1171 592 1365 651 animo
1414 593 1765 667 sapientior;
1817 593 1866 647 si
1917 607 2041 646 cum

2164 587 2553 663 ἀποτρόπαιος,
2609 586 2780 641 πάντα
2835 584 2909 649 εἷς
2963 583 3207 659 ἀληθῶς,
3268 583 3367 642 ὅσα
3409 587 3831 661 μεμερισμέννως

415 686 831 742 humilioribus
884 685 993 756 ipsi
1025 702 1117 740 res
1149 688 1322 752 esset,
1356 684 1427 738 ad
1476 698 1676 739 eorum
1727 684 1961 751 captum
1994 694 2056 733 se

2170 682 2287 737 τοῖς
2360 676 2560 731 ἑαυτῶν
2619 681 2762 740 θεοῖς
2808 675 3087 746 Ἐλλήνων
3153 672 3341 737 παῖδες
3402 675 3829 754 ἐπισημίζουσι.

414 774 729 831 demittens
751 793 763 841 ;
789 774 831 829 si
857 790 986 829 cum
1012 773 1341 829 sublimiori
1368 777 1561 827 mente
1584 770 1863 843 praeditis,
1887 768 2041 824 altiui

2172 767 2477 841 Προσθήσω
2523 762 2578 818 δὶ
2624 763 2713 818 καί
2745 763 2947 840 ζύγιον,
2977 765 3068 818 καὶ
3095 765 3380 840 παρθένιον
3406 764 3495 818 καὶ
3527 766 3828 841 εῗρηναῖον,

416 879 768 935 assurgens;
805 862 1101 934 hospitum
1139 877 1370 933 praeses,
1395 862 1543 916 411
1581 858 1847 932 supplex,
1884 856 2062 912 malo-

416 968 545 1007 rum
597 951 893 1023 depulsor,
926 966 1081 1005 unus
1126 950 1398 1005 universa
1427 966 1495 1005 ea
1524 965 1653 1005 vere
1702 946 2059 1018 complexus,

416 1057 542 1111 quae
592 1039 931 1112 singulatim
984 1038 1097 1093 diis
1147 1039 1270 1094 suis
1318 1038 1564 1109 gentiles
1613 1038 1901 1092 tribuunt.
1947 1035 2060 1089 Ad-

2169 853 2259 908 xcti
2290 851 2735 929 διαλλακτήριον,
2758 854 2846 907 καὶ
2877 859 3158 926 πομπαῖον
3190 859 3305 915 τοῖς
3338 853 3579 908 ἐντεῦθεν
3612 854 3833 928 ἕπειγο-

2174 942 2373 1015 μένοις.
2406 943 2470 995 Ὢ
2496 942 2663 1004 πόσας
2699 963 2792 1013 μοι
2824 948 2973 996 ποιεῖ
3001 942 3225 1012 κλήσεις
3254 944 3288 1010 ἡ
3314 947 3411 997 τοῦ
3430 939 3623 1017 ἀνδρὸς
3654 944 3824 1018 ἀρετὴ

2172 1030 2507 1106 πανταχόθεν
2540 1028 2724 1085 καλεῖν
2759 1029 2995 1086 ἐθέλοντι
3022 1032 3033 1086 l

402 1129 539 1183 dam
571 1134 628 1183 et
657 1129 1125 1200 conjugatorum,
1149 1132 1205 1182 et
1233 1127 1523 1198 virginum
1558 1132 1892 1199 patronum,
1922 1128 1980 1179 et
2010 1123 2337 1196 paciﬁcum,
2364 1126 2421 1177 et
2452 1121 2973 1189 reconciliatorem,
3006 1127 3063 1177 et
3092 1138 3294 1177 eorum
3326 1121 3428 1193 qui
3459 1137 3526 1177 ex
3557 1121 3668 1175 hac
3702 1122 3827 1177 vita

404 1218 475 1271 ad
509 1217 750 1271 alteram
785 1220 1119 1287 properant,
1152 1216 1546 1271 deductorem.
1582 1215 1624 1271 Ο
1657 1219 1936 1285 quantam
1984 1212 2289 1269 nominum
2340 1211 2566 1283 copiam
2618 1211 2761 1266 mihi
2808 1212 2995 1266 virtus
3043 1212 3231 1283 ipsius
3280 1211 3637 1282 suppeditat,
3672 1213 3820 1267 dum

399 1305 789 1375 undecunque
819 1309 1273 1375 cognomentum
1305 1302 1416 1376 ipsi
1451 1308 1683 1374 captare
1712 1300 1877 1357 volol

472 1392 745 1448 XXXVII.
767 1393 909 1448 Cum
936 1397 1130 1447 autem
1161 1408 1290 1447 eum
1311 1392 1440 1447 vita:
1472 1408 1711 1447 cursum
1742 1391 2049 1455 tenuisset,

396 1486 572 1554 atque
622 1482 702 1536 ita
748 1481 1057 1536 institutus
1099 1480 1327 1549 fuisset,
1363 1480 1625 1551 aliosque
1672 1480 2048 1545 instituisset,

2234 1389 2351 1443 AZ'.
2414 1388 2587 1457 Ζήσας
2642 1384 2699 1442 δὶ
2746 1387 2911 1457 οὕτω,
2959 1386 3049 1442 καὶ
3095 1385 3402 1448 παιδευθεὶς
3450 1386 3537 1441 καὶ
3586 1385 3820 1441 παιδεῦ-

2158 1496 2273 1541 σας,
2308 1473 2445 1530 ὣστε
2474 1474 2601 1552 ὅρον
2639 1476 2731 1549 μὶν
2767 1477 3068 1545 ἐπισκοπῆς
3120 1478 3255 1531 εἶναι
3299 1476 3391 1530 τὸν
3433 1474 3643 1530 ἐκείνου
3699 1476 3821 1549 βίον

396 1575 462 1625 ut
517 1576 574 1625 et
624 1569 744 1624 vita
808 1568 995 1640 ipsius
1055 1584 1405 1640 morumque
1472 1569 1622 1623 ratio
1679 1568 2041 1640 episcopatus

2157 1565 2246 1618 καὶ
2276 1564 2500 1641 τρόπον,
2534 1564 2701 1637 νόμον
2732 1562 2790 1619 δὲ
2819 1562 3134 1640 ὀρθοδοξίας
3174 1565 3241 1619 τὰ
3297 1563 3503 1618 ἐκείνου
3564 1562 3820 1638 δόγματα

397 1675 604 1713 norma
644 1663 820 1727 esset,
854 1660 912 1711 et
961 1656 1148 1728 ipsius
1199 1658 1473 1729 dogmata
1520 1672 1622 1727 pro
1666 1657 1799 1712 ﬁdei
1848 1655 2045 1711 ortho-

396 1746 555 1801 doxae
604 1746 729 1818 lege
760 1745 1135 1811 haberentur,
1171 1746 1323 1816 quod
1356 1746 1592 1800 tandem
1638 1744 1873 1816 pietatis
1901 1761 2047 1815 prm-

398 1836 583 1889 mium
614 1835 816 1906 capit?
844 1833 1042 1905 Neque
1071 1833 1227 1889 enim
1260 1834 1367 1889 hoc
1401 1833 1709 1905 neglectim
1742 1832 2045 1889 transmit-

2156 1655 2290 1726 (50),
2320 1653 2442 1708 τίνα
2476 1654 2664 1725 μισθὸν
2697 1661 2799 1723 τῆς
2832 1648 3095 1715 εὐσεϐείες
3153 1653 3475 1725 κομίζεται;
3526 1650 3655 1707 οὐδὲ
3710 1654 3820 1727 γὰρ

2154 1745 2312 1795 τοῦτο
2364 1739 2607 1817 παριδεῖν
2670 1738 2839 1812 ἄξιον.
2893 1744 2976 1796 Ἐν
3027 1744 3174 1816 γήρᾳ
3215 1741 3369 1813 καλῴ
3415 1739 3672 1796 καταλύει
3722 1744 3818 1795 τὸν

2159 1829 2299 1903 βίον,
2359 1830 2445 1884 καὶ
2503 1831 2844 1905 προστίθεται
2921 1835 3039 1892 τοῖς
3108 1831 3367 1907 πατράσιν
3444 1830 3629 1899 αὐτοῦ,
3710 1852 3822 1884 πα-

393 1924 636 1979 tendum
671 1928 779 1979 est.
810 1924 871 1977 In
903 1922 1057 1978 bona
1086 1926 1384 1978 senectute
1402 1922 1580 1977 vitam
1606 1921 1846 1991 claudit,
1872 1920 2041 1992 patri-

2157 1917 2460 1993 τριάρχαις,
2492 1918 2582 1973 καὶ
2614 1920 2944 1997 προφήταις,
2975 1920 3065 1973 καὶ
3114 1917 3467 1986 ἀποστόλοις,
3516 1919 3607 1973 καὶ
3669 1920 3815 1993 μάρ-

389 2011 622 2084 busque
671 2011 817 2079 suis,
850 2010 1222 2083 patriarchis,
1255 2015 1312 2065 et
1358 2011 1679 2083 prophetis,
1714 2015 1769 2065 et
1811 2013 2041 2081 aposto-

394 2101 487 2166 lis,
521 2117 586 2155 ac
616 2100 993 2171 martyribus,
1018 2100 1117 2171 qui
1171 2117 1274 2172 pro
1322 2101 1561 2155 veritate
1607 2100 2041 2163 dimicaverant,

394 2190 756 2261 adjungitur.
779 2191 991 2261 Atque,
1015 2194 1080 2244 ut
1117 2188 1480 2261 epitaphium
1512 2188 1805 2259 quoddam
1840 2186 2042 2258 paucis

391 2277 767 2351 complectar,
803 2276 1194 2333 excellentiori
1231 2277 1448 2332 honore
1480 2277 1537 2331 in
1569 2277 1831 2331 discessu
1860 2275 2041 2330 affici-

392 2371 509 2436 tur,
535 2383 711 2437 quam
745 2382 861 2438 quo
894 2366 951 2419 in
985 2366 1233 2420 civitatis
1264 2365 1628 2438 ingressibus
1655 2369 1895 2419 ornatus
1924 2364 2043 2417 fue-

393 2460 514 2520 rat;
568 2454 783 2509 multas
816 2455 1048 2525 quidem
1101 2453 1389 2525 lacrymas
1440 2454 1727 2517 excitavit,
1762 2455 2038 2523 majorem

391 2548 585 2598 autem
620 2542 691 2597 iis
724 2544 919 2611 rebus,
945 2560 1071 2613 quae
1102 2541 1161 2596 in
1193 2549 1491 2613 aspectum
1523 2543 1759 2611 cadunt,
1785 2540 2040 2596 nominis

387 2630 477 2687 sui
512 2631 759 2702 gloriam
812 2632 868 2685 in
920 2631 1183 2685 omnium
1236 2631 1451 2685 animis
1503 2630 1845 2684 recondidit.
1884 2634 1975 2699 At,
2007 2645 2040 2684 0

387 2718 633 2773 charum
674 2724 732 2773 et
770 2736 1003 2773 sacrum
1038 2723 1235 2790 caput,
1267 2725 1351 2785 tu,
1385 2718 1649 2789 inquam,
1684 2718 1781 2788 qui
1834 2722 2042 2788 preter

384 2812 627 2861 caeteras
658 2811 790 2862 tuas
840 2805 1044 2861 laudes
1089 2806 1378 2861 sermonis
1427 2812 1485 2861 et
1530 2805 1745 2860 silentii
1797 2806 2036 2859 modum

388 2895 600 2950 eximie
632 2895 884 2964 coluisti,
915 2896 1175 2951 Orationi
1208 2895 1443 2966 quidem
1494 2900 1707 2949 nostrae
1739 2895 1912 2948 ﬁnem
1946 2893 2040 2949 hic

387 2984 697 3053 constitue,
731 3001 879 3056 quae,
914 2984 964 3039 si
1018 2983 1299 3039 virtutum
1353 2988 1586 3039 tuarum
1640 2985 2037 3055 praestantiam

386 3070 847 3143 haudquaquam
883 3077 1153 3129 assecuta
1178 3073 1273 3138 sit,
1299 3078 1357 3128 at
1387 3072 1607 3127 viribus
1639 3078 1791 3127 certe
1824 3072 2038 3128 nostris

390 3160 634 3217 minime
663 3161 905 3217 inferior
936 3167 1041 3217 est.
1075 3161 1189 3217 Nos
1231 3167 1427 3217 autem
1461 3162 1684 3216 utinam
1719 3161 1842 3233 ipse
1876 3161 2037 3216 beni-

383 3265 535 3321 gnus
568 3250 821 3322 desuper
849 3255 904 3306 et
936 3250 1201 3322 placidus
1232 3250 1509 3323 aspicias,
1542 3255 1717 3321 atque
1748 3250 1904 3305 hunc
1935 3266 2033 3321 po-

382 3338 590 3410 pulum
644 3340 957 3409 gubernes,
1023 3341 1339 3411 perfectum
1404 3340 1661 3409 perfecta:
1710 3338 2033 3402 Trinitatis,

381 3443 504 3496 quas
535 3427 594 3481 in
630 3431 816 3492 Patre,
850 3432 906 3482 et
936 3427 1097 3494 Filio,
1126 3433 1182 3482 et
1205 3427 1423 3498 Spiritu
1458 3431 1657 3482 sancto
1690 3425 2039 3498 intelligitur

382 3520 439 3569 et
476 3514 706 3583 colitur,
740 3516 1105 3571 adoratorem
1137 3533 1150 3570 :
1186 3531 1413 3585 meque,
1447 3514 1495 3569 si
1541 3514 1780 3585 quidem
1813 3530 1903 3570 res
1936 3531 2038 3584 pa-

384 3608 524 3657 catae
559 3604 769 3657 futura:
810 3603 947 3672 sint,
980 3603 1039 3657 in
1085 3603 1206 3657 vita
1256 3610 1475 3672 teneas,
1508 3618 1863 3673 gregemque
1916 3619 2037 3658 me-

2147 2026 2291 2073 τυσι,
2321 2011 2438 2069 τοῖς
2472 2008 2605 2082 ὑπὲρ
2633 2014 2733 2077 τῆς
2786 2006 3044 2078 ἀληθείας
3087 2008 3512 2082 ἠγωνισμένοις.
3567 2009 3689 2075 Καὶ,
3715 2007 3814 2062 ἵνα

2151 2091 2285 2148 εἴπω
2340 2098 2461 2150 τινὰ
2521 2096 2728 2172 βραχὺν
2784 2099 2898 2168 (51)
2928 2095 3230 2173 ἐπιτάφιον,
3271 2102 3495 2167 τιμᾶται
3523 2100 3627 2150 τῶν
3663 2096 3811 2151 εἷσο-

2152 2179 2283 2237 δίων
2340 2188 2516 2257 τιμῶν
2568 2185 2665 2253 τὴν
2716 2182 2920 2257 ἐξόδιον
2966 2183 3447 2255 πολυτελεστέραν·
3490 2182 3683 2238 πολλὰ
3716 2186 3818 2257 μὶν

2148 2274 2374 2341 κινήσας
2435 2269 2659 2348 δάκρυα,
2714 2272 2933 2345 μείζονα
2988 2271 3044 2326 δὲ
3091 2278 3197 2327 τῶν
3229 2271 3523 2346 ὁρῳμένων
3546 2276 3648 2341 τὴν
3682 2276 3811 2347 περὶ

2149 2359 2312 2414 αὐτοῦ
2372 2358 2524 2433 δόξαν
2583 2368 2700 2422 ταῖς
2755 2362 3006 2416 ἁπάντων
3068 2359 3327 2423 διανοίαις
3380 2361 3811 2434 ἔναποθέμενος.

2150 2447 2327 2517 ’Δλλ’,
2362 2451 2405 2504 ὧ
2436 2449 2567 2528 φίλη
2603 2451 2691 2505 καὶ
2741 2450 2861 2522 ἱερὰ
2908 2449 3143 2528 κεφαλή,
3178 2452 3204 2505 ὁ
3235 2452 3324 2504 καὶ
3352 2447 3521 2525 λόγου
3552 2453 3642 2505 καὶ
3678 2474 3816 2507 σιω-

2148 2544 2257 2607 πῆς
2312 2539 2478 2614 μέτρα
2525 2542 2658 2612 (52),
2715 2539 2848 2612 μετὰ
2892 2543 2998 2593 τῶν
3033 2538 3218 2594 αλλων
3253 2561 3346 2593 σου
3376 2539 3584 2607 καλῶν,
3619 2538 3813 2616 διαφε-

2148 2626 2351 2700 ρόντως
2382 2629 2642 2699 τιμήσας,
2676 2630 2811 2700 ἡμῖν
2868 2628 2961 2700 μὲν
3016 2626 3240 2681 ἐνταῦθα
3296 2630 3517 2698 στήσαις
3574 2630 3673 2683 τὸν
3714 2628 3815 2685 λό·

2148 2736 2266 2790 γον,
2303 2715 2349 2769 εἴ
2406 2716 2495 2771 καὶ
2551 2723 2652 2785 τῆς
2700 2715 2959 2787 ἀληθείας
2994 2714 3348 2791 ἐνδεέστερον,
3379 2715 3526 2770 ἀλλὰ
3550 2723 3652 2771 τοῦ
3712 2740 3811 2792 γε·

2147 2803 2284 2879 πρὸς
2345 2801 2569 2877 δύναμιν
2623 2803 2684 2857 οὐ
2727 2802 3075 2877 λειπόμενον’
3112 2804 3270 2865 αὐτὸς
3304 2802 3360 2858 δὲ
3391 2800 3593 2859 ἄνωθεν
3652 2808 3809 2877 ἡμᾶς

2148 2890 2471 2954 ἐποπτεόοις
2505 2890 2690 2960 ἵλεως,
2723 2892 2923 2946 καὶτὸν
2961 2892 3090 2947 λαὸν
3119 2889 3276 2946 τόνδε
3301 2889 3569 2966 διεξάγοις
3589 2893 3807 2948 τέλειον

2144 2979 2357 3043 τελείας
2387 2988 2486 3050 τῆς
2519 2984 2631 3054 (53)
2661 2979 2889 3056 Τριάδος
2924 2982 3324 3057 προσκυνητὴν,
3354 2988 3453 3051 τῆς
3511 2980 3565 3035 ὲν
3601 2987 3800 3056 Ματρί,

2145 3070 2234 3124 καὶ
2267 3070 2395 3141 Υῖῷ,
2456 3069 2547 3123 καὶ
2598 3070 2731 3145 ἁγίῳ
2782 3068 3053 3142 Πνεόματι
3106 3068 3485 3145 θεωρουμένης
3516 3071 3606 3123 καὶ
3642 3066 3807 3123 σεϐο-

2150 3159 2340 3230 μένης·
2396 3159 2485 3212 καὶ
2540 3160 2709 3230 ἡμᾶς,
2769 3157 2818 3212 εἴ
2877 3158 2969 3231 μὶν
3030 3157 3337 3232 εἰρηνικῶς,
3392 3156 3654 3232 κατέχοις
3709 3159 3803 3211 καὶ

2150 3244 2595 3319 συμποιμαίνοις·
2654 3246 2699 3303 εἰ
2749 3243 2805 3300 δὶ
2851 3245 3191 3318 πολεμικῶς,
3247 3245 3533 3321 ἆπαναγοις
3561 3247 3595 3314 ἢ
3628 3266 3806 3319 προσ-

2152 3329 2477 3407 λαμϐάνοις,
2536 3334 2624 3389 καὶ
2682 3337 2904 3405 στήσαις
2953 3336 3086 3407 μετᾶ
3132 3340 3354 3389 σεαυτοῦ
3402 3332 3491 3388 καί
3539 3339 3649 3388 τῶν
3686 3341 3808 3395 οἷος

2148 3424 2211 3478 σὺ
2242 3423 2335 3478 κᾶν
2371 3420 2506 3500 μέγα
2596 3424 2659 3477 τὸ
2696 3422 3097 3496 αἰτούμενον,ὶν
3123 3423 3269 3495 αὐτῷ
3298 3426 3407 3497 (54)
3442 3422 3663 3497 Χριστῷ

2145 3518 2223 3584 τῷ
2255 3512 2437 3589 Κυρίῳ
2467 3515 2649 3583 ἡμῶν
2686 3514 2730 3584 ᾧ
2780 3519 2923 3567 πᾶσα
2973 3509 3117 3582 δόξα,
3148 3512 3308 3585 τιμὴ,
3338 3512 3429 3567 καὶ
3458 3515 3568 3585 (56)
3600 3512 3803 3587 κράτος

2149 3600 2226 3663 εἷς
2263 3601 2390 3663 τοὺς
2424 3600 2623 3663 αἰῶνας
2654 3603 2787 3674 (57).
2824 3602 3020 3673 ’Δμήν.

387 3708 520 3747 cum
555 3708 796 3763 pascas;
832 3691 921 3746 sin
953 3695 1149 3747 autem
1181 3690 1435 3747 Ecclesia
1464 3690 1632 3747 bellis
1666 3689 1987 3763 ﬂagratura
2015 3696 2124 3757 est,
2152 3693 2418 3758 reducas,
2442 3697 2544 3747 aut
2574 3709 2864 3761 assumas,
2892 3698 3228 3763 tecumque,
3260 3697 3317 3747 et
3345 3709 3479 3747 cum
3512 3693 3600 3746 tui
3634 3692 3809 3748 simi-

380 3778 540 3835 libus
594 3779 865 3845 colloces,
895 3780 1129 3835 tametsi
1181 3796 1458 3853 magnum
1512 3780 1589 3835 sit
1637 3780 1795 3851 quod
1846 3780 2098 3851 postulo,
2131 3780 2191 3835 in
2243 3780 2370 3852 ipso
2402 3779 2632 3836 Christo
2687 3781 2930 3837 Domino
2981 3786 3201 3848 nostro,
3236 3781 3332 3836 cui
3360 3780 3557 3835 omnis
3587 3779 3805 3853 gloria,

382 3866 588 3936 honor,
622 3872 679 3923 et
707 3866 1021 3939 imperium
1056 3868 1111 3923 in
1143 3868 1374 3924 saecula.
1402 3871 1608 3924 Amen.

381 3992 601 4065 plicum
631 3993 955 4065 praesidem.
986 3992 1080 4048 Sic
1112 3994 1183 4048 de
1210 3992 1361 4049 aliis.
1395 3993 1497 4048 His
1532 3997 1727 4049 autem
1760 3993 2037 4049 omnibus

382 4063 724 4138 hominibus
744 4063 1110 4138 Athanasius
1135 4065 1213 4138 (ob
1253 4066 1527 4138 virtutem
1562 4082 1595 4120 a
1629 4064 1907 4138 Gregorio
1936 4082 2036 4135 ap-

385 4135 654 4206 pellatur.
687 4155 717 4187 (
742 4134 966 4208 Philius
988 4158 1016 4185 »ι
1051 4136 1473 4208 ϐῐὶίῐηάίοίίυΐ,
1495 4138 1650 4208 quod
1681 4134 1779 4192 eos
1811 4136 2035 4208 diligat,

389 4207 490 4279 qui
523 4223 719 4279 amore
744 4206 906 4278 digni
935 4213 1092 4262 sunt.
1128 4230 1155 4257 ‹‹
1185 4207 1423 4274 Xenius,
1448 4228 1475 4257 ιι
1514 4206 1667 4279 quod
1701 4206 2038 4279 peregrinos

386 4278 639 4350 hospitio
670 4278 940 4348 excipiat.
975 4300 1003 4328 ‹‹
1025 4278 1299 4350 Supplex,
1330 4301 1350 4328 ι
1386 4278 1542 4350 quod
1577 4278 1776 4350 preces
1810 4296 1911 4350 pro
1938 4296 2033 4350 po-

386 4348 507 4429 puli
539 4348 725 4403 salute
759 4350 985 4432 fundat:
1032 4372 1059 4400 ‹‹
1094 4348 1305 4432 zygiae
1337 4372 1365 4432 ξ)
1404 4348 1685 4432 etiamet
1737 4373 1764 4400 «
1800 4348 2037 4432 Parthe:

386 4420 541 4488 nius,
573 4441 601 4467 ιι
629 4421 782 4494 quod
816 4420 1200 4479 matrimonio
1221 4426 1277 4477 et
1308 4421 1626 4494 virginitati
1648 4421 1806 4494 leges
1828 4424 2039 4478 condat

388 4507 454 4545 ac
484 4490 826 4545 perscribat.

459 4554 573 4632 (50)
605 4554 877 4634 Δόγματα.
911 4562 1064 4633 Pan,
1100 4558 1423 4636 διδάγματα,
1466 4585 1493 4614 ‹‹
1527 4564 1898 4620 documenta.
1936 4586 1965 4613 »

2220 3994 2332 4084 (51)
2390 3991 2524 4049 Τινὰ
2602 3992 2844 4068 βραχύν.
2922 3999 2987 4049 In
3076 3993 3376 4050 nonnullis
3451 3994 3681 4065 codd.,
3756 4011 3811 4046 τι

2223 4084 2353 4119 αγυ.

2152 4064 2573 4210 βρῗέχέ)’Μέτρα.
2601 4138 2704 4210 ‘In,
2734 4138 2823 4193 ed.
2870 4137 3161 4210 sequitur,
3192 4135 3305 4205 καί,
3337 4136 3495 4208 quod
3529 4137 3809 4193 codicum

2149 4207 2496 4264 austeritate
2526 4207 2869 4264 delevimus.

2220 4280 2333 4352 (53)
2363 4281 2494 4352 Τῆς.
2529 4279 2702 4352 Deest
2731 4282 2789 4334 in
2820 4279 3063 4352 duobus
3079 4283 3257 4352 Regg.

2220 4349 2333 4422 (54)
2375 4349 2551 4421 Αὐτῷ.
2585 4351 2679 4407 Sic
2710 4352 2889 4422 codd.
2914 4352 2975 4406 In
3004 4351 3119 4417 ed.,
3154 4349 3335 4405 ἀύτοῦ,

2219 4421 2334 4495 (55)
2373 4424 2606 4495 Χριστῷ.
2641 4421 2917 4495 Nonnulli
2949 4423 3118 4495 codd.
3154 4423 3407 4495 addunt,
3432 4421 3645 4495 Ἰησοῦ.

2216 4493 2332 4565 (56)
2375 4493 2494 4565 Καί.
2528 4495 2622 4550 Sic
2654 4496 2768 4551 duo
2801 4494 3004 4565 Regg.,
3034 4493 3213 4565 0r.rl.
3251 4494 3309 4547 In
3342 4493 3437 4548 ed.
3468 4493 3664 4548 deest.

2218 4563 2332 4638 (57)
2372 4564 2606 4626 Δῖῶνας.
2650 4565 2746 4621 01‘.
2783 4571 2807 4621 1
2849 4563 3031 4632 addit,
3064 4563 3295 4618 αἰώνων.

815 4841 969 4897 4”
1009 4852 1566 4941 MONITUM
1625 4855 1739 4939 IN
1800 4850 2455 4942 OllATIONES
2508 4854 2763 4940 XXII
2833 4855 2976 4938 ΕΤ
3044 4853 3361 4937 XXIII.

465 5132 531 5216 I.
563 5133 889 5197 Orationes
943 5134 1078 5199 istae
1141 5161 1171 5194 ‹‹
1223 5139 1308 5198 De
1364 5107 1521 5216 pace
1572 5160 1601 5192 »
1662 5136 2115 5216 inscribuntur.
2173 5135 2373 5196 Aliam
2432 5134 2649 5195 itidem
2708 5135 2876 5216 «De
2914 5151 3088 5216 pace
3134 5154 3162 5190 υ
3226 5133 3604 5216 inscriptam
3670 5133 3797 5210 iam

390 5215 678 5296 Nazianzi
740 5218 1257 5295 pronuntiaverat
1314 5214 1650 5296 Gregorius
1706 5214 1854 5294 (58)

1885 5262 1899 5287 ,
1954 5234 2094 5276 cum
2155 5215 2489 5284 monachi,
2550 5216 2631 5275 ob
2688 5214 3106 5291 subscriptam
3166 5233 3203 5274 a
3259 5215 3568 5291 Gregorio
3626 5223 3805 5293 patre

386 5294 759 5370 formulam,
800 5317 940 5377 quae
999 5300 1293 5359 Arianam
1354 5294 1637 5377 fraudem
1699 5296 2041 5377 redolebat,
2091 5296 2197 5377 ab,
2229 5315 2302 5356 eo
2360 5296 2664 5367 distracti,
2718 5297 2795 5377 ad
2855 5294 3157 5355 unitatem
3196 5294 3577 5377 _re_diissent.
3630 5298 3801 5354 Nunc

384 5383 594 5436 autem
671 5373 834 5438 non'
878 5379 1096 5439 eadem
1168 5396 1356 5439 causa
1436 5376 1740 5451 Theolngi
1824 5376 2025 5435 zelum
2102 5375 2476 5436 inﬂammat.
2554 5376 2794 5435 Etenim
2883 5382 3113 5454 praeter
3196 5373 3427 5434 bellum
3498 5376 3803 5435 adversus

386 5454 755 5532 haereticos,
830 5457 1184 5517 luctuosum
1243 5457 1431 5516 etiam
1496 5456 1748 5533 vigebat
1806 5456 1902 5515 his
1956 5456 2344 5535 temporibus
2402 5455 2675 5516 schisma
2726 5458 2887 5515 inter
2940 5455 3109 5532 ipsos
3168 5454 3574 5521 Catholicos,
3644 5474 3797 5533 quo-

389 5552 527 5593 rum
583 5536 687 5596 alii
747 5562 774 5592 «
811 5539 888 5596 ad
920 5538 1184 5597 Paulum
1226 5537 1373 5616 (59),
1407 5560 1436 5591 »
1492 5536 1597 5596 alii
1650 5560 1679 5591 ‹‹
1711 5536 1787 5595 ad
1821 5535 2044 5615 Apollo
2075 5560 2105 5591 »
2161 5536 2408 5596 trahere
2439 5536 2803 5613 Gregorium
2837 5537 3250 5616 conabantur.
3274 5536 3422 5616 “Per
3474 5557 3504 5588 ‹‹
3536 5536 3793 5616 Panlurn

389 5620 452 5672 et
506 5617 731 5693 Apollo
783 5640 813 5671 »
892 5617 993 5677 hic
1073 5614 1623 5697 merito'quidem
1700 5616 1779 5676 ab
1853 5616 2114 5678 eruditis
2189 5616 2626 5694 intelliguntur
2689 5616 2960 5684 Melitius
3018 5621 3080 5676 et
3136 5614 3476 5688 Paulinus,
3558 5616 3669 5694 qui
3728 5614 3796 5674 de

463 5760 576 5832 (58)
604 5759 700 5816 Ur.
730 5778 811 5819 v1.

2144 5765 2258 5843 (59)
2293 5769 2481 5823 Carm.
2514 5767 2591 5823 Dc
2615 5768 2729 5823 vita
2754 5782 2879 5838 sua,
2912 5781 3061 5821 vers.
3090 5764 3217 5821 680.
