4094 6212
250 392 401 457 1129
458 457 471 469 λ
1380 390 1669 457 ORATIO
1713 390 1867 457 XXI]

2042 398 2143 458 DE
2192 399 2388 459 PACE
2432 390 2511 459 II.
3501 392 3656 455 H30

250 526 644 588 Antiocheno
704 524 1072 606 episcopatu
1134 526 1636 600 contendebant,
1713 536 1775 587 et
1833 546 2097 606 quorum
2155 547 2363 601 causa,
2425 548 2548 590 non
2608 530 2822 591 Oriens
2880 528 3108 599 modo,
3167 526 3277 587 sed
3331 526 3658 585 universus

251 608 422 668 orbis
462 607 923 687 imiserandum
1000 608 1061 665 in
1141 607 1395 666 modum
1470 608 1533 666 in
1610 609 1956 668 contrarias
2030 615 2242 687 partes
2317 610 2739 670 scindebatur.
2802 611 2969 669 Inter
3042 607 3179 667 haec
3253 606 3655 687 dissidiorum

255 686 565 758 incendia,
618 687 863 768 medias
910 692 1120 765 partes
1176 687 1458 765 sequitur
1514 688 1870 765 Gregorius,
1919 706 1991 749 ac
2032 686 2403 750 vehementi
2460 708 2684 768 genere
2741 688 2991 750 dicendi
3048 694 3248 761 utens,
3300 686 3656 768 ablegatam

254 786 475 847 pacem
532 767 677 849 totis
731 767 968 849 viribus
1023 783 1317 849 revocare
1354 772 1640 849 conatur
1684 768 1772 846 (ιι.
1810 768 1866 848 1)
1909 786 1923 828 :
1980 792 2011 823 «
2042 770 2172 829 Pax
2221 770 2352 843 Dei,
2407 766 2631 849 inquit,
2684 775 2744 829 et
2791 770 2952 830 Deus
3006 768 3198 846 pacis,
3252 785 3375 845 pax
3425 766 3653 840 amica,

262 846 496 907 bonum
559 847 639 907 ab
698 846 991 907 omnibus
1046 846 1297 924 quidem
1354 846 1718 910 laudatum.
1799 846 1854 907 a'
1902 850 2116 927 paucis
2172 855 2380 910 autem
2439 846 2871 912 conservatum
2905 897 2918 922 ,
3000 849 3250 908 ubinam
3309 864 3425 906 nos
3481 851 3658 906 tanto

247 928 383 1004 jam
444 926 744 1005 temporis
801 927 1007 1004 spatio
1064 927 1424 1007 reliquisti?
1477 928 1738 997 Quando
1796 926 2049 987 ad’nos
2104 930 2381 990 reditura
2431 932 2553 990 es?
2588 955 2617 987 »
2683 932 2841 989 Tum
2895 931 2954 988 in
3018 933 3385 1007 praesentem
3426 944 3657 1007 rerum

253 1015 489 1068 statum
542 1010 869 1078 invehens,
927 1006 1222 1079 ostendit,
1282 1014 1438 1084 quot
1492 1015 1554 1066 et
1609 1015 1848 1085 quanta
1902 1026 2109 1068 secum
2168 1012 2570 1070 incommoda
2626 1010 2936 1070 discordia
2991 1006 3234 1071 afferat.
3293 1006 3660 1066 Christianis

253 1088 612 1169 praecipue,
652 1090 1142 1169 quorumﬂDeus
1199 1086 1472 1146 charitas
1529 1097 1642 1147 est.
1702 1089 2145 1149 Dissidentium
2202 1090 2522 1150 levitatem
2577 1091 2860 1168 increpat
2917 1089 3154 1169 (n.75),
3213 1105 3361 1169 qua,
3395 1088 3497 1158 ﬁt,
3558 1095 3657 1158 ut,

260 1192 289 1226 α
328 1167 436 1245 qui
482 1166 639 1238 heri,
692 1166 861 1226 velut
908 1167 1075 1226 Elias
1130 1172 1241 1227 aut
1282 1169 1558 1227 Joannes
1612 1169 2095 1246 praedicabatur,
2150 1169 2360 1245 hodie,
2412 1178 2481 1230 ut
2533 1171 2727 1230 Judas
2756 1166 2893 1229 'aut
2929 1166 3209 1245 Caiphas
3262 1166 3657 1226 habeatur.»

258 1246 492 1309 Deinde
539 1247 643 1327 ad,
675 1246 820 1305 ﬁdei
873 1246 1221 1327 doctrinam
1283 1248 1631 1309 orationem
1681 1255 2071 1320 convertens,
2123 1249 2305 1310 docet
2358 1251 2509 1327 quid
2568 1250 2630 1308 in
2688 1250 2973 1309 doctrina
3028 1247 3417 1317 cavendum;
3470 1252 3663 1323 atque

256 1329 517 1408 insuper
573 1326 870 1408 admonet
922 1326 1213 1408 quaedam
1264 1346 1432 1408 esse,
1496 1346 1578 1408 ne
1630 1328 1881 1407 quidem
1938 1329 2195 1390 omnino
2251 1326 2720 1408 investiganda,
2780 1328 3075 1408 quaedam
3130 1337 3361 1408 autem_
3400 1333 3660 1408 cont-en-

260 1407 429 1468 tiosis
489 1406 853 1466 hominibus
908 1407 1341 1487 relinquenda,
1403 1404 1691 1486 quaedam
1755 1427 1927 1480 vero,
1993 1434 2021 1464 α
2076 1428 2200 1469 non
2258 1412 2448 1471 armis
2484 1404 2564 1471 iet
2618 1404 2930 1487 ferro—(n.
2993 1406 3114 1485 11),
3171 1430 3198 1463 ››
3259 1404 3368 1465 sed
3422 1405 3663 1487 ratione

254 1487 735 1569 propugnanda.
798 1486 975 1547 Unde
1035 1493 1215 1547 caute
1266 1484 1734 1569 prudenterque
1792 1488 2029 1566 colligit
2091 1490 2172 1569 (n.
2240 1493 2377 1569 12),
2464 1515 2493 1545 (ι
2544 1508 2760 1550 omnes
2815 1484 3167 1569 superﬂuos
3241 1484 3661 1569 quaestionum

253 1565 538 1627 surculos
585 1583 850 1649 prorsus
907 1583 1039 1626 esse
1099 1565 1554 1647 amputandos,
1618 1565 1760 1628 cum
1818 1565 2349 1649 pietatis'regula
2401 1570 2463 1629 in
2519 1575 2654 1631 tuto
2713 1574 2839 1643 est,
2891 1565 2964 1628 'et
3018 1567 3165 1628 ﬁdei
3224 1569 3415 1645 caput
3470 1565 3665 1625 semel

252 1652 346 1707 est
402 1646 834 1707 constitutum.
869 1669 900 1702 »

332 1727 411 1787 ll.
458 1730 592 1787 Non
652 1726 851 1786 multo
908 1732 1069 1803 post,
1130 1727 1288 1786 inita
1336 1726 1467 1805 jam
1531 1746 1706 1806 pace,
1756 1733 1944 1807 atque
2002 1729 2248 1789 Meletio
2306 1734 2367 1789 et
2417 1728 2702 1800 Paulino,
2757 1725 3192 1807 dissidentium
3254 1726 3441 1785 etiam
3507 1724 3668 1784 votis

255 1812 318 1867 et
373 1807 696 1884 suffragio,
757 1807 821 1864 in
881 1807 1270 1867 Antiochena
1326 1809 1471 1867 sede
1528 1806 1870 1879 collocatis,
1932 1827 2005 1868 ea
2060 1809 2218 1887 lege,
2278 1816 2429 1879 «ut,
2480 1808 2677 1868 altero
2737 1806 3245 1868 contendentium
3306 1807 3663 1887 demortuo,

253 1887 439 1966 alter
472 1890 580 1964 qui
635 1893 948 1964 superstes
1004 1893 1202 1960 esset,
1282 1888 1612 1965 episcopus
1669 1890 1748 1948 ab
1805 1888 2098 1948 omnibus
2134 1886 2615 1965 agnosceretur
2672 1889 2817 1966 (60),
2877 1912 2904 1941 ››
2983 1888 3242 1946 alteram
3313 1886 3661 1945 orationem

255 1965 477 2026 habuit
531 1966 911 2043 Theologus.
967 1967 1078 2027 Hic
1133 1967 1359 2027 iterum
1420 1968 1591 2045 pacis
1642 1969 1972 2029 utilitatem
2024 1976 2084 2029 et
2131 1969 2386 2029 delicias
2435 1969 2637 2029 obiter
2683 1965 3021 2044 attingens,
3071 1966 3339 2042 insurgit
3393 1966 3663 2025 maxime

257 2046 556 2127 adversus
628 2046 978 2127 haereticos,
1036 2047 1166 2126 qui,
1224 2048 1486 2107 obtentu
1546 2047 1863 2125 religionis
1920 2055 1981 2109 et
2049 2049 2375 2110 charitatis
2426 2050 2658 2127 specie,
2716 2048 3184 2111 Catholicorum
3244 2046 3663 2105 dissensiones

254 2126 480 2187 acriter
536 2126 1053 2187 criminabantur.
1110 2129 1232 2187 Eos
1290 2127 1351 2185 in
1411 2128 1836 2188 testimonium
1892 2129 2175 2207 appellat
2229 2138 2290 2190 et
2347 2137 2649 2207 provocat
2705 2135 2918 2189 orator
2977 2127 3123 2207 (61).
3166 2129 3375 2199 «Vos,
3426 2126 3655 2207 inquit,

255 2224 629 2267 arcanorum
690 2212 1048 2267 nostrorum
1104 2207 1439 2286 participes
1496 2214 1711 2268 estote.
1776 2210 1869 2268 Ad
1927 2204 2257 2269 consilium
2309 2204 2441 2281 vos,
2499 2208 2688 2269 etiam
2746 2208 2938 2280 exosi,
2989 2204 3288 2267 vocamus
3348 2204 3659 2286 ;arbitris

258 2287 544 2368 hostibus
601 2287 875 2368 utimur,
954 2293 1037 2368 ut,
1079 2284 1593 2368 pudorer'suﬁ‘usi
1650 2288 1921 2366 victique
1976 2290 2303 2350 recedatis.
2365 2289 2780 2350 Dissensimus
2836 2287 3083 2368 quidem
3142 2285 3327 2368 (62),
3402 2305 3528 2346 non
3588 2284 3664 2368 de

257 2366 530 2439 deitate,
592 2368 733 2447 sed,
774 2367 850 2426 de
907 2367 1125 2427 ordine
1181 2372 1242 2427 et
1298 2367 1726 2447 disciplina....
1788 2365 1919 2429 Hoc
1973 2375 2256 2430 nostrum
2315 2376 2588 2431 erratum
2651 2369 2805 2440 fuit,
2854 2365 3057 2447 _quod
3124 2366 3316 2447 nimio
3390 2365 3663 2446 pastoris

262 2464 478 2529 amore
535 2446 1051 2529 aﬁ’ectiusumus,
1129 2465 1242 2529 nec
1301 2466 1371 2507 ex
1430 2446 1676 2529 duobus
1732 2448 1973 2509 eximiis
2046 2449 2458 2529 praesulibus,
2535 2454 2676 2509 uter
2747 2446 2945 2526 magis
2988 2446 3389 2529 expetendus
3460 2450 3662 2529 esset,

261 2528 539 2609 reperire
595 2526 946 2604 potuimus,
1008 2527 1417 2609 quoadusque
1470 2528 1531 2586 in
1592 2529 1712 2588 hoc
1769 2526 2210 2602 convenimus,
2272 2537 2343 2589 ut
2399 2536 2734 2607 utrumque
2790 2530 2927 2609 pari
2970 2528 3043 2609 in
3100 2526 3286 2587 laude
3343 2531 3403 2585 et
3461 2526 3664 2587 admi-

261 2608 506 2667 ratione
560 2625 1022 2683 poneremus.»
1079 2608 1262 2667 ’l‘ales
1317 2616 1501 2679 sunt,
1563 2628 1719 2687 quas
1779 2610 1877 2670 hic
1936 2610 2118 2669 affert
2177 2610 2549 2687 Gregorius,
2611 2608 3013 2669 dissensionis
3071 2613 3232 2666 413
3292 2624 3541 2677 causae,
3602 2611 3665 2665 et

261 2687 436 2765 pacis
488 2687 901 2769 conditiones.
962 2689 1309 2769 Peccarunt
1365 2688 1642 2766 quidem,
1692 2691 1796 2749 sed
1855 2690 2049 2749 nimio
2105 2697 2350 2750 tantum
2408 2689 2678 2769 pastoris
2734 2707 2971 2749 amore.
3021 2690 3189 2748 Inter
3238 2688 3396 2745 duos
3453 2692 3666 2765 pasto—

260 2787 405 2847 res,
442 2766 583 2847 vita
629 2768 883 2847 pariter,
937 2768 1214 2827 moribus
1271 2774 1333 2828 et
1388 2769 1676 2829 doctrina
1732 2770 2126 2847 conspicuos,
2184 2766 2532 2830 incerti'ac
2585 2771 3021 2830 dissentientes
3079 2769 3412 2839 hasresunt,
3467 2769 3668 2826 donec

262 2846 636 2927 tandemiin
693 2846 812 2907 hoc
868 2854 1335 2924 convenerunt,
1415 2856 1484 2907 ut
1541 2851 1677 2927 pari
1736 2846 2072 2927 utrumque
2127 2851 2189 2909 in
2253 2851 2433 2909 laude
2489 2857 2552 2911 et
2623 2850 3039 2909 admiratione
3112 2852 3441 2925 ponerent.
3504 2849 3663 2905 Nam

264 2951 291 2982 α
347 2928 423 2986 de
478 2926 601 2986 ﬁde
637 2935 719 3008 _et
775 2927 1123 3000 divinitate,
1184 2946 1308 2987 una
1366 2935 1499 2988 erat
1544 2926 1837 2989 omnium
1896 2948 2016 2988 vox
2074 2937 2135 2989 et
2191 2931 2426 2990 labium
2488 2948 2681 2989 unum
2733 2929 2878 3008 (63).
2928 2950 2958 2986 ι)
3050 2928 3363 3008 Praeterea
3420 2944 3664 3008 pacem,

262 3025 464 3088 quam
513 3024 577 3066 se
634 3005 696 3066 in
754 3008 947 3088 priori
1023 3008 1305 3068 oratione
1378 3014 1598 3087 optare
1674 3009 2127 3088 praedicaverat
2196 3010 2594 3085 Theologus,
2674 3005 2844 3069 nunc.
2913 3008 2977 3067 in
3052 3005 3667 3088 istadcompositam

262 3086 658 3167 gratulatur,
738 3087 1050 3165 simulque
1108 3086 1437 3149 haereticis
1473 3086 1736 3167 probat,
1818 3096 2057 3150 tantam
2114 3108 2238 3150 non
2297 3090 2483 3149 fuisse
2540 3089 2704 3149 inter
2759 3088 3114 3150 Catholicos
3174 3086 3665 3167 dissensionem,

262 3172 501 3249 quanta
554 3166 705 3249 ipsis
740 3167 1111 3249 videbatur.
1178 3168 1354 3229 Unde
1412 3165 1692 3248 ipsorum
1750 3169 2049 3229 invidiam
2105 3176 2166 3230 et
2222 3169 2603 3249 hypocrisim
2667 3169 2984 3247 exagitat,
3067 3174 3256 3249 atque
3330 3165 3671 3249 confutatis

258 3248 513 3385 ilquum
574 3246 652 3307 de
707 3247 1011 3307 Trinitate
1069 3249 1406 3323 erroribus,
1438 3246 1579 3329 pro
1637 3267 1852 3310 eorum
1912 3250 2111 3310 salute
2169 3246 2455 3311 amanter
2510 3257 2750 3320 exorat,
2804 3246 2866 3310 et
2919 3247 3305 3325 theologicas
3352 3246 3670 3307 orationes

260 3346 347 3386 no
399 3328 618 3386 icetur.

260 3345 618 3408 pouicetur.

346 3409 449 3468 Ill.
517 3408 643 3465 Has
698 3407 1014 3467 orationes
1069 3408 1607 3486 ConstantinOpoli
1665 3410 1953 3483 nabitas,
2030 3408 2195 3469 circa
2251 3410 2520 3470 medium
2582 3426 2817 3469 annum
2876 3409 3030 3481 379,
3106 3412 3175 3467 ut
3227 3404 3664 3478 verisimilius,

263 3505 410 3547 cum
468 3487 868 3547 ’l‘illemontio
915 3486 1036 3566 (64)
1095 3489 1497 3548 arbitramur.
1558 3491 1644 3550 De
1701 3491 1895 3568 priori
1952 3490 2204 3568 quidem
2263 3491 2503 3549 nullum
2565 3495 2656 3548 est
2711 3489 3023 3559 dubium;
3083 3494 3146 3546 et
3191 3487 3432 3551 titulus.
3483 3502 3671 3568 quem

266 3584 541 3648 praise
600 3567 809 3648 ferunt
882 3568 1166 3637 codices,
1244 3568 1307 3627 id
1364 3570 1551 3627 etiam
1610 3565 1986 3629 conﬁrmatf
2022 3573 2109 3629 De
2165 3571 2496 3648 posteriori
2554 3587 2701 3629 vero
2762 3568 3136 3628 dissentiunt
3190 3565 3670 3648 eruditi.»_Elias

264 3644 609 3728 siquidem,
676 3646 1010 3728 Billius_et
1064 3648 1533 3728 Papebrochius
1590 3650 1712 3728 (65)
1773 3650 2092 3721 Nazianzi,
2158 3644 2456 3728 Gregorio
2508 3659 2687 3727 patre
2744 3649 2953 3708 adhuc
3008 3648 3376 3725 superstite,
3437 3644 3669 3728 dictam

265 3722 727 3787 existimarunt.
790 3726 968 3788 Unde
1026 3728 1089 3786 in
1146 3722 1327 3787 editis
1384 3722 1651 3805 primum
1696 3722 1920 3788 locum
1979 3730 2239 3789 obtinet.
2284 3722 2463 3789 'Nihil
2511 3722 2728 3789 tamen
2786 3747 2861 3788 ex
2928 3729 3044 3787 hac
3088 3722 3385 3787 oratione
3459 3722 3671 3805 colligi

264 3812 517 3887 potest,
594 3805 776 3887 quod;
819 3825 1035 3866 eorum
1090 3804 1415 3868 sententiae
1486 3809 1713 3868 faveat.
1792 3811 1879 3868 Ac
1956 3809 2157 3886 primo
2212 3811 2488 3886 quidem,
2552 3808 2829 3886 quandiu
2890 3808 3232 3887 Gregorius
3281 3805 3486 3865 senior
3544 3804 3672 3861 Na-

266 3885 580 3947 iianzenae
642 3885 932 3947 Ecclesire
990 3904 1203 3947 curam
1265 3887 1490 3966 gessit,
1568 3888 1810 3947 nullum
1869 3885 2143 3967 unquam
2202 3885 2321 3948 fuit
2374 3885 2698 3949 dissidium
2763 3888 2931 3967 inter
2984 3885 3669 3967 Gregorium_patrem_

266 3972 334 4027 et
391 3966 755 4046 Gregorium
814 3966 1051 4038 ﬁlium,
1133 3986 1205 4027 ac
1268 3959 1533 4046 proinde
1589 3967 1763 4028 nulla
1820 3959 2342 4028 reconciliationis
2398 3967 2734 4027 necessitas
2790 3966 2939 4043 ﬁngi
2999 3959 3563 4046 pot'estxDein'de,
3623 3959 3676 4020 si

266 4045 444 4125 quod
502 4048 737 4106 exstitit
792 4047 956 4107 inter
1010 4045 1348 4125 utrumque
1406 4048 1772 4126 Gregorium
1833 4054 1896 4108 et
1952 4048 2293 4108 monachos
2351 4054 2688 4118 certamen,
2753 4046 2909 4106 illud
2974 4068 3001 4103 (ι
3050 4046 3124 4106 ad
3184 4045 3367 4105 fidem
3419 4064 3478 4114 ι),
3543 4059 3675 4126 non

274 4121 310 4181 (ξ
362 4126 438 4185 ad
498 4126 778 4186 ordinem
838 4134 899 4187 et
956 4121 1349 4207 disciplinam
1410 4121 1578 4207 (66),
1636 4152 1663 4183 ι)
1746 4129 1821 4187 de
1881 4129 2109 4206 quibus
2166 4128 2265 4187 hic
2322 4135 2565 4188 tantum
2626 4126 2870 4205 agitur,
2948 4125 3324 4207 pertinebat.
3382 4121 3674 4207 Nondum

267 4207 466 4267 etiam
518 4206 614 4264 his
667 4208 1078 4285 temporibus,
1116 4202 1427 4268 ‘Nazianzi
1480 4202 1553 4267 ait
1615 4209 1673 4268 id
1734 4202 2102 4268 temeritatis
2160 4215 2221 4267 et
2278 4202 3002 4285 arrogantiae'venerant
3052 4204 3346 4271 haeretici,
3382 4210 3453 4262 ut
3480 4202 3679 4262 ’l‘heo-

272 4288 426 4362 logo
486 4303 646 4364 opus
704 4288 931 4361 fuerit,
999 4288 1077 4347 ad
1137 4289 1590 4349 retundendam
1648 4290 1899 4349 illorum
1957 4290 2326 4361 audaciam,
2390 4307 2495 4348 eos
2547 4296 2677 4347 tam
2735 4288 2962 4347 acriter
3017 4293 3269 4363 tamque
3322 4286 3683 4364 frequenter

273 4360 881 4447 iis—demr—derrebus
917 4360 1197 4447 arguere
1254 4376 1315 4428 et
1368 4369 1685 4441 insectari,
1741 4387 1815 4430 ac
1870 4370 2127 4447 insuper
2184 4370 2270 4427 uti
2314 4360 2359 4423 θα
2406 4368 2577 4427 duris
2634 4368 3058 4440 solidisque,»
3110 4360 3183 4426 ut
3224 4365 3503 4442 loquitur
3532 4360 3682 4440 (6‘7),

273 4470 312 4501 α
370 4445 448 4527 de
504 4445 809 4507 Trinitate
866 4446 1448 4525 disputationibus;
1501 4472 1529 4506 ι)
1613 4468 1737 4527 quo
1796 4445 2049 4510 nomine
2102 4449 2511 4526 theologicae,
2583 4464 2739 4527 quas
2794 4449 3206 4527 promiserat,
3279 4447 3688 4527 designantur

264 4526 646 4607 o_rationes._
683 4528 807 4607 Nec
864 4524 1246 4607 quemquam
1306 4534 1580 4601 moveat,
1634 4524 1809 4607 quod
1867 4529 1955 4590 ait
2009 4524 2367 4605 'l‘heologu's
2424 4528 2567 4607 (68),
2608 4524 2665 4582 ί‹‹
2710 4524 2805 4587 de
2842 4526 3117 4607 benigno
3178 4532 3375 4604 patre,
3406 4524 3689 4607 ejusque

259 4604 652 4687 obsequenti
703 4603 1487 4687 iﬁlio,'una'sedentibus,
1548 4603 1962 4687 mutuumque
2016 4609 2135 4669 sibi
2190 4603 2629 4669 ornamentum
2690 4606 3118 4676 efferentibus,
3171 4603 3198 4663 io
3260 4603 3426 4683 quod
3477 4603 3691 4662 forsan

254 4686 433 4751 Elia:
510 4686 874 4765 casterisque
952 4687 1163 4749 fucum
1239 4689 1406 4750 fecit.
1466 4688 1628 4749 Illud
1703 4686 1911 4761 enim,
1989 4694 2059 4749 ut
2135 4708 2211 4750 ex
2287 4687 2468 4747 dictis
2545 4687 2939 4747 manifestum
3000 4694 3134 4759 est,
3216 4687 3691 4765 adiutrumque

262 4765 653 4848 Gregorium
712 4761 1072 4848 nullatenus
1121 4768 1337 4829 referri
1384 4773 1607 4848 potest.
1665 4769 1905 4841 Merito,
1951 4766 2137 4846 juxta
2184 4768 2677 4840 Tillemontium,
2730 4766 3100 4848 intelligitur
3150 4765 3245 4848 vel
3297 4764 3372 4848 de
3416 4761 3692 4842 quodam

230 4846 610 4928 episcopo,
677 4847 784 4924 qui
829 4847 1277 4928 dissidentium
1341 4845 1625 4928 partibus
1681 4845 1982 4927 praeerat,
2043 4848 2277 4927 quique
2329 4849 2489 4908 forte
2547 4846 3118 4928 Gregoriounostro
3175 4845 3478 4928 dignitate
3536 4859 3699 4928 prae:

257 4918 519 5009 stabat,
577 4918 763 5003 quem
826 4927 1083 5009 honoris
1139 4918 1360 5002 causa,
1435 4953 1465 4985 «
1523 4918 1764 5008 patrem
1825 4952 1855 4984 »
1937 4918 2237 5009 appellat,
2300 4946 2488 5007 seque
2544 4918 2700 5009 ipse.
2753 4951 2782 4982 «
2843 4926 3041 5009 ﬁlium
3090 4950 3129 5009 _»
3189 4918 3491 5009 Διιὸιιιίιιιιῑι
3531 4918 3557 4995 ξ
3600 4918 3704 4979 vel

260 5006 519 5088 potius.
583 5024 656 5088 ac
713 5008 1128 5077 verisimilius,
1188 5011 1320 5088 ipse
1374 5006 1730 5087 'I‘hedlogus
1792 5006 2111 5088 «pater»
2174 5014 2286 5079 est,
2348 5006 2409 5068 et
2470 5007 2701 5088 «ﬁliis
2762 5007 3014 5088 nomine
3074 5006 3608 5088 designat_unum
3671 5018 3705 5061 θ

261 5085 744 5167 ἐξιοθιιάοιίιιιιε,
807 5107 1018 5166 quem,
1080 5085 1324 5149 etiamsi
1389 5085 1820 5150 dissidentium
1863 5085 2103 5167 agmen
2163 5086 2706 5166 Constantinopoli
2761 5087 3062 5155 duxisset,
3121 5085 3702 5167 composita_pace,

260 5171 355 5230 in
415 5165 683 5243 gratiam
743 5164 1010 5245 recipit;
1073 5170 1251 5247 cujus
1308 5171 1479 5248 pacis
1535 5176 1606 5230 ut
1662 5170 1850 5229 ﬁdem
1909 5164 2207 5240 facerent,
2273 5187 2541 5239 necesse,
2580 5164 2742 5237 'fuit,
2806 5174 2874 5227 ut
2931 5167 3118 5227 ambo
3194 5185 3321 5227 una
3395 5164 3704 5231 sederent,

260 5253 549 5329 mutuas
607 5264 821 5306 coram
883 5248 1120 5326 populo
1178 5250 1468 5310 dexteras
1517 5250 1898 5329 jungerent,
1960 5255 2147 5328 atque
2206 5269 2331 5309 una
2386 5248 2595 5309 anima
2653 5253 2715 5307 et
2772 5266 2897 5306 uno
2953 5265 3060 5308 ore
3115 5263 3467 5307 sermonem
3525 5257 3707 5320 sepa-

262 5325 482 5391 ratim
543 5331 806 5405 uterque
862 5325 1324 5406 pronuntiaret.

364 5457 481 5527 (60)
510 5456 732 5513 Socrat.
771 5458 871 5516 lib.
903 5478 961 5525 v,
992 5477 1041 5519 c.
1073 5464 1127 5518 5.
2138 5463 2254 5533 (65)
2286 5461 2573 5530 Bolland.,
2605 5459 2640 5513 9
2670 5460 2830 5528 Maii,
2864 5477 2996 5535 pag.
3030 5461 3153 5519 403.

364 5529 481 5582 (61)
514 5527 610 5582 Or.
641 5546 807 5582 xxm.
841 5549 898 5582 ιι.
932 5535 987 5582 3-
2142 5536 2256 5582 (66ι
2285 5534 2381 5582 0r-
2413 5549 2577 5582 χχιιι.
2612 5548 2670 5582 ιι.
2703 5533 2756 5582 3.

363 5530 481 5596 (61)
514 5530 610 5582 Or.
641 5546 807 5599 xxm,
840 5549 898 5588 ιι.
932 5535 987 5590 3.

514 5598 686 5689 Ibid”
716 5618 776 5657 ιι.
808 5603 862 5660 4.
938 5677 953 5689 ¹

2142 5530 2256 5605 (66)
2285 5534 2381 5590 Or.
2413 5549 2577 5599 xxm,
2612 5548 2670 5587 ιι.
2703 5533 2755 5587 3.

2143 5607 2256 5689 (.922
2291 5605 2458 5689 una.
2491 5621 2549 5659 ιιι
2583 5605 2670 5689 με

373 5670 486 5814 [63)
515 5670 613 5726 Or.
644 5689 805 5742 xxm,
838 5693 896 5732 ιι.
927 5677 978 5732 4.

373 5742 465 5815 (64
516 5741 680 5800 Tom.
718 5744 811 5815 IX,
844 5752 953 5804 art.
984 5748 1074 5819 57,
1106 5765 1162 5820 p.
1195 5748 1321 5804 436.

2143 5670 2256 5751 (68)
2291 5670 2459 5747 lbid.,
2491 5692 2550 5733 ιι.
2580 5674 2636 5733 5.

1019 5748 1074 5819 7,
1106 5765 1162 5820 p.
1195 5748 1321 5804 436.

620 5871 886 5938 Panos.
934 5875 1048 5939 Gn.
1095 5873 1342 5941 XXXV.
3334 5867 3413 5936 86
