4094 6212
485 418 628 480 1131

1723 416 1788 475 S.
1838 414 2204 479 GBEGORII
2254 420 2353 478 ΤΗ
2369 421 2647 483 EULOGI

3742 430 3893 491 H32

482 553 3891 585 ..Μ

858 656 1321 753 ORATIO
1402 657 1670 751 XXll
1701 669 1750 749 ⁸.

2700 689 3104 786 ΛΟΓΟΣ
3198 692 3421 786 KB’.

480 856 636 912 414
678 853 927 910 Secunda
955 854 1019 909 de
1043 870 1195 925 pace,
1229 854 1288 908 in
1324 854 1685 909 Constantini
1731 853 1867 907 urbe
1918 851 2119 919 habita1

553 928 617 981 ob
660 931 842 980 ortam
890 929 951 981 in
1001 927 1197 983 poculo
1225 927 1648 983 contentionem.
1681 924 1746 979 de
1791 926 2119 983 quibusdam

2243 854 2676 983 Elpquxbc\$'~
2714 860 2826 931 (69)
2895 857 3135 946 λεχθεὶς,
3216 860 3736 943 ἐνθΚωνσ-ταντίνου
3787 863 3894 917 πό-

2354 949 2419 983 ει,
2480 928 2568 983 ἰπι
2611 950 2679 983 τη
2738 930 3002 983 γενομένη
3066 952 3146 983 τω
3201 931 3317 983 λαω
3389 932 3714 983 φιλονεικία-
3771 937 3894 983 mal

553 928 617 981 ob
660 931 842 980 ortam
890 929 951 981 in
998 924 1197 996 populo
1225 927 1648 993 contentionem,
1681 924 1746 979 de
1791 926 2127 995 quibusdam

553 999 818 1070 episcopis
841 1000 986 1053 inter
1012 1014 1069 1051 se
1096 997 1502 1053 dissidentibus.

556 1124 599 1179 Ι.
631 1127 749 1179 Pax
779 1121 987 1191 amica,
1021 1138 1134 1177 non
1167 1138 1226 1177 re
1252 1122 1555 1192 duntaxat,
1587 1120 1688 1176 sed
1718 1121 1955 1176 nomine
1987 1138 2126 1192 quo-

482 1228 595 1285 que
625 1212 754 1284 ipso
780 1212 1065 1283 jucunda,
1098 1228 1274 1282 quam
1321 1228 1477 1266 nunc
1508 1209 1721 1283 populo
1754 1211 1907 1280 dedi,
1941 1227 2006 1265 ac
2038 1227 2124 1266 re-

482 1301 640 1374 cepi;
670 1301 827 1357 haud
859 1300 980 1357 scio
1030 1317 1103 1355 an
1156 1300 1441 1356 sinceram
1475 1300 1547 1355 ab
1579 1300 1855 1355 omnibus
1901 1316 2121 1368 vocem,

479 1392 815 1465 Spirituque
854 1390 1115 1464 dignam,
1149 1408 1214 1446 ac
1248 1408 1360 1445 non
1411 1390 1604 1461 potius
1652 1389 1887 1462 publica
1934 1394 2122 1462 pacta,

480 1481 596 1538 Deo
626 1480 1106 1551 teste,violata,ut
1126 1480 1350 1551 gravior
1372 1478 1449 1534 sit
1472 1484 1672 1534 nostra
1692 1480 2124 1535 condemnatio.

478 1570 596 1627 Pax
624 1570 834 1639 amica,
858 1569 1155 1625 meditatio
1196 1584 1343 1645 mea,
1369 1572 1427 1623 et
1473 1569 1652 1623 decus
1704 1584 1923 1638 meum,
1947 1585 2123 1641 quam

477 1659 603 1728 Dei,
624 1664 681 1715 et
708 1660 879 1730 cujus
923 1658 1126 1726 Deum,
1147 1662 1205 1715 et
1234 1673 1411 1729 quam
1453 1657 1634 1712 Deum
1668 1672 1796 1712 esse
1827 1657 2122 1723 audimus,

476 1748 635 1805 velut
667 1747 725 1804 in
757 1747 873 1803 illis
916 1746 1179 1820 Apostoli
1222 1746 1414 1802 verbis
1449 1765 1462 1802 :
1495 1748 1624 1803 Pax
1653 1748 1748 1802 Dei
1765 1748 1844 1816 7‘;
1876 1750 1954 1818 et,
1986 1747 2125 1802 Deus

471 1838 625 1910 pacis
644 1838 717 1905 7‘;
741 1841 820 1904 et,
851 1839 967 1909 Ipse
1000 1841 1077 1892 est
1111 1854 1224 1908 pax
1252 1844 1435 1892 nostra
1453 1837 1527 1905 7";
1560 1852 1627 1891 ac
1656 1853 1726 1891 ne
1771 1836 1855 1891 sic
1887 1836 2123 1907 quidem

477 1943 606 1983 eam
658 1943 1007 1982 reveremur.
1053 1926 1168 1981 Pax
1217 1925 1424 1991 amica,
1456 1926 1676 1981 bonum
1727 1926 1799 1982 ab
1848 1926 2124 1981 omnibus

479 2016 715 2089 quidem
759 2016 1085 2085 laudatum,
1118 2033 1151 2071 a
1197 2015 1401 2086 paucis
1449 2023 1641 2070 autem
1693 2020 2121 2086 conservatum,

476 2106 719 2161 ubinam
754 2122 858 2160 nos
889 2110 1048 2159 tanto
1070 2105 1194 2175 jam
1244 2104 1525 2176 temporis
1556 2104 1745 2175 spatio
1796 2102 2124 2175 reliquisti?

477 2194 722 2260 Quando
772 2194 841 2249 ad
894 2210 998 2249 nos
1045 2193 1305 2249 reditura
1352 2192 1459 2247 es?
1508 2192 1790 2263 Equidem
1844 2196 1899 2247 te
1947 2208 2124 2263 supra

476 2282 752 2339 mortales
781 2299 985 2339 omnes
1033 2281 1199 2353 cupio
1231 2286 1287 2337 et
1316 2279 1639 2348 exosculor,
1673 2297 1738 2336 ac
1780 2284 2119 2353 praesentem

475 2371 853 2445 complector,
882 2376 939 2427 et
969 2373 1269 2428 absentem
1317 2370 1522 2426 multis
1565 2369 1823 2426 luctibus
1853 2374 1909 2425 et
1936 2369 2120 2442 lacry-

474 2462 589 2517 mis
620 2477 845 2528 revoco,
878 2459 1151 2532 qualibus
1179 2476 1282 2515 nec
1313 2458 1645 2532 patriarcha
1682 2458 1779 2514 ille
1816 2459 1995 2514 Jacob
2023 2462 2119 2514 Jo-

474 2551 747 2624 sephum,
771 2567 805 2606 a
834 2549 1111 2606 fratribus
1142 2548 1374 2619 quidem
1400 2547 1698 2604 venditum
1721 2548 1785 2615 ⁷⁸,
1810 2566 1842 2602 a
1872 2548 1988 2603 l‘era
2018 2565 2120 2603 au-

472 2643 591 2695 tem
625 2643 881 2711 raptum,
918 2644 980 2693 ut
1017 2637 1141 2709 ipse
1170 2637 1575 2705 existimabat;
1608 2652 1713 2692 nec
1760 2636 1940 2692 David
1974 2636 2120 2691 ami-

476 2744 612 2783 cum
662 2742 838 2782 suum
885 2725 1177 2782 Jonathan
1226 2726 1285 2779 in
1336 2726 1487 2781 bello
1536 2725 1972 2796 interemptum,
2022 2730 2124 2780 aut

478 2820 682 2888 postea
713 2814 899 2869 {ilium
930 2814 1279 2870 Absalonem
1302 2815 1365 2869 ⁷⁰.
1395 2815 1653 2878 Quorum
1685 2814 1830 2868 alter
1861 2815 2121 2886 paternis

475 2904 800 2961 visceribus
831 2903 1115 2959 laceratus
1154 2902 1444 2957 clamabat
1478 2918 1490 2956 :
1523 2904 1658 2958 Fera
1695 2904 1984 2975 Josephum
2028 2921 2121 2957 ra-

473 2995 685 3066 puit”,
717 2994 838 3049 fera
882 2991 1036 3049 mala
1082 2996 1138 3046 et
1185 2990 1461 3062 immitis;
1496 2997 1916 3064 cruentamque
1958 2992 2120 3064 pueri

475 3089 696 3139 vestem
742 3084 1063 3155 proferens,
1097 3081 1264 3152 quasi
1318 3080 1417 3135 lilii
1466 3098 1692 3148 carnes,
1724 3081 2120 3149 osculabatur,

474 3173 677 3228 eadem
712 3188 773 3226 re
803 3170 1023 3226 scilicet
1059 3174 1113 3224 et
1162 3169 1420 3224 dolorem
1473 3185 1643 3224 suum
1694 3170 2033 3235 incendens,
2065 3175 2122 3225 et

476 3260 754 3332 mitigans
789 3277 802 3315 :
835 3258 982 3314 alter
1039 3274 1193 3312 nunc
1253 3258 1552 3312 montibus
1603 3257 1741 3325 illis,
1789 3259 1846 3312 in
1906 3259 2122 3329 quibus

470 3348 741 3421 praelium
775 3348 1159 3403 commissum
1205 3346 1413 3411 fuerat,
1446 3347 1572 3399 dira
1602 3348 1800 3401 omnia
1834 3348 2121 3417 impreca-

477 3443 621 3493 tur:
656 3438 856 3493 Montes
898 3435 1107 3501 Gelboe,
1140 3435 1363 3499 dicens,
1416 3451 1580 3505 super
1624 3451 1716 3490 vos
1764 3451 1862 3490 nec
1904 3437 2120 3508 pluvia,

479 3544 581 3584 nec
606 3542 697 3581 ros
723 3524 966 3581 cadat“.
1001 3531 1081 3579 Ac
1122 3540 1327 3578 rursus
1362 3539 1374 3577 :
1410 3523 1688 3595 Quomodo
1729 3524 1981 3581 Jonathee
2024 3542 2122 3580 ar-

2354 949 2419 997 ει,
2480 928 2680 1011 ᾆπίπῇ
2722 928 3146 1011 ’χενομὲνῇῌτῷ
3201 931 3337 1011 λαῷ.
3389 932 3715 1011 φιλονεικίᾳ,
3771 937 3895 1009 περί

2307 999 2615 1055 ἐπισκόπων
2645 998 2807 1056 τινῶν
2839 998 3216 1078 διενείχθέντων
3242 998 3377 1077 πρὸς
3400 998 3717 1075 Ἀλλήλουὲ.

2306 1125 2383 1194 Α’,
2417 1124 2624 1199 Εἰρήνη
2659 1122 2818 1203 φίλη,
2850 1126 2912 1181 τὸ
2942 1125 3116 1201 γλυκὺ
3146 1129 3235 1182 καὶ
3284 1134 3516 1204 πρᾶγμα
3566 1129 3657 1184 καὶ
3688 1126 3886 1202 ὄνομα,

2234 1212 2265 1268 ὅ
2293 1217 2383 1267 νῦν
2413 1210 2589 1269 ἔδωκα
2621 1216 2734 1287 (70)
2765 1219 2843 1286 τῷ
2876 1220 2996 1288 Λαῷ
3027 1216 3115 1271 καὶ
3156 1212 3472 1272 ἀντέλαόονο
3525 1217 3626 1273 οὐκ
3673 1217 3799 1273 οἴδα
3846 1220 3891 1274 εἰ

2232 1303 2379 1378 παρᾶ
2407 1304 2620 1357 πάντων
2654 1304 2876 1377 γνησίαν
2929 1306 3111 1383 φωνὴν
3161 1307 3249 1360 καὶ
3295 1307 3441 1378 ἀξίαν
3490 1312 3591 1362 τοῦ
3643 1309 3894 1380 Πνεῦμα-

2231 1409 2346 1459 τος,
2401 1386 2546 1443 ἀλλὰ
2596 1390 2671 1463 μή
2725 1387 2993 1463 δημοσίας
3038 1394 3151 1465 (71)
3201 1396 3467 1463 συνθήκας
3524 1394 3890 1467 ἀθετουμένις

2236 1478 2338 1532 ὑπὸ
2368 1482 2482 1549 θεῷ
2516 1478 2766 1554 μάρτυρι,
2801 1478 2939 1535 ὥστε
2968 1480 3057 1535 καὶ
3094 1486 3275 1555 μεῖζον
3323 1482 3457 1537 εἶναι
3505 1486 3640 1557 ἡμῖν
3685 1486 3753 1538 τὸ
3801 1507 3894 1538 κα-

2230 1566 2485 1643 τάκριμα.
2538 1567 2748 1643 Εἰρήνη
2801 1567 2962 1646 φίλη,
3010 1570 3072 1625 τὸ
3119 1569 3247 1643 ἐμὸν
3281 1569 3564 1644 μελέτημα
3592 1572 3681 1626 καὶ
3715 1572 3893 1627 καλλ-

2234 1657 2479 1729 ώπισμα,
2535 1659 2597 1727 ἣν
2652 1662 2784 1713 Θεοῦ
2832 1680 2891 1713 τε
2936 1659 3068 1714 εἶναι
3119 1659 3414 1733 ἀκούομεν,
3475 1661 3564 1716 καὶ
3612 1663 3681 1731 ἧς
3735 1663 3891 1735 Θεὸν,

2230 1745 2322 1800 τὸν
2381 1747 2508 1801 Θεὸν
2562 1745 2652 1801 καὶ
2710 1746 2965 1811 αὐτόθεον
3018 1751 3154 1823 (72),
3207 1749 3282 1811 ὡς
3330 1749 3382 1804 ἐν
3428 1754 3545 1823 τῷ⁶
3597 1752 3658 1807 Ἡ
3692 1751 3893 1827 εἰρήνη

2230 1839 2328 1890 τοῦ
2384 1839 2556 1891 Θεοῦ·
2615 1835 2726 1905 καὶ,
2783 1841 2838 1890 ‘0
2898 1836 3027 1899 Θεὸς
3083 1844 3187 1907 τῆς
3244 1837 3502 1914 εἰρήνης’
3544 1839 3658 1907 καὶ,
3715 1840 3897 1903 Αὐτός

2234 1922 2373 1979 ἐστιν
2431 1927 2465 1995 ἡ
2527 1924 2716 2000 εἰρήνη
2777 1927 2977 1998 ἡμῶνο
3037 1926 3125 1981 καὶ
3186 1924 3301 1981 οὐδ’
3357 1924 3531 1989 οὕτως
3561 1926 3892 2000 αἰδούμεθα.

2232 2012 2441 2088 Εἷ’ρήνη
2475 2012 2633 2090 φίλη,
2664 2014 2725 2068 τὸ
2754 2014 2900 2089 παρὰ
2930 2013 3143 2070 πάντων
3182 2016 3274 2087 μὲν
3313 2015 3702 2089 ἐπαινούμενον
3760 2018 3894 2092 ἆτα-

2233 2100 2321 2155 θὸν
2374 2102 2461 2156 ὑπ’
2516 2100 2716 2177 ὁλίγών
2771 2099 2829 2157 δὲ
2876 2101 3308 2180 φυλασσόμενον,
3358 2102 3464 2159 ποῖ’)
3508 2125 3643 2159 ποτε
3690 2105 3895 2161 ἀπέλεο

2231 2211 2327 2251 πες
2375 2192 2544 2262 ἡμᾶς,
2599 2195 2857 2254 τοσοῦτος
2917 2191 2969 2261 ἐξ
3046 2190 3108 2246 οὗ
3156 2192 3357 2267 χρόνος
3410 2190 3560 2263 ἤδη;
3609 2194 3701 2247 καὶ
3760 2195 3896 2250 πότε

2231 2277 2512 2350 ἰπανήξεις
2561 2282 2734 2353 ἡμῖν;
2787 2287 2871 2343 Ὡς
2922 2277 3045 2334 λίαν
3096 2283 3211 2353 (73)
3260 2302 3318 2335 σε
3365 2283 3517 2335 ποθῶ
3566 2282 3658 2336 καὶ
3710 2281 3893 2336 ἄστεά»

2234 2373 2395 2441 ζομαι
2448 2366 2808 2446 διαφερόντως
2855 2373 2961 2424 τῶν
3014 2367 3200 2424 ἄλλων
3232 2370 3524 2445 ἀνθρώπων
3551 2392 3564 2403 ·
3624 2370 3719 2426 καὶ
3752 2393 3897 2445 παρ-

2231 2462 2392 2514 οῦσαν
2457 2458 2698 2534 περιὲπω
2750 2459 2840 2513 καὶ
2907 2458 3143 2514 ἀποῦσαν
3213 2458 3588 2533 ἀναωλοῦμαι
3648 2459 3898 2523 πολλοῖς

2231 2550 2453 2623 θρήνοις
2502 2547 2592 2601 καὶ
2645 2543 2916 2621 δάκρυσιν,
2973 2545 3113 2610 ο⁹ίοις
3184 2545 3307 2603 οὔτε
3371 2544 3567 2606 Ἰακὼϐ
3637 2550 3730 2603 καὶ
3794 2552 3892 2605 τὸν

2230 2637 2429 2714 Ἰωσὴφ
2480 2636 2678 2690 ἐκεῖνον
2729 2639 2756 2692 ὁ
2802 2636 3171 2712 πατριάρχης,
3224 2637 3326 2692 ὑπὸ
3362 2640 3455 2711 μὶν
3482 2642 3591 2692 τῶν
3627 2636 3892 2716 ἀδελφῶν

2230 2724 2594 2801 πεπραμένον,
2657 2724 2759 2779 ὑπὸ
2817 2722 2874 2779 δὲ
2921 2725 3114 2798 Θηρίου
3167 2725 3535 2800 ⁴ἢρπασμιὲνον,
3590 2727 3665 2788 ὡς
3700 2725 3845 2799 ᾤετο
3880 2747 3895 2758 ·

2231 2810 2354 2868 οὕτε
2398 2808 2562 2867 Δαϐὶδ
2612 2814 2858 2867 Ἰωνάθαν
2907 2818 2999 2867 τὸν
3050 2814 3241 2868 ἑαυτοῦ
3289 2812 3465 2892 φίλον,
3515 2813 3677 2889 ἔργον
3713 2815 3888 2870 πολέ-

2235 2923 2338 2975 μου
2368 2902 2678 2978 γενόμενον,
2711 2902 2745 2971 ἢ
2796 2901 2886 2956 τὸν
2919 2902 3034 2956 υἱὸν
3082 2897 3442 2975 ’Δϐεσσαλὼμ
3488 2903 3739 2977 ὓστερον.
3794 2908 3891 2959 Ὧν

2231 2992 2259 3045 ὁ
2294 2991 2388 3063 μὶν
2443 2990 2775 3066 σπλάγχνοις
2821 2996 3106 3066 πατρικοῖς
3154 2991 3621 3064 σπαρασσόμενος,
3673 2994 3887 3067 Θηρίον

2230 3082 2487 3155 ἣρπασεν,
2558 3075 2703 3149 ἒδόα,
2783 3080 2872 3134 τὸν
2947 3080 3171 3156 Ἰωσὴφ,
3250 3080 3435 3151 θηρίον
3490 3083 3739 3157 πονηρὸν
3794 3085 3891 3136 καὶ

2231 3169 2524 3244 ἀνήμερον,
2582 3169 2672 3223 καὶ
2729 3170 2827 3237 τήν
2892 3173 2990 3223 τοῦ
3046 3166 3238 3229 παιδὸς
3298 3169 3494 3238 ἐσθῆτα
3546 3170 3889 3245 ᾑμαγμένην

2230 3259 2473 3331 προθεὶς,
2532 3257 2607 3319 ὡς
2662 3257 2757 3319 τὰς
2806 3261 2903 3311 τοῦ
2951 3254 3144 3318 παιδὸς
3194 3259 3390 3331 σάρκας
3433 3260 3888 3331 περιεπτύσσετο,

2227 3352 2307 3420 τῷ
2364 3346 2511 3419 αὐτῷ
2566 3347 2655 3401 καὶ
2711 3341 3047 3422 φλεγόμενος
3105 3346 3195 3400 καὶ
3262 3346 3781 3421 παραμυθούμενος.
3831 3350 3891 3401 '0

2233 3433 2308 3506 δὲ,
2349 3440 2441 3489 νῦν
2478 3436 2571 3508 μὲν
2600 3440 2719 3496 τοῖς
2750 3436 2896 3510 ὄρεσι
2928 3440 3243 3509 καταρᾶται,
3274 3436 3394 3498 καθ’
3425 3436 3499 3489 ὧν
3547 3436 3578 3490 6
3610 3433 3897 3508 πόλεμος,

2231 3531 2366 3600 νορη
2444 3524 2512 3579 τὰ
2583 3518 2841 3592 Γελϐουὲ,
2904 3522 3101 3599 λέγων,
3181 3524 3256 3595 μὴ
3336 3525 3493 3577 πέσοι
3585 3522 3670 3601 ἐφ’
3751 3526 3900 3597 ὑμεῖς

484 3633 582 3673 cus
625 3624 677 3671 et
721 3616 861 3669 vires
890 3612 1195 3668 ceciderunt
1218 3611 1305 3665 '9?
1336 3611 1502 3666 Nunc
1552 3611 1924 3684 parricidam,
1958 3613 2119 3685 quasi

2244 3613 2374 3685 μήθ’
2428 3613 2600 3684 ὑετὸς,
2672 3614 2809 3685 μήτε
2895 3609 3129 3683 δρόσος’
3182 3612 3293 3674 καὶ,
3367 3616 3487 3673 Πῶς
3576 3609 3740 3667 ἔπεσε
3810 3614 3910 3668 1:6-

488 3721 622 3761 eum
656 3720 770 3759 non
804 3702 1068 3769 laesisset,
1092 3704 1350 3770 excusat,
1374 3716 1439 3755 ac
1471 3716 1600 3755 cum
1643 3706 1872 3756 mortuo
1903 3701 1961 3756 in
1995 3718 2119 3774 gra-

2244 3702 2330 3772 ξον
2382 3705 2491 3775 (74)
2567 3700 2817 3764 ’ίωνάθαν
2893 3699 2983 3754 καὶ
3060 3698 3325 3771 δύναμις
3405 3704 3511 3755 Νῦν
3575 3699 3627 3754 δ’
3685 3700 3909 3756 ἀπολο-

488 3794 632 3850 tiam
667 3792 817 3849 redit
849 3808 860 3846 :
896 3791 1006 3847 hoc
1052 3805 1285 3863 quoque
1333 3789 1579 3845 fortasse
1611 3790 1847 3845 nomine
1880 3808 1981 3862 pro
2014 3790 2119 3846 ﬁli:

2243 3796 2420 3865 γεῖται
2451 3791 2525 3851 ὡς
2559 3787 2709 3844 οὐδὲν
2743 3787 3032 3859 ἠδικηκότι
3070 3793 3149 3860 τῷ
3191 3788 3532 3865 πατροφόνῳ,
3567 3790 3661 3843 καὶ
3703 3790 3788 3863 τῷ
3814 3812 3910 3845 νε-

491 3883 717 3953 dolens,
748 3881 905 3955 quod
955 3897 1166 3935 manus
1213 3880 1492 3935 adversus
1541 3884 1767 3951 patrem
1816 3880 2119 3936 intentaral

2242 3900 2358 3953 κρῳ
2390 3877 2666 3935 σπένδεται
2692 3898 2705 3910 ’
2761 3876 2897 3939 ’ίσως
2941 3877 3030 3932 καὶ
3079 3879 3214 3932 κατᾶ
3242 3882 3402 3932 τοῦτο
3437 3876 3773 3954 ὑπεραλγῶν
3803 3884 3913 3934 τοῦ

486 3970 849 4043 (hujusmodi
873 3970 1089 4040 quippe
1121 3973 1396 4039 paternus
1418 3969 1659 4023 affectus
1688 3968 1817 4041 est),
1842 3985 2119 4041 quemque

2241 3966 2453 4035 παιδὸς,
2486 3967 2568 4023 ὅτι
2600 3968 2737 4022 κατὰ
2791 3971 2888 4021 τοῦ
2936 3966 3142 4042 πατρὸς
3189 3966 3487 4020 ἀνετείνατο
3535 3973 3709 4041 χεῖρα
3765 3972 3912 4042 (75).

482 4060 701 4117 bellum
749 4058 884 4125 sibi,
918 4062 983 4113 ut
1025 4057 1275 4125 hostem,
1308 4056 1652 4112 inferentem
1698 4058 2034 4129 propulerat
2065 4075 2119 4113 ac

2241 4062 2468 4115 Τοιοῦτο
2501 4059 2611 4130 (76)
2641 4057 2742 4132 γὰρ
2771 4056 2861 4110 καὶ
2893 4057 2921 4110 ὁ
2952 4057 3131 4130 πατήρ
3151 4076 3161 4086 ·
3198 4054 3254 4109 δν
3289 4055 3363 4115 ὡς
3412 4054 3613 4130 ἐχθρὸν
3646 4058 3912 4128 ἠμύνατο

454 4150 837 4221 proﬂigarat,
870 4147 1141 4203 eumdem
1186 4144 1511 4201 exanimem
1541 4144 1699 4200 velut
1741 4146 1994 4200 amicum
2026 4148 2125 4202 de-

477 4238 697 4294 siderat
730 4253 743 4292 :
777 4237 860 4292 sic
892 4240 1123 4305 natura,
1156 4251 1274 4307 qua
1316 4232 1461 4288 nihil
1511 4240 1599 4288 est
1650 4232 1980 4306 violentius,
2013 4234 2124 4289 ini-

454 4358 457 4361 -
478 4325 759 4383 micitiam
790 4329 1047 4396 superat.

548 4415 698 4471 415
750 4415 819 4471 ll.
877 4412 1208 4468 Miseranda
1256 4426 1489 4483 quoque
1540 4428 1631 4468 res
1678 4416 1835 4483 erat,
1870 4429 2001 4467 arca
2049 4413 2120 4468 ab

473 4504 688 4561 exteris
708 4506 991 4574 occupata
1005 4502 1069 4568 ⁸⁸,
1094 4506 1150 4557 et
1179 4500 1302 4556 solo
1333 4506 1581 4572 aequata,
1601 4505 1773 4572 atque
1794 4518 1827 4557 a
1847 4502 2121 4573 gentibus

472 4591 814 4649 conculcata
867 4588 1226 4657 Jerusalem;
1282 4589 1500 4661 ﬁliique
1548 4590 1708 4659 Sion,
1762 4590 1982 4663 inclyti,
2030 4592 2119 4645 in-

471 4699 671 4754 quam,
704 4678 809 4747 illi,
843 4684 899 4736 et
928 4696 1068 4735 auro
1100 4679 1468 4749 adaequandi,
1499 4678 1556 4733 in
1593 4678 1986 4750 captivitatem
2019 4681 2117 4735 ah-

434 4824 437 4827 .
467 4773 693 4836 euntes,
728 4784 793 4823 ac
844 4784 997 4822 nunc
1028 4767 1205 4823 etiam
1257 4766 1529 4838 dispersi,
1562 4784 1740 4838 eoque
1788 4769 2026 4837 redacti,
2055 4773 2120 4824 ut

536 4916 581 4950 ⁷⁵
613 4911 862 4983 Philipp.
895 4927 971 4977 IV,
1001 4912 1055 4966 7.
1131 4912 1175 4946 ⁷⁸
1208 4912 1256 4966 Il
1288 4912 1414 4966 Cor.
1447 4929 1570 4975 xm,
1607 4913 1693 4966 11.
1770 4913 1812 4945 ⁷⁷
1846 4913 1987 4983 Eph.
2021 4930 2081 4980 ιι,

2288 4913 2331 4947 ⁷⁸
2363 4912 2505 4967 Gen.
2538 4928 2754 4979 xxxvu,
2784 4911 2853 4965 28
2894 4927 3017 4981 sqq.

2235 4146 2608 4218 πολεμοῦντα,
2644 4145 2716 4206 ὡς
2747 4143 2904 4221 φίλον
2930 4145 3089 4197 ποθεῖ
3116 4146 3231 4216 (77)
3261 4142 3560 4212 τεθνηκότα
3585 4163 3600 4175 ·
3649 4146 3749 4198 καὶ
3780 4167 3913 4214 mu;

2233 4236 2331 4303 τὴν
2365 4232 2560 4311 ἔχθραν
2592 4236 2627 4303 ἡ
2661 4232 2839 4311 φύσις,
2869 4235 2935 4301 ἦς
2963 4229 3114 4287 οὐδὲν
3146 4228 3465 4308 βιαιότερον.

2305 4415 2373 4469 B’.
2406 4410 2669 4466 Ἐλεεινὸν
2724 4407 2781 4463 δὲ
2824 4408 2916 4463 καὶ
2958 4410 2993 4477 ἡ
3043 4403 3279 4469 κιϐωτὸς
3324 4407 3426 4461 ὑπὸ
3473 4412 3590 4462 τῶν
3644 4407 3914 4487 ἄλλοφῦ-

2231 4500 2342 4555 λων
2391 4500 2774 4574 κατεχομένη·
2829 4498 2917 4552 καὶ
2963 4496 3327 4571 Ἰερουσαλὴμ
3372 4493 3737 4573 ἡδαφισμένη
3813 4500 3910 4552 ιιιὶ

2230 4590 2333 4645 ὑπὸ
2386 4588 2549 4643 ἐθνῶν
2601 4586 2916 4660 πατουμένη
2974 4589 3125 4659 (78)·
3184 4585 3273 4639 καὶ
3332 4585 3440 4639 υἱοὶ
3502 4586 3682 4655 Σιὼν,
3741 4588 3801 4641 οἱ
3830 4589 3916 4641 τί·

2232 4698 2347 4750 μιοι
2405 4677 2495 4731 καὶ
2543 4675 2841 4731 ἱσοστάσιοι
2888 4674 3125 4750 χρυσίῳ,
3173 4673 3537 4749 πορευόμενοι
3595 4674 3650 4729 ἐν
3681 4676 3907 4751 αἰχμα-

2228 4764 2424 4837 λωσίᾳ,
2473 4764 2563 4820 καὶ
2607 4769 2695 4819 νῦν
2733 4762 2808 4819 ἔτι
2863 4761 3267 4839 διεσπαρμένοι,
3316 4761 3405 4815 καὶ
3432 4760 3573 4824 λαὸς
3610 4759 3769 4825 ὄντες
3803 4771 3911 4832 τῆς

3095 4910 3139 4945 ⁷⁸
3170 4908 3220 4965 ΙΙ
3251 4907 3391 4980 Reg.
3425 4924 3595 4977 xvm,
3624 4910 3721 4977 33,
3756 4926 3905 4981 sqq.

462 4988 508 5024 ⁸ο
538 4989 680 5044 Gen.
710 4982 923 5051 xvau,
957 4986 1046 5039 33.
1121 4983 1163 5018 3‘
1197 4984 1246 5037 II
1280 4984 1419 5054 Reg.
1454 5001 1494 5054 ι,
1523 4986 1614 5039 21.
1692 4982 1737 5017 ⁸2
1768 4982 1916 5038 Ibid.
1947 4985 2037 5039 25.
2111 4986 2119 5018 ³

2242 4985 2377 5057 Reg.
2413 5000 2486 5053 ιν,
2521 4984 2606 5039 11.

530 5139 607 5211 (a)
639 5136 798 5211 Alias
828 5135 968 5211 XIY,
1002 5151 1132 5207 qua;
1174 5136 1471 5211 autem}?
1502 5138 1645 5203 erat,
1681 5148 1836 5189 nunc
1869 5135 1956 5205 15,
1991 5134 2095 5193 ha-
2128 5141 2174 5207 Ι)

423 5207 759 5269 ‘bitacirca
788 5208 1044 5262 medium
1083 5210 1304 5263 annum
1334 5207 1458 5260 379.

526 5284 639 5365 (69‘)
669 5278 959 5365 βῖρῃνοιὸς
1127 5279 1334 5363 Codex,
1365 5292 1545 5365 quem
1573 5291 1624 5365 la
1670 5276 1853 5365 gvpro
1907 5278 2103 5365 attulit

453 5348 748 5426 νευεῐθοτζ
782 5351 977 5426 habet,
1012 5348 1301 5423 Εἷρηνικὸς
1332 5348 1492 5426 α’.-Ιρ
1524 5348 1637 5426 ad.)
1680 5348 2065 5426 Εέρηνικὸςχο.

522 5417 849 5497 (70)]Ὀξνῦν
883 5417 1089 5497 ἔδωκα,
1128 5428 1237 5476 etc.
1295 5432 1356 5497 in
1407 5418 1670 5497 Liturgia
1695 5417 1917 5497 Graeca,
1951 5417 2106 5497 sicut

451 5489 594 5552 etin
619 5489 851 5559 Latina,
879 5494 1151 5548 sacerdos
1184 5489 1418 5563 populo,
1445 5496 1499 5545 et
1533 5489 1787 5560 populus
1817 5493 2102 5549 sacerdoti

450 5584 650 5640 pacem
684 5569 975 5640 precatur.

515 5639 630 5709 (71)
662 5629 750 5709 illi;
807 5631 1098 5709 δημοσίας.
1136 5634 1303 5709 Deest
1334 5629 1408 5709 μή
1442 5630 1502 5709 in
1554 5631 1912 5709 quibusdam
1944 5633 2102 5689 codi-

481 5699 635 5762 ihus'.
668 5699 809 5777 Reg.
843 5699 946 5773 hi1,
978 5705 1244 5777 etOrLl,
1275 5699 1514 5777 habent,
1552 5699 1814 5775 δημοσίᾳ.

518 5777 630 5856 (72)
659 5774 950 5839 Αὐαῑόθεον.
1002 5776 1097 5832 Sic
1149 5776 1285 5848 Reg.
1336 5774 1436 5846 hu,
1486 5779 1543 5831 et
1586 5779 1837 5832 Montac.
1882 5779 1948 5833 In
2005 5775 2098 5836 ed.

2207 5135 2461 5200 divisim,
2494 5131 2623 5187 αὐτὸ
2652 5131 2802 5188 Θεόν.

2280 5208 2396 5273 (73)
2430 5205 2578 5260 Λίαν.
2616 5210 2781 5261 Deest
2812 5204 2871 5259 in
2907 5203 3206 5260 nonnullis
3239 5202 3573 5257 codicibus.

2287 5272 2397 5350 (74)
2429 5278 2628 5333 "Eme:
2682 5275 2859 5348 τόξον.
2910 5277 3006 5332 Sic
3062 5275 3201 5347 Reg.
3254 5274 3356 5329 hu.
3418 5274 3483 5329 In
3549 5272 3673 5339 ed.,
3736 5274 3901 5342 τόξον

2215 5347 2397 5403 ἔπεσεν
2408 5391 2420 5403 .

2284 5423 2398 5491 (75)
2426 5420 2611 5491 Χεῖρα.
2648 5420 2787 5490 Reg.
2823 5418 2944 5484 bm,
2979 5418 3075 5474 Or.
3110 5419 3161 5482 1,
3195 5420 3330 5491 etc.,
3364 5418 3587 5488 χεῖρας.

2306 5494 2398 5560 76)
2426 5490 2671 5546 Τοιοῦτο.
2710 5491 2834 5546 Duo
2867 5491 3073 5562 Regg.,
3102 5490 3373 5562 τοιοῦτον.

2304 5564 2396 5631 77)
2429 5566 2614 5625 Ποθεῖ.
2650 5562 2925 5630 Montac.,
2956 5560 3159 5629 ῖπὲνθεῖ,
3193 5583 3221 5610 ‹‹
3254 5560 3441 5630 luget.
3464 5579 3493 5605 ››

2283 5630 2391 5705 (78)
2424 5631 2785 5716 ,Πατουμένηη
2844 5634 2908 5716 ΙΙ)
2959 5632 3339 5706 quibusdam,
3389 5630 3893 5702 καταπατουμένη.

2212 5702 2389 5762 Prave
2422 5707 2480 5762 in
2511 5702 2634 5778 ed.,'
2660 5702 3003 5777 παθουμὲνηῖ
