4094 6212
338 448 491 514 {I33

1474 453 1762 518 ORATIO
1808 450 1996 517 XXII.
2032 454 2240 518 —DE
2286 458 2484 518 PACE
2530 454 2606 518 ll.

3586 430 3740 518 1134

338 585 663 657 οἰκουμένης
696 583 842 656 ξένος
874 584 963 639 καὶ
1011 585 1293 658 πάροικος.
1347 588 1525 641 Δεινὸν
1561 585 1617 641 δὲ
1648 589 1736 641 καὶ
1784 588 1850 642 τὰ
1897 592 1982 641 νῦν

2119 609 2201 645 )er
2232 596 2417 645 totum
2443 591 2639 645 orbem
2673 590 2932 660 hospites
2959 589 3097 653 sint,
3122 592 3177 642 et
3208 588 3513 659 peregrini.
3540 590 3746 645 Gravia

338 674 593 750 δρώμενά
664 695 723 728 τε
793 675 884 729 καὶ
965 675 1303 747 ἀκουόμεναο
1377 674 1629 752 πατρίδες
1709 677 1993 749 ἀνιστάμε-

336 784 420 816 ναι
454 765 589 835 (79),
626 764 716 816 καὶ
769 760 1025 837 μυριάδες
1074 762 1389 820 πίπτουσα·.
1442 766 1532 819 καὶ
1582 766 1862 837 κάμνουσα
1916 768 1990 839 γῆ

336 857 453 913 τοῖς
485 849 675 923 α’ίμασι
706 852 795 905 καὶ
845 858 963 913 τοῖς
1011 853 1289 925 πτώμασι,
1340 844 1428 907 καὶ
1489 853 1622 915 λαὸς
1655 851 1990 927 ἀλλόγλωσ-

340 963 431 1002 σος
464 942 538 1001 ὡς
572 940 770 995 οἰκείαν
804 938 1104 1016 διατρέχων
1137 942 1235 1011 τὴν
1270 941 1584 1017 ἀλλοτρίαν·
1621 942 1683 997 οὐ
1733 940 1802 996 δι’
1831 943 1990 997 ἀναν-

339 1027 489 1106 δρίαν
546 1034 653 1083 τῶν
711 1030 1153 1106 προμαχομένων
1192 1031 1567 1107 κατηγορείτω
1598 1029 1790 1103 μηδείς
1822 1050 1833 1061 ’
1898 1030 1989 1086 οὖ-

336 1139 419 1173 τοι
479 1117 581 1194 γάρ
614 1118 744 1173 εἷ’σιν
792 1119 843 1172 οἱ
898 1117 1095 1193 μικροῦ
1143 1126 1315 1174 πᾶσαν
1365 1122 1466 1190 τὴν
1522 1120 1846 1193 οἷ’κουμένην
1882 1143 1987 1176 πα-

341 1206 772 1283 ραστησάμενοι·
834 1206 981 1262 ἀλλὰ
1031 1205 1117 1262 διὰ
1163 1210 1259 1278 τὴν
1311 1209 1580 1284 ἡμετέραν
1630 1209 1844 1281 κακίαν,
1902 1210 1990 1264 καὶ

334 1299 434 1365 τήν
486 1295 872 1370 ἐπικρατοῦσαν
922 1298 1058 1352 κατὰ
1104 1305 1205 1367 τῆς
1257 1296 1485 1374 Τριάδος
1536 1294 1800 1355 ἀσέϐειαν.
1838 1300 1994 1354 Δεινὰ

340 1390 527 1453 ταῦτα,
586 1384 674 1438 καὶ
730 1385 870 1461 πέρα
919 1382 1125 1443 δεινῶν.
1170 1386 1261 1447 Τίς
1304 1386 1513 1462 ἀντερεῖ
1558 1392 1665 1441 τῶν
1711 1388 1991 1463 συμφορὰς

339 1471 650 1546 δοκιμάζειν
700 1471 921 1528 είδότων
968 1473 1017 1547 ἐξ
1070 1472 1143 1529 ὧν
1193 1475 1541 1546 πεπόνθασιν,
1601 1478 1635 1546 ἣ
1685 1476 1993 1549 συμπεπόν-

340 1563 525 1629 θασιν;
557 1560 713 1618 Ἀλλ’
763 1561 917 1617 οὕπω
962 1568 1224 1619 τοσοῦτον
1274 1561 1451 1633 οὐδὲν,
1500 1562 1623 1618 ὅσον
1682 1564 1871 1640 εἰρήνη
1914 1562 1995 1619 δε-

342 1647 640 1726 διωγμένη,
674 1651 763 1705 καὶ
794 1654 829 1720 ἡ
860 1659 963 1721 τῆς
1006 1652 1335 1723 Ἐκκλησίας
1385 1653 1674 1728 εὐπρέπεια
1730 1674 1993 1730 περιῃρη-

347 1741 510 1812 μένη,
566 1739 655 1794 καὶ
712 1740 773 1794 τὸ
830 1740 1063 1796 παλαιὸν
1104 1741 1320 1814 ἀξιωμα
1367 1740 1845 1813 καταλελυμένον’
1904 1742 1993 1797 καὶ

342 1828 488 1903 παρά
514 1832 772 1883 τοσοῦτον
810 1831 844 1898 ἡ
901 1830 1048 1898 τάξις
1097 1830 1563 1905 ἀντεστραμμένη,
1614 1829 1751 1885 ὣστε
1800 1831 1995 1906 πρότε-

348 1937 438 1993 ρον
476 1917 567 1990 μὲν
602 1916 651 1989 ἐξ
684 1916 743 1971 οὐ
772 1915 912 1971 λαοῦ
944 1915 1100 1985 λαὸς,
1132 1918 1221 1973 καὶ
1255 1918 1305 1988 ἐξ
1338 1918 1437 1973 οὐκ
1466 1914 1650 1982 ἔθνους
1704 1918 1857 1981 ἔθνος
1907 1940 1994 1994 γε-

344 2003 612 2079 γόναμεν·
648 2010 734 2058 νῦν
784 2002 841 2059 δὲ
884 2004 1264 2079 κινδυνεύομεν
1308 2006 1366 2060 έκ
1414 2008 1549 2062 λαοῦ
1604 2006 1859 2081 μεγίστου
1908 2008 1997 2062 καὶ

343 2091 549 2161 ἔθνους,
581 2092 657 2154 εἷς
689 2093 750 2148 ού
786 2092 915 2148 λαὸν
947 2094 1113 2148 πάλιν
1159 2096 1248 2149 καὶ
1299 2094 1397 2149 οὐκ
1445 2094 1594 2156 ἔθνος
1655 2096 1994 2158 έναλυθέντες

343 2181 606 2258 γενέσθαι,
640 2181 714 2243 ὡς
744 2184 805 2236 τὸ
835 2182 928 2235 ἀπ’
960 2183 1162 2258 ἀρχῆς,
1187 2182 1275 2237 ὅτε
1309 2183 1407 2238 οὐκ
1436 2185 1603 2259 ἠρξας
1651 2187 1830 2257 ἡμῶν,
1882 2183 1996 2240 οὐδ’

345 2270 423 2332 εἷς
452 2266 505 2325 ἓν
540 2266 714 2342 ὄνομα
742 2272 832 2324 καὶ
856 2270 1035 2346 τάγμα
1066 2269 1522 2345 συνεληλύθειμεν
1557 2276 1690 2347 (80).

2028 1969 2074 2033 Β

2099 685 2239 734 sunt
2271 682 2531 750 insuper,
2555 696 2681 749 quae
2717 696 2871 734 nunc
2908 686 2965 733 et
3004 694 3321 741 cernimus,
3346 684 3401 731 et
3430 678 3742 733 audimus:

2099 770 2297 839 patriae
2346 769 2611 823 funditus
2661 784 2895 836 eversas,
2928 766 3390 822 innumerabiles
3439 767 3615 836 cepis:
3649 784 3748 820 ca-

2101 856 2326 927 dentes,
2388 862 2542 911 terra
2596 857 2880 926 sanguine
2938 862 2993 910 et
3050 857 3431 910 cadaveribus
3492 862 3748 925 gravata,

2099 950 2295 999 extera
2327 948 2485 1000 natio
2517 946 2757 1001 alteram
2799 946 3092 1016 regionem
3128 944 3281 999 velut
3313 961 3481 998 suam
3515 960 3749 1014 percur-

2100 1050 2240 1089 sans
2272 1050 2337 1088 ac
2371 1033 2691 1106 popularis;
2727 1052 2840 1089 non
2872 1050 3000 1088 eam
3035 1034 3347 1103 quisquam
3379 1032 3451 1086 ob
3484 1032 3750 1086 defenso-

2102 1139 2232 1177 rum
2268 1122 2558 1193 ignaviam
2601 1122 2945 1177 criminetur
2980 1139 2991 1176 :
3029 1139 3162 1176 nam
3196 1121 3276 1174 illi
3314 1120 3425 1190 ipsi
3456 1125 3618 1187 sunt,
3651 1120 3751 1190 qui

2102 1212 2438 1266 universum
2473 1228 2618 1282 pene
2638 1220 2926 1266 terrarum
2960 1212 3159 1265 orbem
3189 1210 3339 1265 bello
3367 1214 3541 1279 atque
3572 1209 3752 1263 armis

2102 1301 2498 1371 subegerunt:
2533 1300 2631 1355 sed
2667 1300 2738 1355 ob
2768 1299 3207 1370 improbitatem
3242 1302 3529 1364 nostram,
3554 1300 3751 1369 vigen-

2103 1394 2336 1459 temque
2358 1389 2640 1444 adversus
2662 1388 3008 1443 Trinitatem
3045 1387 3427 1458 impietatem.
3454 1386 3603 1441 Sunt
3632 1387 3752 1441 haec

2103 1495 2243 1533 sane
2274 1478 2492 1549 gravia,
2517 1482 2574 1532 et
2602 1477 2735 1547 plus
2767 1493 2945 1547 quam
2976 1476 3193 1549 gravia.
3214 1475 3353 1541 Quis
3385 1491 3586 1530 eorum
3620 1475 3752 1529 infi-

2103 1566 2223 1622 cias
2253 1567 2442 1634 iverit,
2476 1568 2577 1637 qui
2611 1584 2678 1621 ex
2708 1566 2820 1631 his,
2856 1582 2980 1636 quae
3015 1565 3099 1619 vel
3133 1564 3243 1635 ipsi
3282 1564 3460 1635 passi,
3493 1563 3580 1620 vel
3624 1563 3753 1619 aliis

2105 1656 2398 1727 compassi
2441 1662 2600 1721 sunt,
2632 1654 2995 1710 calamitates
3040 1654 3330 1709 aestimare
3361 1654 3616 1707 norunt?
3643 1653 3752 1707 Sed

2106 1743 2251 1799 nihil
2284 1744 2524 1814 perinde
2545 1760 2717 1815 grave
2739 1749 2916 1814 atque
2940 1743 3212 1797 acerbum
3238 1747 3347 1807 est,
3370 1748 3433 1797 ut
3454 1759 3565 1812 pax
3586 1741 3757 1813 pulsa

2104 1837 2160 1888 et
2190 1834 2410 1903 fugata,
2435 1838 2490 1887 et
2512 1832 2768 1887 Ecclesia
2790 1833 2995 1886 decore
3026 1848 3130 1886 suo
3158 1831 3427 1902 spoliata,
3450 1830 3756 1901 priscaque

2106 1922 2360 1993 dignitas
2393 1926 2449 1976 et
2488 1921 2815 1992 amplitudo
2866 1921 3099 1975 sublata
3127 1924 3185 1975 et
3216 1921 3530 1986 exstincta;
3583 1925 3757 1990 atque

2107 2012 2251 2066 adeo
2308 2010 2538 2065 inversa
2587 2010 2810 2064 ordinis
2844 2011 3013 2076 ratio,
3048 2013 3112 2063 ut
3160 2008 3259 2079 qui
3311 2008 3471 2079 prius
3520 2025 3587 2063 ex
3640 2025 3753 2062 non

2104 2100 2318 2171 populo
2350 2098 2625 2170 populus,
2656 2104 2715 2153 et
2744 2115 2811 2153 ex
2856 2115 2970 2153 non
3020 2102 3189 2169 gente
3219 2114 3363 2168 gens
3397 2096 3531 2151 facti
3562 2098 3754 2151 fuera-

2106 2205 2260 2255 mus,
2294 2205 2451 2242 nunc
2496 2187 2555 2241 in
2588 2204 2653 2242 eo
2698 2186 2957 2258 periculo
2990 2202 3310 2252 versemur,
3347 2190 3411 2240 ut
3441 2185 3754 2240 verendum

2107 2277 2203 2344 sit,
2235 2293 2307 2331 ne
2337 2293 2406 2331 ex
2435 2276 2649 2348 populo
2681 2275 2933 2331 maximo
2964 2280 3021 2331 et
3051 2274 3311 2347 gente,in
3336 2292 3450 2329 non
3475 2273 3757 2345 populum

348 2366 404 2416 et
434 2377 549 2415 non
581 2365 814 2432 gentem
866 2362 1221 2432 redigamur,
1254 2367 1429 2433 atque
1469 2364 1527 2418 in
1558 2370 1809 2419 veterem
1860 2363 2025 2419 illum
2078 2371 2299 2420 statum
2348 2367 2679 2432 redeamus,
2712 2366 2771 2419 in
2804 2382 2918 2436 quo
2950 2381 3205 2434 eramus,
3239 2380 3373 2418 cum
3425 2363 3595 2418 nobis
3643 2378 3759 2417 non

348 2449 688 2520 imperares,
722 2454 897 2520 atque
929 2449 985 2503 in
1020 2467 1201 2505 unum
1237 2468 1446 2507 nomen
1479 2457 1536 2507 et
1564 2452 1808 2508 classem
1842 2470 2019 2507 unam
2052 2456 2549 2509 convenissemus.

420 2538 491 2592 I".
550 2537 644 2589 Καὶ
697 2530 867 2597 ὅντως
912 2534 1205 2591 κινδυνεύει
1279 2537 1372 2613 ῥᾷν
1446 2538 1579 2593 εἶναι
1661 2537 1990 2615 δυσπραγίαν

349 2623 604 2698 ἐνεγκεῖν,
636 2624 669 2692 ἣ
726 2624 1013 2700 εὐπραγίαν
1066 2628 1177 2699 (81)
1229 2623 1621 2691 διασώσασθαι·
1688 2628 1852 2682 ὁπότε
1906 2628 1997 2682 καὶ

348 2715 534 2785 ἡμεῖς,
566 2712 723 2781 ἡνίκα
752 2712 1193 2786 έπολεμούμεθα,
1222 2716 1335 2777 τοῖς
1386 2712 1655 2790 διωγμοῖς
1707 2716 1997 2789 ῥωσθέντες

350 2800 439 2855 καὶ
473 2799 844 2876 συναχθέντες,
879 2800 1039 2871 ἡνίκα
1088 2805 1461 2878 συνήχθημεν,
1512 2802 1857 2877 διελύθημεν.
1910 2805 1999 2865 Τίς

348 2889 449 2966 γὰρ
481 2889 580 2944 οὐκ
609 2888 667 2943 ἂν
724 2887 976 2966 ὀδύραιτο
1035 2887 1091 2945 εὖ
1150 2896 1362 2968 φρονῶν
1408 2893 1476 2946 τὰ
1504 2888 1775 2968 παρόντα;
1812 2891 1910 2954 Τίς
1944 2890 2000 2946 δὲ

353 2977 517 3053 λόγον
577 2978 790 3053 εὑρήσει
836 2983 905 3053 τῇ
957 2985 1214 3056 συμφορᾷ
1275 2980 1713 3055 παρισούμενον;
1791 2982 1999 3055 Annus

356 3068 450 3140 μὲν
508 3066 821 3142 εἰρηνεύειν,
882 3068 974 3130 οὕς
1023 3069 1183 3123 κακία
1241 3067 1515 3139 συνέδησε,
1579 3070 1666 3124 καὶ
1724 3069 1855 3132 τοὺς
1909 3092 2001 3124 τυ-

355 3154 553 3231 ραννίδι
610 3156 1088 3231 συντεταγμένους,
1137 3155 1173 3226 ἤ
1224 3170 1433 3232 κΛοπῃς
1470 3157 1844 3231 κοινωνοὺς,ἦ
1880 3158 2002 3211 στά-

353 3266 507 3311 σεως,
567 3244 903 3318 συνωμότας,
956 3246 990 3313 ἦ
1049 3245 1299 3321 μοιχείας
1347 3246 1759 3322 στλλήπτορας,
1811 3243 1886 3300 ἔτι
1946 3244 2004 3300 δὲ

354 3338 541 3409 χορῶν
603 3336 938 3406 συστήματα,
991 3335 1081 3388 καὶ
1134 3333 1375 3410 σορατῷν
1422 3336 1694 3409 τάγματα,
1737 3334 1825 3389 καὶ
1856 3338 2000 3402 νηῶν
2033 3306 2076 3370 C

357 3420 708 3495 πληρώματα
764 3424 913 3495 (82)·
977 3421 1047 3476 ἐῶ
1096 3423 1199 3497 γὰρ
1259 3421 1433 3498 λέγειν
1489 3421 1731 3499 κλήρους
1788 3422 1836 3495 ἐξ
1889 3420 2006 3476 ἴσου

360 3510 793 3588 διαιρουμένους,
852 3513 941 3567 καὶ
1000 3510 1280 3575 πολιτείας
1331 3513 1651 3582 ἀντιθέτους,
1703 3514 1792 3568 καὶ
1825 3511 2008 3567 διαδο-

358 3603 461 3677 χὰς
496 3600 848 3677 λειτουργιῶν
880 3601 968 3656 καὶ
999 3601 1187 3676 ἀρχῶν
1219 3604 1353 3675 (83),
1393 3602 1536 3672 τάξει
1578 3602 1872 3675 προίὀύσας
1918 3603 2008 3656 καὶ

360 3691 535 3763 νόμῳ,
590 3691 676 3744 καὶ
723 3692 822 3759 τὴν
878 3689 1268 3762 πολυύμνητον
1324 3688 1390 3758 δὴ
1439 3691 1639 3760 ταύτην
1667 3692 2006 3768 σοφιστικὴν,

360 3784 393 3850 ἢ
423 3782 835 3857 γραμματικὴν,
862 3780 949 3835 ’ίνα
993 3782 1068 3853 μή
1112 3780 1260 3856 λέγω
1301 3780 1714 3859 φιλοσοσοφίαν,
1764 3781 1886 3855 περὶ
1944 3780 2010 3848 ἥν

360 3873 494 3925 νέων
546 3868 836 3947 φιλοτιμία
894 3869 1065 3941 λυσσᾷ
1120 3891 1179 3924 τε
1227 3869 1314 3923 καί
1368 3868 1609 3943 μέμηνε·
1662 3869 1859 3938 ταύτην
1914 3870 2006 3941 μὶν

365 3959 491 4034 ὀρᾷν
558 3957 722 4033 ὀλίγα
783 3960 877 4031 μὲν
936 3960 1343 4028 στασιάζουσαν,
1400 3958 1466 4013 τὰ
1520 3956 1698 4012 πλείω
1756 3956 1813 4011 δὲ
1869 3958 2012 4031 εἰρη-

362 4047 610 4102 νεύουσαν
639 4066 650 4077 ·
701 4049 849 4119 ἡμᾶς
898 4045 955 4101 δὲ
1011 4047 1329 4109 ἀσυνθέτους
1387 4048 1637 4102 εἶναικαὶ
1668 4044 2011 4114 ἀσυνδέτους,

365 4135 453 4191 καὶ
517 4137 728 4208 μήποτε
788 4134 1038 4191 δύνασθαι
1091 4135 1169 4197 εἷς
1218 4137 1408 4190 ταυτὸν
1443 4134 1644 4209 ἐλθεῖν,
1702 4133 1841 4207 μηδέ
1895 4156 2014 4189 τινα

369 4224 529 4299 λόγον
589 4232 815 4301 φανῆναι
873 4231 973 4293 τῆς
1026 4225 1185 4279 νόσου
1240 4225 1442 4291 ταύτης
1482 4225 1835 4300 θεραπευτὴν,
1888 4223 2013 4279 ἀλλ’

368 4312 548 4387 ὣσπερ
608 4312 799 4375 κακίας
862 4312 1252 4389 μυσταγωγοὺς
1309 4314 1398 4368 καὶ
1460 4312 1661 4385 μύστας
1713 4309 1884 4381 ὄντας,
1919 4312 2017 4367 οὐκ

370 4403 587 4478 ἀρετῆς,
618 4399 804 4456 πολλὰ
839 4402 933 4474 μὶν
966 4405 1234 4457 ποιεῖσθαι
1263 4403 1330 4456 τὰ
1356 4409 1456 4471 τῆς
1497 4399 1824 4462 διαστάσεως
1857 4402 2017 4455 ὑπεκ-

367 4490 636 4563 καύματα,
673 4491 839 4565 μικρά
880 4488 958 4557 δὲ,
990 4492 1024 4560 ἢ
1063 4488 1325 4564 μηδόλως
1355 4496 1457 4559 τῆς
1493 4489 1751 4561 ὁηονοίας
1800 4487 2019 4567 φροντί-

372 4584 477 4647 ζειν
505 4579 637 4651 (84).
700 4578 881 4633 Καίτοι
938 4578 1146 4633 τούτων
1211 4579 1304 4651 μὲν
1339 4578 1756 4647 στασιαζόντων,
1816 4578 1913 4632 οὐκ
1944 4578 2020 4640 είς

2180 2542 2271 2597 ΙΙΙ.
2305 2545 2383 2597 Ac
2413 2545 2665 2614 profecto
2711 2542 2941 2598 facilius
2992 2559 3121 2597 esse
3166 2542 3399 2597 videtur
3453 2542 3760 2596 adversam

2108 2632 2405 2687 fortunam
2429 2633 2780 2702 ferre,quam
2805 2633 3124 2687 secundam
3148 2646 3490 2686 conservare
3511 2647 3523 2685 :
3544 2630 3761 2700 quippe

2109 2736 2241 2774 curn
2300 2738 2406 2775 nos
2463 2721 2659 2790 etiam,
2695 2721 2818 2792 qui,
2850 2737 2983 2775 cum
3036 2718 3185 2775 bello
3235 2734 3656 2790 premeremur,
3692 2732 3763 2771 ex

2109 2810 2613 2880 persecutionibus
2670 2811 2849 2864 robur
2908 2808 3410 2880 comparavimus,
3464 2811 3640 2877 atque
3699 2805 3758 2859 in

2112 2915 2295 2953 unum
2345 2898 2570 2953 collecti
2615 2915 2845 2962 sumus,
2875 2898 3074 2964 iidem,
3108 2902 3491 2967 posteaquam
3536 2893 3761 2951 collecti

2112 3004 2339 3054 sumus,
2374 2987 2739 3041 dit’ﬂuximus
2792 3004 2858 3041 ac
2911 2986 3122 3057 dilapsi
3155 3002 3381 3041 sumus.
3416 2984 3556 3047 Quis
3602 2982 3759 3038 enim

2114 3076 2285 3130 modo
2317 3092 2471 3131 sanae
2504 3075 2737 3141 mentis,
2772 3080 3115 3145 praesentem
3158 3089 3353 3128 rerum
3385 3078 3608 3126 statum
3644 3086 3759 3125 non

2112 3163 2413 3234 deplorat?
2442 3164 2583 3226 Quis
2632 3179 2960 3217 sermonem
3011 3162 3147 3217 huic
3188 3159 3509 3217 calamitati
3561 3174 3761 3230 parem

2116 3251 2375 3306 invenire
2402 3252 2618 3323 queat?
2642 3253 2848 3306 Pacem
2872 3251 3069 3306 colunt
3098 3250 3377 3315 latrones,
3399 3266 3547 3320 quos
3568 3247 3763 3302 scelus

2117 3341 2270 3395 inter
2300 3357 2361 3395 se
2392 3340 2664 3405 devinxit,
2689 3345 2743 3394 et
2772 3340 3100 3411 tyrannidis
3131 3339 3293 3404 socii,
3327 3345 3429 3393 aut
3461 3336 3595 3391 furti
3628 3351 3763 3390 con-

2118 3436 2323 3494 sortes,
2356 3434 2455 3483 aut
2494 3430 2565 3482 ad
2611 3429 2956 3484 seditionem
3002 3428 3314 3499 conjurati,
3346 3432 3447 3481 aut
3493 3422 3766 3479 adulterii

2118 3516 2449 3588 participes,
2502 3523 2677 3588 atque
2724 3517 2964 3587 insuper
3011 3517 3322 3573 chororum
3374 3513 3664 3579 sodalitia,
3709 3516 3767 3567 et

2118 3606 2475 3661 exercituum
2502 3606 2760 3669 ordines,
2780 3613 2835 3659 et
2858 3605 2952 3675 qui
2974 3606 3220 3660 navibus
3244 3604 3567 3667 vehuntur;
3596 3600 3763 3654 mitto

2117 3695 2273 3749 enim
2307 3695 2495 3749 dicere
2534 3695 2899 3749 hereditates
2946 3712 3013 3748 ex
3061 3711 3226 3764 aequo
3259 3692 3497 3761 divisas,
3531 3694 3588 3743 et
3620 3704 3761 3743 con-

2118 3784 2329 3837 trarias
2362 3782 2419 3836 in
2455 3783 2627 3837 rebus
2658 3782 2907 3853 publicis
2939 3783 3206 3851 gerendis
3237 3780 3512 3843 rationes,
3544 3781 3601 3831 et
3632 3775 3762 3830 civi-

2118 3872 2264 3925 lium
2299 3888 2609 3925 munerum
2665 3870 3084 3937 successiones,
3119 3875 3174 3924 et
3207 3869 3587 3937 magistratus
3639 3866 3761 3934 lege

2119 3966 2296 4031 atque
2324 3960 2525 4013 ordine
2558 3958 3023 4030 progredientes;
3058 3962 3227 4027 atque
3259 3958 3401 4011 adeo
3432 3952 3761 4008 celebratis-

2122 4050 2331 4103 simam
2358 4047 2507 4101 hanc
2524 4048 2879 4118 sophisticen
2905 4053 3004 4101 aut
3024 4044 3468 4117 grammaticen,
3484 4058 3554 4095 ne
3571 4042 3763 4094 dicam

2124 4134 2575 4206 philosophiam,
2621 4134 2680 4189 in
2733 4152 2908 4206 quam
2968 4135 3174 4189 insano
3224 4134 3477 4204 quodam
3542 4131 3764 4199 impetu

2125 4226 2277 4280 416
2302 4226 2583 4293 juvenum
2617 4224 2859 4278 ambitio
2893 4224 3051 4290 furit,
3110 4240 3285 4294 quam
3319 4228 3516 4276 tamen
3558 4234 3767 4290 parum

2126 4313 2441 4368 admodum
2490 4312 2751 4367 dissidiis
2800 4314 3099 4384 agitatam,
3148 4312 3267 4366 imo
3328 4315 3392 4364 ut
3449 4307 3771 4380 plurimum

2128 4401 2385 4472 quietam
2427 4406 2483 4456 et
2530 4408 2791 4471 pacatam
2842 4400 3141 4467 videmus;
3194 4416 3300 4453 nos
3360 4402 3555 4452 autem
3614 4392 3773 4449 nullo

2128 4490 2449 4546 concordiae
2501 4492 2710 4546 foedere
2758 4507 2824 4546 ac
2872 4489 3101 4545 vinculo
3132 4486 3476 4559 constringi,
3508 4501 3613 4539 nec
3662 4498 3776 4537 un-

2132 4596 2308 4650 quam
2344 4580 2400 4632 in
2437 4596 2615 4633 unum
2658 4579 2811 4635 coire
2854 4595 3192 4650 possumus,
3217 4594 3322 4633 nec
3354 4576 3501 4630 ratio
3532 4572 3651 4628 ulla
3682 4587 3776 4625 ex-

377 4667 514 4741 μέγα
542 4670 577 4737 ἡ
612 4668 792 4729 στάσις
822 4666 970 4745 φέρει
990 4685 1003 4699 ’
1037 4667 1183 4730 τίνάς
1212 4689 1271 4721 τε
1292 4668 1380 4721 καὶ
1402 4669 1699 4736 στασιάζειν
1785 4687 2000 4744 συμφρο

2137 4674 2272 4732 stat,
2299 4684 2425 4738 quae
2455 4664 2823 4722 huic'morbo
2852 4667 3181 4733 medeatur;
3207 4665 3346 4736 quin
3372 4658 3781 4736 potius,quasi

371 4761 475 4823 νεῖν
504 4757 724 4829 ἄμεινον
747 4775 759 4787 ·
792 4758 888 4818 τὰς
916 4759 1017 4831 γὰρ
1052 4755 1137 4811 ἐπὶ
1170 4761 1321 4828 κακῷ
1350 4776 1622 4817 συστάσεις
1670 4756 1750 4817 τίς
1784 4754 1841 4810 ἂν
1877 4754 2026 4810 ἐπαι-

372 4846 570 4899 νέσειεν
604 4844 660 4899 εὗ
692 4850 904 4921 φρονῶν
932 4863 946 4912 ;

2134 4756 2278 4825 vitii,
2326 4773 2441 4812 non
2494 4757 2748 4821 virtutis.
2782 4757 3048 4811 doctores
3098 4772 3164 4810 ac
3216 4751 3511 4824 discipuli,
3562 4748 3780 4804 multos

2135 4846 2371 4918 quidem
2423 4846 2727 4900 discordias
2774 4844 3063 4915 igniculos
3114 4843 3486 4914 subjicimus,
3541 4852 3781 4909 parvam

377 4940 596 4998 autem,
628 4934 746 4990 imo
778 4934 1001 4990 nullam
1042 4936 1279 4991 omnino
1327 4934 1654 4991 concordiis
1701 4950 1903 4990 curam
1951 4935 2230 5007 gerimus.
2265 4940 2331 4989 Et
2360 4940 2513 4989 certe
2543 4934 2777 4989 illorum
2824 4932 3223 4989 contentiones
3272 4936 3329 4987 et
3372 4928 3618 4985 dissidia
3667 4940 3783 4980 non

380 5022 630 5077 multum
662 5022 1020 5078 incommodi
1071 5040 1269 5079 secum
1304 5023 1522 5079 vehunt
1556 5040 1567 5079 :
1604 5024 1722 5078 imo
1771 5023 1945 5078 etiam
1978 5025 2265 5095 quosdam
2312 5022 2615 5090 dissidere,
2651 5038 2829 5093 quam
2860 5025 3013 5077 inter
3042 5038 3104 5077 se
3135 5021 3464 5076 consentire
3514 5020 3783 5088 praestat;

378 5111 511 5182 quis
541 5111 722 5178 enim,
757 5112 869 5167 nisi
900 5112 1115 5167 mentis
1141 5129 1367 5183 expers,
1400 5113 1457 5167 in
1493 5113 1717 5169 malum
1749 5112 1923 5168 initas
1954 5112 2417 5183 conspirationes
2448 5112 2888 5184 comprobarit?

453 5356 563 5433 (79)
611 5355 1009 5433 ’Λνιστάμεναι,
1058 5357 1251 5415 Schol.
1291 5375 1304 5412 :
1352 5354 1663 5413 Ἀνάστατοι
1722 5356 2031 5433 γενόμεναι,

379 5428 466 5481 καὶ
498 5427 888 5501 πορθούμεναι,

452 5499 1090 5574 (80)“Ευνεληλύθειμεν.
1126 5501 1220 5558 Sic
1270 5501 1410 5573 Reg.
1444 5501 1547 5568 hu,
1578 5501 1671 5556 0r.
1716 5502 1767 5567 1,
1810 5505 1918 5558 etc.
1969 5503 2029 5558 In

382 5574 501 5645 ed.,
536 5570 1001 5645 συνεληλύθαμεν.

453 5644 566 5721 (81.)
598 5640 930 5721 Εὐ-πραγίαν.
971 5647 1119 5721 _Reg_.
1153 5646 1211 5721 b,
1246 5640 1553 5721 εὐπραξίαν.
1589 5644 1726 5716 Reg.
1759 5645 1859 5710 hu,
1893 5664 2029 5718 συμ-

382 5713 936 5791 πραλξίανε-Μὸῃὶαοη
968 5713 1212 5791 ἆκκᾶλεῖν
1266 5713 1571 5791 εὐπραξίαν.

456 5787 568 5863 (82)
609 5788 710 5845 Καὶ
766 5786 931 5864 νηῶν⁷
972 5786 1342 5863 πληρώματα.
1369 5786 1424 5839 ’κ
1471 5786 1778 5846 Classiaris
1826 5787 2035 5846 militi-

2148 5361 2276 5430 bus,
2304 5358 2523 5446 )‘>‘vel,«
2558 5362 2885 5419 vectoribus
2933 5363 3214 5446 plenas.»
3260 5362 3564 5435 Significat
3610 5360 3785 5415 etiam

2146 5453 2197 5559 «ι
2229 5431 2494 5503 PUblicaS
2553 5451 2726 5491 naves
2787 5431 2952 5491 omni
3006 5431 3580 5504 hominum'genere
3638 5448 3785 5487 onu-

2146 5520 2169 5558 Β
2201 5520 2284 5558 as.
2317 5526 2345 5552 n

2143 5520 2284 5558 stas.
2317 5526 2345 5552 ))

2214 5575 2331 5663 (8ὃζ)
2364 5574 2602 5659 ἰξρχῶι
2635 5576 2729 5632 Sic
2783 5577 2920 5651 aeg.
2954 5578 3054 5650 bu,
3088 5579 3181 5633 Or.
3230 5577 3277 5641 ι,
3328 5578 3385 5631 et
3432 5572 3689 5627 Combef.
3722 5576 3789 5627 In

2143 5647 2255 5714 ed.,
2287 5647 2481 5718 ἀρχάς.

2213 5710 2703 5793 (84)’;(ξ)ροντίζειν.
2759 5716 2933 5776 Cois].
2993 5723 3017 5776 1
3080 5718 3263 5786 addit,
3328 5710 3640 5793 βούλεσθαι.
3700 5713 3795 5775 Sic

2143 5790 2323 5848 etiam
2354 5789 2597 5865 Hervag.
