4094 6212
450 371 606 436 1135

1688 368 1750 426 8.
1801 365 2172 427 GHEGORH
2220 369 2612 431 'I‘HEOLOGI

3699 384 3856 447 1136

518 508 607 563 ιν.
643 508 758 563 Nos
788 509 981 561 autem
1016 504 1063 559 si
1096 502 1227 575 quis
1260 506 1423 574 roget
1454 519 1466 557 :
1495 501 1783 568 Quidnam
1814 505 1904 554 est
1934 516 2061 569 QUOl

2175 566 2220 587 ,Δ
2278 501 2345 557 Δ’.
2383 501 2556 573 Ἠμᾶς
2591 500 2646 557 δὲ
2677 503 2725 557 εἴ
2778 525 2862 567 τις
2921 505 3231 580 ἕρωτήσειε.
3289 510 3350 565 Τί
3413 513 3476 567 τὸ
3512 517 3853 587 τιμιώμενον

445 599 634 655 colitis
664 601 838 668 atque
868 595 1164 651 adoratis?
1194 595 1531 664 promptum
1580 596 1669 647 est
1716 591 2086 662 respondere,

445 688 599 760 quod
627 688 705 742 sit
726 686 1002 740 charitas.
1035 682 1263 739 Etenim
1309 687 1374 736 ut
1403 698 1436 735 a
1464 679 1686 752 Spiritu
1718 683 1919 733 sancto
1952 695 2088 750 pro-

446 779 782 835 nuntiatum
832 783 965 833 est:
1004 778 1141 830 Deus
1190 778 1377 829 noster
1420 772 1661 827 charitas
1708 770 1871 840 est“,
1905 786 2090 840 eoque

443 868 679 923 nomine
708 866 917 938 magis,
949 880 1127 936 quam
1160 862 1362 934 quovis
1395 859 1527 925 alio,
1558 859 1899 914 delectatur.
1924 858 2083 921 Quod

440 956 489 1012 si
536 960 813 1028 praeterea
841 971 910 1009 ex
941 952 1109 1008 nobis
1151 951 1504 1017 sciscitatur,
1529 964 1660 1019 quas
1690 946 1835 1018 legis
1867 962 1931 1000 ac
1964 962 2089 1016 pro-

440 1044 747 1117 phetarum
809 1058 1043 1100 summa
1093 1039 1274 1095 sit“?
1321 1038 1477 1093 haud
1530 1036 1853 1107 quidquam
1904 1033 2084 1103 aliud,

438 1149 614 1205 quam
640 1131 1007 1195 charitatem,
1026 1125 1380 1199 evangelista
1407 1141 1512 1181 nos
1537 1123 1889 1197 respondere
1910 1122 2080 1177 sinet.

438 1222 585 1287 Quid
615 1221 795 1294 igitur
824 1221 1058 1275 tandem
1092 1233 1280 1272 causa;
1308 1220 1417 1282 est,
1446 1231 1570 1282 cur,
1603 1213 1701 1285 qui
1734 1213 2080 1267 charitatem

438 1311 705 1378 colimus,
741 1308 962 1363 mutuis
994 1305 1142 1361 odiis
1175 1303 1533 1376 ﬂagramus?
1563 1301 1670 1367 Qui
1721 1315 1947 1372 pacem,
1970 1299 2083 1353 im-

434 1397 720 1472 placabile
740 1402 798 1453 et
825 1393 1174 1467 inexpiabile
1201 1392 1418 1448 bellum
1443 1389 1740 1463 gerimus?
1768 1388 1875 1453 Qui
1896 1404 2082 1459 angu-

433 1488 617 1545 larem
671 1486 946 1558 lapidem,
998 1482 1333 1537 dirimimur
1376 1496 1443 1535 ac
1492 1477 1923 1534 distrahimur‘?
1973 1476 2079 1540 Qui

433 1581 681 1650 petram,
715 1571 1128 1630 concutimur?
1172 1571 1278 1634 Qui
1333 1570 1543 1633 lucem,
1577 1564 1944 1639 caligamus?
1972 1564 2079 1628 Qui

429 1666 703 1731 Verbum,
735 1667 898 1718 tanto
946 1676 1154 1716 sumus
1186 1658 1437 1728 silentio,
1471 1661 1573 1712 aut
1603 1654 1943 1721 stoliditate,
1977 1660 2080 1709 aut

434 1758 670 1824 stupore
719 1755 894 1821 atque
941 1748 1227 1811 vecordia,
1269 1751 1387 1815 aut,
1422 1760 1538 1816 quo
1566 1744 1741 1800 verbo
1788 1748 1940 1812 utar,
1971 1759 2078 1798 ne-

434 1842 575 1911 scio,
609 1840 787 1912 pleni,
823 1842 887 1894 ut
933 1854 1065 1892 cum
1117 1835 1251 1900 cibi,
1283 1838 1341 1889 et
1372 1833 1585 1901 somni,
1614 1838 1672 1887 et
1718 1836 1949 1897 cantus,
1983 1848 2077 1886 re-

434 1946 684 2001 rumque
730 1924 1327 1991 obscmnissimarum,
1360 1926 1427 1976 ut
1475 1920 1659 1986 aiunt,
1693 1920 1931 1975 satietas
1978 1919 2077 1985 sit,

433 2017 841 2088 omniumque,
865 2030 981 2069 non
1013 2013 1185 2067 modo
1217 2011 1622 2079 molestarum,
1646 2008 1745 2063 sed
1780 2008 1955 2062 etiam
1981 2009 2080 2077 ju-

431 2105 934 2162 cundissimarum
981 2116 1176 2157 rerum
1217 2099 1497 2155 saturitas
1527 2101 1584 2153 et
1613 2096 1913 2151 fastidium
1945 2101 2078 2150 tan—

430 2196 561 2251 dem
613 2193 933 2260 oboriatur,
967 2194 1296 2260 cunctaque
1345 2187 1498 2241 inter
1542 2201 1605 2240 se
1650 2185 1911 2240 vicissim
1962 2184 2076 2239 im-

429 2290 644 2349 meent,
670 2287 728 2337 et
757 2283 1202 2345 convertantur;
1233 2276 1403 2332 nobis
1428 2280 1623 2330 tamen
1657 2289 1763 2329 nec
1792 2274 1948 2338 ﬁnis,
1974 2288 2079 2327 nec

430 2374 640 2428 modus
672 2371 749 2426 sit
779 2370 957 2438 ullus,
989 2374 1115 2424 tum
1148 2364 1605 2430 inferendorum,
1630 2367 1755 2417 tum
1788 2361 2077 2432 accipien-

429 2462 637 2517 dorum
685 2458 1018 2522 vulnerum,
1068 2472 1181 2510 non
1240 2454 1315 2509 iis
1367 2453 1669 2516 duntaxat,
1704 2450 1800 2521 qui
1849 2450 2077 2505 diversa

428 2550 709 2617 sentiunt,
743 2552 913 2617 atque
952 2546 1010 2600 in
1054 2542 1188 2597 ﬁdei
1220 2540 1487 2597 doctrina
1514 2539 1826 2607 dissident,
1854 2539 2076 2607 (minus

426 2639 585 2695 enim
635 2636 909 2692 acerbum
956 2633 1013 2687 id
1065 2635 1237 2697 esset,
1271 2646 1337 2685 ac
1378 2628 1560 2694 zelus,
1594 2644 1687 2683 res
1735 2626 2070 2692 laudabilis,

2203 585 2328 658 ὑμῖν
2387 588 2475 642 καὶ
2534 593 3036 665 προσκυνούμενον;
3115 596 3413 675 πρόχειρον
3493 585 3705 657 dum;
3792 607 3855 661 Ἦ

2197 674 2403 749 ἀγάπη.
2459 682 2511 730 Ὀ
2567 679 2667 755 γὰρ
2725 682 2854 743 Θεὸς
2912 685 3072 756 ἡμῶν
3135 689 3169 755 ἡ
3225 674 3409 762 ἀγάπη
3471 691 3601 749 ἐστί.
3660 695 3851 764 Ῥῆσις

2195 769 2292 819 τοῦ
2350 766 2500 841 ἁγίου
2576 769 2924 842 Πνεύματοςο
3002 774 3091 827 καὶ
3158 781 3321 831 τοῦτο
3393 780 3576 855 χαίρει
3633 782 3851 853 μᾶλλον

2198 853 2435 926 ἀκούων,
2550 877 2600 910 τι
2660 856 2822 930 ἄλλο,
2870 862 2898 915 6
2942 860 3073 923 Θεὸς
3121 866 3255 938 (85).
3304 867 3363 920 Τί
3414 853 3504 922 δαὶή
3553 870 3727 941 νόμου
3759 874 3852 927 καὶ

2194 948 2488 1034 προφητῶν
2524 945 2854 1034 κεφάλαιονς
2890 949 2988 1005 οὐκ
3017 950 3156 1007 ἄλλο
3186 951 3223 1022 ἤ
3252 960 3413 1011 τοῦτο
3437 963 3848 1034 συγχωρήσειεν

2194 1032 2307 1103 (86)
2356 1033 2385 1086 6
2426 1032 2818 1108 εὐαγγελιστής
2866 1039 3274 1113 ἀποκρίνασθαι.
3319 1044 3379 1097 Τί
3436 1032 3643 1117 δήποτέ
3668 1047 3766 1102 οὗν
3797 1051 3850 1105 οἱ

2325 1120 2562 1195 ἀγάπης,
2596 1123 2738 1178 οὕτω
2780 1127 2893 1198 (87)
2946 1129 3206 1202 μισοῦμέν
3254 1153 3314 1187 τε
3359 1134 3449 1187 καὶ
3495 1137 3846 1209 μισούμεϐας

2191 1207 2282 1261 καὶ
2314 1208 2374 1297 οἱΔ
2394 1216 2493 1279 τῆς
2534 1210 2777 1284 εἰρήνης,
2810 1214 3162 1291 πολεμοῦμεν
3197 1220 3476 1290 ἀκήρυκτά
3523 1226 3639 1297 (88)
3665 1207 3727 1280 τε
3754 1207 3848 1282 καὶ

2192 1294 2573 1353 άκατάλλακτα
2600 1317 2613 1368 ;
2645 1301 2735 1355 καὶ
2766 1304 2818 1356 οἱ
2867 1304 2963 1357 τοῦ
3018 1305 3430 1383 ἀκρογωνιαίου,
3482 1294 3845 1386 διιστάμεθας

2189 1386 2281 1476 καῖ
2311 1385 2362 1438 οἱ
2391 1392 2492 1455 τῆς
2520 1388 2739 1460 πέτρας.
2772 1390 3062 1463 σειόμεθα;
3093 1395 3183 1449 καὶ
3215 1397 3267 1450 οἱ
3293 1402 3392 1452 τοῦ
3434 1402 3637 1476 φωτὸς,
3670 1385 3850 1457 ἔσκο-

2186 1471 2450 1565 τίσμεθα;
2481 1475 2569 1530 καὶ
2601 1477 2653 1530 οἱ
2683 1482 2780 1532 τοῦ
2810 1473 3008 1555 Λόγου,
3060 1485 3329 1555 τοσαύτης
3377 1471 3535 1560 ισμὲν
3585 1497 3771 1565 σιγῆς,
3805 1494 3841 1561 ἦ

2188 1558 2429 1652 ἀλογίας,
2523 1565 2927 1637 παραπληξίας,
2956 1571 3015 1638 ἢ,
3041 1570 3141 1626 οὐκ
3172 1571 3276 1628 οἷδ’
3306 1575 3335 1629 6'
3363 1597 3418 1630 τι
3445 1558 3545 1631 καὶ
3581 1558 3847 1652 ὀνομάσω

2191 1650 2376 1742 μεστοί
2400 1650 2586 1742 ’.ὥστε
2610 1661 2821 1728 τροφῆς
2874 1656 2986 1729 μὲν,
3018 1659 3108 1712 καὶ
3140 1659 3330 1733 ὕπνου,
3362 1665 3451 1718 καὶ
3496 1663 3647 1736 ᾠδῆς
3676 1650 3848 1742 κόρος

2185 1735 2318 1810 ἐστὶ,
2351 1739 2439 1792 καὶ
2470 1745 2575 1794 τῶν
2604 1742 2921 1817 αἰσχίστων,
2955 1746 3029 1809 ὡς
3081 1747 3301 1823 λέγουσι
3329 1769 3342 1783 ⁸
3392 1753 3481 1806 καὶ
3516 1735 3842 1828 (πλησμονὴ

2191 1828 2427 1912 πάντων,
2473 1829 2534 1882 οὐ
2585 1834 2690 1885 τῶν
2735 1831 2992 1909 ἀλγεινῶν
3056 1836 3243 1908 μόνον,
3302 1838 3428 1895 ἀλλ’
3455 1839 3564 1912 ἤδη
3605 1845 3697 1898 καὶ
3726 1850 3843 1900 τῶν

2191 1911 2447 2004 ἡδίστων,
2476 1918 2566 1971 καὶ
2596 1919 2768 1973 πάντα
2797 1920 2873 1983 είς
2906 1921 3130 1993 ἄλληλα
3157 1935 3462 2004 περιχωρεῖ
3488 1952 3547 1985 τε
3591 1933 3683 1986 καὶ
3735 1955 3844 1989 πε-

2188 2003 2527 2093 ριτρέπεταν
2586 2008 2722 2078 ἡμῖν
2778 2006 2825 2063 δ’
2880 2008 3055 2073 οὐδεὶς
3111 2012 3237 2089 ὅρος
3292 2003 3389 2070 τοῦ
3449 2018 3675 2093 βάλλειν
3744 2023 3842 2078 καὶ

2191 2089 2506 2165 βάλλεσθαι,
2539 2093 2601 2149 οὐ
2644 2102 2760 2158 τοῖς
2806 2096 3175 2171 ὲτεροδοξοῦσι
3227 2103 3409 2177 μόνον,
3450 2089 3546 2161 ’καὶ
3576 2112 3716 2165 κατὰ
3742 2112 3838 2166 τὸν

2183 2185 2285 2271 τῆς
2342 2180 2579 2271 πίστεως
2636 2181 2803 2260 λόγον
2860 2185 3194 2259 διεστηκόσιν
3251 2195 3432 2266 (ἧττον
3490 2198 3591 2271 γὰρ
3654 2199 3716 2253 ἃν
3771 2203 3838 2270 ἦν

2184 2269 2297 2361 (89)
2330 2267 2601 2361 ἀλγεινὸν,
2632 2273 2721 2328 καὶ
2753 2276 2781 2330 ὁ
2816 2274 3004 2345 ζῆλος,
3036 2277 3309 2355 ἀπολογία
3350 2267 3689 2359 πραγμάτων

2186 2356 2609 2432 ἐπαινουμένων,
2642 2361 2729 2417 ἐὰν
2761 2363 2812 2418 ἐν
2842 2364 2991 2440 ὅροις
3019 2368 3234 2437 ἱστῆται
3258 2372 3392 2444 [91])
3420 2390 3432 2403 ·
3464 2356 3574 2443 ἤδη
3634 2373 3694 2430 δὲ
3728 2356 3839 2432 *καί

2183 2452 2299 2543 τοῖς
2336 2448 2625 2543 ὁμοδόξοις
2656 2456 2790 2527 (92),
2818 2456 2909 2511 καὶ
2938 2459 3075 2530 πρὸς
3103 2458 3231 2522 τοὺς
3275 2461 3490 2531 αὐτοὺς,
3542 2464 3635 2519 καὶ
3696 2468 3838 2543 ὑπὲρ

2325 2538 2498 2593 αὐτῶν
2532 2544 2873 2612 στασιάζουσι
2901 2550 3080 2603 (toﬁ-ro
3112 2548 3214 2623 γὰρ
3269 2550 3332 2605 τὸ
3383 2538 3834 2629 μοχθηρότατον,

2189 2624 2217 2694 ἤ
2252 2624 2635 2684 ἐλεεινότατον.

426 2728 599 2783 modo
630 2726 784 2780 intra
815 2724 959 2778 ﬁnes
989 2737 1129 2777 suos
1159 2718 1463 2787 consistat,
1496 2718 1556 2772 id
1588 2718 1948 2788 excusaret;)
1983 2732 2183 2771 verum
2216 2716 2288 2771 iis
2320 2734 2551 2791 quoque
2581 2722 2681 2793 qui
2713 2725 2980 2781 eamdem
3029 2726 3203 2782 ﬁdem
3249 2729 3617 2800 profitentur,
3650 2739 3836 2807 atque

424 2817 706 2872 adversus
737 2813 974 2869 eosdem
1005 2816 1062 2866 et
1092 2825 1196 2881 pro
1228 2809 1435 2864 iisdem
1466 2807 1891 2862 conﬂictantur.
1929 2805 2042 2860 Hoc
2072 2807 2227 2861 enim
2273 2805 2417 2862 illud
2449 2813 2538 2865 est
2567 2812 2834 2868 omnium
2876 2814 3405 2888 improbissimum,
3437 2826 3538 2876 aut
3570 2805 3837 2881 maxime

420 2904 844 2960 miserandum.

492 2992 558 3047 V.
593 2992 660 3047 Et
689 3007 817 3062 quae
851 2988 1027 3059 hujus
1050 2986 1129 3041 rei
1160 3001 1337 3040 causa
1366 2983 1493 3040 est?
1523 2982 1871 3038 Dominandi
1905 2999 2069 3037 amor

2356 2981 2453 3073 Καὶ
2483 2982 2744 3073 τὸαῖτιον
2777 2987 2867 3057 τί;
2902 2987 3185 3065 Φιλαρχία
3212 2993 3404 3066 τυχὸν,
3449 2992 3487 3063 ἤ
3537 2994 3835 3073 φιλοχρη-

420 3080 688 3145 fortasse,
716 3077 803 3134 vel
833 3092 1008 3148 opum
1042 3074 1355 3145 cupiditas,
1388 3071 1477 3127 vel
1526 3071 1691 3137 livor,
1719 3072 1806 3125 vel
1839 3071 2060 3139 odium,

2180 3070 2364 3159 ματία,
2467 3072 2684 3149 φθόνος,
2717 3073 2753 3144 ἤ
2789 3080 2968 3149 μῖσος,
2998 3075 3035 3146 ἤ
3067 3079 3331 3154 ὑπεροψία
3380 3084 3512 3155 (93),
3614 3070 3829 3143 eis»

419 3168 505 3223 vel
539 3167 834 3239 superbia,
857 3165 944 3220 vel
975 3164 1196 3234 aliquid
1230 3177 1453 3231 eorum,
1479 3160 1695 3232 quibus
1728 3176 1800 3215 ne
1826 3176 1923 3215 eos
1945 3161 2067 3230 qui-

421 3258 575 3322 dem,
598 3256 697 3327 qui
754 3257 931 3310 Deum
986 3251 1217 3307 nullum
1267 3254 1496 3321 putant,
1530 3248 1795 3304 laborare
1832 3250 2063 3320 conspi-

419 3346 630 3401 cimus.
667 3344 815 3398 417
852 3342 1134 3411 Quodque
1172 3341 1385 3394 scitum
1417 3343 1474 3393 et
1502 3335 1762 3407 lepidum
1793 3342 1900 3403 est,
1938 3338 2064 3408 ipsa

418 3430 776 3489 calculorum
807 3430 1057 3484 inversio
1080 3432 1184 3483 est.
1212 3427 1355 3481 Nam
1386 3441 1520 3480 cum
1546 3425 2058 3495 deprehendimur,

415 3520 497 3593 pii
528 3526 703 3591 atque
747 3516 1051 3574 orthodoxi
1101 3531 1329 3579 sumus,
1363 3512 1627 3583 falsoque
1656 3513 1727 3567 ad
1757 3513 2059 3569 veritatem

417 3608 810 3678 confugimus,
833 3613 1116 3677 tanquam
1142 3620 1244 3674 pro
1276 3602 1389 3656 ﬁde
1409 3601 1825 3657 contendentes
1849 3618 1861 3655 :
1890 3602 2061 3672 idque

416 3703 707 3765 unum,ut
738 3698 797 3751 in
820 3695 1012 3760 malis,
1035 3693 1205 3749 laude
1238 3693 1504 3763 dignum,
1528 3692 1642 3746 imo
1671 3695 1845 3762 turpe
1865 3693 2060 3748 admo-

414 3788 555 3843 dum
584 3787 853 3851 facimus,
876 3785 1031 3856 quod
1060 3783 1263 3837 vitium
1289 3781 1715 3845 erubescentes,
1741 3781 1811 3834 ad
1835 3781 2056 3850 specio-

411 3876 537 3932 sius
585 3875 1006 3944 honestiusque
1054 3887 1288 3937 nomen,
1336 3869 1445 3924 hoc
1491 3874 1600 3935 est,
1633 3869 1705 3923 ad
1755 3869 2051 3940 pietatem,

409 3966 755 4020 transimus.
781 3961 1038 4017 Attonite
1062 3965 1117 4015 et
1136 3957 1481 4029 versipellis,
1504 3957 1712 4012 dixerit
1732 3958 2049 4029 quispiam,

405 4059 464 4106 et
494 4053 653 4123 pravi
684 4051 866 4118 illius,
902 4066 967 4105 ac
994 4048 1118 4102 vitii
1160 4045 1457 4101 architecti
1491 4046 1857 4117 ﬁgmentum,
1886 4048 2047 4117 quis-

401 4140 535 4210 quis
581 4156 664 4208 es,
696 4138 798 4210 qui
845 4139 929 4193 ita
976 4136 1247 4201 afﬁceris,
1298 4140 1417 4203 aut,
1465 4141 1529 4188 ut
1576 4133 1768 4189 verius
1816 4134 2043 4206 loquar,

395 4227 835 4284 amentissime:
863 4226 956 4281 hic
984 4224 1089 4280 tibi
1122 4223 1396 4278 hesterno
1427 4223 1519 4276 die
1553 4223 1685 4293 pius
1717 4228 1867 4291 erat;
1902 4241 2042 4293 quo-

393 4331 527 4371 nam
562 4316 744 4386 igitur
774 4319 940 4387 pacto
973 4313 1143 4368 hodie
1173 4312 1392 4382 impius
1422 4316 1529 4376 est,
1553 4327 1685 4365 cum
1709 4328 1814 4367 nec
1843 4314 2036 4383 verbo,

387 4418 493 4458 nec
551 4420 631 4471 re,
690 4404 1014 4475 quidquam
1060 4401 1149 4455 vel
1208 4398 1516 4464 addiderit,
1555 4399 1644 4453 vel
1700 4400 2030 4468 detraxerit,

384 4492 486 4547 sed
519 4492 577 4546 in
612 4492 812 4546 eadem
846 4488 980 4545 ﬁdei
1031 4486 1322 4545 sententia
1366 4486 1601 4552 haereat,
1630 4488 1901 4542 eumdem
1934 4505 2027 4543 ae-

2176 3157 2273 3211 δσα
2307 3156 2449 3231 μηδέ
2477 3159 2601 3224 τοὺς
2633 3162 2822 3227 ἀθέους
2856 3167 3070 3239 ὁρῶμεν
3101 3168 3413 3242 πάσχοντας
3436 3190 3447 3200 ·
3501 3172 3592 3226 καὶ
3621 3174 3684 3227 τὸ
3720 3180 3829 3250 χά-

2176 3249 2374 3336 ριενὶἠ
2432 3269 2539 3304 των
2594 3254 2789 3329 ψήφων
2852 3255 3130 3327 μετάθεσις
3177 3259 3309 3330 (94).
3371 3261 3530 3312 Ὅταν
3571 3249 3830 3336 ἁλῶμεν,

2174 3329 2411 3426 εὐσεϐεῖς
2479 3336 2636 3410 ἐσμεν
2710 3342 2799 3395 καὶ
2874 3341 3175 3418 ὀρθόδοξοι,
3242 3346 3331 3400 καὶ
3409 3329 3828 3426 καταφεύγομεν

2171 3421 2382 3496 ψευδῶς
2433 3424 2521 3480 ἐπὶ
2566 3428 2663 3495 τὴν
2714 3428 2997 3502 ἀλήθειαν,
3049 3432 3122 3494 ὡς
3170 3434 3302 3508 ὑπὲρ
3333 3421 3571 3500 πίστεως
3600 3421 3829 3496 στασιά-

2173 3517 2392 3579 ζοντες·
2443 3516 2531 3569 καὶ
2580 3520 2739 3571 τοῦτο
2791 3518 2956 3591 μόνον
2999 3519 3269 3578 ἐπαινετὸν
3324 3529 3613 3598 ποιοῦμεν,
3652 3529 3734 3590 ὡς
3768 3528 3825 3584 ἐν

2167 3606 2382 3673 κακοῖς,
2415 3602 2460 3657 εἰ
2602 3606 2691 3659 καὶ
2724 3604 2844 3661 λίαν
2875 3607 3126 3684 αἰσχρὸν,
3158 3610 3240 3665 δτι
3295 3614 3395 3681 τήν
3448 3614 3639 3670 κακίαν
3704 3615 3829 3693 ἐρυ-

2169 3693 2442 3778 θριῶντες,
2504 3691 2591 3747 ἐπὶ
2648 3694 2968 3773 σεμνότερον
3020 3692 3193 3771 ὄνομα
3251 3696 3661 3775 μεταϐαίνομεν,
3713 3691 3822 3778 τήν

2166 3773 2434 3864 εὐσέϐειαν
2491 3783 2623 3855 (95).
2684 3780 3050 3860 Ἐμϐρὸντητε
3094 3787 3181 3841 καὶ
3214 3788 3524 3864 πολύτροπε
3546 3773 3711 3848 εἴποι
3735 3773 3825 3858 τις

2164 3863 2246 3934 ἂν,
2276 3868 2377 3956 ’καὶ
2429 3867 2657 3943 πλάσμα
2711 3877 2808 3926 τοῦ
2857 3878 3108 3950 Πονηροῦ
3164 3876 3253 3930 καὶ
3291 3882 3389 3932 τοῦ
3418 3886 3681 3956 σοςιιστοῦ
3718 3891 3827 3954 τῆς

2158 3953 2370 4027 κακίας,
2403 3955 2547 4019 ὅστις
2576 3960 2708 4014 ποτέ
2737 3960 2785 4014 εἶ
2814 3961 2842 4015 6
2880 3965 3041 4016 τοῦτο
3072 3964 3324 4038 πάσχων,
3355 3963 3412 4035 ἤ,
3440 3953 3507 4021 τό*
3549 3988 3616 4044 γε
3666 3953 3823 4043 ἀλῄ-

2158 4042 2404 4130 θὲστερον
2454 4045 2641 4117 ιῖπεῖν,
2690 4048 3041 4120 ἀνοητότατε·
3100 4051 3257 4115 οὗτός
3287 4074 3372 4108 σοι
3402 4056 3531 4130 χθὲς
3564 4042 3631 4126 ἦν
3667 4042 3828 4116 εὗσε-

2155 4126 2281 4199 ϐἠς,
2313 4134 2403 4187 καὶ
2433 4140 2548 4197 πῶς
2580 4132 2779 4206 ἀσεϐὴς
2811 4141 3074 4216 σήμερον,
3120 4138 3289 4213 μηδὲν
3332 4126 3609 4220 προσθεὶς,
3662 4148 3825 4219 μηδὶ

2154 4220 2389 4297 ἀφελῶν,
2425 4226 2563 4295 μήτε
2593 4224 2822 4301 ῥήματι,
2852 4231 2991 4301 μήτε
3036 4232 3311 4305 πράγματι
3370 4236 3506 4306 (96),
3552 4234 3688 4291 ἀλλ’
3720 4238 3819 4293 ἐπὶ

2146 4312 2256 4400 τῶν
2310 4311 2484 4367 αὐτῶν
2541 4312 2862 4387 ἷστάμενος’
2925 4316 2982 4380 ὅς
3034 4319 3255 4374 ἀναπνεῖ
3305 4322 3398 4376 τὸν
3450 4323 3616 4378 αὐτὸν
3648 4327 3817 4400 ἀέρα,

2147 4398 2234 4484 καὶ
2289 4405 2407 4462 τοῖς
2466 4400 2647 4464 αὐτοῖς
2703 4398 2915 4478 ὄμμασι
2967 4402 3301 4480 προσϐλέπει
3356 4412 3474 4484 (97)
3508 4412 3607 4467 τὸν
3636 4398 3816 4471 αὐτὸν

2138 4483 2299 4577 ἥλιον
2328 4507 2339 4519 ’
2376 4488 2421 4542 εί
2455 4489 2642 4577 βούλει
2685 4489 2765 4561 δὲ,
2797 4494 2870 4556 ὡς
2898 4494 3023 4570 περὶ
3054 4495 3298 4572 ἀριθμῶν
3331 4495 3369 4567 ἤ
3403 4499 3625 4575 μέτρων
3659 4503 3815 4577 ipsa-

381 4594 504 4634 rem
536 4579 782 4646 exhalet,
815 4579 1025 4634 iisdem
1075 4575 1258 4632 oculis
1304 4575 1571 4629 eumdem
1606 4574 1787 4630 solem
1837 4575 2028 4649 inspi-

2175 4576 2337 4645 ηθεὶς,
2388 4577 2487 4633 οὐκ
2537 4576 2679 4635 ἄλλο
2727 4602 2780 4635 τι
2835 4581 2872 4652 ἤ
2919 4586 3111 4641 ταυτὸν
3162 4574 3547 4663 ἀποκρίνεταις
3617 4574 3817 4650 Ἀλλὰ

377 4667 536 4723 ciat?
567 4673 701 4736 Aut,
725 4667 774 4723 si
806 4665 1010 4733 mavis,
1032 4669 1317 4735 tanquam
1349 4663 1420 4718 de
1452 4664 1713 4720 numeris
1735 4668 1836 4720 aut
1866 4682 2025 4722 men-

439 4864 485 4899 “
514 4864 539 4919 Ι
567 4864 737 4921 Joan.
773 4881 847 4933 1v,
882 4864 967 4920 16.
1043 4862 1088 4899 ⁸⁵
1120 4860 1327 4918 Matth.
1359 4877 1499 4932 XXII,
1530 4860 1602 4915 36
1631 4876 1762 4932 sqq.

2129 4663 2220 4717 καὶ
2277 4666 2477 4741 πὸρνος
2534 4689 2618 4723 σοι
2675 4672 2938 4747 σήμερον,
2998 4675 3026 4729 6
3077 4675 3812 4754 χθὶς⁹1ωσὴφ(προόαίνει

435 5049 544 5123 (85)
576 5049 839 5118 Ἀκούων,
869 5050 903 5120 ἢ
934 5070 987 5123 τι
1013 5046 1173 5123 ἄλλο,
1201 5046 1253 5123 _6
1313 5044 1595 5123 βιόςηβ-ἱο
1646 5047 1785 5121 Reg.
1820 5048 1919 5119 hu,
1954 5055 2012 5107 et

360 5115 459 5176 Or.
497 5115 545 5177 1'.
582 5125 639 5177 In
674 5124 790 5186 ed.,
823 5115 1032 5177 ἀκούων
1067 5122 1094 5174 ὁ
1126 5119 1276 5185 Θεὸς,
1304 5118 1340 5186 ἣ
1372 5138 1423 5171 τι
1457 5115 1617 5173 ἄλλο.

428 5193 541 5265 (86)
574 5196 1017 5270 Σιυγχωρήσειεν.
1199 5208 1306 5246 nos
1355 5207 1489 5270 cum
1532 5191 1779 5270 Montac.
1815 5192 1915 5247 0r.
1954 5195 2004 5262 1,

355 5262 757 5339 συγχωρήσειν,
784 5262 983 5338 ’ρι’θνθ.
1015 5265 1158 5339 Alii,
1176 5262 1528 5339 συγχωρήσει
1534 5308 1539 5312 ν
1556 5263 1733 5339 Ἐοιτ.

518 5331 724 5403 )Ὀ“ὕτω
755 5331 919 5395 daest
950 5342 1007 5394 in
1042 5331 1394 5408 quibusdam
1414 5331 1595 5408 _co_dd.

565 5408 892 5482 'Axwﬁpuxta.
926 5402 1077 5480 Reg:
1097 5408 1197 5462 bm
1230 5403 1551 5482 praemittit,
1584 5402 1694 5482 και-ίἶ

441 5474 766 5553 89)--ΓὰρἮν
802 5481 889 5550 ἦν.
919 5474 1040 5537 8ἰᾶ
1062 5493 1171 5533 nos
1218 5474 1351 5530 cum
1400 5474 1496 5529 Or.
1531 5475 1581 5529 1.
1626 5474 1769 5530 Editi
1823 5478 1997 5533 omit-

344 5549 497 5609 tunt.
531 5548 613 5606 ἂν.
642 5548 808 5609 Ἐοιτ.

411 5592 859 5698 ζόόμῖἐτςζῖόἶία
904 5616 1263 5698 πραγμάτων.
1297 5615 1575 5683 Montac.,
1615 5613 1667 5671 ἂν
1720 5616 1995 5694 ἀπολογίᾳ

338 5690 563 5768 πρᾶγμα
598 5696 729 5750 τῶν.

2190 5050 2302 5123 (91)
2331 5051 2584 5124 florifer}.
2619 5052 2753 5124 Reg.
2791 5055 2910 5124 bm,
2943 5053 3172 5112 ΐσταται.

2193 5117 2300 5202 l9?)
2329 5117 2991 5202 ὩμοδάξφιςιλΜρριεδοι
3012 5126 3343 5202 ὀρθρδόξοις-

2328 5191 2638 5274 Exspatiata.
2673 5195 2843 5274 Goisl.
2879 5201 2930 5271 1,
2963 5191 3193 5274 ᾗπὸψία.

2116 5334 2129 5346 .
2185 5264 2299 5349 (94)
2347 5263 2560 5339 Ψήφων
2619 5263 2927 5349 μετάθεσιςί
2973 5263 3103 5349 ῌὶιι¹
3127 5269 3407 5349 intelligit
3452 5272 3789 5349 Gregorius

2103 5335 2636 5424 judiciaéquaayer
2665 5339 2918 5424 calculos
2934 5342 3088 5424 ‘olim
3120 5335 3476 5424 ferebantur.

2474 5400 2765 5483 εὐσέϐειαν,
2797 5411 2891 5468 Or.
2927 5417 2977 5482 1,
3011 5413 3086 5476 εἰς
3120 5416 3219 5483 τὴν
3252 5412 3549 5471 εὐσὲοειαν.

2179 5476 2625 5567 Ῥήματι...
2658 5476 3083 5559 πράγματιίοτ.
3112 5476 3353 5561 ⁷1,’ῥῆμά
3378 5505 3502 5543 τι...

2104 5568 2179 5604 τι.
2206 5549 2357 5622 fles"
2382 5549 2613 5622 γράμμα
2639 5549 2714 5608 τιξ

2176 5619 2680 5702 (σηιιρδσελιπιι.
2722 5625 2813 5683 Sic
2860 5626 3001 5702 Reg.
3048 5629 3151 5699 hu,
3204 5633 3264 5685 st
3309 5632 3401 5685 οτ.
3437 5630 3490 5687 ι.
3524 5630 3588 5686 In
3638 5632 3749 5689 ed.

2100 5675 2422 5769 προὸλέπέι.
2509 5675 2513 5677 ν
2598 5675 2603 5676 ί
2666 5675 2680 5680 ’
2723 5675 2811 5683 ”“
2860 5675 3001 5702 ’⁷”⁰’
3048 5675 3151 5699 ““’
3205 5675 3263 5685 ’⁷
3317 5675 3401 5685 ”’
3438 5675 3490 5687 ”
3524 5675 3588 5686 ⁸·
3639 5675 3777 5702 “’“”
