2047 3106
164 212 242 242 1137

731 212 877 243 ORATIO
898 212 993 243 XXII.
1010 229 1048 235 —-
1064 213 1114 243 DE
1138 212 1236 243 PACE
1257 213 1294 243 ll.

1785 212 1863 244 1138

162 276 214 315 γὰρ
228 277 273 305 καὶ
291 277 374 315 μιχρι
388 277 493 305 τούτων
510 278 528 311 ἡ
545 275 609 314 ἔρις,
627 277 716 316 ὥσπερ
731 288 773 308 τις
788 276 855 316 φλὸξ
871 277 915 305 διὰ
936 289 983 305 κα-

1041 279 1117 307 suris
1129 280 1335 317 interrogatus,
1342 281 1420 309 idem
1432 280 1517 316 plane
1526 279 1718 316 respondeat?
1729 282 1767 308 At
1776 281 1863 308 etiam

165 322 257 357 λάμης
273 321 379 356 θᾶουσα,
395 321 439 348 καὶ
463 321 495 349 τὰ
519 321 613 357 κύκλῳ
642 319 913 359 περιλαμϐάνουσα)·
939 322 985 349 καὶ

162 364 266 396 Ἰούδας
309 366 439 404 σήμερον,
469 365 487 399 ἢ
514 365 642 402 Καϊάφας,
673 366 687 392 ὁ
723 366 787 403 χθὲς
824 365 930 399 Ἠλίας,
967 366 984 400 ἥ

162 410 304 444 Ἰωάννης,
331 409 349 444 ἤ
377 421 419 441 τις
446 408 531 441 ἄλλος
554 412 609 437 τῶν
634 410 702 446 μετά
725 411 842 447 Χριστοῦ
855 409 986 448 τεταγμέ-

162 465 228 488 νων,
243 454 288 481 καὶ
303 454 352 489 τὴν
369 454 452 488 αὐτὴν
470 454 557 489 ζώνην
571 454 776 492 περικειμένων,
800 454 845 481 καὶ
867 454 898 481 τὸ
921 454 986 481 αὐτὸ

163 499 363 536 ἀμπεχομὲνων
395 499 472 538 φαιὸν
501 497 519 533 ἤ
551 497 634 535 μὲλαν
650 496 807 536 τριϐώνιον,
823 498 838 525 δ
853 499 985 535 σεμνότης

165 543 225 581 βίου
247 541 432 580 προϐάλλεται
461 544 527 579 (98),
552 544 619 570 κατά
641 553 671 581 γε
690 543 735 570 τὸν
749 542 814 579 ἐμὸν
830 543 915 579 νόμον
939 543 984 571 καὶ

163 587 246 625 λόγον
272 589 338 624 (99).
364 587 413 615 Καὶ
436 588 467 614 τὸ
489 586 574 615 καλὸν
600 586 680 619 ἄνθος
704 589 757 614 τῶν
782 586 906 624 ὑψηλῶν,
934 588 984 621 τήν

161 631 320 670 ὠχρότητα,
335 630 353 666 ἤ
368 632 399 659 τὸ
413 633 464 666 τῆς
485 635 578 670 φωνῆς
605 630 730 659 εὔτακτον
752 631 797 659 καὶ
822 632 950 670 ἡσύχιον,
965 631 983 667 ἥ

160 676 191 704 τὰ
208 679 255 704 τοῦ
274 675 437 714 βαδίσλατος
453 673 579 714 ἐμϐριθές
594 687 624 703 τε
638 676 682 703 καὶ
699 676 812 714 ἥμερον,
840 677 905 713 χθὶς
936 676 983 713 μὲν

161 721 334 760 φιλοσοφίαν,
351 722 470 758 σήμερον
496 719 524 748 δὲ
540 719 692 756 κενοδοξίαν
714 720 982 760 προσηγορεύσαμεν·

161 766 205 794 καὶ
219 766 269 800 τὴν
286 765 369 799 αὐτὴν
384 765 452 793 κατὰ
465 765 625 801 πνευμάτων
642 764 660 799 ἤ
677 764 762 792 νόσων
778 764 904 801 δύναμιν,
918 766 984 792 ποτὶ

162 810 210 846 μὲν
226 811 265 846 τῷ
282 810 383 845 Ἰησοῦ,
400 809 466 837 ποτὶ
481 807 510 836 δὲ
524 811 564 845 τῷ
579 806 748 844 Βεελζεὸοὺλ
764 810 982 847 προσεθήκαμεν,

158 855 203 882 καὶ
219 854 353 892 χρώμεθα
367 855 405 891 (1)
421 853 524 881 τούτων
536 853 567 881 ού
584 852 674 889 δικαίᾳ
688 854 803 890 στάθμῃ,
818 855 852 890 τῇ
864 852 983 892 φιλονει-

159 899 205 935 κίᾳ
220 899 264 926 καὶ
277 899 317 935 τῷ
332 899 421 935 θυμῷ.

1040 323 1127 352 hodie
1141 324 1317 353 libidinosus
1327 328 1355 353 et
1370 329 1514 353 scortator
1527 325 1581 352 tibi
1596 328 1650 359 est,
1662 325 1712 360 qui
1728 324 1864 352 hesterno

1041 368 1088 395 die
1104 369 1211 405 Joseph
1228 373 1290 397 erat
1300 370 1369 405 (huc
1384 370 1462 397 enim
1479 377 1573 404 usque
1588 369 1735 397 contentio
1746 377 1864 404 progre-

1041 413 1131 446 ditur,
1142 414 1226 449 quasi
1240 414 1359 442 ﬂamma
1369 415 1503 450 quaedam
1517 422 1568 449 per
1579 413 1719 449 stipulam
1731 421 1865 447 currens,

1042 465 1075 484 ao
1090 457 1215 485 finitima
1239 458 1516 493 comprehendens);
1541 461 1569 485 et
1591 458 1683 485 Judas
1707 458 1804 489 hodie,
1821 458 1863 485 vel

1040 501 1177 537 Caiphae,
1194 502 1243 537 qui
1274 503 1336 530 heri
1366 502 1453 537 Elias,
1473 506 1524 530 aut
1547 502 1686 536 Joannes,
1710 505 1761 529 aut
1788 502 1864 529 alius

1041 545 1187 581 quispiam
1202 555 1236 573 ex
1251 547 1309 580 his,
1321 547 1372 582 qui
1387 547 1423 574 ad
1440 547 1545 574 Christi
1563 549 1661 582 partes
1675 555 1706 574 se
1721 547 1864 581 adjunxe-

1041 593 1119 623 runt,
1136 592 1280 618 eteadem
1303 600 1376 618 zona
1400 591 1521 618 accincti
1547 593 1627 622 sunt,
1639 593 1727 626 atque
1751 590 1864 623 eodem,

1039 633 1084 661 vel
1101 635 1193 667 tusco,
1205 634 1248 662 vel
1264 637 1328 662 atro
1344 635 1432 670 pallio
1446 634 1581 669 contecti,
1593 635 1678 669 quale
1689 634 1748 662 vita
1762 637 1865 662 sancta

1039 681 1068 706 et
1091 679 1200 714 gravis,
1218 687 1283 707 mea
1308 679 1426 714 quidem
1438 678 1500 715 lege
1520 687 1552 705 ac
1568 678 1721 711 sententia,
1738 681 1864 713 praeten-

1039 723 1093 750 dit.
1110 723 1185 756 Quin
1201 724 1289 751 etiam
1307 724 1462 759 pulchrum
1487 723 1571 750 illum
1597 722 1769 750 sublimium
1785 723 1863 749 viro-

1039 775 1104 794 rum
1122 767 1231 802 ﬂorem,
1250 768 1301 795 hoc
1323 772 1378 802 est,
1395 768 1546 804 pallorem,
1560 770 1612 795 aut
1626 766 1819 802 compositam
1834 770 1864 794 et

1039 812 1167 847 quietam
1190 812 1329 848 loquendi
1351 812 1504 844 rationem,
1521 815 1573 840 aut
1586 812 1720 839 incessus
1735 811 1863 847 gravita-

1038 858 1096 883 tem
1112 864 1179 883 cum
1201 857 1426 884 mansuetudine
1442 857 1638 890 conjunctam,
1654 855 1715 883 heri
1731 855 1863 891 philoso—

1039 899 1149 935 phiam,
1166 899 1252 928 hodie
1269 900 1364 928 inanis
1384 900 1482 936 glorise
1504 899 1636 928 studium
1661 899 1862 936 appellamus;

158 947 246 980 atque
260 944 393 972 eamdem
410 944 550 972 adversus
566 943 660 972 malos
675 943 797 979 spiritus
819 945 872 971 aut
894 944 1011 971 morbos
1026 945 1196 980 potentiam,
1213 953 1290 972 nunc
1309 945 1389 978 Jesu,
1406 953 1483 972 nunc
1498 943 1648 973 Beelzebul
1674 944 1862 979 asuribimus,

156 991 185 1017 et
199 989 301 1024 iniqua
316 997 415 1016 rerum
430 988 659 1024 harumregula,
674 988 729 1016 hoc
743 990 797 1022 est,
812 989 999 1017 contentione
1013 991 1101 1024 atque
1116 989 1278 1024 iracundia,
1295 990 1416 1017 utimur.

197 1033 228 1067 ζ’.
247 1032 297 1061 Καὶ
314 1031 405 1070 ὥσπερ
419 1033 436 1066 ἡ
467 1031 535 1067 αύτή
565 1035 601 1069 γῆ
625 1030 722 1067 ἕστηκε
747 1032 794 1068 μὶν
817 1034 875 1062 τοῖς
900 1031 984 1070 ἰρῥωο

1075 1035 1122 1061 Vl.
1140 1034 1175 1062 Et
1189 1034 1440 1069 quemadmodum
1465 1034 1567 1062 eadem
1591 1036 1668 1062 terra
1691 1033 1771 1061 sanis
1795 1034 1861 1068 qui-

162 1077 263 1114 μὲνοις,
277 1076 322 1104 καὶ
355 1076 386 1104 οὗ
410 1076 567 1111 πεπονθόσι,
590 1079 701 1104 κινεῖται
726 1075 754 1104 δὲ
768 1079 827 1107 τοῖς
843 1075 982 1114 ἴλιγγιῶσι

159 1121 205 1149 καὶ
233 1121 485 1159 περιτρεπομὲνοις,
513 1123 562 1148 τοῦ
583 1123 636 1148 τῶν
668 1120 786 1159 ὀρόντων
811 1120 912 1152 πάθους
939 1121 983 1148 ἐπὶ

159 1166 191 1194 τὸ
206 1166 347 1204 ὁρώμενον
365 1163 573 1202 μταϐαἰνοντος
586 1175 591 1182 ·
614 1165 637 1192 εἰ
655 1165 748 1203 βούλει
773 1164 811 1201 δὲ,
838 1165 928 1202 ὥσπερ
951 1166 983 1193 τὸ

159 1210 224 1237 αὐτὸ
238 1212 292 1237 τῶν
309 1209 407 1237 κιόνων
423 1208 570 1246 διάστημα,
586 1209 681 1237 πλεῖον
700 1210 746 1246 μὶν
767 1212 824 1240 τοῖς
848 1209 983 1248 ἐγγυτέρω

158 1254 203 1281 καὶ
218 1252 391 1292 προσεχέσιν,
405 1253 516 1281 ἔλαττον
534 1253 561 1281 δὲ
579 1256 637 1285 τοῖς
661 1253 828 1292 ποῤῥωτέρω
858 1255 897 1290 (2)
924 1254 984 1293 φαί-

158 1308 242 1334 νεται,
272 1297 457 1335 κλιπτομὲνου
485 1297 532 1325 τοῦ
561 1297 639 1336 ἀὲρος
667 1300 706 1334 τῷ
735 1297 909 1334 διαστήματι,
938 1298 982 1325 καὶ

160 1342 349 1378 συναπτούσης
377 1346 428 1377 τῆς
458 1341 547 1379 ὅψεως
575 1343 608 1370 τὰ
635 1342 798 1380 παχύτερα·
840 1342 912 1371 οὕτω
939 1343 983 1370 καὶ

159 1387 240 1423 ἡμεῖς
271 1385 372 1425 ῥᾳδίως
401 1386 593 1424 ἐξαπατώμεθα
618 1389 657 1423 (3)
687 1385 731 1414 διὰ
749 1388 798 1421 τὴν
812 1385 923 1425 ἔχθραν,
939 1388 984 1414 καὶ

161 1431 224 1468 περὶ
238 1434 293 1459 τῶν
323 1431 410 1459 αύτῶν
440 1431 470 1459 ού
498 1431 532 1459 τὰ
554 1431 621 1459 αὐτὰ
644 1432 693 1468 (4),
707 1430 783 1470 φίλοι
808 1442 838 1459 τε
851 1429 924 1462 ὅντες
939 1432 984 1459 καὶ

164 1476 213 1512 μὴ,
229 1485 418 1514 γινώσκομεν·
447 1475 493 1503 καὶ
517 1478 671 1513 χειροτονεῖ
695 1474 796 1514 ῥᾳδίως
819 1477 887 1512 ἡμῖν
912 1476 985 1504 πολ-

163 1519 228 1551 λοὺς
248 1520 294 1556 μὶν
312 1520 416 1557 ἁγίους,
433 1519 557 1551 πολλοὺς
573 1518 703 1552 δ’ἀθέους
724 1520 798 1558 παρὰ
820 1520 851 1548 τὸ
876 1520 948 1552 εἰκὸς
971 1521 985 1548 δ

161 1564 255 1601 καιρὸς
277 1566 326 1601 (5),
344 1564 449 1601 μᾶλλον
465 1564 494 1592 δὲ
508 1565 609 1595 πάντας
631 1564 757 1596 ἀθλίους·
784 1564 815 1593 οὐ
841 1565 922 1601 μόνον
946 1568 986 1601 τῷ

161 1609 230 1645 πρὸς
257 1608 377 1644 πονηρὸν
402 1607 575 1646 παράδειγμα
595 1609 634 1645 (6)
659 1607 769 1646 βλίπειν
790 1610 863 1645 ἡμᾶς
878 1608 984 1646 (ἐπειδή

161 1652 310 1691 πρόχειρον
334 1654 373 1689 (7)
393 1654 410 1688 ἡ
439 1653 520 1681 κακία
533 1653 578 1680 καὶ
601 1651 668 1691 δίχα
689 1655 738 1681 τοῦ
756 1651 907 1690 ἕλκοντος),
922 1653 985 1681 ἀλλ’

162 1697 205 1725 δτι
232 1696 276 1725 καὶ
296 1700 361 1724 πᾶσι
385 1697 472 1725 πάντα
494 1696 693 1735 συγχωρούμεν
713 1697 829 1733 ἑτοίμως
844 1697 909 1735 ὑπὲρ
925 1698 984 1729 ἑνὸς

160 1743 211 1769 τοῦ
238 1741 435 1778 σύμ-μαίνεσθαι
457 1742 504 1778 (8).
533 1741 581 1769 Καὶ
602 1741 733 1780 πρότερον
757 1741 804 1778 μὲν
831 1740 893 1769 οὐδὲ
909 1741 985 1780 ῥῆμα

160 1788 214 1813 τῶν
243 1788 377 1823 περιττῶν
401 1796 426 1814 τι
452 1787 612 1825 φθέγγεσθαι
640 1788 693 1813 τῶν
710 1785 857 1814 ἀκινδύνων
870 1787 911 1821 ἣν,
939 1789 983 1814 νῦν

162 1829 191 1858 δὲ
206 1829 407 1867 λοιδορούμεθα
418 1831 463 1858 καὶ
477 1833 537 1861 τοῖς
561 1827 759 1861 εὐσεϐεστάτοις
771 1840 778 1847 ·
794 1830 839 1858 καὶ
854 1831 921 1858 ποτὲ
937 1832 983 1866 μὲν

162 1874 218 1903 οὐδ’
234 1875 427 1912 ἀναγινώσκειν
442 1873 492 1910 ἔξω
507 1875 589 1911 νόμον
611 1877 649 1911 (9)
671 1874 743 1910 ίξῆν,
760 1873 820 1902 ούδῖ
834 1874 986 1912 ὁμολογίας

163 1919 349 1948 ίπικαλεῖσθαι
377 1920 419 1956 (τὸ
446 1918 475 1947 δέ
499 1919 580 1953 ἰστιν,
606 1919 645 1951 ὡς
670 1918 732 1956 ἐμοὶ
758 1918 842 1953 δοκεῖ,
867 1920 916 1953 τήν
937 1921 985 1946 τοῦ

163 1963 231 1992 λαοῦ
247 1964 450 2002 συγκατάθεσιν)
465 1974 471 1981 ·
487 1966 532 1992 νῦν
550 1963 578 1991 δὲ
593 1964 638 1991 καὶ
663 1966 716 1991 τῶν
740 1963 902 2001 ἀποῤῥήτων
925 1966 984 1995 τοῖς

164 2006 296 2046 βεϐήλοις
324 2009 456 2047 χρώμεθα
484 2007 648 2043 διαιτηταῖς,
677 2008 834 2046 ῥιπτοῦντες
863 2009 896 2035 τὰ
919 2008 985 2045 am

161 2056 219 2084 τοῖς
259 2053 331 2087 κυσὶ,
368 2052 413 2081 καὶ
454 2053 582 2091 βάλοντες
621 2052 685 2084 τοὺς
728 2052 892 2091 μαργάρίτας
934 2051 983 2089 ἔμ-

162 2098 276 2135 προσθεν
301 2100 354 2125 τῶν
384 2097 498 2135 χοίρων.
526 2098 565 2127 Οὐ
589 2097 670 2134 μόνον
702 2096 740 2133 δὲ,
771 2096 843 2124 ἀλλὰ
865 2097 910 2124 καὶ
936 2097 984 2129 τὰς

161 2143 243 2173 ἀκοὰς
272 2142 359 2170 αὐτῶν
382 2142 512 2179 ἰπιῶμεν
541 2145 601 2173 ταῖς
629 2142 687 2170 κατ’
715 2141 848 2178 ἀλλήλων
871 2140 983 2181 ὕϐρεσι·

162 2187 208 2215 καὶ
225 2185 281 2215 οὐδ’
297 2187 383 2215 ἰκεῖνο
411 2186 546 2223 δυνάμεθα
573 2189 697 2225 συνορᾷν,
722 2187 764 2214 ὃτι
789 2187 839 2214 οὐκ
866 2187 984 2227 ἀσφαλὲς

161 2230 247 2259 ὃπλον
274 2231 365 2270 ἐχθρῷ
393 2230 539 2266 πιστεύειν,
570 2230 632 2259 οὐδέ
662 2233 784 2268 μισοῦντι
811 2231 985 2269 Χριστιανοὺς

160 2277 227 2304 κατὰ
250 2278 412 2313 Χριστιανοῦ
443 2275 533 2314 λόγον.
561 2277 594 2303 ’Ό
620 2276 671 2313 γὰρ
701 2276 820 2312 σήμερον
848 2274 987 2303 ὠνειὸίσα-

163 2331 211 2357 μιν
240 2320 333 2358 αὔριον
363 2319 578 2356 ὠνειδίσθημεν·
607 2320 652 2347 καὶ
682 2320 765 2348 σαίνει
789 2320 821 2347 τὸ
837 2320 985 2358 λεγόμενον

162 2365 176 2392 ὁ
192 2364 303 2403 ἐχθρὸς,
329 2364 378 2393 οὐκ
406 2364 449 2392 ὅτι
473 2364 585 2398 ἐπαινεῖ,
609 2363 673 2392 ἀλλ’
697 2363 737 2392 δτι
754 2364 909 2401 θησαυρίζει
936 2375 984 2392 πι-

1037 1078 1103 1106 dem
1120 1087 1153 1106 ac
1167 1078 1290 1106 minime
1304 1078 1382 1106 ltesis
1397 1079 1453 1106 ﬁxa
1467 1081 1496 1106 et
1509 1078 1623 1106 stabilis
1639 1080 1692 1111 est,
1710 1078 1748 1106 iis
1763 1081 1861 1106 autem

1038 1123 1088 1158 qui
1104 1123 1346 1159 circumaguntur
1360 1131 1393 1150 ao
1404 1123 1544 1159 vertigine
1561 1123 1704 1156 laborant,
1716 1126 1858 1156 movetur,

1038 1167 1178 1195 nimirum
1190 1167 1394 1203 aspicientium
1406 1167 1473 1195 vitio
1483 1168 1518 1194 ad
1533 1175 1593 1195 rem
1606 1170 1753 1203 aspectum
1767 1170 1861 1195 trans-

1038 1217 1124 1239 eunte
1140 1219 1146 1238 :
1163 1214 1213 1239 aut
1228 1212 1252 1239 si
1269 1212 1372 1245 mavis,
1388 1212 1638 1247 quemadmodum
1654 1212 1732 1239 idem
1747 1212 1860 1239 colum-

1039 1264 1143 1283 narum
1169 1256 1353 1284 intervallum
1378 1256 1435 1290 his,
1458 1256 1508 1291 qui
1533 1256 1664 1292 propius,
1691 1257 1798 1292 majus,
1824 1257 1861 1285 iis

1039 1304 1136 1328 autem
1157 1301 1206 1336 qui
1232 1300 1348 1336 longius
1379 1301 1483 1328 remoti
1512 1303 1592 1334 sunt,
1610 1301 1708 1329 minus
1736 1301 1860 1336 videtur,

1039 1353 1104 1373 aere
1120 1353 1224 1380 nempe
1240 1345 1275 1372 ob
1292 1345 1481 1373 interstitium
1494 1345 1572 1373 velut
1586 1348 1730 1381 surrepto,
1743 1354 1776 1373 ac
1786 1345 1862 1376 visu,

1039 1397 1083 1422 ea,
1101 1398 1163 1425 quae
1179 1389 1323 1417 crassiora
1346 1393 1425 1423 sunt,
1441 1392 1647 1422 connectente;
1665 1390 1700 1417 ad
1726 1391 1863 1417 eumdem

1040 1442 1093 1461 nos
1110 1442 1227 1469 quoque
1251 1435 1372 1461 modum
1397 1434 1433 1461 ob
1458 1434 1639 1461 inimicitiam
1657 1434 1740 1462 facile
1755 1435 1865 1470 decipi-

1040 1487 1116 1513 mur,
1131 1487 1183 1506 nec
1199 1479 1234 1505 de
1250 1479 1354 1506 iisdem
1371 1479 1458 1506 rebus
1473 1479 1583 1511 eadem,
1595 1479 1672 1506 418
1688 1482 1822 1507 amantes
1837 1482 1866 1507 et

1041 1531 1099 1550 non
1116 1526 1259 1555 amantes,
1273 1523 1443 1557 judicamus
1459 1531 1464 1550 :
1482 1531 1515 1550 ac
1530 1525 1659 1559 tempus,
1672 1526 1776 1558 przeter
1787 1524 1864 1559 quod

1042 1575 1093 1602 par
1116 1570 1169 1599 est,
1188 1567 1296 1594 multos
1320 1570 1448 1599 sanctos,
1465 1570 1494 1595 et
1516 1567 1626 1595 multos
1653 1568 1754 1595 atheos
1779 1568 1864 1595 nobis

1041 1611 1122 1638 facile
1137 1611 1282 1647 designat,
1292 1611 1333 1639 vel
1351 1611 1447 1646 potius
1463 1619 1565 1639 omnes
1580 1612 1720 1644 miseros;
1737 1620 1793 1639 non
1809 1611 1864 1639 hoc

1040 1657 1153 1683 tantum
1171 1656 1299 1688 nomine,
1310 1656 1388 1691 quod
1406 1664 1458 1683 nos
1473 1656 1625 1688 intuendo,
1637 1655 1748 1683 malum
1764 1663 1863 1683 exem-

1041 1700 1104 1735 plar
1120 1700 1269 1727 intuentur
1284 1700 1533 1735 (quandoquidem
1558 1700 1587 1727 in
1614 1700 1732 1735 proclivi
1752 1703 1797 1728 est
1822 1701 1861 1727 vi-

1040 1744 1126 1776 tium,
1139 1745 1229 1772 etiam
1250 1744 1331 1771 nullo
1351 1745 1504 1778 trahente),
1517 1745 1566 1772 sed
1582 1745 1669 1772 etiam
1686 1745 1754 1779 quia
1769 1744 1865 1772 liben-

1040 1792 1083 1816 ter
1097 1789 1235 1816 omnibus
1250 1789 1349 1817 omnia
1362 1789 1560 1819 concedimus.
1578 1789 1632 1816 hac
1647 1788 1709 1824 lege
1724 1792 1752 1816 ct
1767 1789 1863 1816 condi-

1041 1833 1130 1867 tione,
1142 1837 1174 1860 ut
1189 1833 1343 1861 uobiscum
1360 1834 1517 1861 insaniant.
1532 1837 1571 1860 Ao
1587 1834 1668 1869 prius
1679 1833 1796 1868 quidem
1812 1842 1864 1860 nec

1040 1886 1289 1913 supervacaneum
1302 1877 1418 1912 aliquod
1431 1877 1548 1904 verbum
1561 1876 1693 1912 proloqui
1703 1877 1725 1894 ⁸⁸
1738 1877 1864 1912 periculo

1040 1922 1167 1953 carebat,
1178 1930 1256 1948 nunc
1271 1925 1367 1949 autem
1381 1921 1468 1948 etiam
1481 1929 1598 1948 summa
1612 1922 1716 1955 pietate
1729 1921 1864 1956 praeditos

1040 1965 1177 1993 conviciis
1190 1966 1423 2000 proscindimus;
1437 1966 1580 1997 imo,cum
1593 1973 1628 1992 ne
1639 1966 1731 2000 legem
1744 1965 1863 2000 quidem

1040 2010 1112 2037 l'oris
1137 2009 1232 2045 legere
1247 2009 1386 2044 cuiquam
1412 2010 1454 2036 las
1476 2012 1563 2042 esset,
1582 2017 1633 2036 nec
1654 2009 1862 2041 confessiones,

1039 2054 1093 2081 hoc
1110 2058 1164 2088 est,
1182 2057 1213 2081 ut
1238 2054 1310 2081 mihi
1334 2053 1458 2086 videtur,
1477 2053 1574 2088 populi
1600 2061 1751 2080 assensum
1776 2061 1863 2088 expo-

1040 2106 1217 2131 scere,nunc
1230 2101 1330 2125 contra
1346 2106 1452 2125 arcana
1463 2105 1579 2133 quoque
1594 2097 1658 2133 ipsa
1674 2098 1862 2132 profanorum

1039 2143 1193 2170 hominum
1222 2143 1342 2170 arbitrio
1368 2142 1576 2177 permittimus,
1592 2141 1707 2169 canibus
1730 2141 1863 2169 videlicet

1038 2192 1134 2216 sancta
1155 2187 1340 2222 proﬁcientes,
1355 2195 1387 2214 uc
1411 2187 1578 2221 margaritas
1592 2192 1656 2214 ante
1680 2194 1772 2221 porcos
1797 2187 1862 2213 mit-

1040 2232 1163 2260 tentes".
1174 2232 1273 2267 Neque
1285 2231 1312 2258 id
1322 2231 1532 2263 solum,verum
1542 2231 1629 2258 etiam
1640 2231 1767 2266 ipsoram
1777 2239 1863 2258 aures

1040 2276 1152 2304 mutuis
1167 2277 1195 2303 in
1212 2284 1264 2303 nos
1280 2276 1360 2310 ipsos
1385 2276 1499 2311 probris
1514 2278 1542 2302 et
1557 2275 1743 2302 contumeliis
1769 2275 1863 2310 pasci-

1040 2330 1106 2349 mus
1119 2330 1125 2348 :
1138 2330 1170 2348 ac
1187 2329 1222 2348 ne
1237 2320 1308 2347 illud
1323 2320 1442 2356 quidem
1455 2320 1618 2354 perspicere
1630 2328 1796 2354 possumus,
1809 2319 1863 2346 mi-

1039 2366 1118 2393 nime
1133 2368 1229 2392 tutum
1255 2372 1319 2392 esse
1343 2372 1424 2391 arma
1448 2363 1524 2391 hosti
1549 2364 1742 2396 committere,
1760 2371 1813 2391 nec
1827 2364 1863 2396 ei,

160 2411 245 2447 κρῶς,
267 2408 304 2437 ἵν’
332 2408 357 2437 ἰν
382 2411 470 2447 καιρῷ
492 2409 539 2436 τὸν
564 2408 604 2436 ἱὸν
628 2408 711 2446 ἆμὲσῃ
732 2409 800 2437 κατὰ
811 2410 861 2437 τοῦ
875 2408 983 2437 πιστεύ-

1040 2409 1089 2445 qui
1104 2409 1285 2437 Christianos
1301 2408 1370 2442 odit,
1384 2416 1549 2436 sermonem
1567 2408 1708 2436 adversus
1721 2408 1865 2436 Christia-

161 2463 268 2485 σαντος.

194 2544 217 2563 ³⁵
231 2543 333 2573 Matth.
349 2552 401 2580 xu,
416 2544 461 2572 36.
499 2544 521 2562 ⁸⁷
536 2543 638 2573 Matth.
654 2552 706 2579 vn,
720 2545 748 2572 6.

196 2635 251 2670 (98)
269 2631 467 2671 Προξάλλεται,
484 2634 619 2666 Montac.,
629 2631 841 2671 περιϐάλλεται.

196 2672 252 2706 (99)
268 2669 316 2697 καὶ
334 2669 427 2707 λόγον,
447 2671 514 2706 Reg.
533 2671 591 2703 bm,
609 2669 746 2705 Montac.,
795 2669 887 2707 λόγον.

208 2707 232 2741 1)
248 2707 393 2741 Χρώμεθα.
416 2706 484 2740 Reg.
501 2707 560 2740 bu),
579 2706 745 2742 χρωμάτων.

207 2743 235 2777 2)
251 2741 434 2779 Πόρῤωτὲρω,
448 2742 515 2777 Reg.
534 2740 627 2772 Ηυξ-ἐι
707 2740 853 2779 1,.πύρρω.

208 2767 233 2810 Ξιὶ
249 2767 629 2813 -i;:5;;..gs,.cngfﬁeg113.5;
646 2767 822 2813 ῑέάπςάμειέι,

208 2780 232 2810 3)
249 2780 466 2813 Ἐξαπατώμῖηα.
486 2780 551 2812 Reg.
571 2780 629 2808 bin,
648 2780 822 2813 ἐξαπτόμεθα.

197 2780 235 2855 (4)
253 2815 289 2855 Tit
318 2813 392 2840 αὐτά.
420 2813 505 2855 (ξοίει.
533 2815 544 2840 1
573 2814 665 2855 addit,
690 2812 878 2855 διανοούμεθα,
904 2813 983 2855 Idem

161 2849 247 2887 Qeisl.
266 2851 290 2885 1,
307 2859 358 2887 pro
374 2849 650 2887 γινώσκομενηίιυυᾲ
670 2857 758 2887 prope
773 2849 917 2887 sequitur,
931 2849 983 2878 ha-

160 2884 220 2921 bet,
236 2884 441 2923 γινωσκόμενοι.
461 2885 507 2914 Sic
531 2884 620 2914 etiam
642 2884 941 2922 le'git‘combeﬁsius,
955 2887 984 2915 et

1039 2462 1120 2482 num.
1133 2454 1206 2482 Nam
1223 2453 1300 2489 quod
1317 2453 1402 2481 hodie
1418 2454 1523 2489 probro
1537 2453 1709 2488 objecimus.
1722 2453 1799 2481 idem
1815 2461 1865 2481 no-

1039 2635 1173 2663 vertitzu
1190 2642 1223 2662 ao
1246 2634 1281 2662 de
1304 2633 1408 2661 iisdem
1434 2642 1491 2661 non
1515 2634 1616 2661 eadem
1643 2634 1797 2666 sentimus,
1813 2633 1861 2668 qui

1039 2671 1164 2700 amicine
1180 2671 1284 2703 simus,
1301 2678 1338 2697 an
1353 2669 1464 2697 inimici
1480 2671 1650 2705 prodamus.
1662 2681 1677 2695 »

1076 2708 1112 2741 (5)
1128 2707 1156 2733 Ὁ
1173 2704 1276 2742 καίρός-
1296 2717 1308 2730 α
1324 2706 1464 2742 Tempus,
1477 2704 1490 2742 ἡ
1506 2705 1605 2742 itte-sl,
1617 2718 1630 2730 ‹‹
1647 2704 1770 2732 occasio.
1785 2715 1799 2728 »

1085 2739 1111 2778 6)
1130 2739 1320 2779 Παροίόἐιγριαἒ
1334 2739 1419 2768 Coisl.
1438 2739 1464 2774 1,
1480 2739 1642 2779 ῥπόόειγμπ.

1084 2779 1111 2812 7)
1129 2776 1294 2815 ῐιρόχειρδνε
1309 2777 1417 2815 δερμα»
1434 2776 1595 2815 πρόχειροςὶ
1654 2810 1659 2815 .
1701 2810 1716 2815 .,
1747 2809 1807 2815 η...

1131 2809 1410 2851 Σῖοιυίμαίνιεσθαιξδὶο
1434 2809 1520 2851 Goisl:
1536 2809 1562 2839 '1.
1587 2813 1629 2839 lta
1653 2809 1858 2851 legitﬂBillins.

1037 2846 1143 2883 Iu‘edq
1159 2846 1361 2885 σύξιῧαῖνεσοαιι,
1375 2860 1387 2873 ‹‹
1406 2850 1437 2885 ut
1452 2848 1603 2876 nobiscum
1618 2846 1813 2874 consentiant.
1828 2857 1841 2869 n

1073 2886 1110 2923 (9)
1126 2883 1228 2922 Νόμον.
1245 2884 1332 2914 Coisl.
1351 2885 1375 2919 1,
1391 2883 1493 2919 νόμων.
