4094 6212
368 335 520 401 1139

1613 336 1678 397 S.
1727 334 2099 397 GREGORII
2145 332 2538 396 THEOLOGI

3627 335 3790 398 1140

364 472 455 528 bis
485 475 715 544 postero
746 471 839 526 die
871 469 1204 542 objicietur;
1239 473 1413 542 atque
1443 471 1513 526 ad
1545 469 1627 536 id,
1661 470 1818 542 quod
1854 469 2088 540 dicitur,
2121 469 2308 524 hostis
2359 468 2596 536 arridet,
2630 484 2743 524 non
2796 469 2949 541 quod
2983 469 3206 542 probet,
3241 469 3342 524 sed
3374 469 3529 542 quod
3584 484 3794 524 amaro

365 564 560 615 animo
593 560 890 625 recondat,
927 563 988 614 ut
1017 561 1358 628 tempestive
1391 561 1670 616 adversus
1699 576 1831 614 eum
1863 558 2085 630 ipsum,
2114 558 2214 630 qui
2248 557 2627 622 concredidit,
2659 557 2819 614 virus
2850 561 3099 614 evomat.
3181 598 3184 600 η

439 650 556 703 VII.
591 649 735 714 Quid
769 649 890 702 hec
923 649 1372 713 committimus,
1409 650 1641 713 fratres,
1673 653 1730 702 et
1761 647 2018 717 quandiu

2205 647 2272 702 Z'.
2305 645 2365 701 Τί
2395 651 2562 700 ταῦτα
2592 645 2879 719 πάσγομεν
2919 647 2965 699 ὦ
3011 644 3181 716 οῦτοι,
3231 645 3319 700 καὶ
3373 667 3540 722 μεχρι
3595 645 3791 712 τίνος;

367 738 846 792 committamus?
873 738 1113 802 Quando
1137 739 1207 792 ab
1233 738 1342 793 hac
1364 737 1604 810 crapula
1627 752 2019 808 emergamus,

368 831 467 881 aut
497 827 644 880 hanc
695 825 998 880 oculorum
1054 827 1264 881 lernam
1299 827 1697 892 detrahemus,
1728 831 1904 896 atque
1949 825 2022 878 ad

366 915 629 969 veritatis
681 915 865 969 lucem
901 915 1335 986 suspiciamus?
1365 916 1502 978 Quae
1530 915 1649 970 haec
1680 914 1865 985 caligo
1898 917 2026 968 est?

369 1002 510 1066 Quis
538 1002 630 1056 hic
663 1007 987 1057 nocturnus
1009 1002 1354 1057 conﬂictus?
1378 1004 1511 1067 Quae
1535 1003 1654 1057 haec
1677 1007 2024 1073 tempestas,

371 1091 593 1144 amicos
625 1091 695 1145 ab
742 1091 1011 1146 hostibus
1045 1109 1159 1145 non
1195 1092 1642 1147 internoscens?
1671 1096 1784 1145 Cur
1830 1091 2030 1146 vicinis

371 1181 579 1234 nostris
598 1182 949 1250 approhrium
973 1183 1112 1250 farti
1130 1197 1337 1242 sumus,
1356 1183 1713 1235 subsannatia
1744 1184 1797 1234 et
1825 1180 2029 1234 derisio

376 1269 480 1335 his,
505 1270 600 1338 qui
620 1271 681 1322 in
702 1271 940 1323 circuitu
971 1279 1156 1323 nostro
1183 1274 1310 1323 sunt
1331 1270 1416 1324 83?
1447 1271 1750 1337 Quodnam
1776 1271 1880 1323 hoc
1908 1273 2028 1323 tam

376 1357 653 1410 obnixum
681 1357 812 1411 mali
840 1359 1145 1412 studium?
1167 1357 1311 1421 Quid
1343 1364 1462 1412 tam
1487 1358 1808 1413 immortali
1835 1357 2032 1412 labore

377 1445 735 1514 fatigamur?
761 1447 899 1516 quid
924 1452 1117 1500 autem
1144 1447 1272 1501 dico
1299 1446 1653 1517 fatigamur?
1675 1447 1792 1500 imo
1813 1463 1878 1501 ex
1904 1446 2032 1516 ipso

378 1533 552 1599 malo,
573 1537 637 1587 ut
667 1534 872 1588 furiosi
907 1535 1116 1599 solent,
1143 1536 1324 1590 robur
1353 1539 1878 1606 oomparamus,et,
1901 1549 2032 1588 cum

377 1623 768 1690 absumimur,
792 1624 1155 1694 gaudemus:
1187 1641 1290 1678 nec
1324 1640 1571 1696 usquam
1602 1629 1692 1679 est
1723 1625 1888 1688 ratio,
1927 1638 2029 1676 nec

379 1710 626 1776 amicus,
660 1727 764 1766 nec
796 1713 1025 1779 socius;
1061 1730 1165 1768 nec
1207 1714 1473 1768 medicus
1506 1714 1604 1784 qui
1643 1715 1916 1768 morbum
1949 1727 2037 1786 vel

384 1800 829 1856 medicamentis
852 1801 1144 1872 pellat,vel
1168 1807 1461 1874 amputet;
1485 1818 1588 1856 nec
1611 1801 1924 1872 opitulator
1942 1817 2042 1856 an-

385 1888 568 1960 gelus,
589 1904 695 1944 nec
713 1890 896 1958 Deus;
917 1907 1114 1946 verum
1141 1898 1349 1962 praater
1365 1891 1498 1954 alia,
1515 1891 1614 1945 Dei
1636 1907 1865 1961 quoque
1885 1889 2040 1945 beni-

2132 733 2270 789 Πότε
2302 732 2357 789 δὲ
2387 741 2486 804 τῆς
2521 733 2686 807 μέθης
2719 734 3021 807 ἐκνήψομεν
3056 738 3190 807 (10),
3233 732 3269 803 ἤ
3318 739 3426 789 τῶν
3478 734 3790 812 ὀφθαλμῶν

2132 825 2228 891 τὴν
2264 823 2452 897 λήμην
2484 825 2932 899 περιαιρήσομεν,
2965 824 3055 877 καὶ
3085 825 3219 898 πρὸς
3257 823 3320 877 τὸ
3374 830 3472 890 τῆς
3519 821 3792 892 ἀληθείας

2135 917 2248 991 φῶς
2280 908 2692 985 ἀναϐλέψομεν;
2756 911 2893 966 Ποία
2946 911 3276 984 σκοτόμαινα
3312 916 3514 980 ταῦτα;
3571 912 3659 972 τίς
3692 934 3794 965 νυ-

2133 1002 2452 1078 κτομαχία;
2507 1001 2589 1063 τίς
2641 998 2801 1072 ζάλη,
2854 999 3028 1078 φίλων
3076 1001 3166 1055 καὶ
3213 1000 3495 1074 πολεμίων
3553 996 3682 1074 ὄψιν
3734 1000 3798 1054 οὗ

2138 1074 2512 1164 διακρίνουσα;
2573 1088 2722 1144 Διατί
2780 1074 3080 1164 γεγόναμεν
3132 1084 3338 1150 ὄνειδος
3414 1095 3531 1151 τοῖς
3605 1090 3800 1163 γείτοο

2139 1201 2219 1232 σιν
2276 1181 2460 1250 ἡμῶν,
2536 1179 2912 1251 μυκτηρισμὸς
2969 1176 3056 1232 καὶ
3116 1176 3431 1252 χλευασμὸς
3499 1183 3615 1239 τοῖς
3696 1179 3801 1231 κὺ-

2138 1266 2259 1339 κλῳ
2288 1269 2447 1339 ἡμῶν
2477 1286 2489 1332 ;
2519 1267 2608 1328 Τίς
2709 1265 2998 1344 φιλοτιμία
3024 1271 3120 1320 τοῦ
3149 1271 3318 1321 κακοῦ
3344 1285 3356 1332 ;
3407 1266 3574 1330 Πόθεν
3611 1266 3798 1327 οὕτως

2141 1357 2371 1410 ἀθάνατα
2414 1357 2722 1428 κάμνομενς
2778 1355 2991 1428 μᾶλλον
3042 1354 3100 1410 δὶ
3145 1352 3268 1409 οὐδὲ
3309 1356 3612 1428 κάμνομεν,
3667 1354 3800 1409 ἀλλ’

2143 1444 2424 1521 ἐρῥώμεθα
2479 1448 2558 1516 τῷ
2599 1447 2771 1516 κακῷ,
2817 1442 3152 1516 μαινομένων
3212 1445 3276 1497 τὸ
3319 1443 3508 1516 πάθος,
3540 1445 3632 1497 καὶ
3665 1441 3800 1513 ἡδό-

2149 1535 2282 1606 μεθα
2311 1531 2706 1604 δαπανώμενοι.
2764 1532 2863 1585 Καὶ
2895 1529 3138 1605 οὐδαμοῦ
3183 1531 3366 1608 λόγος,
3419 1532 3480 1586 οὗ
3513 1531 3699 1610 φίλος,
3734 1533 3798 1586 οὗ

2147 1622 2460 1697 σύμμαχος,
2525 1621 2624 1676 οὐκ
2680 1620 2884 1696 ἰατρὸς,
2941 1619 2977 1690 ἤ
3027 1623 3407 1698 φαρμακεύων,
3515 1620 3799 1693 ἐκτέμνων

2145 1712 2207 1765 τὸ
2265 1712 2469 1774 πάθως’
2527 1710 2588 1764 οὐ
2644 1711 2990 1784 παραστάτης
3039 1709 3384 1784 ἄγγελος,οὖ
3415 1709 3584 1771 Θεός·
3647 1708 3802 1764 ἀλλὰ

2147 1801 2285 1875 πρὸς
2331 1805 2445 1860 τοῖς
2494 1797 2709 1870 ἄλλοις,
2768 1800 2858 1853 καὶ
2915 1801 3015 1868 τὴν
3073 1803 3170 1852 τοῦ
3216 1804 3349 1854 Θεοῦ
3380 1798 3798 1878 φιλανθρωπίαν

2147 1895 2282 1962 ἡμῖν
2331 1888 2513 1950 αὐτοῖς
2565 1887 2979 1962 ἆπεκλείσαμεν.
3035 1891 3150 1943 Ἵνα
3207 1887 3284 1954 τί,
3336 1888 3517 1964 Κύριε,
3550 1887 3799 1965 ἀφέστη-

386 1977 666 2050 gnitatem
689 1979 859 2034 nobis
883 1980 1305 2051 praeclusimus.
1330 1981 1392 2037 Ut
1413 1980 1566 2050 quid,
1589 1981 1840 2047 Domine,
1864 1995 2029 2034 reces-

2149 1999 2246 2040 κας
2325 1977 2630 2053 μακρόθεν;
2708 1976 2796 2031 καὶ
2875 1981 2994 2038 πῶς
3068 1975 3376 2054 ἀποστρέφῃ
3454 1976 3529 2037 εἷς
3590 1975 3803 2042 τὲλος;

383 2068 506 2121 sisti
554 2068 753 2135 longe?
777 2069 1049 2136 Quomodo
1079 2071 1340 2123 averteris
1378 2071 1438 2123 in
1484 2069 1652 2140 ﬁnem
1671 2068 1758 2122 39?
1789 2069 2030 2132 Quando

387 2172 491 2210 nos
519 2155 828 2211 visitabis?
872 2159 1136 2223 Quonam
1171 2157 1291 2212 hac
1339 2157 1802 2229 progrediantur,
1827 2162 1883 2211 et
1931 2156 2030 2212 ubi

381 2245 705 2299 consistent
721 2245 748 2299 ?
772 2246 1053 2316 Equidem
1077 2262 1299 2314 vereor,
1321 2261 1391 2300 ne
1415 2263 1671 2318 praesens
1694 2263 1888 2301 rerum
1912 2250 2030 2300 sta-

375 2337 474 2386 tus
495 2333 646 2404 ignis
667 2333 830 2390 illius
850 2334 908 2388 in
927 2335 1355 2406 exspectatione
1379 2336 1552 2406 positi
1577 2335 1773 2390 fumus
1790 2333 2029 2404 quidam

376 2421 473 2488 sit,
508 2436 578 2476 ne
610 2422 703 2477 his
749 2423 1147 2479 Antichristus
1203 2425 1594 2496 superveniat,
1623 2425 1775 2478 419
1809 2439 1874 2478 ac
1923 2439 2031 2478 no-

377 2514 530 2566 stros
562 2511 765 2582 lapsus
795 2517 852 2567 et
886 2514 1116 2568 morbos
1148 2513 1203 2566 in
1237 2515 1602 2584 principatus
1650 2514 1740 2568 sui
1775 2512 2029 2567 occasio-

380 2615 512 2653 nem
549 2600 809 2670 arripiat.
834 2601 959 2656 Non
992 2602 1148 2656 enim
1182 2618 1378 2667 sanos,
1408 2608 1473 2656 ut
1502 2601 1728 2674 opinor,
1757 2618 1862 2657 nec
1893 2600 2031 2656 cha-

381 2688 552 2742 ritate
585 2693 782 2759 septos
814 2689 1135 2756 adoriatur;
1167 2706 1369 2745 verum
1403 2705 1646 2762 regnum
1677 2690 1737 2744 in
1771 2689 2030 2760 seipsum

382 2775 548 2847 prius
575 2776 752 2832 dividi
779 2781 1028 2849 oportet,
1048 2782 1223 2849 atque
1243 2779 1324 2832 ita
1347 2779 1573 2845 fortem,
1595 2795 1745 2846 eam,
1765 2779 2030 2848 inquam,

384 2864 698 2930 rationem,
716 2883 842 2937 quas
874 2867 930 2921 in
957 2866 1126 2922 nobis
1152 2872 1259 2934 est,
1284 2868 1496 2923 tentari
1521 2872 1576 2922 et
1604 2867 1794 2940 ligari,
1818 2884 1884 2923 ac
1904 2873 2028 2922 tum

384 2969 525 3007 vasa
555 2954 726 3026 diripi
754 2955 817 3024 9°,
849 2955 1136 3027 nobisque
1166 2957 1367 3012 eadem
1400 2958 1679 3023 accidere,
1714 2973 1844 3028 quas
1874 2973 2032 3012 nunc

391 3043 538 3097 hosti
575 3048 774 3098 nostro
805 3060 838 3098 a
867 3044 1098 3101 Christo
1129 3045 1388 3100 accidere
1420 3045 1828 3118 perspicimus.

449 3131 598 3188 VIII.
637 3133 852 3188 Idcirco
895 3151 997 3204 ego
1047 3134 1231 3206 ploro,
1263 3135 1345 3189 ait
1372 3135 1657 3190 Jeremias
1689 3136 1745 3189 in
1779 3136 2029 3190 Lamen-

378 3220 701 3275 tationibus
723 3223 787 3290 9‘,
820 3227 996 3294 atque
1027 3221 1213 3278 oculis
1245 3222 1391 3278 meis
1421 3222 1811 3295 lacrymarum
1846 3225 2032 3278 fontes

378 3307 514 3364 huic
545 3309 861 3364 calamitati
897 3327 1063 3380 pares
1095 3327 1310 3382 quaero,
1340 3327 1405 3366 ac
1433 3313 1726 3382 sapientes
1758 3312 2030 3366 mulieres

2145 2067 2240 2121 Καὶ
2297 2066 2430 2122 πότε
2490 2066 2790 2134 ἐπισκοπὴν
2847 2065 2999 2135 ἡλῶν
3043 2068 3285 2140 ποιήσω
3317 2066 3405 2120 καὶ
3437 2069 3545 2119 ποῦ
3574 2060 3800 2139 προϐή-

2141 2177 2287 2211 σεται
2332 2160 2498 2210 ταῦτα
2545 2154 2635 2209 καὶ
2684 2156 2973 2225 στήσεται;
3025 2151 3250 2208 Δέδοικα
3292 2155 3367 2226 μή
3397 2154 3601 2215 καπνὸς
3629 2153 3670 2227 ᾗ
3698 2159 3799 2208 τοῦ

2139 2242 2599 2320 προσδοκωμένου
2629 2243 2799 2319 πυρὸς
2828 2243 2897 2298 τεὶ
2923 2243 3184 2317 παρόντα,
3230 2244 3306 2316 μὴ
3336 2242 3552 2302 τούτοις
3586 2243 3614 2295 ὁ
3676 2243 3798 2295 Ἀν-

2137 2334 2416 2410 τίχριστος
2473 2334 2586 2406 (11)
2634 2331 2848 2406 ἐπιστῇ,
2891 2333 2981 2386 καὶ
3028 2332 3214 2407 καιρὸν
3270 2326 3413 2405 λάϐῃ
3460 2334 3559 2400 τῆς
3594 2331 3796 2384 ἑαυτοῦ

2141 2419 2447 2483 δυναστείας
2502 2421 2570 2475 τὰ
2618 2422 2862 2495 ἠμὲτερα
2909 2420 3222 2493 πταίσματά
3275 2440 3334 2475 τε
3375 2421 3464 2474 καὶ
3496 2419 3796 2495 ἀρρωστή-

2143 2531 2302 2584 ματα,
2337 2510 2410 2564 Οὖ
2440 2510 2543 2586 γὰρ
2575 2509 2875 2585 ὑγιαίνουσι
2904 2508 3211 2586 προσϐαλεῖ
3248 2511 3356 2583 (12)
3404 2509 3600 2584 τυχὸν,
3664 2507 3798 2563 οὐδὲ

2138 2603 2206 2673 τῇ
2239 2600 2420 2674 ἀγάπῃ
2475 2597 2918 2671 πεπυκνωμένοις
2944 2617 2956 2630 ⁸
3017 2597 3166 2653 ἀλλὰ
3216 2596 3298 2653 δεῖ
3330 2604 3651 2675 μερισθῆναι
3690 2600 3795 2666 τήν

2145 2688 2417 2764 βασιλείαν
2469 2689 2549 2766 ἐφ’
2597 2688 2814 2757 ἑαυτὴν,
2873 2687 3004 2743 εἶ’ταῖ
3040 2695 3393 2764 πειρασθῆναι
3445 2689 3536 2742 καὶ
3568 2685 3794 2755 δεθῆναι

2138 2779 2228 2833 τὸν
2264 2778 2485 2853 ἰσχυρὸν
2529 2777 2580 2832 ἓν
2613 2780 2748 2849 ἡμῖν
2783 2777 3066 2852 λογισμὸν,
3100 2777 3212 2832 εἶτα
3241 2779 3306 2831 τὰ
3337 2775 3499 2846 σκεύη
3555 2776 3792 2851 διαρπα-

2140 2853 2416 2942 έ(ἧ’ναι,καὶ
2445 2871 2610 2922 ταῦτα
2638 2868 2824 2921 παθεῖν
2854 2866 3068 2938 inﬁgit
3103 2870 3191 2920 νῦν
3226 2867 3439 2944 ὁρῶμεν
3471 2866 3564 2920 τὸν
3597 2864 3798 2941 ἐχθρὸν

2140 2956 2287 3030 παρὰ
2316 2959 2552 3031 Χριστοῦ
2583 2957 2883 3031 πάσχοντα.

2211 3137 2292 3190 Η’.
2327 3136 2421 3189 Διὰ
2448 3137 2617 3189 ταῦτα
2646 3133 2754 3208 ἐγὼ
2802 3131 3001 3203 κλαίω,
3035 3132 3196 3210 φησὶν
3231 3131 3493 3208 Ἱερεμίας
3549 3131 3600 3186 ὲν
3643 3134 3792 3206 Θρή-

2139 3245 2272 3296 νοις,
2304 3225 2394 3278 καὶ
2430 3227 2576 3294 ζητῶ
2605 3228 2721 3286 τοῖς
2771 3223 3080 3301 ὀφθαλμοῖς
3143 3242 3247 3295 μου
3303 3221 3485 3296 πηγὰς
3543 3219 3792 3296 δακρύων

2139 3311 2405 3389 ἀρκούσας
2450 3316 2529 3383 τῷ
2586 3311 2766 3378 πάθει,
2823 3310 2912 3366 καὶ
2965 3308 3118 3364 καλῶ
3168 3310 3264 3372 τὰς
3324 3309 3516 3386 σοφὰς,
3568 3305 3660 3362 ἵνα
3698 3309 3790 3362 τὸν

375 3412 536 3463 voco,
573 3403 635 3451 ut
664 3398 888 3453 luctum
923 3401 1197 3468 excitent,
1232 3406 1334 3454 aut
1365 3405 1518 3455 certe
1549 3402 1856 3470 adjuvant;
1887 3417 2029 3455 ven—

2145 3408 2341 3476 θρῆνον
2387 3399 2737 3475 ἐργάσωνται,
2768 3396 2804 3468 ἤ
2863 3397 3322 3475 συνεργάσωνται·
3383 3397 3473 3451 καὶ
3530 3398 3628 3465 τὴν
3672 3417 3799 3450 κοι-

378 3487 488 3539 tris
520 3486 694 3541 etiam
727 3487 925 3542 dolore
970 3489 1212 3557 afﬁcior,
1247 3493 1302 3542 et
1331 3505 1612 3543 sensuum
1649 3489 1884 3559 organis
1912 3488 2030 3544 vel-

380 3573 545 3640 licor,
576 3590 701 3640 nec,
729 3592 843 3647 quo
876 3578 1047 3631 modo
1080 3577 1409 3647 quibusque
1439 3578 1629 3632 verbis
1661 3577 1916 3632 dolorem
1952 3578 2032 3632 le-

382 3663 564 3725 niam,
597 3663 802 3720 habeo.
838 3666 1058 3720 Idcirco
1089 3671 1284 3721 vetera
1328 3665 1596 3734 silentur,
1631 3683 1777 3721 nova
1809 3667 2031 3720 comico

381 3768 542 3808 more
574 3755 948 3826 sugillantur.
974 3756 1270 3812 Comoedia
1301 3758 1456 3813 enim
1481 3764 1570 3814 est
1600 3759 1868 3814 hostibus
1903 3775 2032 3813 mea

377 3844 681 3914 tragoedia.
709 3845 926 3899 Idcirco
955 3862 1068 3900 non
1102 3863 1308 3916 parum
1341 3847 1615 3902 Ecclesiis
1646 3846 2028 3913 detraximus,

379 3947 446 3986 ac
476 3949 664 3986 scenas
690 3935 1092 4004 adjunximus,
1115 3935 1291 4006 idque
1320 3935 1376 3989 in
1407 3936 1748 4006 hujusmodi
1779 3937 2027 4005 civitate,

379 4037 505 4093 quae
537 4021 672 4076 data
703 4038 898 4093 opera,
934 4028 998 4078 ut
1046 4023 1197 4090 aliis,
1232 4025 1312 4079 ita
1341 4025 1555 4080 divinis
1607 4026 1782 4080 rebus
1811 4024 2026 4092 illudit,

379 4125 624 4180 quaeque
657 4111 849 4181 potius
874 4111 1218 4182 praeclarum
1253 4113 1476 4185 aliquid
1505 4117 1561 4168 et
1589 4113 1762 4169 laude
1784 4115 2028 4185 dignum

375 4197 587 4263 riserit,
622 4215 796 4269 quam
843 4205 908 4254 ut
955 4200 1266 4256 ridiculum
1322 4201 1542 4273 aliquid
1598 4219 1712 4258 non
1765 4203 2024 4258 derisum

375 4290 711 4356 praetereat:
742 4294 806 4342 ut
838 4290 978 4344 mihi
1017 4291 1229 4345 mirum
1265 4291 1528 4346 futurum
1564 4291 1660 4358 sit,
1687 4291 1733 4345 si
1769 4309 1860 4348 me
1891 4311 2030 4364 quo-

377 4389 510 4444 que,
544 4373 652 4428 hoc
682 4380 771 4430 est
800 4378 1078 4432 advenam
1130 4379 1363 4449 pietatis
1410 4396 1755 4451 praaconem,
1788 4380 1910 4436 hanc
1940 4384 2028 4437 di-

377 4467 626 4530 centem,
661 4480 725 4518 ac
757 4481 870 4519 non
924 4467 1164 4521 ridenda
1197 4467 1414 4538 omnia,
1449 4469 1548 4522 sed
1585 4470 1850 4538 quaedam
1908 4476 2030 4525 stu-

379 4551 540 4605 diose
580 4555 886 4607 tractanda
933 4571 1061 4609 esse
1112 4555 1437 4618 docentem,
1471 4573 1584 4611 non
1635 4557 1845 4612 riserit.
1882 4560 2030 4622 Quid

380 4639 508 4694 dico
539 4639 772 4694 riserit?
805 4641 1078 4712 Mirabor,
1109 4643 1223 4698 nisi
1257 4661 1435 4714 paena!
1466 4646 1641 4700 etiam
1676 4663 1708 4700 a
1738 4664 1831 4702 me
1861 4665 2030 4718 expe-

2140 3489 2261 3543 λίαν
2316 3487 2489 3565 ἀλγῶ,
2541 3489 2628 3543 καὶ
2691 3491 2984 3561 μαιμάσσω
3039 3488 3107 3542 τὰ
3162 3488 3509 3562 αἰσθητήρια,
3567 3485 3659 3540 καὶ
3693 3484 3792 3539 οῦκ

2140 3576 2275 3655 ἔχω,
2306 3583 2424 3640 πῶς
2455 3578 2698 3655 κουφίσω
2728 3579 2789 3632 τὸ
2821 3576 3044 3652 ἀλγοῦν,
3075 3577 3164 3630 καὶ
3219 3576 3328 3630 τίσι
3383 3580 3498 3636 τοῖς
3553 3573 3786 3650 ῥήμασι.

2143 3669 2244 3722 Λιᾶ
2271 3672 2437 3721 ταῦτα
2466 3672 2732 3721 σιωπᾶται
2765 3667 2832 3720 τὰ
2887 3664 3116 3733 παλαιὰ,
3172 3664 3263 3718 καὶ
3317 3661 3670 3737 κωμῳδεῖται
3728 3665 3798 3718 τά

2140 3756 2229 3811 vta
2256 3753 2542 3828 (κωμῳδία
2571 3755 2670 3832 γὰρ
2701 3761 2816 3816 τοῖς
2847 3754 3067 3830 ἐχθροῖς
3099 3756 3132 3824 ἡ
3165 3753 3272 3826 ἐμὴ
3301 3750 3602 3828 τραγῳδία)
3625 3769 3644 3787 θ
3706 3750 3796 3806 διὰ

2137 3843 2296 3900 τοῦτο
2327 3850 2434 3900 τῶν
2470 3845 2802 3914 Ἐκκλησιῶν
2835 3841 3126 3922 ὑφείλομεν
3162 3843 3273 3914 (13)
3301 3841 3400 3896 οὐκ
3433 3839 3657 3917 ὀλίγον,
3704 3841 3795 3895 καὶ

2137 3938 2205 4008 τῇ
2230 3939 2397 4008 σκηνῇ
2429 3933 2843 4010 πράσεθήκαμεν
2867 3952 2879 3964 ·
2915 3932 3003 3987 καὶ
3034 3936 3196 3986 ναῦτα
3226 3931 3277 3986 ἐν
3324 3930 3548 4003 τοιαύτῃ
3606 3930 3795 3992 πόλει,

2139 4023 2174 4092 ἦ
2235 4023 2520 4093 σπουδάζει
2580 4023 2642 4077 τὸ
2699 4024 2765 4077 τὰ
2824 4027 2933 4076 εεῖα
2989 4021 3221 4090 παίζειν,
3255 4020 3436 4096 ὥσπερ
3486 4041 3536 4074 τι
3580 4019 3794 4091 ἓτερον,

2139 4114 2227 4167 καὶ
2259 4119 2451 4176 θᾶττον
2487 4113 2544 4167 ἂν
2577 4134 2628 4167 τι
2654 4113 2760 4166 τῶν
2795 4109 3194 4184 ἐπαινουμένων
3224 4107 3521 4184 γελάσειεν,
3553 4106 3590 4176 ἤ
3651 4129 3795 4183 παρ-

2143 4200 2244 4256 ίδοι
2300 4224 2352 4256 τι
2406 4207 2512 4256 τῶν
2571 4200 2802 4278 γελοίων
2877 4199 3197 4274 ἀγέλαστον.
3236 4200 3395 4253 Ὠστε
3443 4197 3795 4271 θαυμάσαιμι

2139 4289 2196 4345 ἂν
2231 4294 2343 4367 (12)
2376 4291 2420 4346 εί
2485 4291 2560 4364 μή
2606 4291 2748 4363 κάμέ
2791 4287 3014 4366 γελάσαι
3067 4291 3304 4364 σήμερον
3354 4287 3445 4340 τὸν
3505 4290 3680 4339 ταῦτα
3712 4285 3800 4340 λέ-

2137 4401 2319 4456 γοντα,
2377 4380 2469 4435 τὸν
2530 4373 2801 4440 εὐσεϐείας
2861 4374 3067 4448 ἔπηλυν
3126 4379 3337 4452 κήρυκα
3388 4376 3522 4444 (15),
3557 4375 3651 4428 καὶ
3720 4377 3797 4448 μὴ

2138 4468 2309 4523 πάντα
2337 4467 2520 4544 γελᾷν,
2553 4466 2687 4522 ἀλλ’
2735 4465 2875 4524 ἔστιν
2913 4467 2944 4521 ἃ
2970 4467 3060 4521 καὶ
3093 4462 3409 4533 σπουδάζειν
3445 4460 3803 4522 διδάσκοντα.

2143 4558 2239 4614 Καὶ
2285 4558 2337 4610 τί
2395 4562 2554 4632 γεκᾷν
2609 4555 2795 4631 λάγω;
2856 4555 3195 4628 Θαυμαστὸν,
3255 4552 3300 4609 εί
3353 4553 3429 4625 μή
3483 4553 3580 4606 καὶ
3641 4551 3799 4614 δίκας

2141 4646 2516 4718 ἆπαιτηθείην,
2566 4645 2861 4720 εὐεργετεῖν
2923 4641 3276 4718 βουλόμενος.
3325 4644 3562 4696 Τοιαῦτα
3592 4641 3704 4716 γὰρ
3735 4642 3803 4696 τὰ

379 4731 598 4796 tantur,
627 4729 767 4784 dum
802 4733 1079 4800 prodesse
1110 4732 1300 4804 cupio.
1334 4733 1492 4788 Talis
1523 4735 1681 4789 enim
1712 4742 1801 4790 cst
1830 4753 2023 4792 rerum

2144 4734 2394 4811 ἡμέτερα,
2423 4735 2499 4797 ὡς
2530 4733 2626 4808 ἐμὲ
2663 4754 2723 4811 γε
2781 4733 2843 4788 οὐ
2885 4731 3144 4789 λυποῦσιν
3201 4733 3334 4805 (16),
3389 4729 3504 4786 οὔτ’
3553 4728 3804 4802 Ἐκκληο

380 4821 711 4872 nostrarum
752 4823 959 4887 status,
995 4825 1056 4874 ut
1086 4837 1190 4876 nec
1222 4821 1364 4876 mihi
1421 4838 1727 4879 mcerorem
1763 4826 2025 4896 afferant,

379 4910 481 4960 aut
529 4905 796 4962 Ecclesia;
838 4915 1130 4978 occupatae
1163 4909 1239 4978 (id
1272 4913 1426 4982 quod
1478 4913 1724 4968 fortasse
1771 4915 2028 4986 cuipiam

2139 4825 2247 4880 σίαι
2302 4823 2690 4900 κατεχόμειαι;
2739 4822 2768 4878 ὅ
2826 4823 2970 4897 τάχα
3028 4821 3087 4877 ἂν
3135 4842 3218 4884 τις
3257 4821 3418 4876 πάθοι
3449 4823 3560 4874 τῶν
3599 4841 3803 4893 μικρο-

2137 4919 2356 4990 πρεπῶν
2390 4914 2488 4984 τήν
2521 4911 2784 4986 διάνοιαν,
2823 4909 2946 4968 οὕτε
2975 4911 3178 4988 χρυσὸς
3208 4907 3403 4971 ἄλλοις
3453 4907 3621 4986 ῥέων,
3674 4909 3801 4965 οὔτε

447 5037 490 5072 ⁸⁸
523 5037 613 5094 Ps.
650 5057 884 5111 LXXVIII,
917 5041 969 5098 4.
1045 5044 1090 5078 ⁸³
1118 5047 1215 5101 Ps.
1249 5061 1325 5113 ix,
1355 5045 1452 5114 22;
1488 5063 1754 5118 Lxxxvm,
1788 5048 1876 5104 47.
1953 5049 1997 5084 ⁸ο
2025 5050 2029 5104 ξ

2151 5091 2163 5105 .
2193 5067 2274 5115 χι,
2303 5051 2369 5104 21
2403 5065 2534 5121 sqq.
2610 5049 2653 5086 οι
2687 5047 2904 5105 Thren.
2939 5065 2978 5115 1,
3013 5047 3080 5103 16
3109 5061 3242 5119 sqq.

448 5170 554 5240 (10)
589 5170 947 5247 Ἑκνήψομεν,
999 5177 1138 5247 Reg.
1189 5174 1335 5247 bm,_
1363 5173 1702 5247 ἐκνῄψωμεν,
1736 5181 1793 5232 et
1834 5178 1917 5233 sic
1965 5178 2026 5235 in

373 5257 591 5318 sequen
603 5244 779 5318 tibus,
813 5241 1254 5317 περιαιρήσωμεν
1266 5289 1279 5313 ,
1295 5241 1604 5318 ⁷ἀναϐλέψω
1614 5241 1727 5318 μεν.

586 5312 978 5389 Ἀντίχριστος.
1002 5312 1188 5374 Ὀοὶεί.
1225 5312 1274 5386 1,
1309 5312 1622 5378 ἀντίδικὸςί
1761 5376 1764 5380 ί

449 5384 923 5462 (12)__Ilpoa'6a).ei.
959 5391 1052 5443 Sic
1095 5389 1231 5460 Reg.
1261 5384 1338 5456 Va,
1389 5397 1445 5445 et
1492 5390 1731 5461 Hervag.
1785 5395 1846 5445 In
1908 5392 2022 5462 ed.,

371 5455 730 5522 προσθάλλει.

447 5527 934 5604 (I3)‘1‘e_e€).opsv_.
989 5528 1269 5604 Sic‘Reg.
1324 5530 1436 5598 hu,
1487 5531 1657 5588 Coisl.
1713 5534 1771 5604 1,
1824 5533 1917 5589 Or.
1968 5537 2025 5602 2,

378 5596 740 5674 Mendose'in
763 5596 862 5674 ed.
896 5601 1047 5674 Pal},
1083 5596 1395 5674 ὀφείλομεν.

449 5667 557 5736 (14)
589 5655 934 5743 Θαυμάσαιμι
982 5655 1062 5728 ἂν.
1114 5655 1395 5748 ἑίοίήιὶθε.
1444 5675 1546 5747 hu,
1584 5674 1681 5734 Or.
1724 5676 1776 5745 1,
1825 5678 1883 5733 et
1907 5677 2021 5734 Jes.

2140 5184 2203 5235 In
2240 5181 2354 5247 ed.,
2386 5176 2652 5252 θαυμάσαι
2688 5178 2744 5250 μ’
2772 5176 2852 5232 ἂν.

2208 5254 2318 5324 (15)
2350 5248 2597 5321 Ἐπηλυν
2645 5248 2878 5322 κήρυκα.
2901 5272 2931 5300 ε(
2963 5251 3262 5324 Advenam
3305 5248 3542 5324 pietatis
3577 5265 3795 5319 preco-

2208 5265 2318 5324 (15)
2352 5265 2597 5321 Ἐπηλυν
2645 5265 2878 5322 κήρυκα.
2901 5272 2931 5300 ι(
2963 5265 3262 5305 Advenam
3295 5265 3542 5375 Stemus
3577 5265 3794 5319 preco-

2137 5340 2292 5378 nem.
2315 5347 2348 5400 ρ
2381 5324 2481 5378 His
2512 5324 2703 5400 verbis
2749 5327 2903 5400 recte
2931 5321 3275 5400 conjicitur,
3309 5393 3319 5400 _
3348 5321 3652 5400 regorium
3704 5337 3794 5400 re-

2137 5411 2274 5449 cens
2305 5393 2865 5462 Constantinopolim
2907 5394 3224 5448 advenisse.
3267 5393 3323 5445 ld
3366 5395 3542 5446 etiam
3580 5393 3794 5446 conﬁr-

2137 5473 2332 5521 matur
2360 5467 2432 5521 iis
2465 5483 2592 5536 quae
2633 5469 2963 5536 sequuntur
2998 5482 3010 5519 :
3039 5486 3065 5513 ‹‹
3099 5463 3369 5520 Ecclesiae
3413 5469 3737 5534 occupata,
3765 5485 3790 5506 -

2137 5538 2358 5593 scilicet
2389 5540 2459 5593 ab
2485 5537 2800 5592 haereticis.

2207 5610 2319 5680 (16)
2349 5608 2421 5680 Οὐ
2473 5606 2749 5663 λυποῦσιν.
2800 5606 2894 5663 Sic
2946 5606 3084 5679 Reg.
3127 5605 3229 5675 hu,
3279 5603 3375 5661 Or.
3408 5605 3464 5677 2,
3497 5604 3649 5676 ἔοι,
3678 5609 3787 5660 etc.

2135 5679 2309 5741 Deest
2338 5679 2400 5736 οὐ
2430 5680 2489 5739 in
2517 5683 2608 5739 ad.
