4094 6212
280 374 431 435 HM

1420 377 1712 438 ORATIO
1756 377 1941 438 XXII.
1976 410 2053 423 -—
2083 376 2184 436 DE
2228 372 2428 436 PACE
2473 370 2550 434 II.

3530 370 3685 435 1142

278 506 523 582 γλῶσσαι
552 508 809 581 πονηραὶ,
838 508 900 563 τὸ
933 507 1134 563 ἑαυτῶν
1185 513 1462 579 ποιοῦσαι,
1520 507 1771 585 λέγουσαι
1830 530 1912 563 κα-

2041 526 2105 566 ex
2138 509 2234 576 iis,
2258 510 2355 580 qui
2388 507 2765 564 imbecilliore
2786 508 2981 564 animo
3004 512 3161 577 sunt,
3187 508 3445 563 accidere
3468 508 3683 579 queat),

279 598 408 668 κῶς,
441 596 628 665 ἆπειδὴ
658 596 845 658 καλῶς
878 597 976 651 ούκ
1005 596 1221 669 ἔμαθον.

2038 604 2140 655 aut
2186 615 2396 654 aurum
2444 596 2576 653 aliis
2627 599 2833 665 ﬂuens,
2867 606 2964 653 aut
3008 614 3193 667 pravae
3252 596 3484 669 linguai,
3527 597 3682 668 quod

280 704 452 742 suum
487 693 577 742 est
607 686 905 753 facientes,
940 687 1091 741 male
1120 687 1389 742 videlicet
1417 687 1743 759 loquentes,
1779 690 2055 759 quoniam
2086 689 2234 741 bene
2265 686 2423 757 loqui
2458 702 2572 741 non
2604 686 2960 741 didicerunt.

342 780 413 828 8'.
460 773 537 830 Ού
590 776 691 849 γὰρ
745 772 889 844 δὲος,
950 777 1163 845 μήποτε
1218 770 1373 847 τὸπῳ
1416 776 1819 853 περιγράφηται
1862 778 1924 832 τὸ

272 868 447 929 Θεῖον,
480 864 514 931 ἢ
549 860 710 916 ὢνιον
741 864 984 937 γένηται,
1012 861 1087 916 τίν’
1118 861 1247 917 ὅλον
1277 862 1313 937 ᾗ
1355 868 1459 918 τῶν
1512 864 1919 939 εὐπορωτέρων.

278 952 411 1023 Ἐμέ
467 972 524 1005 τε
581 950 681 1006 οὐκ
726 952 1043 1024 ἀμείψουσιν
1099 952 1149 1005 οἷ
1200 951 1591 1028 εὐφημοῦντες,
1638 952 1673 1022 ἤ
1718 951 1921 1029 δυσφη-

277 1044 503 1111 μοῦντες
554 1040 756 1115 (ὥσπερ
804 1040 855 1094 οἱ
908 1035 1161 1116 βορϐόρῳ
1216 1039 1384 1115 μύρον
1429 1042 1839 1116 ἀναμιγνύντες,
1890 1042 1923 1110 ἢ

276 1130 433 1203 μύρῳ
504 1124 799 1204 βόρϐορον,
850 1128 938 1183 καί
995 1130 1091 1190 τὰς
1166 1129 1462 1199 ποιότητας
1538 1134 1607 1203 τῇ
1681 1129 1923 1204 ἐπιμιξίᾳ

272 1216 640 1292 συγχέοντες),
666 1216 759 1271 ’ίνα
791 1215 1105 1293 δυσχεράνω
1134 1219 1228 1279 τας
1263 1216 1616 1296 βλασφημίας
1671 1220 1747 1281 ὡς
1798 1221 1921 1291 μεθ-

271 1308 581 1379 ιστάμενος.
641 1308 712 1363 Ἦ
771 1304 957 1361 πολλᾶ
1017 1306 1074 1360 ἃν
1142 1302 1441 1361 κατέϐαλον
1491 1309 1755 1383 χρήματα
1800 1315 1917 1369 τοῖς

270 1395 588 1463 ἐπαινέταις,
650 1394 702 1449 εἷ’
756 1416 823 1467 με
883 1394 1084 1469 βελτίω
1144 1401 1262 1457 τοῖς
1318 1395 1552 1457 ὶπαίνοις
1584 1396 1915 1471 εἶργάζοντο.

274 1489 379 1539 Νῦν
416 1481 474 1538 δὲ
503 1483 608 1559 οὐχ
640 1483 782 1538 οὕτω
811 1488 973 1539 τοῦτο
1005 1482 1142 1559 ἔχει,
1174 1484 1333 1538 πόθεν
1363 1504 1377 1555 ;
1424 1483 1548 1540 ἀλλ’
1599 1483 1732 1560 ὅπερ
1781 1485 1917 1557 εἰμὶ,

267 1576 430 1627 τοῦτο
484 1572 651 1644 μένω,
701 1572 791 1627 καὶ
847 1570 1328 1650 δυσφημούμενος,
1373 1571 1463 1627 καί
1493 1574 1914 1646 θαυμαζόμενος.

2106 777 2195 832 ΙΧ.
2231 776 2428 847 Neque
2473 775 2627 831 enim
2675 774 3053 830 metuendum
3093 780 3202 841 est,
3237 790 3307 829 ne
3354 779 3505 829 Deus
3552 774 3678 830 loco

2032 866 2569 930 circumscribatur,
2602 870 2702 920 aut
2742 865 2963 920 venalis
3008 866 3269 930 exsistat,
3304 871 3367 919 ut
3397 870 3556 919 totus
3587 864 3679 917 di-

2032 956 2248 1010 tiorum
2283 955 2379 1009 sit.
2415 956 2529 1009 Nec
2571 956 2709 1009 item
2763 971 2853 1008 me
2880 955 2971 1008 vel
3019 954 3373 1018 laudatores,
3404 952 3493 1007 vel
3526 953 3677 1007 vitu-

2034 1048 2329 1114 peratores
2371 1043 2775 1096 immutabunt
2804 1042 3324 1113 (quemadmodum
3372 1041 3469 1112 qui
3514 1059 3676 1098 omne

2031 1136 2419 1202 unguentum,
2456 1137 2557 1185 aut
2604 1136 2902 1200 unguento
2951 1147 3180 1185 omnum
3230 1130 3576 1198 admiscent,
3610 1148 3676 1187 ac

2032 1237 2135 1293 per
2160 1221 2490 1276 mistionem
2518 1219 2829 1290 qualitates
2851 1220 3339 1288 cont'undunt),ut
3362 1220 3675 1275 maledicos

2030 1326 2352 1378 sermones,
2376 1314 2659 1379 tanquam
2693 1325 2727 1363 a
2756 1309 2980 1378 meipso
3021 1312 3303 1375 mutatus,
3338 1308 3590 1379 graviter
3618 1313 3676 1364 et

2030 1398 2234 1469 iniquo
2261 1400 2457 1452 animo
2480 1403 2680 1453 teram.
2704 1398 2843 1452 Nam
2870 1396 3086 1451 multas
3109 1397 3364 1466 profecto
3396 1397 3674 1467 pecunias

2028 1486 2434 1541 laudatoribus
2480 1502 2873 1550 numerarem,
2907 1486 2956 1539 si
2990 1501 3080 1539 me
3130 1484 3425 1538 laudando
3475 1484 3673 1539 melio-

2029 1592 2151 1630 rem
2182 1577 2495 1631 efﬁcerent.
2529 1576 2693 1630 Nunc
2732 1579 2929 1629 autem
2972 1573 3139 1629 aliter
3170 1588 3231 1628 se
3262 1590 3353 1628 res
3383 1573 3538 1629 420
3570 1574 3673 1628 ha-

271 1636 493 1737 Bpo16c'
523 1658 593 1716 δι’
641 1636 829 1723 ἄλλως
878 1636 1106 1736 νήγεται
1145 1636 1269 1735 ’(17)
1308 1636 1520 1737 λόγοις,
1572 1636 1912 1740 φησίννῚώϐ·

2029 1665 2143 1721 bet.
2176 1666 2337 1730 Quod
2368 1665 2523 1720 enim
2574 1681 2728 1734 sum,
2760 1663 2869 1719 hoc
2920 1679 3146 1731 maneo,
3179 1663 3299 1718 sive
3347 1661 3673 1717 maledictis

266 1750 358 1804 καὶ
399 1749 497 1805 ὅσα
545 1750 741 1824 πέτραν
790 1749 1089 1826 περιρρέων
1143 1750 1333 1828 ἀφρὸς,
1381 1751 1416 1819 ἢ
1462 1748 1616 1806 πίτυν
1668 1750 1846 1827 αὖραι,
1878 1749 1915 1820 ἤ

264 1860 384 1893 τινα
424 1843 531 1894 τῶν
580 1836 783 1894 δασέων
832 1840 921 1894 καὶ
970 1838 1196 1913 ὑψηλῶν
1226 1858 1239 1871 ·
1288 1844 1522 1894 τοσαῦτα
1576 1841 1630 1894 αἱ
1676 1839 1917 1916 γλῶσσαί

270 1948 337 2001 με
383 1926 750 2003 περιρῥέουσι,
797 1927 885 1982 καὶ
931 1927 1045 2000 ’ἁμα
1095 1925 1380 2006 φιλοσοφῶ
1424 1950 1476 1983 τι
1525 1933 1742 1984 τοιοῦτο
1782 1930 1917 2003 πρὸς

263 2016 496 2088 ἰμαυτόν
525 2034 537 2047 ·
576 2016 673 2077 ὡς.
706 2016 769 2069 Εἰ
810 2016 904 2088 μὲν
945 2013 1147 2089 ψευδής
1201 2017 1228 2070 6
1276 2021 1598 2091 κατηγορῶν
1640 2020 1773 2091 (18),
1820 2019 1918 2073 οὐκ

264 2104 402 2176 ἆμοῦ
437 2104 649 2177 μᾶλλον
680 2106 707 2158 6
740 2104 927 2179 λόγος,
959 2103 995 2174 ἤ
1030 2103 1236 2160 ἐκείνου
1263 2106 1326 2160 τὸ
1358 2104 1651 2181 λεγόμενον
1673 2108 1915 2176 ἅπτεται,

262 2192 354 2248 κᾶι
400 2193 496 2265 ἐμὲ
522 2193 746 2265 ὀνόματι
784 2191 1086 2271 βλασφημῇ
1112 2212 1124 2224 ·
1159 2193 1204 2248 εἶ
1246 2191 1292 2248 δ’
1341 2193 1553 2264 ἀλῆθὴς
1583 2198 1717 2269 (19),
1751 2196 1915 2268 ἐμαυ-

264 2281 349 2337 τὶν
383 2280 593 2353 μᾶλλον
626 2280 660 2349 ἥ
700 2281 791 2335 τὸν
828 2279 1056 2355 λέγοντα
1084 2280 1397 2355 αἰτιάσομαι
1429 2284 1577 2358 (παρ’
1626 2283 1761 2357 ἐμοῦ
1811 2285 1914 2359 γὰρ

266 2370 459 2442 ἐκείνῳ
483 2370 546 2424 16
578 2368 777 2444 λέγειν,
812 2370 910 2425 ούκ
941 2370 1063 2442 ἐμοὶ
1108 2371 1170 2425 τὸ
1202 2372 1332 2425 εἶναι
1362 2371 1599 2444 τοιούτῳ
1630 2376 1742 2447 (20)
1772 2374 1916 2449 παρᾶ

256 2463 356 2515 τοῦ
389 2463 685 2535 λὲγοντος)·
719 2460 807 2513 καὶ
858 2458 1230 2534 παραδραμὼν
1279 2460 1374 2521 τὰς
1420 2461 1621 2539 φωνὰς,
1654 2462 1729 2523 ὡς
1760 2461 1911 2518 οὐδὲν

263 2544 450 2613 οῦσας,
499 2546 735 2619 ἐμαυτοῦ
780 2549 1106 2621 γενήσομαι,
1157 2552 1319 2604 τοῦτο
1381 2550 1543 2621 μόνον
1586 2550 1760 2605 αὐτῶν
1788 2572 1911 2626 κερ-

265 2633 458 2690 δαίνων
508 2642 607 2705 τῆς
641 2637 972 2711 μοχθηρίας,
1002 2637 1065 2690 τὸ
1123 2637 1273 2712 βιοῦν
1326 2636 1743 2716 ἀσφαλέστερον.
1794 2640 1915 2715 Τρί-

266 2746 357 2779 τον
392 2721 459 2793 δ’,
492 2724 522 2778 6'
554 2724 642 2778 καὶ
705 2724 957 2799 μέγιστον
1008 2721 1125 2800 ἔχει
1165 2746 1217 2780 τι
1268 2726 1357 2779 καὶ
1414 2726 1844 2803 μεγαλοπρεπὲς,
1876 2733 1910 2799 ἡ

261 2810 530 2887 λοιδορία,
565 2812 647 2867 ὅτι
688 2813 821 2884 μετὰ
850 2817 984 2867 Θεοῦ
1020 2812 1493 2891 βλασφημούμεθα
1516 2834 1529 2847 ⁶
1581 2817 1633 2870 οἱ
1678 2818 1779 2891 γὰρ
1818 2817 1911 2871 αύ-

266 2901 351 2955 τοὶ
383 2900 614 2969 Θεότητά
640 2921 699 2955 τε
729 2901 996 2970 ἀθετοῦσι,
1027 2899 1115 2956 καί
1144 2902 1237 2956 τὸν
1268 2902 1530 2977 Θεολόγον
1567 2899 1901 2980 ὑϐρίζουσιν.

2026 1753 2269 1819 alliciar,
2304 1753 2424 1807 sive
2455 1752 2725 1808 laudibus
2765 1752 2824 1807 in
2852 1752 3058 1807 ccelum
3095 1752 3261 1806 ferar.
3296 1754 3457 1806 Home
3484 1755 3672 1806 autem

2024 1843 2226 1896 temere
2259 1842 2431 1896 verbis
2475 1845 2654 1906 natat,
2691 1840 2883 1910 inquit
2907 1841 3018 1895 Job
3040 1840 3121 1905 9’;
3155 1856 3221 1895 ac
3251 1845 3538 1910 quantum
3575 1856 3671 1910 pe-

2024 1934 2175 1985 tram
2201 1946 2431 2000 spuma,
2451 1934 2551 1985 aut
2583 1930 2808 2001 pinum,
2826 1928 2914 1983 vel
2936 1929 3194 1999 aliquam
3220 1927 3396 1982 aliam
3426 1928 3671 1983 densam

2027 2025 2084 2073 et
2114 2036 2408 2090 procerem
2442 2020 2708 2074 arborem
2743 2036 2916 2087 aurae,
2941 2023 3172 2072 tantum
3204 2033 3296 2071 me
3330 2016 3538 2086 linguai
3568 2015 3673 2071 cir-

2027 2110 2377 2173 cumﬂuunt,
2410 2108 2704 2177 simulque
2743 2105 3085 2177 hujusmodi
3126 2106 3407 2176 quiddam
3439 2119 3670 2159 mecum

2026 2203 2440 2253 commentor:
2487 2197 2545 2251 Si
2598 2196 2743 2251 t'alsa
2800 2195 3001 2265 objicit
3051 2199 3374 2261 accusator,
3408 2209 3522 2248 non
3579 2207 3672 2246 me

2025 2288 2236 2359 magis,
2269 2304 2445 2358 quam
2498 2303 2656 2352 eum,
2687 2285 2785 2356 qui
2820 2285 3097 2355 loquitur,
3131 2284 3227 2338 hic
3270 2298 3462 2338 sermo
3495 2280 3668 2337 attin-

2023 2378 2126 2449 git,
2160 2377 2387 2431 etiamsi
2431 2392 2521 2430 me
2554 2375 2899 2430 nominatim
2934 2372 3212 2429 conviciis
3255 2377 3444 2443 petat;
3478 2373 3527 2426 si
3558 2387 3668 2426 au-

2023 2471 2141 2521 tem
2172 2482 2325 2533 vera,
2363 2466 2654 2535 meipsum
2705 2464 2918 2534 potius,
2952 2478 3130 2532 quam
3161 2478 3317 2526 eum,
3342 2460 3442 2530 qui
3474 2459 3667 2529 loqui-

2022 2560 2137 2619 tur,
2168 2554 2455 2609 accusabo
2496 2554 2551 2623 (a
2600 2569 2691 2607 me
2739 2552 2896 2607 enim
2947 2550 3031 2604 illi
3081 2550 3369 2605 sermonis
3426 2548 3670 2603 materia

2024 2644 2527 2711 subministratur,
2562 2659 2675 2697 non
2722 2647 2915 2696 autem
2951 2639 3109 2694 illius
3149 2654 3343 2693 sermo
3374 2653 3553 2693 causa
3580 2640 3671 2691 est

2022 2749 2127 2787 cur
2159 2733 2293 2787 talis
2339 2733 2496 2802 sim),
2529 2748 2595 2786 ac
2626 2731 2863 2786 vocibus
2912 2728 3239 2799 praeteritis,
3271 2733 3336 2781 ut
3366 2743 3492 2797 quas
3524 2725 3669 2780 nihil

2022 2822 2161 2891 sint,
2197 2822 2309 2875 mei
2342 2822 2526 2891 ipsius
2556 2836 2676 2883 ero,
2700 2820 2810 2874 hoc
2843 2835 3024 2873 unum
3055 2834 3123 2871 ex
3151 2832 3352 2872 eorum
3387 2814 3665 2885 improbi-

2021 2914 2139 2964 tate
2169 2911 2461 2964 commodi
2493 2910 2750 2980 capiens.
2776 2914 2841 2962 ut
2868 2907 3101 2962 cautius
3130 2906 3306 2959 vitam
3338 2904 3665 2958 instituam.

263 2989 465 3045 Οὐκοῦν
520 2989 725 3044 τούτων
782 2987 935 3045 οὐδὲν
986 2987 1178 3058 δεινὸν,
1224 2990 1320 3045 κᾶν
1356 2992 1407 3046 οἱ
1437 2991 1641 3047 πολλοὶ
1672 2993 1908 3067 νομίζω-

2029 2999 2287 3053 Tertium
2342 3005 2559 3066 autem,
2590 2998 2647 3051 in
2680 3013 2795 3066 quo
2845 2995 3019 3051 etiam
3072 2994 3392 3049 maximum
3448 2991 3669 3062 aliquid

263 3099 384 3134 cw'
441 3076 567 3133 ἀλλ’
612 3078 696 3133 ὅτι
748 3076 940 3152 μηδείς
992 3077 1068 3133 ἔτι
1132 3082 1437 3136 πικτεύεται
1505 3083 1693 3144 πιστὸς
1753 3085 1910 3154 εἶναι,

271 3165 413 3241 μηδὲ
456 3168 555 3236 τήν
604 3167 798 3243 ἀρειὴν
850 3166 1078 3243 ἄτεχνος
1108 3172 1217 3241 (21)
1248 3168 1337 3224 καὶ
1368 3173 1571 3241 σκηνῆς
1604 3170 1911 3247 ἐλεύθερος,

269 3254 397 3330 μηδ’
432 3255 491 3311 ἂν
522 3254 730 3334 σφόδρα
757 3256 794 3330 ᾖ
822 3258 919 3324 τὴν
953 3257 1138 3331 ψυχὴν
1171 3256 1499 3333 ἐρρωμένος,
1547 3260 1637 3314 καὶ
1684 3264 1909 3335 γνήσιος

261 3344 339 3407 εἲς
390 3340 659 3399 εὐσέϐειαν
688 3364 700 3376 ·
757 3343 885 3400 ἀλλ’
933 3346 961 3399 6
1014 3346 1108 3419 μὲν
1153 3347 1241 3401 καὶ
1292 3352 1532 3425 φανερῶς
1562 3349 1746 3411 κακὸς.
1780 3351 1808 3404 ὁ
1854 3350 1911 3405 δὲ

257 3433 485 3507 πλάσμα
511 3432 600 3489 καί
628 3438 833 3510 χρῶμα
862 3433 979 3509 ἔχει
1004 3435 1104 3503 τὴν
1136 3434 1447 3505 ἐπιείκειαν,
1476 3435 1569 3493 ἵνα
1595 3437 1802 3514 κλέπτῃ
1830 3444 1909 3512 τῷ

263 3521 571 3601 φαινομένῳ
581 3565 593 3578 .

2023 3092 2195 3157 atque
2225 3089 2281 3140 in
2320 3087 2524 3157 primis
2551 3085 2928 3155 magniﬁcum
2958 3083 3133 3138 habet
3164 3082 3285 3137 hmo
3317 3080 3669 3136 maledicen-

2022 3177 2124 3241 tia,
2160 3177 2315 3231 istud
2366 3182 2472 3243 est,
2507 3176 2661 3245 quod
2699 3191 2813 3228 una
2843 3190 2977 3228 cum
3034 3175 3143 3227 Deo
3196 3170 3524 3225 maledictis
3552 3169 3671 3222 im-

2024 3265 2295 3335 petimur.
2332 3265 2509 3319 lidem
2543 3264 2700 3319 enim
2732 3269 2789 3318 et
2818 3262 3092 3317 deitatem
3136 3260 3426 3330 rejiciunt,
3458 3263 3516 3313 et
3545 3258 3672 3313 dei-

2022 3354 2159 3408 tatis
2193 3368 2516 3423 praeconem
2548 3351 2921 3407 contumeliis
2972 3350 3255 3404 afﬁciunt.
3280 3347 3669 3413 Quamobrem

2023 3441 2166 3496 nihil
2200 3443 2411 3497 horum
2443 3457 2617 3513 grave
2654 3446 2762 3505 est,
2798 3438 3029 3494 tametsi
3073 3438 3129 3492 id
3180 3435 3441 3508 plerique
3470 3434 3669 3491 existi-

2023 3536 2219 3598 ment;
2250 3546 2451 3585 verum
2483 3530 2627 3585 illud
2653 3529 2993 3594 molestum,
3015 3527 3171 3598 quod
3199 3526 3316 3596 jam
3344 3541 3514 3579 nemo
3540 3524 3675 3577 tide-

260 3612 334 3669 lis
363 3618 419 3668 et
446 3613 659 3668 virtute
688 3613 961 3686 simplex,
993 3618 1167 3687 atque
1196 3632 1230 3671 a
1256 3616 1389 3671 fuco
1419 3620 1476 3672 et
1503 3616 1877 3674 simulatione
1915 3618 2198 3674 immunis
2242 3636 2370 3675 esse
2414 3622 2703 3683 credatur,
2738 3617 3113 3688 quantumvis
3143 3616 3317 3671 etiam
3351 3612 3531 3669 animi
3564 3612 3667 3665 ﬁre

262 3703 464 3758 mitate
495 3718 561 3758 ac
590 3703 819 3758 sincera
850 3704 1061 3775 pietate
1101 3704 1380 3775 praeditus
1424 3705 1532 3771 sit;
1567 3708 1668 3761 sed
1699 3707 1851 3762 alius
1881 3707 2117 3779 quidem
2150 3714 2347 3779 aperte
2378 3723 2611 3779 quoque
2660 3706 2853 3762 malus
2882 3711 2990 3771 est,
3023 3706 3177 3759 alius
3207 3720 3341 3759 vero
3374 3719 3475 3773 pro
3506 3700 3665 3754 larva

260 3801 492 3853 tantum
526 3803 583 3853 et
611 3797 803 3854 colore
832 3799 1088 3870 quodam
1122 3816 1349 3857 morum
1384 3800 1721 3857 facilitatem
1755 3802 1948 3870 habet,
1983 3809 2050 3858 ut
2076 3804 2311 3859 virtutis
2342 3804 2533 3872 specie
2566 3802 2747 3857 fallat.

333 3888 389 3942 Γ.
424 3888 522 3941 Καὶ
554 3888 605 3941 οἱ
641 3888 735 3959 μὲν
765 3888 827 3941 ού
863 3886 1084 3943 δοκοῦσι
1118 3886 1345 3961 μέλανες
1397 3887 1487 3944 διά
1529 3911 1679 3952 τινας
1726 3890 1909 3946 τοιού-

260 3993 429 4036 τους·
492 3973 616 4029 οὺδὶ
666 3974 964 4052 δυσχενεῖς,
1012 3977 1046 4046 ἥ
1103 3976 1386 4049 δυσειδεῖς,
1446 3976 1483 4048 ἤ
1538 3976 1812 4055 ἄνανδροι,
1872 3977 1909 4048 ἤ

263 4062 558 4119 ἀκόλαστοι
590 4064 859 4119 πλειόνων
890 4065 1063 4128 οὕτως
1108 4065 1379 4142 ἐχόντων’
1430 4066 1577 4123 ἀλλὰ
1622 4069 1740 4132 καθ’
1796 4070 1913 4123 ἑαυ-

260 4154 355 4208 τὸν
408 4153 633 4215 ’ὲκαστος
692 4154 947 4229 κρίνεται,
1008 4156 1097 4209 καὶ
1155 4155 1221 4210 ού
1273 4160 1566 4225 κοινοῦται,
1625 4156 1747 4213 οὕτε
1803 4164 1908 4215 τῶν

256 4244 575 4319 ψεγομένων
610 4240 785 4314 οὐδὲν,
822 4243 943 4298 οὔτε
970 4248 1079 4299 τῶν
1109 4242 1536 4318 ἐπαινουμένων.
1568 4247 1639 4300 Τὸ
1697 4244 1753 4301 δὲ
1807 4253 1910 4315 τῆς

2091 3894 2156 3947 Χ.
2193 3896 2259 3947 Et
2288 3900 2444 3947 certe
2476 3910 2588 3946 non
2643 3893 2772 3946 ideo
2824 3893 3021 3946 statim
3070 3906 3276 3945 omnes
3327 3888 3473 3957 nigri
3509 3887 3660 3955 iudi-

2020 3988 2247 4047 cantur,
2270 3985 2407 4053 quia
2451 3981 2715 4036 nonnulli
2762 3980 2907 4035 tales
2938 3979 3080 4044 sint,
3115 3994 3217 4032 nec
3249 3976 3533 4049 ignobiles
3565 3979 3667 4030 aut

2020 4074 2330 4139 deformes,
2365 4076 2467 4125 aut
2507 4069 2724 4142 ignavi,
2755 4068 2843 4122 vel
2891 4070 3344 4138 intemperantes
3375 4070 3430 4119 et
3468 4063 3663 4118 libidi-

2020 4161 2168 4222 nosi,
2207 4161 2358 4231 quod
2412 4158 2607 4230 plures
2643 4160 2720 4212 ita
2759 4174 2822 4212 se
2870 4158 3169 4212 habeant:
3204 4170 3402 4209 verum
3453 4169 3555 4223 per
3601 4167 3663 4206 se

2021 4250 2270 4321 quisque
2302 4266 2365 4303 ac
2400 4247 2666 4320 privatim
2713 4247 3075 4318 expenditur,
3110 4262 3213 4300 nec
3252 4258 3453 4297 eorum
3487 4240 3663 4312 quid—

257 4330 450 4392 κακίας
482 4330 556 4392 εἷς
608 4332 809 4393 πάντας
859 4336 975 4404 (22)
1017 4338 1195 4408 χεῖται
1228 4331 1451 4409 ῥᾳδίως,
1482 4336 1571 4389 καὶ
1600 4337 1755 4404 κοινή
1788 4356 1911 4390 κατ-

2029 4355 2220 4410 quam,
2245 4356 2370 4408 qua:
2398 4337 2481 4391 vel
2518 4337 2673 4405 vitio,
2709 4337 2793 4391 vel
2826 4336 2981 4390 laudi
3016 4336 3248 4402 dantur,
3276 4330 3664 4386 communiter

260 4420 457 4496 ηγορία
485 4425 580 4475 τοῦ
612 4422 833 4491 παντὸς,
888 4423 962 4494 μὴ
1006 4422 1087 4477 ὅτι
1136 4422 1199 4477 τὸ
1226 4427 1332 4477 τῶν
1366 4422 1611 4494 πολλῶν,
1644 4423 1789 4479 ἀλλὰ
1817 4426 1906 4478 καὶ

256 4509 320 4563 τὸ
348 4513 510 4563 τινῶν
563 4509 786 4585 γίνεται.
842 4511 941 4566 Καὶ
992 4512 1053 4565 τὸ
1105 4509 1430 4581 δεινότατον,
1473 4513 1554 4566 δτι
1592 4514 1666 4586 μή
1712 4512 1907 4589 μέχρις

256 4598 420 4667 ἡμῶν
449 4594 663 4651 ’ίσταται
700 4597 886 4670 μόνον,
919 4598 1046 4655 ἀλλ’
1078 4598 1163 4654 ἐπὶ
1189 4599 1252 4653 τὸ
1287 4600 1421 4676 μέγα
1451 4600 1539 4655 καὶ
1573 4601 1765 4673 σεμνὸν
1793 4604 1908 4674 (23)

260 4688 423 4757 ἡμῶν
458 4680 721 4741 διαϐαίνει
755 4689 1073 4762 μυστήριον.
1101 4692 1217 4741 Τῶν
1247 4690 1350 4763 γὰρ
1379 4690 1447 4742 τὰ
1502 4688 1741 4762 ἡμᾶτερα
1787 4709 1907 4764 κρι-

257 4772 485 4843 νόντων,
520 4774 550 4829 ὅ
578 4780 710 4829 πᾶσι
747 4780 945 4849 μικροῦ
977 4771 1280 4849 συμϐαίνει,
1319 4782 1435 4839 τοῖς
1460 4782 1565 4832 τῶν
1599 4777 1908 4852 ἀλλοτρίων

255 4867 492 4939 κριταῖς,
538 4864 593 4918 οἱ
643 4865 737 4936 μὲν
789 4864 1041 4928 ἰπιεικῶς
1073 4865 1202 4920 εἶσιν
1234 4864 1434 4941 ἥμεροι
1465 4866 1555 4921 καὶ
1608 4864 1913 4945 φιλάνθρω-

252 4972 371 5008 ποι·
406 4954 459 5008 οἱ
515 4950 575 5008 δὶ
620 4953 712 5009 καὶ
761 4952 882 5010 λίαν
929 4955 1117 5031 πικροὶ
1169 4955 1259 5011 καὶ
1319 4956 1659 5032 ἀγνώμονες.
1709 4956 1777 5015 Οἱ
1811 4956 1905 5030 μὶν

324 5124 373 5159 οι
398 5122 530 5181 Job.
559 5138 676 5198 m,
701 5124 758 5182 3.

330 5281 684 5365 (17)}390165
746 5282 816 5339 δι’
883 5281 1074 5348 ἄλλως
1136 5286 1908 5365 νήχεταιηᾙωομοίοΕΙίειε

259 5356 500 5425 exponit
534 5373 546 5410 :
580 5378 607 5407 «
639 5356 823 5414 Homo
871 5365 1086 5415 temere
1133 5356 1478 5415 laudatoriis
1508 5360 1700 5416 verbis
1748 5362 1911 5417 intu-

260 5424 488 5515 mescit,
523 5428 824 5485 attollitur.
852 5455 872 5483 ι
902 5432 1049 5486 Hinc
1098 5431 1273 5488 etiam
1324 5431 1519 5488 Schol.
1553 5432 1748 5499 habet,
1780 5442 1909 5508 θρα-

260 5510 352 5549 σύν
361 5510 451 5548 ενα
461 5517 473 5547 ι
483 5538 495 5550 .

330 5569 827 5648 (18),Κατηγορῶν.
865 5574 922 5627 In
961 5573 1338 5648 quibusdam,
1369 5577 1714 5648 κακηγορῶν,
1754 5576 1907 5648 «κόθ-

256 5643 928 5722 trectatoeral'edicus.
956 5643 994 5696 »⁷
1014 5648 1151 5722 Quae
1198 5644 1369 5704 lectio
1399 5643 1536 5707 vera
1561 5643 1909 5706 Combeﬁsio

257 5711 506 5770 videtur.
544 5712 684 5788 Reg.
718 5716 911 5793 Cypr.,
942 5711 1267 5795 κακήγορος.

2018 4428 2293 4482 omnibus
2339 4426 2684 4480 attribuitur
2715 4441 2727 4479 :
2763 4425 2855 4477 hic
2887 4428 3087 4478 contra
3118 4423 3321 4475 vitium
3354 4420 3424 4474 ad
3457 4434 3661 4473 omnes

2023 4516 2187 4570 facile
2236 4516 2604 4580 dill'unditur,
2640 4518 2813 4584 atque
2861 4514 2932 4565 ob
2983 4512 3323 4575 multorum,
3358 4506 3443 4563 vel
3486 4507 3658 4561 etiam

2020 4606 2407 4675 quorumdam
2432 4603 2682 4673 culpam,
2709 4605 3016 4655 universus
3038 4599 3178 4653 ordo
3211 4600 3264 4651 in
3294 4597 3572 4651 invidiam
3605 4600 3665 4649 et

2019 4694 2237 4748 crimen
2259 4698 2514 4747 vocatur.
2533 4694 2813 4760 Quodque
2833 4689 3095 4743 omnium
3121 4685 3533 4758 gravissimum
3551 4690 3662 4749 est,

2019 4781 2136 4836 haec
2170 4780 2501 4835 criminatio
2553 4796 2667 4833 non
2700 4779 2759 4832 in
2792 4778 2960 4833 nobis
2990 4781 3219 4831 tantum
3253 4774 3430 4839 sistit,
3460 4788 3661 4827 verum

2020 4870 2092 4925 ad
2140 4886 2418 4938 magnum
2460 4873 2516 4923 et
2554 4867 2950 4922 venerandum
3000 4868 3266 4920 nostrum
3316 4861 3663 4934 mysterium

2016 4958 2249 5013 transit.
2283 4956 2509 5013 Etenim
2539 4970 2607 5011 ex
2639 4954 2731 5023 iis,
2765 4954 2867 5026 qui
2910 4969 3003 5009 res
3049 4957 3283 5009 nostras
3330 4949 3665 5022 expendunt

2021 5286 2507 5414 ἀλςέἑέζἊληθὴς.
2565 5288 2661 5345 Sic
2717 5288 2857 5361 Reg.
2918 5288 3019 5355 hu,
3074 5292 3131 5343 et
3176 5288 3272 5343 Or.
3324 5289 3375 5342 1.
3426 5287 3487 5341 In
3546 5287 3662 5353 ed.,

2096 5381 2242 5419 ηυες.

2092 5394 2497 5503 (ὥῖίΓοιούτῳ.
2532 5430 2707 5487 Coisl.
2742 5432 2792 5498 1,
2822 5432 3061 5503 τοιοῦτο.

2089 5499 2201 5577 (21)
2252 5499 2539 5577 ’Ἀτεχνος
2593 5505 2727 5577 Reg.
2781 5503 2900 5570 bm,
2953 5500 3219 5573 ἔντεχνος.
3276 5499 3353 5551 Ad
3406 5512 3591 5569 marg.
3646 5513 3659 5551 :

2016 5594 2101 5650 γρ.
2137 5572 2505 5650 εὕτεχνοςᾷιαὶ
2543 5572 2935 5650 μηδὲίσκηνῆς,

2137 5594 2269 5629 ευτε’
2298 5595 2388 5634 νος
2419 5595 2505 5627 και
2543 5594 2681 5645 μηοε
2712 5594 2935 5642 σκηνης.

2110 5650 2199 5718 22)
2233 5594 2326 5706 έίς
2358 5646 2581 5718 πάντας.
2618 5647 2756 5718 Reg.
2792 5646 2893 5715 hu,
2925 5648 2982 5699 et
3011 5644 3105 5718 Or.
3142 5644 3200 5718 1,.
3226 5638 3300 5700 εἷς
3332 5658 3524 5693 παντα.

2110 5706 2201 5793 23)
2232 5717 2461 5792 Σεμνόν.
2496 5706 2635 5790 Reg.
2668 5706 2770 5787 h'u,
2803 5722 2860 5774 et
2881 5706 2985 5773 'Or.
3020 5717 3045 5770 1
3081 5706 3393 5784 σεϐάσμιον.
