4094 6212
393 380 547 441 1147

1631 385 1695 442 S.
1746 379 2117 442 GREGORII
2162 380 2557 441 THEULOGI

3646 384 3800 442 1146

393 513 773 584 accipiamus,
822 512 1347 583 quemadmodum,
1382 514 1479 585 qui
1539 515 1694 571 423
1745 514 1803 567 in
1865 527 2119 584 praeceps
2167 512 2454 578 feruntur,
2505 512 2864 584 propinquas
2921 515 3119 582 petras
3172 515 3273 568 aut
3330 512 3621 568 ﬁrmiores
3681 514 3801 568 fru-

392 604 591 660 tricas.

465 692 605 746 XIV.
639 690 855 745 Verum
890 692 1060 746 nobis
1083 692 1276 763 potius
1325 695 1649 748 curandum
1674 696 1815 760 erat,
1844 696 1909 746 ut
1937 707 2035 745 eos

2222 689 2418 744 ΙΔ¹Δέ
2571 688 2684 742 ἀ¹
2991 685 3178 742 “δ“
3282 688 3544 742 "1-"
3705 711 3728 725 ο

2305 732 2317 745 .
2424 710 2480 743 ον
2533 709 2810 749 κ-κεινους
2865 708 3039 742 ποιιιν
3136 709 3188 742 ιρι
3242 709 3340 757 της
3415 709 3587 743 αυιων
3624 691 3802 765 ἀπρα-

394 797 494 851 pcr
551 780 806 849 quietem
861 788 1116 835 nostram
1175 781 1586 837 imbecilliores
1644 782 2041 836 redderemus.

392 869 483 922 Sic
506 869 661 922 enim
698 870 910 924 rectius
935 870 1101 940 ipsis,
1137 888 1312 941 quam
1354 889 1456 942 pro
1498 872 1641 942 ipsis
1672 870 2043 936 dimicantes,

394 956 858 1012 consuleremus.
895 962 963 1012 At
988 977 1142 1013 nunc
1161 961 1279 1024 alii,
1315 976 1443 1015 mea
1465 960 1700 1030 quidem
1734 959 2047 1022 sententia,

394 1062 674 1116 perquam
711 1048 920 1102 misere
953 1065 1013 1102 se
1047 1049 1181 1103 belli
1210 1051 1399 1104 socios
1425 1048 1556 1104 aliis
1586 1049 1937 1119 adjungunt,
1991 1052 2047 1102 et

395 1135 656 1189 vicissim
709 1135 841 1189 belli
874 1139 1061 1190 socios
1113 1138 1428 1207 accipiunt,
1465 1139 1605 1192 adeo
1657 1143 1719 1190 ut
1763 1137 2044 1200 mundus,

398 1240 499 1294 qni
532 1224 811 1278 diuturno
861 1225 1056 1279 labore
1089 1225 1180 1279 vix
1210 1226 1442 1279 tandem
1494 1231 1551 1279 et
1599 1224 1908 1295 paulatim,
1944 1239 2045 1277 nec

401 1313 527 1366 sine
558 1312 878 1368 multorum
923 1315 1209 1383 sanguine
1240 1314 1516 1369 collectus
1548 1315 1754 1381 fuerat,
1787 1314 1846 1366 in
1897 1314 2046 1367 duas

390 1402 517 1470 jam
542 1401 863 1456 contrarias
886 1407 1081 1472 partes
1102 1404 1323 1457 divisus
1349 1403 1461 1457 sit:
1487 1402 1824 1472 quicunque
1851 1409 2044 1456 autem

403 1489 527 1560 paci
561 1491 1170 1561 student,mediosque
1193 1508 1253 1546 se
1278 1494 1644 1561 proﬁtentur,
1677 1492 1746 1545 ab
1781 1492 2046 1561 utrisque

402 1577 553 1632 male
586 1578 963 1641 mulctantur,
997 1584 1198 1649 utpote
1227 1579 1327 1649 qui
1359 1579 1443 1634 vel
1496 1579 1855 1648 contemptui
1906 1579 2042 1645 sint,

401 1665 491 1720 vel
523 1667 698 1720 etiam
729 1667 881 1721 bello
921 1666 1302 1722 lacessantur.
1335 1670 1380 1722 A
1411 1685 1528 1739 qua
1563 1673 1721 1737 parte
1753 1684 1886 1722 cum
1939 1683 2045 1722 nos

403 1772 636 1826 quoque
662 1756 943 1811 hodierno
975 1756 1066 1812 die
1091 1761 1337 1822 stemus,
1371 1757 1470 1827 qui
1520 1757 1639 1811 haec
1670 1756 2043 1827 reprehendi-

403 1861 558 1912 mus,
596 1861 660 1899 ac
682 1851 983 1914 propterea
1004 1846 1341 1901 cathedram
1370 1846 1707 1901 certaminis
1729 1853 1786 1900 et
1815 1845 2043 1899 invidiae

402 1930 634 2002 plenam
662 1932 1004 2000 accipimus,
1026 1932 1179 1986 haud
1203 1933 1539 1987 mirandum
1563 1932 1748 1996 erit,si
1772 1933 1842 1987 ab
1867 1932 2046 1986 utris-

2153 777 2434 852 γμοσ·3νης
2482 777 2910 850 ἀσθενεστέρους,
2962 776 3119 833 Οὕτω
3169 777 3271 851 γὰρ
3324 778 3381 831 ἂν
3434 777 3648 850 μᾶλλον
3706 780 3803 832 αὖ·

2153 871 2288 935 τοῖς,
2339 868 2373 934 ἢ
2433 870 2802 938 ποΛεμοῦντες
2855 866 2984 939 ὑπὲρ
3033 865 3204 920 αὐτῶν
3255 866 3640 941 ἐχαριζὸμεθα.
3696 872 3803 921 Νῦν

2157 951 2214 1008 δὲ
2262 956 2314 1008 οὶ
2361 957 2454 1026 μὲν
2507 959 2857 1029 συμμαχοῦσι
2913 955 3000 1009 καὶ
3057 959 3472 1029 συμμαχοῦνται
3518 959 3630 1028 (45)
3682 956 3802 1010 λίαν

2157 1042 2424 1113 ἐλεεινῶς,
2458 1045 2533 1104 ὡς
2562 1048 2690 1117 γοῦν
2723 1044 2845 1114 ἐμοὶ
2879 1041 3065 1098 δοκεῖ’
3101 1042 3239 1097 ὥστε
3275 1044 3364 1098 καὶ
3399 1045 3472 1104 εἷς
3524 1042 3618 1098 δύο
3675 1046 3802 1116 μοί-

2157 1153 2250 1206 ρας
2305 1132 2633 1194 ἀντιπάλους
2689 1130 2798 1202 ἤδη
2856 1133 2947 1186 τὸν
2999 1132 3202 1204 κόσμον
3261 1133 3647 1207 ἀποκριθῆναι,
3713 1135 3802 1186 καὶ

2153 1226 2314 1276 τοῦτο
2365 1221 2454 1275 σὺν
2506 1221 2658 1293 πόνῳ
2712 1221 2890 1296 μόγις,
2934 1221 3186 1277 καὶκατά
3222 1223 3408 1294 μικρὸν
3444 1223 3801 1296 συναχθέντα,

2155 1311 2243 1364 καὶ
2275 1309 2499 1365 πολλῶν
2553 1308 2791 1382 α’ίμασιν.
2841 1313 3006 1367 ’Ὸσον
3056 1307 3110 1364 δὲ
3161 1310 3427 1385 εἰρηνικόν
3475 1331 3534 1364 τε
3581 1311 3672 1363 καὶ
3707 1313 3803 1381 μέ·

2158 1420 2269 1470 σον,
2325 1399 2411 1453 ὑπ’
2460 1400 2781 1476 ἀμφοτέρων
2828 1399 3025 1473 πάσχει
3077 1403 3276 1469 κακῶς,
3340 1400 3375 1467 ἢ
3425 1399 3802 1475 καταφρονού-

2160 1509 2340 1561 μενον,
2373 1488 2409 1556 ἢ
2440 1486 2529 1541 καὶ
2578 1487 3016 1560 πολεμούμενον.
3063 1490 3158 1541 Ὧν
3204 1489 3292 1542 καὶ
3324 1490 3485 1559 ἡμεῖς
3519 1488 3670 1549 ὄντες
3703 1491 3804 1557 σή-

2160 1597 2320 1650 μερον
2355 1577 2405 1630 οἱ
2429 1581 2596 1630 ταῦτα
2624 1575 3072 1651 κατηγοροῦντες,
3103 1577 3192 1630 καὶ
3226 1574 3315 1631 διὰ
3341 1577 3507 1631 τοῦτο
3536 1579 3636 1645 τὴν
3668 1579 3804 1631 καθ-

2157 1663 2310 1741 έδραν
2361 1665 2560 1735 ταύτην
2608 1663 2909 1737 δεξαμενοι,
2957 1668 3056 1734 τὴν
3110 1665 3380 1741 ἐπίμαχον
3429 1667 3518 1719 καὶ
3577 1665 3805 1742 ἐπίφθο-

2155 1773 2291 1809 νον·
2351 1755 2652 1826 θαυμαστὸν
2714 1751 2893 1820 οὐδὲν,
2954 1753 2998 1808 εἶ
3060 1755 3146 1808 ὑπ’
3219 1754 3542 1831 ἀμφοτέρων
3619 1754 3804 1829 ἐκτρι-

2155 1837 2403 1914 ϐείημεν,
2445 1843 2535 1897 καὶ
2579 1843 2838 1914 σταίημεν
2897 1842 2958 1896 ἐκ
3010 1847 3106 1896 to?)
3145 1844 3308 1915 μέσου
3345 1843 3476 1915 μετὰ
3503 1842 3632 1903 τοὺς
3663 1842 3804 1898 πολ-

2157 1929 2290 1992 λοὺς
2321 1929 2552 2006 ἱδρῶτας
2583 1932 2672 1984 καὶ
2703 1930 2921 1999 πόνους,
2953 1929 3028 1983 'iv’
3057 1929 3273 2005 ἐγγύθεν
3324 1929 3610 1998 ἀλλήλους
3665 1931 3804 2004 βάλ-

401 2037 514 2090 que
545 2025 932 2089 conteramur,
966 2037 1032 2076 ac
1064 2026 1193 2089 post
1223 2021 1441 2076 multos
1472 2022 1700 2076 labores
1724 2027 1780 2075 et
1800 2023 2044 2076 sudores

2164 2016 2324 2090 λωσι,
2382 2040 2471 2073 και
2528 2019 2686 2074 παντὶ
2733 2023 2812 2090 τῷ
2858 2020 3036 2090 θυμῷ,
3091 2017 3318 2090 μηδενὸς
3361 2015 3516 2080 ὄντος
3566 2018 3617 2073 ἐν
3656 2020 3804 2092 μέσῳ

401 2109 472 2164 de
524 2109 711 2164 medio
762 2110 1254 2175 submoveamur;
1309 2117 1370 2164 ut
1417 2111 1647 2165 sublato
1699 2110 2044 2165 intermedio

403 2196 622 2269 pariete
675 2202 854 2268 atque
899 2199 1059 2253 omni
1111 2199 1555 2270 impedimento,
1604 2199 1874 2253 cominus
1921 2199 2048 2269 jam

399 2291 574 2356 atque
606 2287 765 2341 omni
798 2287 1130 2342 animorum
1165 2293 1389 2358 impetu
1421 2304 1549 2342 sese
1575 2293 1778 2342 mutuo
1810 2286 2050 2342 convul-

403 2382 628 2430 nerent.
661 2376 967 2431 Enimvero
1013 2376 1134 2432 haec
1185 2378 1388 2432 sedare
1420 2381 1595 2447 atque
1644 2377 2048 2447 comprimere,

404 2466 656 2520 maxime
703 2466 938 2536 quidem
991 2467 1087 2521 Dei
1137 2466 1328 2529 fuerit,
1376 2468 1476 2538 qui
1525 2466 1723 2520 omnia
1768 2471 2049 2535 tanquam

402 2553 654 2608 vinculis
712 2554 1070 2624 quibusdam
1125 2554 1526 2625 constringit;
1588 2553 1796 2608 deinde
1853 2557 2048 2607 autem

401 2644 577 2699 etiam
638 2643 946 2698 hominum
1001 2659 1222 2709 eorum,
1257 2643 1357 2712 qui
1407 2643 1774 2698 honestatem
1830 2642 2048 2711 colunt,

405 2737 580 2802 atque
610 2733 930 2786 concordiae
979 2733 1199 2787 bonum
1231 2732 1527 2802 cognitum
1576 2736 1634 2786 et
1682 2735 2052 2802 perspectum

405 2820 625 2874 habent
652 2837 665 2884 ;
689 2819 833 2874 illud
855 2819 1090 2888 quidem
1115 2821 1332 2875 bonum
1357 2837 1391 2875 a
1419 2819 1702 2875 Trinitate
1732 2820 2051 2890 exorditur,

403 2910 496 2966 cui
520 2910 662 2965 nihil
694 2926 858 2981 aque
901 2910 1202 2983 proprium
1252 2915 1361 2978 est,
1396 2926 1462 2965 ac
1493 2915 1713 2964 natura;
1746 2910 1963 2976 unitas,
1997 2913 2054 2964 et

403 3000 462 3054 in
497 3000 691 3071 seipsa
711 3000 1052 3067 concordia;
1073 3001 1244 3070 cujus
1267 2999 1401 3054 boni
1437 2999 1752 3070 participes
1783 3003 1925 3053 sunt
1955 3015 2052 3052 an-

400 3089 530 3157 geli,
582 3095 638 3144 et
683 3089 891 3144 divinaa
946 3094 1288 3160 potestates,
1340 3106 1467 3159 qum
1517 3093 1573 3142 et
1622 3104 1759 3143 cum
1809 3088 1947 3155 Deo,
1997 3092 2054 3141 et

397 3196 594 3234 secum
616 3179 855 3249 paciﬁce
879 3196 941 3233 se
959 3185 1170 3250 gerunt
1195 3196 1207 3244 ;
1233 3177 1603 3249 progreditur
1646 3176 1821 3232 etiam
1853 3177 1925 3231 ad
1960 3193 2052 3231 res

398 3283 602 3322 omnes
632 3273 876 3334 creatas,
912 3284 1164 3336 quarum
1194 3274 1606 3322 ornamentum
1632 3266 1691 3320 in
1745 3265 2053 3321 concordia

2163 2105 2608 2183 διατειχίσματος
2655 2108 2743 2162 καὶ
2801 2106 3152 2180 κωλύματος.
3229 2111 3403 2161 Ταῦτα
3460 2107 3551 2161 οὗν
3633 2109 3813 2182 ὁρίσαι

2158 2197 2249 2250 καὶ
2308 2204 2500 2265 στῆσαι
2561 2195 2795 2268 μάλιστα
2856 2197 2950 2268 μὶν
3010 2201 3142 2250 Θεοῦ
3189 2200 3290 2249 τοῦ
3335 2195 3506 2250 πάντα
3564 2193 3815 2250 συνδέον-

2157 2303 2285 2346 τος·
2348 2283 2530 2339 ἔπειτα
2578 2283 2634 2338 δὲ
2689 2285 2779 2339 καὶ
2837 2285 3156 2360 ἀνθρώπων,
3208 2283 3354 2346 ὅσοις
3404 2287 3516 2357 (46)
3546 2285 3608 2338 τὸ
3642 2285 3812 2339 καλὸν

2159 2371 2591 2445 διεσπνύδασται,
2625 2375 2714 2428 καὶ
2745 2374 2808 2428 τὸ
2836 2381 2939 2442 τῆς
2990 2374 3248 2447 ὁμονοίας
3298 2374 3490 2448 ἀγαθὸν
3543 2373 3812 2448 γνωρίζε-

2159 2483 2245 2516 ται
2272 2481 2285 2494 ⁶
2341 2463 2445 2517 ἀπὸ
2494 2464 2587 2535 μὲν
2631 2470 2730 2532 τῆς
2776 2460 3004 2535 Τριάδος
3047 2463 3338 2538 ἀρξάμενον
3389 2464 3524 2535 (47),
3555 2466 3624 2530 ἧς
3661 2460 3812 2516 οὐδὶν

2163 2552 2334 2613 οὕτως
2365 2549 2500 2606 ἴδιον
2534 2552 2607 2614 ὡς
2638 2553 2701 2606 τὸ
2757 2551 2811 2605 ἓν
2855 2556 2925 2624 τῇ
2974 2551 3150 2629 φύσει,
3198 2552 3287 2605 καὶ
3335 2552 3467 2624 πρὸς
3513 2552 3715 2620 taurina
3750 2551 3818 2605 εἲ-

2163 2647 2424 2716 ρηναῖον·
2498 2639 2837 2719 μεταληφθὶν
2912 2639 2969 2695 δὲ
3041 2641 3142 2695 ὑπὸ
3195 2645 3303 2694 τῶν
3358 2639 3670 2715 ἀγγελικιῖη
3728 2640 3812 2694 καὶ

2163 2728 2317 2793 θείων
2354 2728 2651 2801 δυνάμεων,
2681 2727 2736 2784 ατί
2765 2729 2852 2784 καὶ
2887 2730 3020 2804 πρὸς
3065 2730 3192 2784 Θεὸν
3237 2729 3324 2783 καὶ
3369 2731 3503 2804 πρὸς
3555 2727 3811 2799 ἀλλήλας

2161 2818 2450 2893 εἰρηνικῶς
2491 2815 2706 2894 ἔχουσι·
2766 2817 3032 2894 προελθὸν
3071 2815 3128 2872 δὲ
3160 2821 3271 2890 (48)
3305 2817 3467 2892 μέχρι
3500 2818 3684 2886 πάσης
3713 2825 3810 2884 τῆς

2158 2907 2406 2976 κτίσεως,
2455 2910 2519 2976 ἧς
2577 2907 2784 2979 κόσμος
2840 2908 2899 2961 τὸ
2948 2907 3295 2961 ἀστασίαστον
3326 2926 3338 2937 °
3373 2907 3424 2960 ὲν
3453 2909 3588 2976 ἡμῖν
3623 2905 3682 2960 δὲ
3715 2929 3812 2960 πο-

2162 2995 2543 3068 λιτευσάμενον
2586 2998 2720 3069 (49),
2771 2997 2906 3050 κατὰ
2957 2996 3052 3067 μὶν
3100 2996 3283 3070 ψυχήν
3328 2999 3395 3068 τῇ
3444 2999 3552 3049 τῶν
3609 2995 3810 3069 ἀρετῶν

2161 3083 2614 3154 ἀντακολουθήσει
2665 3085 2753 3138 καὶ
2801 3085 3076 3156 κοινωνίᾳ,
3127 3085 3261 3138 κατὰ
3309 3081 3367 3138 δὲ
3398 3088 3554 3155 σῶμα
3582 3088 3656 3156 τῇ
3705 3088 3809 3137 τῶν

2167 3173 2346 3247 μελῷν
2376 3175 2411 3242 ἢ
2459 3178 2566 3228 τῶν
2616 3173 2903 3249 στοιχείων
2946 3173 3080 3248 πρὸς
3111 3171 3334 3242 ἄλληλα
3365 3171 3700 3244 εὐαρμοστίᾳ
3726 3171 3811 3226 καὶ

2162 3261 2503 3336 συμμετρίᾳ⁹
2540 3263 2613 3316 ὧν
2644 3263 2706 3316 τὸ
2740 3263 2832 3334 μὶν
2883 3261 3111 3334 κάλλος,
3157 3260 3218 3316 τὸ
3270 3261 3329 3317 δὲ
3376 3261 3554 3336 ὑγίεια
3596 3260 3711 3315 ἔστι
3760 3282 3815 3314 τε

399 3355 580 3408 situm
604 3360 730 3421 est;
756 3357 910 3425 apud
939 3373 1044 3410 nos
1089 3355 1342 3426 denique
1390 3361 1676 3423 versatur,
1709 3355 1899 3425 quoad
1933 3355 2049 3409 ani-

2164 3351 2252 3406 καὶ
2288 3351 2632 3423 ὀνομάζεται.

401 3457 554 3496 mam
589 3442 826 3511 quidem
872 3460 974 3514 per
1021 3449 1295 3497 mutuum
1329 3443 1617 3497 virtutum
1648 3443 1991 3497 comitatum
2022 3446 2078 3497 et
2108 3443 2477 3508 societatem;
2511 3442 2700 3512 quoad
2751 3458 2962 3512 corpus
3005 3446 3223 3507 autem,
3257 3458 3360 3512 per
3406 3440 3812 3497 membrorum

400 3533 502 3584 aut
532 3529 954 3584 elementorum
987 3531 1138 3584 inter
1170 3547 1232 3585 se
1258 3530 1716 3585 concinnitatem
1750 3535 1923 3601 atque
1954 3531 2407 3602 proportionem,
2432 3546 2680 3600 quarum
2713 3530 2893 3585 altera
2924 3529 3320 3601 pulchritudo,
3346 3528 3529 3585 altera
3559 3530 3814 3596 sanitas,

398 3623 456 3672 et
483 3622 592 3682 est,
626 3621 682 3672 et
711 3616 1057 3689 appellatur.

470 3701 588 3758 XV.
620 3703 960 3773 Quanquam
1013 3707 1209 3759 autem
1241 3703 1386 3759 illud
1441 3721 1674 3776 quoque
1720 3704 2049 3760 Salomonis

399 3791 728 3862 praedicem,
773 3791 894 3863 qui,
929 3797 994 3848 ut
1038 3791 1170 3848 aliis
1219 3793 1495 3849 omnibus
1543 3794 1741 3858 rebus,
1775 3795 1855 3849 ita
1901 3793 2051 3849 bello

397 3880 570 3935 etiam
593 3897 658 3935 ac
707 3881 836 3953 paci
884 3886 1119 3953 tempus
1169 3883 1474 3951 statuit”;
1501 3883 1608 3938 hoc
1639 3900 1822 3938 unum
1855 3891 2051 3938 tamen

401 3971 492 4040 adj
506 3971 1013 4041 iciam,utriusque
1027 3971 1262 4042 quidem
1279 3972 1360 4027 rei
1373 3977 1486 4027 tem
1499 3989 1608 4043 pus
1621 3972 2050 4027 observandum

399 4075 529 4114 esse
559 4059 1083 4130 (quandoquidem,
1110 4062 1279 4130 juxta
1325 4060 1484 4114 illius
1515 4060 1704 4133 legem
1730 4065 1787 4116 et
1825 4078 2052 4116 sermo-

404 4165 562 4214 nem,
589 4148 831 4205 honeste
862 4148 1152 4204 interdum
1191 4148 1407 4204 bellum
1433 4150 1554 4221 geri
1579 4150 1811 4220 potest),
1844 4167 2051 4220 quam-

401 4236 501 4290 diu
534 4242 727 4293 autem
757 4236 912 4302 licet,
945 4237 1353 4309 propensiores
1385 4240 1454 4293 ad
1491 4255 1690 4310 pacem
1722 4255 1850 4294 esse
1879 4240 2050 4294 debe-

403 4324 672 4390 mus,hoc
702 4326 860 4380 enim
893 4325 1206 4381 sublimius
1231 4336 1320 4381 est
1349 4333 1405 4381 et
1431 4327 2050 4382 divinius.Absurdum

403 4414 621 4484 quippe
683 4414 858 4469 fuerit
916 4414 1270 4482 existimare,
1332 4416 1702 4471 concordiam
1780 4416 2052 4487 privatim

402 4501 641 4572 quidem
693 4503 976 4572 optimam
1012 4504 1168 4559 424
1217 4519 1338 4559 rem
1372 4519 1522 4571 esse,
1577 4510 1634 4559 at
1661 4505 1889 4575 publice
1938 4521 2050 4559 non

405 4590 647 4662 perinde
680 4589 877 4646 utilem
913 4597 969 4645 et
1000 4593 1360 4646 fructuosam
1394 4607 1406 4645 :
1443 4608 1508 4648 ac
1540 4594 1780 4648 domum
1813 4595 2052 4665 quidem

403 4678 564 4735 illam
596 4683 652 4735 et
682 4679 971 4735 civitatem
1005 4681 1221 4752 optime
1251 4682 1722 4752 gubernari,quae
1754 4681 1840 4737 vel
1875 4681 2053 4738 nullis

2233 3705 2334 3760 IE'.
2382 3705 2599 3760 Επαινῶ
2643 3705 2754 3776 (50)
2799 3699 2855 3757 δὲ
2905 3702 3075 3779 ἆγωγε
3118 3701 3206 3757 καὶ
3262 3703 3326 3757 τὸ
3372 3706 3468 3756 τοῦ
3504 3699 3816 3774 Σολομῶν-

2158 3813 2274 3860 τος,
2341 3791 2521 3868 ὥσπερ
2578 3792 2737 3847 παντὶ
2795 3793 3092 3868 πράγματι,
3154 3790 3298 3846 οὕτω
3331 3789 3387 3845 δὲ
3415 3791 3506 3845 καὶ
3572 3791 3818 3862 πολέμῳ

2159 3881 2247 3934 καὶ
2291 3880 2478 3955 εἰρήνῃ
2525 3879 2920 3953 νομοθετοῦτος
2978 3880 3186 3954 καιρόν.
3247 3883 3451 3935 Ἐκεῖνο
3509 3882 3818 3954 προσθήσω

2166 3969 2328 4042 μόνον
2361 3969 2683 4047 ἀμφοτᾶρων
2743 3970 2836 4041 μὶν
2884 3972 2975 4024 τὸν
3034 3969 3218 4045 καιρὸν
3277 3969 3569 4043 τηρητέον,
3619 3966 3816 4036 ἔπειδή

2159 4059 2247 4112 καὶ
2277 4057 2538 4130 πολεμεῖν
2568 4055 2677 4112 ἔστι
2728 4059 2859 4114 ποτὶ
2914 4063 3096 4120 καλῶς
3143 4060 3254 4130 (51)
3299 4058 3434 4111 κατὰ
3473 4058 3566 4112 τὸν
3604 4056 3818 4111 ἐκείνου

2159 4147 2325 4220 νόμον
2386 4147 2474 4201 καὶ
2533 4145 2701 4221 λόγον
2729 4169 2740 4180 ·
2797 4145 2900 4209 ἓως
2959 4145 3004 4202 δ’
3053 4146 3109 4201 ἂν
3144 4146 3253 4221 ἐξῇ,
3284 4148 3420 4219 πρὸς
3450 4147 3548 4214 τήν
3586 4147 3817 4221 εἰρήνην

2166 4234 2377 4308 μᾶλλον
2425 4234 2789 4289 ἀποκλιτὲον’
2857 4240 3018 4289 τοῦτο
3075 4235 3176 4310 γὰρ
3237 4234 3576 4309 ὑψηλότερά-θ
3635 4256 3699 4288 τε
3731 4236 3821 4288 καὶ

2163 4321 2580 4400 θεοειδέστερον.
2642 4326 2728 4386 Ὦς
2781 4323 2919 4379 ἔστιν
2976 4321 3198 4396 ἄτοπον,
3267 4321 3376 4395 ἰδίᾳ
3434 4324 3528 4395 μὲν
3589 4323 3818 4398 ἄριστον

2165 4409 2568 4485 ὑπολαμϐάνειν
2630 4415 2691 4467 τὸ
2749 4413 3033 4486 ὁμονοίας,
3102 4410 3340 4485 δημοσίᾳ
3397 4410 3452 4466 δὲ
3514 4413 3592 4484 μη
3659 4413 3821 4468 λυσι-

2161 4500 2502 4559 τελέστατον.
2536 4501 2632 4556 Καὶ
2665 4502 2834 4558 οὶκίαν
2881 4503 2974 4575 μὲν
3027 4502 3113 4556 καὶ
3157 4501 3317 4557 πόλιν
3365 4500 3566 4571 ταύτην
3621 4500 3821 4575 ἄριστα

2164 4589 2499 4660 διοικεῖσθαι,
2560 4593 2680 4661 ἣτις
2730 4591 2788 4646 ἂν
2855 4589 3024 4664 μηδὲν
3078 4591 3112 4660 ἧ
3175 4591 3248 4652 ὡς
3285 4589 3548 4665 ἇλάχιστα
3596 4597 3826 4646 nasca-

2167 4686 2228 4755 ζῃ
2284 4683 2397 4754 (52)
2454 4681 2590 4756 πρὸς
2648 4680 2861 4749 ἑαυτὴν,
2921 4682 2955 4750 ἡ
3009 4685 3169 4735 τοῦτο
3225 4681 3530 4754 πάσχουσα,
3575 4682 3820 4754 τάχιστα

402 4767 662 4839 omnino,
686 4768 773 4824 vel
798 4775 951 4825 certe
981 4769 1245 4825 minimis
1274 4770 1537 4826 dissidiis
1587 4771 1829 4837 laboret,
1857 4777 1960 4826 aut
1991 4771 2039 4827 si

2167 4767 2352 4842 ἐπανίῃ
2383 4772 2494 4842 (53)
2522 4769 2611 4823 καὶ
2662 4768 3058 4844 θεραπεύηται·
3109 4773 3188 4840 τῷ
3237 4765 3292 4822 δὲ
3340 4772 3508 4839 κοινῷ
3555 4775 3665 4836 τῆς
3701 4773 3822 4824 Ἐκ-

400 4856 641 4926 laboret,
675 4858 1117 4929 quamprimum
1144 4859 1216 4915 ad
1267 4875 1330 4915 se
1358 4860 1579 4926 redeat,
1631 4861 1952 4931 morboque
1981 4860 2051 4914 li-

470 4999 514 5036 ⁹³
542 4998 728 5057 Eccle.
760 5017 845 5070 ιιι,
876 4999 930 5058 8.

473 5146 586 5218 (45)
616 5145 981 5217 Συμμαχοῦσι
1028 5141 1119 5197 καὶ
1140 5145 1608 5218 Ασυμμαχοῦνται.
1659 5142 1885 5218 Βίῌλίυε,
1915 5165 1936 5195 ι
1971 5143 2055 5199 si-

402 5217 524 5273 mul
567 5215 930 5289 [augmenta—et
976 5215 1156 5272 simul
1203 5215 1638 5289 oppugnantur.
1670 5237 1699 5266 n
1731 5215 1856 5270 Non
1904 5220 2055 5289 recte

402 5288 670 5378 αυίάέωέ
699 5289 1132 5378 Ειθοὲπξ,γοφίβ
1179 5288 1543 5378 Graecas?
1575 5293 1664 5378 et
1689 5303 1827 5378 rere
1872 5288 2051 5378 satis»

399 5358 727 5436 συμμαχίω,
764 5383 791 5411 ‹‹
843 5376 1007 5414 arma
1055 5360 1348 5430 consocio,
1399 5375 1530 5414 sum
1581 5358 1638 5412 in
1689 5358 1821 5414 belli
1872 5359 2052 5414 socie-

399 5437 546 5495 tate;
575 5433 1059 5505 »euppaxoﬁpm,
1088 5453 1109 5482 ι
1141 5432 1272 5505 belli
1308 5431 1495 5505 socios
1527 5431 1729 5486 habeo.
1762 5453 1788 5479 »
1818 5434 1947 5485 Haec
1979 5432 2051 5485 ad

399 5503 840 5558 Antiochenum'
865 5504 1124 5558 schisma
1155 5503 1354 5556 referri
1385 5503 1674 5556 videntur.

473 5575 582 5644 (46)
617 5577 819 5644 ”Οσοις,
855 5574 990 5645 Reg.
1026 5576 1214 5645 Cypr.,
1249 5579 1304 5626 et
1337 5574 1433 5645 hu,
1469 5574 1571 5631 οἷς.

618 5644 1133 5727 ᾋρξέμενονξιῆείε.
1167 5646 1362 5717 Cypr.,
1400 5644 1730 5727 ἀρχόμενον.

503 5713 590 5784 48)
623 5713 892 5785 Προελθὸν
945 5715 1022 5772 δέ.
1055 5713 1148 5774 Sic
1207 5713 1311 5774 nos
1368 5713 1509 5776 cum
1551 5713 1696 5789 'Reg.
1747 5715 1848 5774 hu.
1899 5715 2054 5774 Editi

2160 4856 2390 4928 κλησίας
2447 4855 2590 4913 ἄλλο
2644 4878 2696 4912 τι
2755 4856 2969 4932 βᾶλτιον
3029 4859 3162 4912 εἶναι
3219 4857 3307 4911 καὶ
3338 4854 3819 4933 πρεπωδέστερον.

2164 5144 2446 5200 omittunt
2475 5139 2552 5198 δέ.
2583 5143 2742 5199 EDI'r.

2379 5211 2864 5287 Πολιτευσάμενον.
2924 5215 3065 5286 Reg.
3123 5213 3223 5279 hu.
3276 5219 3335 5270 et
3390 5215 3485 5270 0r.
3541 5217 3596 5283 1,
3658 5215 3822 5270 πολι-

2163 5286 2286 5340 τευό
2295 5305 2470 5358 μενον.

2333 5360 2348 5498 l

2382 5358 2648 5430 Ἐπαινῶἒ
2673 5359 2808 5430 Reg.
2842 5357 2946 5421 hu,
2999 5354 3254 5413 ἆπαινῶν.

2235 5425 2347 5501 (51)
2381 5425 2594 5488 Καλῶς.
2628 5425 2801 5485 Deest
2831 5430 2887 5484 in
2925 5430 3060 5499 Reg.
3094 5430 3216 5501 bm.

2381 5503 2666 5572 Στασιάζῃ.
2704 5501 2841 5572 Reg.
2878 5501 2978 5566 hu,
3009 5497 3071 5555 et
3100 5499 3193 5555 Or.
3230 5500 3279 5572 1,
3313 5497 3610 5566 στασιάζοι.

2235 5575 2345 5641 (53)
2407 5571 2650 5641 Ἐπανίῃ.
2705 5571 2811 5626 εἰσί
2862 5589 2968 5628 nos
3027 5588 3158 5626 cum
3219 5571 3315 5626 0r.
3378 5573 3427 5625 1.
3491 5572 3630 5641 Reg.
3700 5573 3812 5639 bin,

2235 5592 2345 5641 (οδ)
2426 5592 2650 5633 ιπανιη.
2705 5592 2795 5626 διο
2862 5592 2968 5628 nos
3027 5592 3158 5626 cum
3219 5592 3315 5626 ur.
3378 5592 3429 5654 1ἶ
3467 5592 3570 5652 ,ηεξ
3619 5613 3630 5623 .
3702 5592 3812 5639 om,

2164 5639 2392 5716 ξπινείῃ.
2449 5592 2630 5716 Αριιέ
2678 5644 2950 5713 Montac.,
3010 5641 3268 5715 ἔπανήκῃ.
3329 5643 3519 5715 Edltl,
3574 5592 3813 5697 ῗπανὲοι.

2162 5713 2322 5775 Enrr.
