  <div class='ocr_page' id='page_1' title='image "/cluster/home/n/w/nwhite01/storage/ocr_20150623/35/hvd.32044054100326/580.png"; bbox 0 0 4094 6212; ppageno 0'>
   <div class='ocr_carea' id='block_1_1' title="bbox 286 410 440 473">
    <p class='ocr_par' dir='ltr' id='par_1_1' title="bbox 286 410 440 473">
     <span class='ocr_line' id='line_1_1' title="bbox 286 410 440 473; baseline 0 0"><span class='ocrx_word' id='word_1_1' title='bbox 286 410 440 473; x_wconf 78' lang='grc'>1149</span> 
     </span>
    </p>
   </div>
   <div class='ocr_carea' id='block_1_2' title="bbox 1437 413 2567 478">
    <p class='ocr_par' dir='ltr' id='par_1_2' title="bbox 1437 413 2567 478">
     <span class='ocr_line' id='line_1_2' title="bbox 1437 413 2567 478; baseline -0.001 -2"><span class='ocrx_word' id='word_1_2' title='bbox 1437 414 1729 478; x_wconf 77' lang='lat' dir='ltr'><strong>ORATIO</strong></span> <span class='ocrx_word' id='word_1_3' title='bbox 1772 414 1959 476; x_wconf 83' lang='lat' dir='ltr'><strong>XXII.</strong></span> <span class='ocrx_word' id='word_1_4' title='bbox 1992 446 2071 459; x_wconf 94' lang='lat'><strong><em>—</em></strong></span> <span class='ocrx_word' id='word_1_5' title='bbox 2100 414 2201 475; x_wconf 88' lang='lat' dir='ltr'><strong>DE</strong></span> <span class='ocrx_word' id='word_1_6' title='bbox 2245 413 2445 474; x_wconf 86' lang='lat' dir='ltr'><strong>PACE</strong></span> <span class='ocrx_word' id='word_1_7' title='bbox 2490 414 2567 475; x_wconf 88' lang='lat' dir='ltr'><strong>II.</strong></span> 
     </span>
    </p>
   </div>
   <div class='ocr_carea' id='block_1_3' title="bbox 3530 419 3688 482">
    <p class='ocr_par' dir='ltr' id='par_1_3' title="bbox 3530 419 3688 482">
     <span class='ocr_line' id='line_1_3' title="bbox 3530 419 3688 482; baseline 0.025 -4"><span class='ocrx_word' id='word_1_8' title='bbox 3530 419 3688 482; x_wconf 77' lang='grc'>1150</span> 
     </span>
    </p>
   </div>
   <div class='ocr_carea' id='block_1_4' title="bbox 284 538 1925 623">
    <p class='ocr_par' dir='ltr' id='par_1_4' title="bbox 284 538 1925 622">
     <span class='ocr_line' id='line_1_4' title="bbox 284 538 1925 622; baseline 0 -24"><span class='ocrx_word' id='word_1_9' title='bbox 284 541 382 598; x_wconf 83' lang='grc' dir='ltr'>Καὶ</span> <span class='ocrx_word' id='word_1_10' title='bbox 413 540 573 597; x_wconf 77' lang='grc' dir='ltr'>αὐτὸν</span> <span class='ocrx_word' id='word_1_11' title='bbox 628 541 715 614; x_wconf 68' lang='grc' dir='ltr'>μὲι</span> <span class='ocrx_word' id='word_1_12' title='bbox 744 538 991 614; x_wconf 69' lang='grc' dir='ltr'>ἕκαστον,</span> <span class='ocrx_word' id='word_1_13' title='bbox 1024 540 1173 606; x_wconf 75' lang='grc' dir='ltr'>ὅπως</span> <span class='ocrx_word' id='word_1_14' title='bbox 1225 543 1283 599; x_wconf 73' lang='grc' dir='ltr'><strong>ἂν</strong></span> <span class='ocrx_word' id='word_1_15' title='bbox 1342 546 1477 622; x_wconf 87' lang='grc' dir='ltr'>πρὸς</span> <span class='ocrx_word' id='word_1_16' title='bbox 1535 545 1722 601; x_wconf 65' lang='grc' dir='ltr'>ἑαυτὸν</span> <span class='ocrx_word' id='word_1_17' title='bbox 1781 543 1925 621; x_wconf 74' lang='grc' dir='ltr'>εῗρή-</span> 
     </span>
    </p>
   </div>
   <div class='ocr_carea' id='block_1_5' title="bbox 2042 538 3686 623">
    <p class='ocr_par' dir='ltr' id='par_1_5' title="bbox 2042 544 3686 623">
     <span class='ocr_line' id='line_1_5' title="bbox 2042 544 3686 623; baseline 0.002 -22"><span class='ocrx_word' id='word_1_18' title='bbox 2042 545 2310 614; x_wconf 83' lang='lat' dir='ltr'><strong>beretur;</strong></span> <span class='ocrx_word' id='word_1_19' title='bbox 2334 544 2666 618; x_wconf 68' lang='lat' dir='ltr'><strong>reipublicm</strong></span> <span class='ocrx_word' id='word_1_20' title='bbox 2690 549 2881 603; x_wconf 84' lang='lat' dir='ltr'><strong>autem</strong></span> <span class='ocrx_word' id='word_1_21' title='bbox 2905 546 3309 604; x_wconf 76' lang='lat' dir='ltr'><strong>ecclesiasticae</strong></span> <span class='ocrx_word' id='word_1_22' title='bbox 3334 547 3491 605; x_wconf 91' lang='lat' dir='ltr'><strong>allud</strong></span> <span class='ocrx_word' id='word_1_23' title='bbox 3516 550 3686 623; x_wconf 83' lang='lat' dir='ltr'><strong>quid-</strong></span> 
     </span>
    </p>
   </div>
   <div class='ocr_carea' id='block_1_6' title="bbox 277 628 1928 709">
    <p class='ocr_par' dir='ltr' id='par_1_6' title="bbox 277 628 1928 709">
     <span class='ocr_line' id='line_1_6' title="bbox 277 628 1928 709; baseline 0 -21"><span class='ocrx_word' id='word_1_24' title='bbox 277 631 426 706; x_wconf 80' lang='grc' dir='ltr'>νεύῃ,</span> <span class='ocrx_word' id='word_1_25' title='bbox 492 628 809 701; x_wconf 78' lang='grc' dir='ltr'>σπουδάζειν</span> <span class='ocrx_word' id='word_1_26' title='bbox 878 633 1091 709; x_wconf 77' lang='grc' dir='ltr'>(εἰρήνη</span> <span class='ocrx_word' id='word_1_27' title='bbox 1154 630 1211 689; x_wconf 73' lang='grc' dir='ltr'>δὲ</span> <span class='ocrx_word' id='word_1_28' title='bbox 1266 636 1327 689; x_wconf 84' lang='grc' dir='ltr'>τὸ</span> <span class='ocrx_word' id='word_1_29' title='bbox 1385 638 1491 708; x_wconf 79' lang='grc'>(54)</span> <span class='ocrx_word' id='word_1_30' title='bbox 1535 642 1652 700; x_wconf 85' lang='grc' dir='ltr'>καθ’</span> <span class='ocrx_word' id='word_1_31' title='bbox 1710 633 1928 690; x_wconf 74' lang='grc' dir='ltr'>ἕκαστον</span> 
     </span>
    </p>
   </div>
   <div class='ocr_carea' id='block_1_7' title="bbox 284 720 1932 799">
    <p class='ocr_par' dir='ltr' id='par_1_7' title="bbox 284 720 1932 799">
     <span class='ocr_line' id='line_1_7' title="bbox 284 720 1932 799; baseline 0.001 -23"><span class='ocrx_word' id='word_1_32' title='bbox 284 721 513 797; x_wconf 71' lang='grc' dir='ltr'>αἱρετὸν,</span> <span class='ocrx_word' id='word_1_33' title='bbox 562 720 651 775; x_wconf 81' lang='grc' dir='ltr'>καὶ</span> <span class='ocrx_word' id='word_1_34' title='bbox 697 722 731 791; x_wconf 74' lang='grc' dir='ltr'>ἡ</span> <span class='ocrx_word' id='word_1_35' title='bbox 772 721 909 777; x_wconf 77' lang='grc' dir='ltr'>κατὰ</span> <span class='ocrx_word' id='word_1_36' title='bbox 955 727 1063 778; x_wconf 89' lang='grc' dir='ltr'><strong>τῶν</strong></span> <span class='ocrx_word' id='word_1_37' title='bbox 1113 728 1300 787; x_wconf 87' lang='grc' dir='ltr'>παθῶν</span> <span class='ocrx_word' id='word_1_38' title='bbox 1334 721 1671 795; x_wconf 83' lang='grc' dir='ltr'>δεσποτεία)⁶</span> <span class='ocrx_word' id='word_1_39' title='bbox 1705 725 1841 799; x_wconf 86' lang='grc' dir='ltr'>πρὸς</span> <span class='ocrx_word' id='word_1_40' title='bbox 1874 721 1932 778; x_wconf 81' lang='grc' dir='ltr'>δὶ</span> 
     </span>
    </p>
   </div>
   <div class='ocr_carea' id='block_1_8' title="bbox 280 808 1930 890">
    <p class='ocr_par' dir='ltr' id='par_1_8' title="bbox 280 808 1930 890">
     <span class='ocr_line' id='line_1_8' title="bbox 280 808 1930 890; baseline 0.001 -26"><span class='ocrx_word' id='word_1_41' title='bbox 280 808 406 872; x_wconf 77' lang='grc' dir='ltr'>τοὺς</span> <span class='ocrx_word' id='word_1_42' title='bbox 440 808 647 872; x_wconf 80' lang='grc' dir='ltr'>ἄλλους</span> <span class='ocrx_word' id='word_1_43' title='bbox 682 811 757 883; x_wconf 84' lang='grc' dir='ltr'>μή</span> <span class='ocrx_word' id='word_1_44' title='bbox 790 811 882 866; x_wconf 83' lang='grc' dir='ltr'>τὸν</span> <span class='ocrx_word' id='word_1_45' title='bbox 934 811 1093 867; x_wconf 83' lang='grc' dir='ltr'>αὐτὸν</span> <span class='ocrx_word' id='word_1_46' title='bbox 1148 812 1445 890; x_wconf 78' lang='grc' dir='ltr'>φαίνεσθαι,</span> <span class='ocrx_word' id='word_1_47' title='bbox 1497 812 1624 868; x_wconf 87' lang='grc' dir='ltr'>ἀλλ’</span> <span class='ocrx_word' id='word_1_48' title='bbox 1680 816 1930 887; x_wconf 79' lang='grc' dir='ltr'>ἡγεῖσθαι</span> 
     </span>
    </p>
   </div>
   <div class='ocr_carea' id='block_1_9' title="bbox 286 897 1929 973">
    <p class='ocr_par' dir='ltr' id='par_1_9' title="bbox 286 897 1929 973">
     <span class='ocr_line' id='line_1_9' title="bbox 286 897 1929 973; baseline 0.002 -19"><span class='ocrx_word' id='word_1_49' title='bbox 286 897 439 969; x_wconf 80' lang='grc' dir='ltr'>δόξαν</span> <span class='ocrx_word' id='word_1_50' title='bbox 499 900 712 973; x_wconf 65' lang='grc' dir='ltr'>ἑαυτοῦ,</span> <span class='ocrx_word' id='word_1_51' title='bbox 758 901 857 969; x_wconf 84' lang='grc' dir='ltr'><strong>τήν</strong></span> <span class='ocrx_word' id='word_1_52' title='bbox 915 906 1012 957; x_wconf 88' lang='grc' dir='ltr'><strong>τοῦ</strong></span> <span class='ocrx_word' id='word_1_53' title='bbox 1068 901 1298 973; x_wconf 83' lang='grc' dir='ltr'>κλησίον</span> <span class='ocrx_word' id='word_1_54' title='bbox 1348 901 1662 960; x_wconf 86' lang='grc' dir='ltr'>κατάλυσιν.</span> <span class='ocrx_word' id='word_1_55' title='bbox 1707 902 1807 959; x_wconf 82' lang='grc' dir='ltr'><strong>Καὶ</strong></span> <span class='ocrx_word' id='word_1_56' title='bbox 1837 902 1929 957; x_wconf 82' lang='grc' dir='ltr'><strong>τὸν</strong></span> 
     </span>
    </p>
   </div>
   <div class='ocr_carea' id='block_1_10' title="bbox 285 985 1930 1067">
    <p class='ocr_par' dir='ltr' id='par_1_10' title="bbox 285 985 1930 1067">
     <span class='ocr_line' id='line_1_10' title="bbox 285 985 1930 1067; baseline 0.002 -25"><span class='ocrx_word' id='word_1_57' title='bbox 285 987 377 1061; x_wconf 72' lang='grc' dir='ltr'>μὲν</span> <span class='ocrx_word' id='word_1_58' title='bbox 438 985 565 1043; x_wconf 81' lang='grc' dir='ltr'><strong>Θεὸν</strong></span> <span class='ocrx_word' id='word_1_59' title='bbox 624 988 833 1066; x_wconf 79' lang='grc' dir='ltr'>ἀφιέναι</span> <span class='ocrx_word' id='word_1_60' title='bbox 888 993 998 1063; x_wconf 88' lang='grc'>(55)</span> <span class='ocrx_word' id='word_1_61' title='bbox 1054 989 1295 1046; x_wconf 73' lang='grc' dir='ltr'><strong>κελεύειν</strong></span> <span class='ocrx_word' id='word_1_62' title='bbox 1362 993 1454 1046; x_wconf 78' lang='grc' dir='ltr'><strong>καὶ</strong></span> <span class='ocrx_word' id='word_1_63' title='bbox 1512 997 1628 1053; x_wconf 88' lang='grc' dir='ltr'>τοῖς</span> <span class='ocrx_word' id='word_1_64' title='bbox 1689 990 1930 1067; x_wconf 85' lang='grc' dir='ltr'>ἁμαρτά-</span> 
     </span>
    </p>
   </div>
   <div class='ocr_carea' id='block_1_11' title="bbox 278 1076 1933 1152">
    <p class='ocr_par' dir='ltr' id='par_1_11' title="bbox 278 1076 1933 1152">
     <span class='ocr_line' id='line_1_11' title="bbox 278 1076 1933 1152; baseline 0.003 -22"><span class='ocrx_word' id='word_1_65' title='bbox 278 1097 457 1131; x_wconf 85' lang='grc' dir='ltr'>νουσιν</span> <span class='ocrx_word' id='word_1_66' title='bbox 508 1076 583 1139; x_wconf 73' lang='lat' dir='ltr'><strong>sic</strong></span> <span class='ocrx_word' id='word_1_67' title='bbox 637 1080 807 1150; x_wconf 80' lang='grc' dir='ltr'>ἡμᾶς,</span> <span class='ocrx_word' id='word_1_68' title='bbox 866 1081 940 1152; x_wconf 76' lang='grc' dir='ltr'>μὴ</span> <span class='ocrx_word' id='word_1_69' title='bbox 976 1078 1058 1134; x_wconf 75' lang='grc' dir='ltr'><strong>ὅτι</strong></span> <span class='ocrx_word' id='word_1_70' title='bbox 1091 1080 1333 1149; x_wconf 68' lang='grc' dir='ltr'>ἑπτάκις,</span> <span class='ocrx_word' id='word_1_71' title='bbox 1363 1080 1510 1136; x_wconf 76' lang='grc' dir='ltr'>ἀλλὰ</span> <span class='ocrx_word' id='word_1_72' title='bbox 1539 1080 1629 1135; x_wconf 77' lang='grc' dir='ltr'>καί</span> <span class='ocrx_word' id='word_1_73' title='bbox 1658 1078 1933 1143; x_wconf 80' lang='grc' dir='ltr'>πολλάκις</span> 
     </span>
    </p>
   </div>
   <div class='ocr_carea' id='block_1_12' title="bbox 276 1166 1930 1247">
    <p class='ocr_par' dir='ltr' id='par_1_12' title="bbox 276 1166 1930 1247">
     <span class='ocr_line' id='line_1_12' title="bbox 276 1166 1930 1247; baseline 0.004 -27"><span class='ocrx_word' id='word_1_74' title='bbox 276 1170 553 1235; x_wconf 85' lang='grc' dir='ltr'>τοσοῦτον,</span> <span class='ocrx_word' id='word_1_75' title='bbox 599 1166 676 1228; x_wconf 84' lang='grc' dir='ltr'><strong>ὡς</strong></span> <span class='ocrx_word' id='word_1_76' title='bbox 717 1172 816 1221; x_wconf 90' lang='grc' dir='ltr'><strong>τοῦ</strong></span> <span class='ocrx_word' id='word_1_77' title='bbox 866 1167 1078 1245; x_wconf 75' lang='grc' dir='ltr'>ἀφιέναι</span> <span class='ocrx_word' id='word_1_78' title='bbox 1121 1169 1184 1223; x_wconf 86' lang='grc' dir='ltr'>τὸ</span> <span class='ocrx_word' id='word_1_79' title='bbox 1233 1168 1481 1247; x_wconf 77' lang='grc' dir='ltr'>ἀφίεσθαι</span> <span class='ocrx_word' id='word_1_80' title='bbox 1528 1169 1930 1245; x_wconf 76' lang='grc' dir='ltr'>προξενοῦντος.</span> 
     </span>
    </p>
   </div>
   <div class='ocr_carea' id='block_1_13' title="bbox 280 1252 1933 1333">
    <p class='ocr_par' dir='ltr' id='par_1_13' title="bbox 280 1252 1933 1333">
     <span class='ocr_line' id='line_1_13' title="bbox 280 1252 1933 1333; baseline 0.002 -24"><span class='ocrx_word' id='word_1_81' title='bbox 280 1257 427 1328; x_wconf 74' lang='grc' dir='ltr'>ἡμᾶς</span> <span class='ocrx_word' id='word_1_82' title='bbox 482 1252 540 1310; x_wconf 75' lang='grc' dir='ltr'>δὲ</span> <span class='ocrx_word' id='word_1_83' title='bbox 586 1255 677 1310; x_wconf 87' lang='grc' dir='ltr'><strong>καὶ</strong></span> <span class='ocrx_word' id='word_1_84' title='bbox 722 1262 841 1318; x_wconf 89' lang='grc' dir='ltr'>τοῖς</span> <span class='ocrx_word' id='word_1_85' title='bbox 890 1254 1040 1312; x_wconf 72' lang='grc' dir='ltr'>οὐδὲν</span> <span class='ocrx_word' id='word_1_86' title='bbox 1093 1255 1339 1313; x_wconf 85' lang='grc' dir='ltr'>ἀδικοῦσι</span> <span class='ocrx_word' id='word_1_87' title='bbox 1388 1258 1805 1333; x_wconf 86' lang='grc' dir='ltr'>προθυμότερον</span> <span class='ocrx_word' id='word_1_88' title='bbox 1835 1257 1933 1313; x_wconf 82' lang='grc' dir='ltr'>έπ-</span> 
     </span>
    </p>
   </div>
   <div class='ocr_carea' id='block_1_14' title="bbox 282 1343 1930 1423">
    <p class='ocr_par' dir='ltr' id='par_1_14' title="bbox 282 1343 1930 1423">
     <span class='ocr_line' id='line_1_14' title="bbox 282 1343 1930 1423; baseline 0.002 -25"><span class='ocrx_word' id='word_1_89' title='bbox 282 1344 547 1419; x_wconf 79' lang='grc' dir='ltr'>ηρεάζειν,</span> <span class='ocrx_word' id='word_1_90' title='bbox 593 1343 628 1413; x_wconf 76' lang='grc' dir='ltr'>ἤ</span> <span class='ocrx_word' id='word_1_91' title='bbox 679 1346 807 1419; x_wconf 80' lang='grc' dir='ltr'>παρ’</span> <span class='ocrx_word' id='word_1_92' title='bbox 855 1344 1041 1401; x_wconf 81' lang='grc' dir='ltr'>ἄλλων</span> <span class='ocrx_word' id='word_1_93' title='bbox 1092 1346 1501 1423; x_wconf 80' lang='grc' dir='ltr'>εὐεργετεῖσθαι.</span> <span class='ocrx_word' id='word_1_94' title='bbox 1536 1349 1633 1401; x_wconf 84' lang='grc' dir='ltr'>Καὶ</span> <span class='ocrx_word' id='word_1_95' title='bbox 1665 1348 1930 1417; x_wconf 72' lang='grc' dir='ltr'><strong>τοσαύτην</strong></span> 
     </span>
    </p>
   </div>
   <div class='ocr_carea' id='block_1_15' title="bbox 287 1430 1933 1509">
    <p class='ocr_par' dir='ltr' id='par_1_15' title="bbox 287 1430 1933 1509">
     <span class='ocr_line' id='line_1_15' title="bbox 287 1430 1933 1509; baseline 0.003 -23"><span class='ocrx_word' id='word_1_96' title='bbox 287 1432 380 1504; x_wconf 71' lang='grc' dir='ltr'>μὲν</span> <span class='ocrx_word' id='word_1_97' title='bbox 422 1435 535 1505; x_wconf 89' lang='grc'>(56)</span> <span class='ocrx_word' id='word_1_98' title='bbox 582 1430 774 1488; x_wconf 72' lang='grc' dir='ltr'>εἰδέναι</span> <span class='ocrx_word' id='word_1_99' title='bbox 824 1438 942 1497; x_wconf 84' lang='grc' dir='ltr'>τοῖς</span> <span class='ocrx_word' id='word_1_100' title='bbox 988 1434 1368 1509; x_wconf 80' lang='grc' dir='ltr'>εὐρηνοποιοῖς</span> <span class='ocrx_word' id='word_1_101' title='bbox 1421 1436 1776 1508; x_wconf 68' lang='grc' dir='ltr'>ἀποκειμένην</span> <span class='ocrx_word' id='word_1_102' title='bbox 1831 1458 1933 1509; x_wconf 87' lang='grc' dir='ltr'>μα-</span> 
     </span>
    </p>
   </div>
   <div class='ocr_carea' id='block_1_16' title="bbox 283 1520 1931 1601">
    <p class='ocr_par' dir='ltr' id='par_1_16' title="bbox 283 1520 1931 1601">
     <span class='ocr_line' id='line_1_16' title="bbox 283 1520 1931 1601; baseline 0.001 -25"><span class='ocrx_word' id='word_1_103' title='bbox 283 1520 601 1597; x_wconf 88' lang='grc' dir='ltr'>καριότητα,</span> <span class='ocrx_word' id='word_1_104' title='bbox 661 1520 798 1578; x_wconf 83' lang='grc' dir='ltr'>ὥστε</span> <span class='ocrx_word' id='word_1_105' title='bbox 852 1522 941 1577; x_wconf 83' lang='grc' dir='ltr'><strong>καὶ</strong></span> <span class='ocrx_word' id='word_1_106' title='bbox 999 1522 1151 1586; x_wconf 77' lang='grc' dir='ltr'>υἱοὺς</span> <span class='ocrx_word' id='word_1_107' title='bbox 1230 1528 1364 1579; x_wconf 91' lang='grc' dir='ltr'>Θεοῦ</span> <span class='ocrx_word' id='word_1_108' title='bbox 1435 1524 1931 1601; x_wconf 86' lang='grc' dir='ltr'>προσαγορεύεσθαι</span> 
     </span>
    </p>
   </div>
   <div class='ocr_carea' id='block_1_17' title="bbox 287 1609 1933 1687">
    <p class='ocr_par' dir='ltr' id='par_1_17' title="bbox 287 1609 1933 1687">
     <span class='ocr_line' id='line_1_17' title="bbox 287 1609 1933 1687; baseline 0.004 -24"><span class='ocrx_word' id='word_1_109' title='bbox 287 1610 488 1681; x_wconf 80' lang='grc' dir='ltr'>μόνους</span> <span class='ocrx_word' id='word_1_110' title='bbox 545 1609 597 1665; x_wconf 70' lang='grc' dir='ltr'>ἂν</span> <span class='ocrx_word' id='word_1_111' title='bbox 628 1614 697 1684; x_wconf 82' lang='grc' dir='ltr'><strong>τῇ</strong></span> <span class='ocrx_word' id='word_1_112' title='bbox 727 1610 872 1682; x_wconf 79' lang='grc' dir='ltr'>τάξει</span> <span class='ocrx_word' id='word_1_113' title='bbox 901 1615 1013 1666; x_wconf 89' lang='grc' dir='ltr'><strong>τῶυ</strong></span> <span class='ocrx_word' id='word_1_114' title='bbox 1046 1613 1368 1685; x_wconf 80' lang='grc' dir='ltr'>σωζομένων</span> <span class='ocrx_word' id='word_1_115' title='bbox 1412 1616 1563 1687; x_wconf 77' lang='grc'>(57)⁶</span> <span class='ocrx_word' id='word_1_116' title='bbox 1623 1613 1817 1675; x_wconf 75' lang='grc' dir='ltr'>αὐτοὺς</span> <span class='ocrx_word' id='word_1_117' title='bbox 1876 1611 1933 1669; x_wconf 69' lang='grc' dir='ltr'>δὲ</span> 
     </span>
    </p>
   </div>
   <div class='ocr_carea' id='block_1_18' title="bbox 279 1696 1935 1781">
    <p class='ocr_par' dir='ltr' id='par_1_18' title="bbox 279 1696 1935 1781">
     <span class='ocr_line' id='line_1_18' title="bbox 279 1696 1935 1781; baseline 0.002 -27"><span class='ocrx_word' id='word_1_118' title='bbox 279 1697 367 1754; x_wconf 74' lang='grc' dir='ltr'>καὶ</span> <span class='ocrx_word' id='word_1_119' title='bbox 399 1697 714 1776; x_wconf 72' lang='grc' dir='ltr'>φιλέχθρως</span> <span class='ocrx_word' id='word_1_120' title='bbox 746 1698 998 1775; x_wconf 74' lang='grc' dir='ltr'>ἔχοντας,</span> <span class='ocrx_word' id='word_1_121' title='bbox 1030 1696 1218 1756; x_wconf 77' lang='grc' dir='ltr'>ἔπειτα</span> <span class='ocrx_word' id='word_1_122' title='bbox 1252 1698 1457 1765; x_wconf 74' lang='grc' dir='ltr'>οἷέσθαι</span> <span class='ocrx_word' id='word_1_123' title='bbox 1498 1702 1588 1757; x_wconf 82' lang='grc' dir='ltr'><strong>καὶ</strong></span> <span class='ocrx_word' id='word_1_124' title='bbox 1641 1706 1753 1777; x_wconf 88' lang='grc'>(58)</span> <span class='ocrx_word' id='word_1_125' title='bbox 1802 1701 1935 1781; x_wconf 71' lang='grc' dir='ltr'>φίλα</span> 
     </span>
    </p>
   </div>
   <div class='ocr_carea' id='block_1_19' title="bbox 280 1786 1930 1866">
    <p class='ocr_par' dir='ltr' id='par_1_19' title="bbox 280 1786 1930 1866">
     <span class='ocr_line' id='line_1_19' title="bbox 280 1786 1930 1866; baseline 0.002 -23"><span class='ocrx_word' id='word_1_126' title='bbox 280 1786 530 1863; x_wconf 82' lang='grc' dir='ltr'>πράττειν</span> <span class='ocrx_word' id='word_1_127' title='bbox 590 1792 725 1860; x_wconf 78' lang='grc' dir='ltr'>Θεῷ,</span> <span class='ocrx_word' id='word_1_128' title='bbox 781 1793 862 1861; x_wconf 80' lang='grc' dir='ltr'>τῷ</span> <span class='ocrx_word' id='word_1_129' title='bbox 915 1789 1136 1845; x_wconf 82' lang='grc' dir='ltr'>παθόντι</span> <span class='ocrx_word' id='word_1_130' title='bbox 1193 1793 1308 1865; x_wconf 84' lang='grc'>(59)</span> <span class='ocrx_word' id='word_1_131' title='bbox 1356 1788 1427 1846; x_wconf 89' lang='grc' dir='ltr'>δι’</span> <span class='ocrx_word' id='word_1_132' title='bbox 1476 1794 1646 1864; x_wconf 80' lang='grc' dir='ltr'>ἡμᾶς,</span> <span class='ocrx_word' id='word_1_133' title='bbox 1672 1790 1765 1846; x_wconf 73' lang='grc' dir='ltr'>’ἱνα</span> <span class='ocrx_word' id='word_1_134' title='bbox 1796 1793 1930 1866; x_wconf 87' lang='grc' dir='ltr'>πρὸς</span> 
     </span>
    </p>
   </div>
   <div class='ocr_carea' id='block_1_20' title="bbox 282 1876 1930 1955">
    <p class='ocr_par' dir='ltr' id='par_1_20' title="bbox 282 1876 1930 1955">
     <span class='ocr_line' id='line_1_20' title="bbox 282 1876 1930 1955; baseline 0.002 -23"><span class='ocrx_word' id='word_1_135' title='bbox 282 1877 466 1932; x_wconf 64' lang='grc' dir='ltr'>ἑαυτὸν</span> <span class='ocrx_word' id='word_1_136' title='bbox 524 1876 823 1953; x_wconf 80' lang='grc' dir='ltr'>εἶρηνεύοῃ,</span> <span class='ocrx_word' id='word_1_137' title='bbox 875 1880 967 1934; x_wconf 87' lang='grc' dir='ltr'><strong>καὶ</strong></span> <span class='ocrx_word' id='word_1_138' title='bbox 1016 1880 1292 1955; x_wconf 76' lang='grc' dir='ltr'>καταλύσῃ</span> <span class='ocrx_word' id='word_1_139' title='bbox 1346 1879 1439 1935; x_wconf 86' lang='grc' dir='ltr'><strong>τὸν</strong></span> <span class='ocrx_word' id='word_1_140' title='bbox 1497 1880 1549 1936; x_wconf 76' lang='grc' dir='ltr'><strong>έν</strong></span> <span class='ocrx_word' id='word_1_141' title='bbox 1580 1883 1716 1954; x_wconf 78' lang='grc' dir='ltr'>ἡμῖν</span> <span class='ocrx_word' id='word_1_142' title='bbox 1762 1878 1930 1936; x_wconf 85' lang='grc' dir='ltr'>πόλε-</span> 
     </span>
    </p>
   </div>
   <div class='ocr_carea' id='block_1_21' title="bbox 290 1986 411 2038">
    <p class='ocr_par' dir='ltr' id='par_1_21' title="bbox 290 1986 411 2038">
     <span class='ocr_line' id='line_1_21' title="bbox 290 1986 411 2038; baseline 0.017 -19"><span class='ocrx_word' id='word_1_143' title='bbox 290 1986 387 2038; x_wconf 85' lang='grc' dir='ltr'><strong>μον</strong></span> <span class='ocrx_word' id='word_1_144' title='bbox 399 2009 411 2021; x_wconf 95' lang='grc'><strong>.</strong></span> 
     </span>
    </p>
   </div>
   <div class='ocr_carea' id='block_1_22' title="bbox 1959 1926 2007 1992">
    <p class='ocr_par' dir='ltr' id='par_1_22' title="bbox 1959 1926 2007 1992">
     <span class='ocr_line' id='line_1_22' title="bbox 1959 1926 2007 1992; baseline 0 0"><span class='ocrx_word' id='word_1_145' title='bbox 1959 1926 2007 1992; x_wconf 94' lang='grc' dir='ltr'><strong>Β</strong></span> 
     </span>
    </p>
   </div>
   <div class='ocr_carea' id='block_1_23' title="bbox 2041 636 3689 708">
    <p class='ocr_par' dir='ltr' id='par_1_23' title="bbox 2041 636 3689 708">
     <span class='ocr_line' id='line_1_23' title="bbox 2041 636 3689 708; baseline 0.004 -19"><span class='ocrx_word' id='word_1_146' title='bbox 2041 651 2220 708; x_wconf 88' lang='lat' dir='ltr'><strong>quam</strong></span> <span class='ocrx_word' id='word_1_147' title='bbox 2253 636 2404 691; x_wconf 91' lang='lat' dir='ltr'><strong>bono</strong></span> <span class='ocrx_word' id='word_1_148' title='bbox 2435 637 2596 707; x_wconf 83' lang='lat' dir='ltr'><strong>pacis</strong></span> <span class='ocrx_word' id='word_1_149' title='bbox 2626 636 2835 693; x_wconf 90' lang='lat' dir='ltr'><strong>melius</strong></span> <span class='ocrx_word' id='word_1_150' title='bbox 2867 654 2931 692; x_wconf 89' lang='lat' dir='ltr'><strong>ac</strong></span> <span class='ocrx_word' id='word_1_151' title='bbox 2965 636 3355 708; x_wconf 66' lang='lat' dir='ltr'><strong>praestabilius</strong></span> <span class='ocrx_word' id='word_1_152' title='bbox 3396 655 3525 695; x_wconf 90' lang='lat' dir='ltr'><strong>esse</strong></span> <span class='ocrx_word' id='word_1_153' title='bbox 3558 658 3570 696; x_wconf 96' lang='lat'>:</span> <span class='ocrx_word' id='word_1_154' title='bbox 3632 647 3689 696; x_wconf 90' lang='lat' dir='ltr'><strong>et</strong></span> 
     </span>
    </p>
   </div>
   <div class='ocr_carea' id='block_1_24' title="bbox 2040 725 3689 797">
    <p class='ocr_par' dir='ltr' id='par_1_24' title="bbox 2040 725 3689 797">
     <span class='ocr_line' id='line_1_24' title="bbox 2040 725 3689 797; baseline 0.004 -19"><span class='ocrx_word' id='word_1_155' title='bbox 2040 740 2524 796; x_wconf 85' lang='lat' dir='ltr'><strong>unumquemque</strong></span> <span class='ocrx_word' id='word_1_156' title='bbox 2545 725 2804 797; x_wconf 83' lang='lat' dir='ltr'><strong>quidem,</strong></span> <span class='ocrx_word' id='word_1_157' title='bbox 2830 729 2895 780; x_wconf 91' lang='lat' dir='ltr'><strong>ut</strong></span> <span class='ocrx_word' id='word_1_158' title='bbox 2915 742 3114 781; x_wconf 85' lang='lat' dir='ltr'><strong>secum</strong></span> <span class='ocrx_word' id='word_1_159' title='bbox 3139 731 3382 797; x_wconf 88' lang='lat' dir='ltr'><strong>pacatus</strong></span> <span class='ocrx_word' id='word_1_160' title='bbox 3405 726 3499 795; x_wconf 87' lang='lat' dir='ltr'><strong>sit,</strong></span> <span class='ocrx_word' id='word_1_161' title='bbox 3516 745 3689 785; x_wconf 89' lang='lat' dir='ltr'><strong>omne</strong></span> 
     </span>
    </p>
   </div>
   <div class='ocr_carea' id='block_1_25' title="bbox 2041 813 3688 889">
    <p class='ocr_par' dir='ltr' id='par_1_25' title="bbox 2041 813 3688 889">
     <span class='ocr_line' id='line_1_25' title="bbox 2041 813 3688 889; baseline 0.002 -21"><span class='ocrx_word' id='word_1_162' title='bbox 2041 814 2307 868; x_wconf 88' lang='lat' dir='ltr'><strong>studium</strong></span> <span class='ocrx_word' id='word_1_163' title='bbox 2340 813 2615 870; x_wconf 87' lang='lat' dir='ltr'><strong>adhibere</strong></span> <span class='ocrx_word' id='word_1_164' title='bbox 2662 814 2799 885; x_wconf 83' lang='lat' dir='ltr'><strong>(pax</strong></span> <span class='ocrx_word' id='word_1_165' title='bbox 2828 814 2985 869; x_wconf 89' lang='lat' dir='ltr'><strong>enim</strong></span> <span class='ocrx_word' id='word_1_166' title='bbox 3017 814 3159 870; x_wconf 91' lang='lat' dir='ltr'><strong>illud</strong></span> <span class='ocrx_word' id='word_1_167' title='bbox 3192 817 3302 881; x_wconf 81' lang='lat' dir='ltr'><strong>est,</strong></span> <span class='ocrx_word' id='word_1_168' title='bbox 3337 817 3492 886; x_wconf 90' lang='lat' dir='ltr'><strong>quod</strong></span> <span class='ocrx_word' id='word_1_169' title='bbox 3524 817 3688 889; x_wconf 82' lang='lat' dir='ltr'><strong>quis-</strong></span> 
     </span>
    </p>
   </div>
   <div class='ocr_carea' id='block_1_26' title="bbox 2041 901 3689 974">
    <p class='ocr_par' dir='ltr' id='par_1_26' title="bbox 2041 901 3689 974">
     <span class='ocr_line' id='line_1_26' title="bbox 2041 901 3689 974; baseline 0.004 -18"><span class='ocrx_word' id='word_1_170' title='bbox 2041 916 2153 972; x_wconf 86' lang='lat' dir='ltr'><strong>que</strong></span> <span class='ocrx_word' id='word_1_171' title='bbox 2185 901 2457 973; x_wconf 84' lang='lat' dir='ltr'><strong>privatim</strong></span> <span class='ocrx_word' id='word_1_172' title='bbox 2488 905 2725 973; x_wconf 81' lang='lat' dir='ltr'><strong>expetit,</strong></span> <span class='ocrx_word' id='word_1_173' title='bbox 2758 907 2932 974; x_wconf 89' lang='lat' dir='ltr'><strong>atque</strong></span> <span class='ocrx_word' id='word_1_174' title='bbox 2974 903 3033 957; x_wconf 90' lang='lat' dir='ltr'><strong>in</strong></span> <span class='ocrx_word' id='word_1_175' title='bbox 3078 903 3447 961; x_wconf 89' lang='lat' dir='ltr'><strong>turbulentas</strong></span> <span class='ocrx_word' id='word_1_176' title='bbox 3504 906 3689 962; x_wconf 89' lang='lat' dir='ltr'><strong>animi</strong></span> 
     </span>
    </p>
   </div>
   <div class='ocr_carea' id='block_1_27' title="bbox 2044 989 3686 1064">
    <p class='ocr_par' dir='ltr' id='par_1_27' title="bbox 2044 989 3686 1064">
     <span class='ocr_line' id='line_1_27' title="bbox 2044 989 3686 1064; baseline 0.004 -20"><span class='ocrx_word' id='word_1_177' title='bbox 2044 989 2436 1061; x_wconf 81' lang='lat' dir='ltr'><strong>permotiones</strong></span> <span class='ocrx_word' id='word_1_178' title='bbox 2491 991 2869 1063; x_wconf 89' lang='lat' dir='ltr'><strong>imperium);</strong></span> <span class='ocrx_word' id='word_1_179' title='bbox 2928 1008 3064 1064; x_wconf 88' lang='lat' dir='ltr'><strong>erga</strong></span> <span class='ocrx_word' id='word_1_180' title='bbox 3115 991 3262 1048; x_wconf 91' lang='lat' dir='ltr'><strong>alios</strong></span> <span class='ocrx_word' id='word_1_181' title='bbox 3319 997 3512 1049; x_wconf 88' lang='lat' dir='ltr'><strong>autem</strong></span> <span class='ocrx_word' id='word_1_182' title='bbox 3570 1011 3686 1051; x_wconf 91' lang='lat' dir='ltr'><strong>non</strong></span> 
     </span>
    </p>
   </div>
   <div class='ocr_carea' id='block_1_28' title="bbox 2040 1079 3686 1154">
    <p class='ocr_par' dir='ltr' id='par_1_28' title="bbox 2040 1079 3686 1154">
     <span class='ocr_line' id='line_1_28' title="bbox 2040 1079 3686 1154; baseline 0.004 -21"><span class='ocrx_word' id='word_1_183' title='bbox 2040 1079 2312 1134; x_wconf 89' lang='lat' dir='ltr'><strong>eumdem</strong></span> <span class='ocrx_word' id='word_1_184' title='bbox 2343 1095 2406 1134; x_wconf 89' lang='lat' dir='ltr'><strong>se</strong></span> <span class='ocrx_word' id='word_1_185' title='bbox 2437 1079 2709 1150; x_wconf 63' lang='lat' dir='ltr'><strong>prabere,</strong></span> <span class='ocrx_word' id='word_1_186' title='bbox 2735 1096 2937 1135; x_wconf 91' lang='lat' dir='ltr'><strong>verum</strong></span> <span class='ocrx_word' id='word_1_187' title='bbox 2968 1081 3213 1151; x_wconf 84' lang='lat' dir='ltr'><strong>proximi</strong></span> <span class='ocrx_word' id='word_1_188' title='bbox 3245 1082 3686 1154; x_wconf 80' lang='lat' dir='ltr'><strong>oppressionem</strong></span> 
     </span>
    </p>
   </div>
   <div class='ocr_carea' id='block_1_29' title="bbox 2040 1167 3690 1240">
    <p class='ocr_par' dir='ltr' id='par_1_29' title="bbox 2040 1167 3690 1240">
     <span class='ocr_line' id='line_1_29' title="bbox 2040 1167 3690 1240; baseline 0.004 -18"><span class='ocrx_word' id='word_1_189' title='bbox 2040 1167 2283 1240; x_wconf 82' lang='lat' dir='ltr'><strong>gloriam</strong></span> <span class='ocrx_word' id='word_1_190' title='bbox 2316 1184 2484 1223; x_wconf 90' lang='lat' dir='ltr'><strong>suam</strong></span> <span class='ocrx_word' id='word_1_191' title='bbox 2516 1168 2727 1223; x_wconf 90' lang='lat' dir='ltr'><strong>ducere</strong></span> <span class='ocrx_word' id='word_1_192' title='bbox 2760 1184 2774 1223; x_wconf 89' lang='lat'><strong>:</strong></span> <span class='ocrx_word' id='word_1_193' title='bbox 2826 1168 2883 1223; x_wconf 89' lang='lat' dir='ltr'>id</span> <span class='ocrx_word' id='word_1_194' title='bbox 2934 1169 3112 1225; x_wconf 89' lang='lat' dir='ltr'><strong>etiam</strong></span> <span class='ocrx_word' id='word_1_195' title='bbox 3158 1170 3481 1226; x_wconf 90' lang='lat' dir='ltr'><strong>absurdum</strong></span> <span class='ocrx_word' id='word_1_196' title='bbox 3513 1171 3690 1229; x_wconf 83' lang='lat' dir='ltr'><strong>fuerit</strong></span> 
     </span>
    </p>
   </div>
   <div class='ocr_carea' id='block_1_30' title="bbox 2041 1257 3686 1331">
    <p class='ocr_par' dir='ltr' id='par_1_30' title="bbox 2041 1257 3686 1331">
     <span class='ocr_line' id='line_1_30' title="bbox 2041 1257 3686 1331; baseline 0.003 -19"><span class='ocrx_word' id='word_1_197' title='bbox 2041 1257 2396 1325; x_wconf 83' lang='lat' dir='ltr'><strong>existimare,</strong></span> <span class='ocrx_word' id='word_1_198' title='bbox 2430 1257 2605 1328; x_wconf 91' lang='lat' dir='ltr'><strong>quod,</strong></span> <span class='ocrx_word' id='word_1_199' title='bbox 2639 1272 2773 1312; x_wconf 90' lang='lat' dir='ltr'><strong>cum</strong></span> <span class='ocrx_word' id='word_1_200' title='bbox 2805 1257 2957 1313; x_wconf 89' lang='lat' dir='ltr'><strong>Deus</strong></span> <span class='ocrx_word' id='word_1_201' title='bbox 2989 1257 3227 1328; x_wconf 89' lang='lat' dir='ltr'><strong>quidem</strong></span> <span class='ocrx_word' id='word_1_202' title='bbox 3258 1258 3351 1327; x_wconf 90' lang='lat' dir='ltr'><strong>iis,</strong></span> <span class='ocrx_word' id='word_1_203' title='bbox 3385 1276 3418 1315; x_wconf 90' lang='lat' dir='ltr'><strong>a</strong></span> <span class='ocrx_word' id='word_1_204' title='bbox 3468 1260 3686 1331; x_wconf 82' lang='lat' dir='ltr'><strong>quibus</strong></span> 
     </span>
    </p>
   </div>
   <div class='ocr_carea' id='block_1_31' title="bbox 2041 1346 3687 1420">
    <p class='ocr_par' dir='ltr' id='par_1_31' title="bbox 2041 1346 3687 1420">
     <span class='ocr_line' id='line_1_31' title="bbox 2041 1346 3687 1420; baseline 0.004 -20"><span class='ocrx_word' id='word_1_205' title='bbox 2041 1346 2160 1401; x_wconf 75' lang='grc' dir='ltr'>1ωεί</span> <span class='ocrx_word' id='word_1_206' title='bbox 2196 1346 2501 1412; x_wconf 86' lang='lat' dir='ltr'><strong>fuerimus,</strong></span> <span class='ocrx_word' id='word_1_207' title='bbox 2533 1363 2648 1401; x_wconf 89' lang='lat' dir='ltr'><strong>non</strong></span> <span class='ocrx_word' id='word_1_208' title='bbox 2681 1346 2871 1402; x_wconf 88' lang='lat' dir='ltr'><strong>solum</strong></span> <span class='ocrx_word' id='word_1_209' title='bbox 2903 1346 3141 1419; x_wconf 88' lang='lat' dir='ltr'><strong>septies,</strong></span> <span class='ocrx_word' id='word_1_210' title='bbox 3180 1349 3281 1402; x_wconf 87' lang='lat' dir='ltr'><strong>sed</strong></span> <span class='ocrx_word' id='word_1_211' title='bbox 3336 1348 3571 1420; x_wconf 64' lang='lat' dir='ltr'><strong>sapius,</strong></span> <span class='ocrx_word' id='word_1_212' title='bbox 3622 1368 3687 1406; x_wconf 89' lang='lat' dir='ltr'><strong>ac</strong></span> 
     </span>
    </p>
   </div>
   <div class='ocr_carea' id='block_1_32' title="bbox 2040 1434 3683 1506">
    <p class='ocr_par' dir='ltr' id='par_1_32' title="bbox 2040 1434 3683 1506">
     <span class='ocr_line' id='line_1_32' title="bbox 2040 1434 3683 1506; baseline 0.002 -15"><span class='ocrx_word' id='word_1_213' title='bbox 2040 1436 2213 1491; x_wconf 84' lang='lat' dir='ltr'><strong>toties</strong></span> <span class='ocrx_word' id='word_1_214' title='bbox 2246 1452 2424 1491; x_wconf 85' lang='lat' dir='ltr'><strong>noxas</strong></span> <span class='ocrx_word' id='word_1_215' title='bbox 2453 1434 2750 1490; x_wconf 86' lang='lat' dir='ltr'><strong>remittere</strong></span> <span class='ocrx_word' id='word_1_216' title='bbox 2784 1435 3013 1505; x_wconf 87' lang='lat' dir='ltr'><strong>jubeat,</strong></span> <span class='ocrx_word' id='word_1_217' title='bbox 3061 1436 3218 1506; x_wconf 91' lang='lat' dir='ltr'><strong>quod</strong></span> <span class='ocrx_word' id='word_1_218' title='bbox 3274 1435 3541 1491; x_wconf 81' lang='lat' dir='ltr'><strong>videlicet</strong></span> <span class='ocrx_word' id='word_1_219' title='bbox 3596 1456 3683 1495; x_wconf 85' lang='lat' dir='ltr'><strong>re-</strong></span> 
     </span>
    </p>
   </div>
   <div class='ocr_carea' id='block_1_33' title="bbox 2042 1523 3688 1581">
    <p class='ocr_par' dir='ltr' id='par_1_33' title="bbox 2042 1523 3688 1581">
     <span class='ocr_line' id='line_1_33' title="bbox 2042 1523 3688 1581; baseline 0.001 -1"><span class='ocrx_word' id='word_1_220' title='bbox 2042 1523 2246 1580; x_wconf 85' lang='lat' dir='ltr'><strong>missio</strong></span> <span class='ocrx_word' id='word_1_221' title='bbox 2277 1524 2684 1581; x_wconf 86' lang='lat' dir='ltr'><strong>remissionem</strong></span> <span class='ocrx_word' id='word_1_222' title='bbox 2718 1524 2984 1580; x_wconf 89' lang='lat' dir='ltr'><strong>conciliet</strong></span> <span class='ocrx_word' id='word_1_223' title='bbox 3003 1525 3049 1560; x_wconf 78' lang='lat'><strong>“</strong></span> <span class='ocrx_word' id='word_1_224' title='bbox 3079 1542 3093 1581; x_wconf 90' lang='lat'><strong>:</strong></span> <span class='ocrx_word' id='word_1_225' title='bbox 3140 1524 3308 1581; x_wconf 89' lang='lat' dir='ltr'><strong>nobis</strong></span> <span class='ocrx_word' id='word_1_226' title='bbox 3335 1529 3530 1580; x_wconf 88' lang='lat' dir='ltr'><strong>autem</strong></span> <span class='ocrx_word' id='word_1_227' title='bbox 3561 1525 3688 1581; x_wconf 83' lang='lat' dir='ltr'><strong>lici-</strong></span> 
     </span>
    </p>
   </div>
   <div class='ocr_carea' id='block_1_34' title="bbox 2043 1612 3689 1686">
    <p class='ocr_par' dir='ltr' id='par_1_34' title="bbox 2043 1612 3689 1686">
     <span class='ocr_line' id='line_1_34' title="bbox 2043 1612 3689 1686; baseline 0.001 -17"><span class='ocrx_word' id='word_1_228' title='bbox 2043 1616 2169 1669; x_wconf 88' lang='lat' dir='ltr'><strong>tum</strong></span> <span class='ocrx_word' id='word_1_229' title='bbox 2203 1614 2299 1681; x_wconf 88' lang='lat' dir='ltr'><strong>sit,</strong></span> <span class='ocrx_word' id='word_1_230' title='bbox 2330 1631 2428 1669; x_wconf 89' lang='lat' dir='ltr'><strong>eos</strong></span> <span class='ocrx_word' id='word_1_231' title='bbox 2472 1615 2670 1680; x_wconf 90' lang='lat' dir='ltr'><strong>etiam,</strong></span> <span class='ocrx_word' id='word_1_232' title='bbox 2730 1630 2764 1669; x_wconf 91' lang='lat' dir='ltr'><strong>a</strong></span> <span class='ocrx_word' id='word_1_233' title='bbox 2819 1614 3036 1684; x_wconf 90' lang='lat' dir='ltr'><strong>quibus</strong></span> <span class='ocrx_word' id='word_1_234' title='bbox 3080 1612 3244 1669; x_wconf 90' lang='lat' dir='ltr'><strong>nulla</strong></span> <span class='ocrx_word' id='word_1_235' title='bbox 3272 1614 3441 1670; x_wconf 90' lang='lat' dir='ltr'><strong>nobis</strong></span> <span class='ocrx_word' id='word_1_236' title='bbox 3470 1615 3689 1686; x_wconf 89' lang='lat' dir='ltr'><strong>injuria</strong></span> 
     </span>
    </p>
   </div>
   <div class='ocr_carea' id='block_1_35' title="bbox 2041 1701 3688 1774">
    <p class='ocr_par' dir='ltr' id='par_1_35' title="bbox 2041 1701 3688 1774">
     <span class='ocr_line' id='line_1_35' title="bbox 2041 1701 3688 1774; baseline 0.002 -17"><span class='ocrx_word' id='word_1_237' title='bbox 2041 1702 2204 1757; x_wconf 87' lang='lat' dir='ltr'><strong>illata</strong></span> <span class='ocrx_word' id='word_1_238' title='bbox 2232 1707 2341 1770; x_wconf 90' lang='lat' dir='ltr'><strong>est,</strong></span> <span class='ocrx_word' id='word_1_239' title='bbox 2375 1701 2668 1758; x_wconf 90' lang='lat' dir='ltr'><strong>libentiori</strong></span> <span class='ocrx_word' id='word_1_240' title='bbox 2699 1702 2895 1758; x_wconf 88' lang='lat' dir='ltr'><strong>animo</strong></span> <span class='ocrx_word' id='word_1_241' title='bbox 2925 1702 3213 1768; x_wconf 84' lang='lat' dir='ltr'><strong>divexare,</strong></span> <span class='ocrx_word' id='word_1_242' title='bbox 3244 1718 3420 1774; x_wconf 83' lang='lat' dir='ltr'><strong>quam</strong></span> <span class='ocrx_word' id='word_1_243' title='bbox 3452 1703 3523 1759; x_wconf 90' lang='lat' dir='ltr'><strong>ab</strong></span> <span class='ocrx_word' id='word_1_244' title='bbox 3558 1703 3688 1761; x_wconf 86' lang='lat' dir='ltr'><strong>aliis</strong></span> 
     </span>
    </p>
   </div>
   <div class='ocr_carea' id='block_1_36' title="bbox 2041 1790 3689 1863">
    <p class='ocr_par' dir='ltr' id='par_1_36' title="bbox 2041 1790 3689 1863">
     <span class='ocr_line' id='line_1_36' title="bbox 2041 1790 3689 1863; baseline 0.001 -17"><span class='ocrx_word' id='word_1_245' title='bbox 2041 1791 2323 1847; x_wconf 81' lang='lat' dir='ltr'><strong>beneﬁcio</strong></span> <span class='ocrx_word' id='word_1_246' title='bbox 2369 1790 2520 1847; x_wconf 85' lang='lat' dir='ltr'><strong>affici</strong></span> <span class='ocrx_word' id='word_1_247' title='bbox 2556 1808 2570 1846; x_wconf 93' lang='lat'><strong>:</strong></span> <span class='ocrx_word' id='word_1_248' title='bbox 2622 1808 2688 1847; x_wconf 91' lang='lat' dir='ltr'><strong>ac</strong></span> <span class='ocrx_word' id='word_1_249' title='bbox 2729 1808 2863 1847; x_wconf 91' lang='lat' dir='ltr'><strong>cum</strong></span> <span class='ocrx_word' id='word_1_250' title='bbox 2906 1795 3131 1847; x_wconf 87' lang='lat' dir='ltr'><strong>tantam</strong></span> <span class='ocrx_word' id='word_1_251' title='bbox 3165 1791 3401 1863; x_wconf 87' lang='lat' dir='ltr'><strong>quidem</strong></span> <span class='ocrx_word' id='word_1_252' title='bbox 3432 1792 3689 1848; x_wconf 85' lang='lat' dir='ltr'><strong>beatitu-</strong></span> 
     </span>
    </p>
   </div>
   <div class='ocr_carea' id='block_1_37' title="bbox 2043 1880 3690 1953">
    <p class='ocr_par' dir='ltr' id='par_1_37' title="bbox 2043 1880 3690 1953">
     <span class='ocr_line' id='line_1_37' title="bbox 2043 1880 3690 1953; baseline 0.001 -18"><span class='ocrx_word' id='word_1_253' title='bbox 2043 1895 2171 1935; x_wconf 90' lang='lat' dir='ltr'><strong>nem</strong></span> <span class='ocrx_word' id='word_1_254' title='bbox 2205 1880 2464 1953; x_wconf 79' lang='lat' dir='ltr'><strong>paciﬁcis</strong></span> <span class='ocrx_word' id='word_1_255' title='bbox 2494 1880 2852 1937; x_wconf 82' lang='lat' dir='ltr'><strong>reconditam</strong></span> <span class='ocrx_word' id='word_1_256' title='bbox 2885 1896 3013 1936; x_wconf 87' lang='lat' dir='ltr'><strong>esse</strong></span> <span class='ocrx_word' id='word_1_257' title='bbox 3051 1884 3419 1952; x_wconf 89' lang='lat' dir='ltr'><strong>perspectum</strong></span> <span class='ocrx_word' id='word_1_258' title='bbox 3469 1882 3564 1946; x_wconf 86' lang='lat' dir='ltr'><strong>sit,</strong></span> <span class='ocrx_word' id='word_1_259' title='bbox 3624 1886 3690 1937; x_wconf 90' lang='lat' dir='ltr'><strong>ut</strong></span> 
     </span>
    </p>
   </div>
   <div class='ocr_carea' id='block_1_38' title="bbox 2040 1968 3689 2037">
    <p class='ocr_par' dir='ltr' id='par_1_38' title="bbox 2040 1968 3689 2037">
     <span class='ocr_line' id='line_1_38' title="bbox 2040 1968 3689 2037; baseline 0.002 -14"><span class='ocrx_word' id='word_1_260' title='bbox 2040 1970 2095 2023; x_wconf 89' lang='lat' dir='ltr'><strong>in</strong></span> <span class='ocrx_word' id='word_1_261' title='bbox 2129 1971 2444 2024; x_wconf 87' lang='lat' dir='ltr'><strong>electorum</strong></span> <span class='ocrx_word' id='word_1_262' title='bbox 2477 1969 2698 2036; x_wconf 88' lang='lat' dir='ltr'><strong>ordine,</strong></span> <span class='ocrx_word' id='word_1_263' title='bbox 2733 1968 2840 2024; x_wconf 88' lang='lat' dir='ltr'><strong>soli</strong></span> <span class='ocrx_word' id='word_1_264' title='bbox 2874 1968 2975 2023; x_wconf 83' lang='lat' dir='ltr'><strong>ﬁlii</strong></span> <span class='ocrx_word' id='word_1_265' title='bbox 3012 1970 3105 2023; x_wconf 89' lang='lat' dir='ltr'><strong>Dei</strong></span> <span class='ocrx_word' id='word_1_266' title='bbox 3138 1974 3419 2025; x_wconf 83' lang='lat' dir='ltr'><strong>vocentur</strong></span> <span class='ocrx_word' id='word_1_267' title='bbox 3446 1970 3488 2004; x_wconf 69' lang='lat'><strong>9&#39;</strong></span> <span class='ocrx_word' id='word_1_268' title='bbox 3516 1988 3529 2037; x_wconf 91' lang='lat'><strong>;</strong></span> <span class='ocrx_word' id='word_1_269' title='bbox 3582 1987 3689 2026; x_wconf 90' lang='lat' dir='ltr'><strong>nos</strong></span> 
     </span>
    </p>
   </div>
   <div class='ocr_carea' id='block_1_39' title="bbox 281 2056 3689 2131">
    <p class='ocr_par' dir='ltr' id='par_1_39' title="bbox 281 2056 3689 2131">
     <span class='ocr_line' id='line_1_39' title="bbox 281 2056 3689 2131; baseline 0.001 -20"><span class='ocrx_word' id='word_1_270' title='bbox 281 2061 495 2121; x_wconf 87' lang='lat' dir='ltr'><strong>autem,</strong></span> <span class='ocrx_word' id='word_1_271' title='bbox 527 2057 669 2111; x_wconf 90' lang='lat' dir='ltr'><strong>dum</strong></span> <span class='ocrx_word' id='word_1_272' title='bbox 701 2056 1142 2114; x_wconf 86' lang='lat' dir='ltr'><strong>inimicitiarum</strong></span> <span class='ocrx_word' id='word_1_273' title='bbox 1175 2064 1234 2114; x_wconf 90' lang='lat' dir='ltr'><strong>et</strong></span> <span class='ocrx_word' id='word_1_274' title='bbox 1264 2060 1633 2116; x_wconf 86' lang='lat' dir='ltr'><strong>simultatum</strong></span> <span class='ocrx_word' id='word_1_275' title='bbox 1675 2077 1871 2117; x_wconf 91' lang='lat' dir='ltr'><strong>amore</strong></span> <span class='ocrx_word' id='word_1_276' title='bbox 1917 2063 2205 2128; x_wconf 85' lang='lat' dir='ltr'><strong>tenemur,</strong></span> <span class='ocrx_word' id='word_1_277' title='bbox 2240 2058 2297 2112; x_wconf 92' lang='lat' dir='ltr'><strong>in</strong></span> <span class='ocrx_word' id='word_1_278' title='bbox 2331 2075 2396 2113; x_wconf 91' lang='lat' dir='ltr'><strong>ea</strong></span> <span class='ocrx_word' id='word_1_279' title='bbox 2424 2063 2616 2113; x_wconf 90' lang='lat' dir='ltr'><strong>tamen</strong></span> <span class='ocrx_word' id='word_1_280' title='bbox 2653 2058 2924 2128; x_wconf 89' lang='lat' dir='ltr'><strong>opinione</strong></span> <span class='ocrx_word' id='word_1_281' title='bbox 2972 2074 3290 2127; x_wconf 84' lang='lat' dir='ltr'><strong>versemur,</strong></span> <span class='ocrx_word' id='word_1_282' title='bbox 3324 2062 3389 2113; x_wconf 92' lang='lat' dir='ltr'><strong>ut</strong></span> <span class='ocrx_word' id='word_1_283' title='bbox 3417 2058 3553 2129; x_wconf 91' lang='lat' dir='ltr'><strong>Deo,</strong></span> <span class='ocrx_word' id='word_1_284' title='bbox 3587 2059 3689 2131; x_wconf 87' lang='lat' dir='ltr'><strong>qui</strong></span> 
     </span>
    </p>
   </div>
   <div class='ocr_carea' id='block_1_40' title="bbox 280 2144 3688 2221">
    <p class='ocr_par' dir='ltr' id='par_1_40' title="bbox 280 2144 3688 2221">
     <span class='ocr_line' id='line_1_40' title="bbox 280 2144 3688 2221; baseline 0.001 -22"><span class='ocrx_word' id='word_1_285' title='bbox 280 2161 385 2216; x_wconf 91' lang='lat' dir='ltr'><strong>pro</strong></span> <span class='ocrx_word' id='word_1_286' title='bbox 417 2144 605 2211; x_wconf 91' lang='lat' dir='ltr'><strong>nobis,</strong></span> <span class='ocrx_word' id='word_1_287' title='bbox 639 2150 704 2201; x_wconf 86' lang='lat' dir='ltr'><strong>ut</strong></span> <span class='ocrx_word' id='word_1_288' title='bbox 734 2162 840 2201; x_wconf 89' lang='lat' dir='ltr'><strong>nos</strong></span> <span class='ocrx_word' id='word_1_289' title='bbox 871 2162 1069 2202; x_wconf 88' lang='lat' dir='ltr'><strong>secum</strong></span> <span class='ocrx_word' id='word_1_290' title='bbox 1100 2147 1157 2201; x_wconf 91' lang='lat' dir='ltr'><strong>in</strong></span> <span class='ocrx_word' id='word_1_291' title='bbox 1192 2150 1441 2219; x_wconf 81' lang='lat' dir='ltr'><strong>gratiam</strong></span> <span class='ocrx_word' id='word_1_292' title='bbox 1496 2151 1816 2216; x_wconf 87' lang='lat' dir='ltr'><strong>reduceret,</strong></span> <span class='ocrx_word' id='word_1_293' title='bbox 1850 2148 2187 2218; x_wconf 90' lang='lat' dir='ltr'><strong>bellumque</strong></span> <span class='ocrx_word' id='word_1_294' title='bbox 2236 2153 2503 2203; x_wconf 87' lang='lat' dir='ltr'><strong>nostrum</strong></span> <span class='ocrx_word' id='word_1_295' title='bbox 2552 2148 2901 2202; x_wconf 89' lang='lat' dir='ltr'><strong>intestinum</strong></span> <span class='ocrx_word' id='word_1_296' title='bbox 2948 2148 3366 2219; x_wconf 78' lang='lat' dir='ltr'><strong>exstingueret,</strong></span> <span class='ocrx_word' id='word_1_297' title='bbox 3400 2148 3688 2221; x_wconf 90' lang='lat' dir='ltr'><strong>supplicio</strong></span> 
     </span>
    </p>
   </div>
   <div class='ocr_carea' id='block_1_41' title="bbox 281 2233 1714 2306">
    <p class='ocr_par' dir='ltr' id='par_1_41' title="bbox 281 2233 1714 2306">
     <span class='ocr_line' id='line_1_41' title="bbox 281 2233 1714 2306; baseline 0.002 -18"><span class='ocrx_word' id='word_1_298' title='bbox 281 2233 521 2288; x_wconf 74' lang='lat' dir='ltr'><strong>affectus</strong></span> <span class='ocrx_word' id='word_1_299' title='bbox 551 2236 657 2297; x_wconf 84' lang='lat' dir='ltr'><strong>est,</strong></span> <span class='ocrx_word' id='word_1_300' title='bbox 694 2250 814 2288; x_wconf 90' lang='lat' dir='ltr'><strong>rem</strong></span> <span class='ocrx_word' id='word_1_301' title='bbox 847 2235 1095 2306; x_wconf 85' lang='lat' dir='ltr'><strong>gratiam</strong></span> <span class='ocrx_word' id='word_1_302' title='bbox 1130 2237 1315 2292; x_wconf 88' lang='lat' dir='ltr'><strong>facere</strong></span> <span class='ocrx_word' id='word_1_303' title='bbox 1345 2238 1714 2293; x_wconf 86' lang='lat' dir='ltr'><strong>arbitremur.</strong></span> 
     </span>
    </p>
   </div>
   <div class='ocr_carea' id='block_1_42' title="bbox 354 2318 1928 2402">
    <p class='ocr_par' dir='ltr' id='par_1_42' title="bbox 354 2318 1928 2402">
     <span class='ocr_line' id='line_1_42' title="bbox 354 2318 1928 2402; baseline 0.003 -27"><span class='ocrx_word' id='word_1_304' title='bbox 354 2321 444 2388; x_wconf 64' lang='lat' dir='ltr'><strong>1C&quot;</strong></span> <span class='ocrx_word' id='word_1_305' title='bbox 498 2318 806 2392; x_wconf 80' lang='grc' dir='ltr'><strong>Μηδαμῶς,</strong></span> <span class='ocrx_word' id='word_1_306' title='bbox 858 2322 903 2375; x_wconf 83' lang='grc' dir='ltr'><strong>ὦ</strong></span> <span class='ocrx_word' id='word_1_307' title='bbox 958 2322 1112 2399; x_wconf 73' lang='grc' dir='ltr'>φίλοι</span> <span class='ocrx_word' id='word_1_308' title='bbox 1170 2323 1259 2377; x_wconf 82' lang='grc' dir='ltr'><strong>καὶ</strong></span> <span class='ocrx_word' id='word_1_309' title='bbox 1316 2322 1563 2402; x_wconf 73' lang='grc' dir='ltr'>ἀδελφοὶ,</span> <span class='ocrx_word' id='word_1_310' title='bbox 1615 2325 1759 2380; x_wconf 74' lang='grc' dir='ltr'>αῧτω</span> <span class='ocrx_word' id='word_1_311' title='bbox 1812 2322 1928 2379; x_wconf 86' lang='grc' dir='ltr'>δια-</span> 
     </span>
    </p>
   </div>
   <div class='ocr_carea' id='block_1_43' title="bbox 281 2407 1925 2488">
    <p class='ocr_par' dir='ltr' id='par_1_43' title="bbox 281 2407 1925 2488">
     <span class='ocr_line' id='line_1_43' title="bbox 281 2407 1925 2488; baseline 0.002 -25"><span class='ocrx_word' id='word_1_312' title='bbox 281 2409 556 2481; x_wconf 84' lang='grc' dir='ltr'>νοώμεθα.</span> <span class='ocrx_word' id='word_1_313' title='bbox 614 2407 957 2482; x_wconf 66' lang='grc' dir='ltr'>Δῗδεσθῶμεν</span> <span class='ocrx_word' id='word_1_314' title='bbox 1009 2411 1069 2465; x_wconf 88' lang='grc' dir='ltr'>τὸ</span> <span class='ocrx_word' id='word_1_315' title='bbox 1120 2409 1292 2488; x_wconf 85' lang='grc' dir='ltr'>δῶρον</span> <span class='ocrx_word' id='word_1_316' title='bbox 1336 2418 1433 2468; x_wconf 88' lang='grc' dir='ltr'><strong>τοῦ</strong></span> <span class='ocrx_word' id='word_1_317' title='bbox 1484 2413 1779 2487; x_wconf 74' lang='grc' dir='ltr'>εἰρηνικοῦ,</span> <span class='ocrx_word' id='word_1_318' title='bbox 1826 2416 1925 2482; x_wconf 79' lang='grc' dir='ltr'><strong>τὴν</strong></span> 
     </span>
    </p>
   </div>
   <div class='ocr_carea' id='block_1_44' title="bbox 283 2496 1927 2577">
    <p class='ocr_par' dir='ltr' id='par_1_44' title="bbox 283 2496 1927 2577">
     <span class='ocr_line' id='line_1_44' title="bbox 283 2496 1927 2577; baseline 0.004 -26"><span class='ocrx_word' id='word_1_319' title='bbox 283 2497 528 2573; x_wconf 78' lang='grc' dir='ltr'>εἰρήνην,</span> <span class='ocrx_word' id='word_1_320' title='bbox 561 2497 626 2566; x_wconf 76' lang='grc' dir='ltr'>ἥν</span> <span class='ocrx_word' id='word_1_321' title='bbox 659 2496 864 2561; x_wconf 73' lang='grc' dir='ltr'>ἐνθένδε</span> <span class='ocrx_word' id='word_1_322' title='bbox 894 2499 1067 2554; x_wconf 88' lang='grc' dir='ltr'>ἀπιὼν</span> <span class='ocrx_word' id='word_1_323' title='bbox 1098 2500 1299 2577; x_wconf 83' lang='grc' dir='ltr'>ἀφῆκεν</span> <span class='ocrx_word' id='word_1_324' title='bbox 1348 2504 1507 2575; x_wconf 72' lang='grc' dir='ltr'>ἡμῖν,</span> <span class='ocrx_word' id='word_1_325' title='bbox 1558 2501 1736 2577; x_wconf 83' lang='grc' dir='ltr'>ὥσπερ</span> <span class='ocrx_word' id='word_1_326' title='bbox 1786 2500 1927 2558; x_wconf 82' lang='grc' dir='ltr'>ἄλλο</span> 
     </span>
    </p>
   </div>
   <div class='ocr_carea' id='block_1_45' title="bbox 284 2585 1929 2663">
    <p class='ocr_par' dir='ltr' id='par_1_45' title="bbox 284 2585 1929 2663">
     <span class='ocr_line' id='line_1_45' title="bbox 284 2585 1929 2663; baseline 0.005 -24"><span class='ocrx_word' id='word_1_327' title='bbox 284 2605 335 2640; x_wconf 86' lang='grc' dir='ltr'><strong>τι</strong></span> <span class='ocrx_word' id='word_1_328' title='bbox 368 2585 634 2661; x_wconf 78' lang='grc' dir='ltr'>έξιτήριον</span> <span class='ocrx_word' id='word_1_329' title='bbox 684 2590 815 2659; x_wconf 88' lang='grc'>(60).</span> <span class='ocrx_word' id='word_1_330' title='bbox 876 2590 1007 2644; x_wconf 81' lang='grc' dir='ltr'>Ἕνα</span> <span class='ocrx_word' id='word_1_331' title='bbox 1054 2589 1299 2662; x_wconf 86' lang='grc' dir='ltr'>πόλεμον</span> <span class='ocrx_word' id='word_1_332' title='bbox 1347 2588 1599 2663; x_wconf 83' lang='grc' dir='ltr'>εἰδῶμεν,</span> <span class='ocrx_word' id='word_1_333' title='bbox 1647 2592 1735 2646; x_wconf 87' lang='grc' dir='ltr'>τὸν</span> <span class='ocrx_word' id='word_1_334' title='bbox 1794 2593 1929 2647; x_wconf 79' lang='grc' dir='ltr'>κατὰ</span> 
     </span>
    </p>
   </div>
   <div class='ocr_carea' id='block_1_46' title="bbox 278 2674 1928 2758">
    <p class='ocr_par' dir='ltr' id='par_1_46' title="bbox 278 2674 1928 2758">
     <span class='ocr_line' id='line_1_46' title="bbox 278 2674 1928 2758; baseline 0.003 -29"><span class='ocrx_word' id='word_1_335' title='bbox 278 2680 382 2743; x_wconf 84' lang='grc' dir='ltr'><strong>τῆς</strong></span> <span class='ocrx_word' id='word_1_336' title='bbox 453 2675 825 2748; x_wconf 70' lang='grc' dir='ltr'>ἀντικειμένης</span> <span class='ocrx_word' id='word_1_337' title='bbox 881 2674 1183 2750; x_wconf 86' lang='grc' dir='ltr'>δυνάμεως.</span> <span class='ocrx_word' id='word_1_338' title='bbox 1241 2679 1498 2753; x_wconf 81' lang='grc' dir='ltr'>Εἷ’πωμεν</span> <span class='ocrx_word' id='word_1_339' title='bbox 1557 2678 1781 2758; x_wconf 80' lang='grc' dir='ltr'>ἀδελφοὶ</span> <span class='ocrx_word' id='word_1_340' title='bbox 1837 2682 1928 2735; x_wconf 79' lang='grc' dir='ltr'><strong>καὶ</strong></span> 
     </span>
    </p>
   </div>
   <div class='ocr_carea' id='block_1_47' title="bbox 278 2763 1925 2845">
    <p class='ocr_par' dir='ltr' id='par_1_47' title="bbox 278 2763 1925 2845">
     <span class='ocr_line' id='line_1_47' title="bbox 278 2763 1925 2845; baseline 0.004 -27"><span class='ocrx_word' id='word_1_341' title='bbox 278 2768 395 2826; x_wconf 86' lang='grc' dir='ltr'>τοῖς</span> <span class='ocrx_word' id='word_1_342' title='bbox 433 2768 677 2836; x_wconf 81' lang='grc' dir='ltr'>μισοῦσιν</span> <span class='ocrx_word' id='word_1_343' title='bbox 709 2767 879 2837; x_wconf 75' lang='grc' dir='ltr'>ἡμᾶς,</span> <span class='ocrx_word' id='word_1_344' title='bbox 913 2765 972 2821; x_wconf 76' lang='grc' dir='ltr'><strong>ἂν</strong></span> <span class='ocrx_word' id='word_1_345' title='bbox 1003 2763 1103 2842; x_wconf 80' lang='grc' dir='ltr'>ἄρα</span> <span class='ocrx_word' id='word_1_346' title='bbox 1143 2764 1431 2843; x_wconf 74' lang='grc' dir='ltr'>δέχωνται.</span> <span class='ocrx_word' id='word_1_347' title='bbox 1467 2770 1925 2845; x_wconf 80' lang='grc' dir='ltr'>Συγχωρήσωμέν</span> 
     </span>
    </p>
   </div>
   <div class='ocr_carea' id='block_1_48' title="bbox 281 2852 1927 2931">
    <p class='ocr_par' dir='ltr' id='par_1_48' title="bbox 281 2852 1927 2931">
     <span class='ocr_line' id='line_1_48' title="bbox 281 2852 1927 2931; baseline 0.004 -23"><span class='ocrx_word' id='word_1_348' title='bbox 281 2874 334 2908; x_wconf 87' lang='grc' dir='ltr'><strong>τι</strong></span> <span class='ocrx_word' id='word_1_349' title='bbox 373 2852 587 2927; x_wconf 76' lang='grc' dir='ltr'>μικρὸν,</span> <span class='ocrx_word' id='word_1_350' title='bbox 638 2852 730 2908; x_wconf 54' lang='grc' dir='ltr'>τίνα</span> <span class='ocrx_word' id='word_1_351' title='bbox 767 2855 829 2908; x_wconf 87' lang='grc' dir='ltr'>τὸ</span> <span class='ocrx_word' id='word_1_352' title='bbox 861 2857 972 2928; x_wconf 80' lang='grc'>(61)</span> <span class='ocrx_word' id='word_1_353' title='bbox 1008 2861 1190 2928; x_wconf 84' lang='grc' dir='ltr'>μεῖζον</span> <span class='ocrx_word' id='word_1_354' title='bbox 1222 2853 1625 2931; x_wconf 78' lang='grc' dir='ltr'>ἀντιλάϐωμεν,</span> <span class='ocrx_word' id='word_1_355' title='bbox 1654 2861 1752 2928; x_wconf 78' lang='grc' dir='ltr'>τὴν</span> <span class='ocrx_word' id='word_1_356' title='bbox 1787 2858 1927 2931; x_wconf 84' lang='grc' dir='ltr'>ὁμό-</span> 
     </span>
    </p>
   </div>
   <div class='ocr_carea' id='block_1_49' title="bbox 285 2941 1925 3022">
    <p class='ocr_par' dir='ltr' id='par_1_49' title="bbox 285 2941 1925 3022">
     <span class='ocr_line' id='line_1_49' title="bbox 285 2941 1925 3022; baseline 0.005 -29"><span class='ocrx_word' id='word_1_357' title='bbox 285 2962 454 2997; x_wconf 90' lang='grc' dir='ltr'>νοιαν.</span> <span class='ocrx_word' id='word_1_358' title='bbox 505 2943 882 3015; x_wconf 79' lang='grc' dir='ltr'>Ἠττηθῶμεν,</span> <span class='ocrx_word' id='word_1_359' title='bbox 935 2941 1027 2997; x_wconf 67' lang='grc' dir='ltr'>ἵνα</span> <span class='ocrx_word' id='word_1_360' title='bbox 1081 2946 1413 3018; x_wconf 78' lang='grc' dir='ltr'>νικήσωμεν.</span> <span class='ocrx_word' id='word_1_361' title='bbox 1490 2950 1677 3022; x_wconf 81' lang='grc' dir='ltr'>Ὁρᾶτε</span> <span class='ocrx_word' id='word_1_362' title='bbox 1722 2947 1925 3020; x_wconf 84' lang='grc' dir='ltr'>νόμους</span> 
     </span>
    </p>
   </div>
   <div class='ocr_carea' id='block_1_50' title="bbox 284 3029 1926 3108">
    <p class='ocr_par' dir='ltr' id='par_1_50' title="bbox 284 3029 1926 3108">
     <span class='ocr_line' id='line_1_50' title="bbox 284 3029 1926 3108; baseline 0.005 -25"><span class='ocrx_word' id='word_1_363' title='bbox 284 3029 589 3100; x_wconf 73' lang='grc' dir='ltr'>ἀθλήσεως,</span> <span class='ocrx_word' id='word_1_364' title='bbox 649 3031 739 3085; x_wconf 80' lang='grc' dir='ltr'><strong>καὶ</strong></span> <span class='ocrx_word' id='word_1_365' title='bbox 787 3029 1102 3087; x_wconf 81' lang='grc' dir='ltr'>παλαιστῶν</span> <span class='ocrx_word' id='word_1_366' title='bbox 1150 3034 1523 3108; x_wconf 82' lang='grc' dir='ltr'>ἀγωνίσματα,</span> <span class='ocrx_word' id='word_1_367' title='bbox 1558 3034 1609 3090; x_wconf 72' lang='lat' dir='ltr'><strong>o&#39;i</strong></span> <span class='ocrx_word' id='word_1_368' title='bbox 1654 3041 1733 3108; x_wconf 82' lang='grc' dir='ltr'>τῷ</span> <span class='ocrx_word' id='word_1_369' title='bbox 1779 3038 1926 3091; x_wconf 85' lang='grc' dir='ltr'>κάτω</span> 
     </span>
    </p>
   </div>
   <div class='ocr_carea' id='block_1_51' title="bbox 278 3118 1925 3198">
    <p class='ocr_par' dir='ltr' id='par_1_51' title="bbox 278 3118 1925 3198">
     <span class='ocr_line' id='line_1_51' title="bbox 278 3118 1925 3198; baseline 0.004 -25"><span class='ocrx_word' id='word_1_370' title='bbox 278 3120 485 3173; x_wconf 86' lang='grc' dir='ltr'>κεῖσθαι</span> <span class='ocrx_word' id='word_1_371' title='bbox 546 3118 819 3183; x_wconf 82' lang='grc' dir='ltr'>πολλάκις</span> <span class='ocrx_word' id='word_1_372' title='bbox 880 3126 1067 3175; x_wconf 86' lang='grc' dir='ltr'>νικῶσι</span> <span class='ocrx_word' id='word_1_373' title='bbox 1114 3122 1242 3185; x_wconf 79' lang='grc' dir='ltr'>τοὺς</span> <span class='ocrx_word' id='word_1_374' title='bbox 1301 3124 1733 3198; x_wconf 81' lang='grc' dir='ltr'>ὑπερκειμένους.</span> <span class='ocrx_word' id='word_1_375' title='bbox 1791 3126 1925 3180; x_wconf 89' lang='grc' dir='ltr'>Τού-</span> 
     </span>
    </p>
   </div>
   <div class='ocr_carea' id='block_1_52' title="bbox 274 3206 1930 3285">
    <p class='ocr_par' dir='ltr' id='par_1_52' title="bbox 274 3206 1930 3285">
     <span class='ocr_line' id='line_1_52' title="bbox 274 3206 1930 3285; baseline 0.005 -24"><span class='ocrx_word' id='word_1_376' title='bbox 274 3228 402 3269; x_wconf 85' lang='grc' dir='ltr'>τους</span> <span class='ocrx_word' id='word_1_377' title='bbox 446 3206 808 3281; x_wconf 85' lang='grc' dir='ltr'>ζηλώσωμεν,</span> <span class='ocrx_word' id='word_1_378' title='bbox 848 3211 921 3281; x_wconf 72' lang='grc' dir='ltr'>μὴ</span> <span class='ocrx_word' id='word_1_379' title='bbox 953 3214 1060 3264; x_wconf 89' lang='grc' dir='ltr'><strong>τῶν</strong></span> <span class='ocrx_word' id='word_1_380' title='bbox 1112 3208 1450 3285; x_wconf 80' lang='grc' dir='ltr'>δαιτυμόνων</span> <span class='ocrx_word' id='word_1_381' title='bbox 1478 3213 1605 3276; x_wconf 81' lang='grc' dir='ltr'>τοὺς</span> <span class='ocrx_word' id='word_1_382' title='bbox 1654 3214 1930 3284; x_wconf 86' lang='grc' dir='ltr'>ἀπληστο-</span> 
     </span>
    </p>
   </div>
   <div class='ocr_carea' id='block_1_53' title="bbox 276 3295 1927 3381">
    <p class='ocr_par' dir='ltr' id='par_1_53' title="bbox 276 3295 1927 3381">
     <span class='ocr_line' id='line_1_53' title="bbox 276 3295 1927 3381; baseline 0.005 -31"><span class='ocrx_word' id='word_1_383' title='bbox 276 3295 553 3371; x_wconf 74' lang='grc' dir='ltr'>τέρους,ἤ</span> <span class='ocrx_word' id='word_1_384' title='bbox 607 3302 712 3352; x_wconf 88' lang='grc' dir='ltr'><strong>τῶν</strong></span> <span class='ocrx_word' id='word_1_385' title='bbox 760 3298 1052 3375; x_wconf 73' lang='grc' dir='ltr'>ἐμπόρων·</span> <span class='ocrx_word' id='word_1_386' title='bbox 1103 3302 1176 3355; x_wconf 84' lang='grc' dir='ltr'>ὧν</span> <span class='ocrx_word' id='word_1_387' title='bbox 1224 3303 1275 3357; x_wconf 74' lang='grc' dir='ltr'>οἱ</span> <span class='ocrx_word' id='word_1_388' title='bbox 1329 3302 1421 3373; x_wconf 72' lang='grc' dir='ltr'>μὲν</span> <span class='ocrx_word' id='word_1_389' title='bbox 1477 3303 1727 3379; x_wconf 75' lang='grc' dir='ltr'>ἀμέτρως</span> <span class='ocrx_word' id='word_1_390' title='bbox 1758 3303 1927 3381; x_wconf 78' lang='grc' dir='ltr'>ἐμφο-</span> 
     </span>
    </p>
   </div>
   <div class='ocr_carea' id='block_1_54' title="bbox 2109 2325 3687 2393">
    <p class='ocr_par' dir='ltr' id='par_1_54' title="bbox 2109 2325 3687 2393">
     <span class='ocr_line' id='line_1_54' title="bbox 2109 2325 3687 2393; baseline -0.001 -12"><span class='ocrx_word' id='word_1_391' title='bbox 2109 2325 2249 2381; x_wconf 87' lang='lat' dir='ltr'><strong>XVI.</strong></span> <span class='ocrx_word' id='word_1_392' title='bbox 2281 2325 2445 2381; x_wconf 87' lang='lat' dir='ltr'><strong>Absit</strong></span> <span class='ocrx_word' id='word_1_393' title='bbox 2493 2343 2525 2380; x_wconf 90' lang='lat' dir='ltr'><strong>a</strong></span> <span class='ocrx_word' id='word_1_394' title='bbox 2568 2326 2759 2391; x_wconf 90' lang='lat' dir='ltr'><strong>nobis,</strong></span> <span class='ocrx_word' id='word_1_395' title='bbox 2791 2341 2823 2380; x_wconf 90' lang='grc' dir='ltr'><strong>ο</strong></span> <span class='ocrx_word' id='word_1_396' title='bbox 2855 2326 3063 2381; x_wconf 82' lang='lat' dir='ltr'><strong>fratres</strong></span> <span class='ocrx_word' id='word_1_397' title='bbox 3094 2330 3151 2381; x_wconf 89' lang='lat' dir='ltr'><strong>et</strong></span> <span class='ocrx_word' id='word_1_398' title='bbox 3181 2325 3380 2393; x_wconf 88' lang='lat' dir='ltr'><strong>amici,</strong></span> <span class='ocrx_word' id='word_1_399' title='bbox 3411 2325 3531 2381; x_wconf 71' lang='lat' dir='ltr'><strong>haec</strong></span> <span class='ocrx_word' id='word_1_400' title='bbox 3563 2326 3687 2381; x_wconf 88' lang='lat' dir='ltr'><strong>ani-</strong></span> 
     </span>
    </p>
   </div>
   <div class='ocr_carea' id='block_1_55' title="bbox 2039 2414 3685 2487">
    <p class='ocr_par' dir='ltr' id='par_1_55' title="bbox 2039 2414 3685 2487">
     <span class='ocr_line' id='line_1_55' title="bbox 2039 2414 3685 2487; baseline 0 -17"><span class='ocrx_word' id='word_1_401' title='bbox 2039 2414 2118 2470; x_wconf 90' lang='lat' dir='ltr'><strong>mi</strong></span> <span class='ocrx_word' id='word_1_402' title='bbox 2151 2415 2458 2470; x_wconf 86' lang='lat' dir='ltr'><strong>sententia.</strong></span> <span class='ocrx_word' id='word_1_403' title='bbox 2487 2415 2713 2470; x_wconf 76' lang='lat' dir='ltr'><strong>Pacifici</strong></span> <span class='ocrx_word' id='word_1_404' title='bbox 2745 2414 2905 2470; x_wconf 89' lang='lat' dir='ltr'><strong>illius</strong></span> <span class='ocrx_word' id='word_1_405' title='bbox 2939 2431 3179 2483; x_wconf 89' lang='lat' dir='ltr'><strong>munus,</strong></span> <span class='ocrx_word' id='word_1_406' title='bbox 3209 2416 3313 2470; x_wconf 90' lang='lat' dir='ltr'><strong>hoc</strong></span> <span class='ocrx_word' id='word_1_407' title='bbox 3342 2420 3432 2470; x_wconf 89' lang='lat' dir='ltr'><strong>est</strong></span> <span class='ocrx_word' id='word_1_408' title='bbox 3461 2432 3685 2487; x_wconf 86' lang='lat' dir='ltr'><strong>pacem,</strong></span> 
     </span>
    </p>
   </div>
   <div class='ocr_carea' id='block_1_56' title="bbox 2039 2503 3686 2575">
    <p class='ocr_par' dir='ltr' id='par_1_56' title="bbox 2039 2503 3686 2575">
     <span class='ocr_line' id='line_1_56' title="bbox 2039 2503 3686 2575; baseline 0.001 -17"><span class='ocrx_word' id='word_1_409' title='bbox 2039 2520 2439 2569; x_wconf 89' lang='lat' dir='ltr'><strong>revereamur,</strong></span> <span class='ocrx_word' id='word_1_410' title='bbox 2496 2520 2673 2575; x_wconf 89' lang='lat' dir='ltr'><strong>quam</strong></span> <span class='ocrx_word' id='word_1_411' title='bbox 2733 2503 2903 2559; x_wconf 86' lang='lat' dir='ltr'><strong>nobis</strong></span> <span class='ocrx_word' id='word_1_412' title='bbox 2961 2504 3098 2558; x_wconf 84' lang='lat' dir='ltr'><strong>hinc</strong></span> <span class='ocrx_word' id='word_1_413' title='bbox 3153 2505 3460 2559; x_wconf 88' lang='lat' dir='ltr'><strong>discedens</strong></span> <span class='ocrx_word' id='word_1_414' title='bbox 3516 2505 3686 2575; x_wconf 90' lang='lat' dir='ltr'><strong>quasi</strong></span> 
     </span>
    </p>
   </div>
   <div class='ocr_carea' id='block_1_57' title="bbox 2038 2592 3686 2665">
    <p class='ocr_par' dir='ltr' id='par_1_57' title="bbox 2038 2592 3686 2665">
     <span class='ocr_line' id='line_1_57' title="bbox 2038 2592 3686 2665; baseline -0.001 -16"><span class='ocrx_word' id='word_1_415' title='bbox 2038 2592 2195 2649; x_wconf 88' lang='lat' dir='ltr'><strong>aliud</strong></span> <span class='ocrx_word' id='word_1_416' title='bbox 2227 2593 2524 2665; x_wconf 84' lang='lat' dir='ltr'><strong>quoddam</strong></span> <span class='ocrx_word' id='word_1_417' title='bbox 2556 2592 2815 2665; x_wconf 91' lang='lat' dir='ltr'><strong>legatum</strong></span> <span class='ocrx_word' id='word_1_418' title='bbox 2848 2593 3081 2665; x_wconf 89' lang='lat' dir='ltr'><strong>reliquit</strong></span> <span class='ocrx_word' id='word_1_419' title='bbox 3110 2593 3173 2646; x_wconf 71' lang='grc'><strong>³⁸.</strong></span> <span class='ocrx_word' id='word_1_420' title='bbox 3208 2592 3399 2648; x_wconf 90' lang='lat' dir='ltr'><strong>Unum</strong></span> <span class='ocrx_word' id='word_1_421' title='bbox 3431 2592 3540 2648; x_wconf 89' lang='lat' dir='ltr'><strong>hoc</strong></span> <span class='ocrx_word' id='word_1_422' title='bbox 3572 2593 3686 2649; x_wconf 87' lang='lat' dir='ltr'><strong>bel-</strong></span> 
     </span>
    </p>
   </div>
   <div class='ocr_carea' id='block_1_58' title="bbox 2035 2682 3685 2754">
    <p class='ocr_par' dir='ltr' id='par_1_58' title="bbox 2035 2682 3685 2754">
     <span class='ocr_line' id='line_1_58' title="bbox 2035 2682 3685 2754; baseline 0 -18"><span class='ocrx_word' id='word_1_423' title='bbox 2035 2682 2158 2737; x_wconf 91' lang='lat' dir='ltr'><strong>lum</strong></span> <span class='ocrx_word' id='word_1_424' title='bbox 2190 2698 2599 2754; x_wconf 81' lang='lat' dir='ltr'><strong>agnoscamus,</strong></span> <span class='ocrx_word' id='word_1_425' title='bbox 2633 2682 2788 2753; x_wconf 86' lang='lat' dir='ltr'><strong>quod</strong></span> <span class='ocrx_word' id='word_1_426' title='bbox 2828 2698 2961 2737; x_wconf 92' lang='lat' dir='ltr'><strong>cum</strong></span> <span class='ocrx_word' id='word_1_427' title='bbox 2996 2682 3343 2737; x_wconf 86' lang='lat' dir='ltr'><strong>adversariis</strong></span> <span class='ocrx_word' id='word_1_428' title='bbox 3383 2682 3685 2752; x_wconf 86' lang='lat' dir='ltr'><strong>potestati-</strong></span> 
     </span>
    </p>
   </div>
   <div class='ocr_carea' id='block_1_59' title="bbox 2036 2770 3682 2842">
    <p class='ocr_par' dir='ltr' id='par_1_59' title="bbox 2036 2770 3682 2842">
     <span class='ocr_line' id='line_1_59' title="bbox 2036 2770 3682 2842; baseline 0.001 -16"><span class='ocrx_word' id='word_1_429' title='bbox 2036 2771 2148 2826; x_wconf 89' lang='lat' dir='ltr'><strong>bus</strong></span> <span class='ocrx_word' id='word_1_430' title='bbox 2201 2770 2609 2826; x_wconf 90' lang='lat' dir='ltr'><strong>committitur.</strong></span> <span class='ocrx_word' id='word_1_431' title='bbox 2666 2774 2775 2826; x_wconf 90' lang='lat' dir='ltr'><strong>Eos</strong></span> <span class='ocrx_word' id='word_1_432' title='bbox 2821 2786 3075 2842; x_wconf 91' lang='lat' dir='ltr'><strong>quoque,</strong></span> <span class='ocrx_word' id='word_1_433' title='bbox 3127 2771 3229 2842; x_wconf 90' lang='lat' dir='ltr'><strong>qui</strong></span> <span class='ocrx_word' id='word_1_434' title='bbox 3278 2770 3447 2825; x_wconf 89' lang='lat' dir='ltr'><strong>nobis</strong></span> <span class='ocrx_word' id='word_1_435' title='bbox 3486 2770 3682 2827; x_wconf 81' lang='lat' dir='ltr'><strong>infesti</strong></span> 
     </span>
    </p>
   </div>
   <div class='ocr_carea' id='block_1_60' title="bbox 2037 2858 3683 2932">
    <p class='ocr_par' dir='ltr' id='par_1_60' title="bbox 2037 2858 3683 2932">
     <span class='ocr_line' id='line_1_60' title="bbox 2037 2858 3683 2932; baseline 0.001 -18"><span class='ocrx_word' id='word_1_436' title='bbox 2037 2864 2195 2927; x_wconf 90' lang='lat' dir='ltr'><strong>sunt,</strong></span> <span class='ocrx_word' id='word_1_437' title='bbox 2221 2861 2464 2915; x_wconf 80' lang='lat' dir='ltr'><strong>fratrum</strong></span> <span class='ocrx_word' id='word_1_438' title='bbox 2487 2860 2722 2915; x_wconf 90' lang='lat' dir='ltr'><strong>nomine</strong></span> <span class='ocrx_word' id='word_1_439' title='bbox 2742 2859 3125 2932; x_wconf 88' lang='lat' dir='ltr'><strong>appellemus,</strong></span> <span class='ocrx_word' id='word_1_440' title='bbox 3149 2860 3197 2915; x_wconf 90' lang='lat' dir='ltr'><strong>si</strong></span> <span class='ocrx_word' id='word_1_441' title='bbox 3220 2864 3415 2914; x_wconf 88' lang='lat' dir='ltr'><strong>tamen</strong></span> <span class='ocrx_word' id='word_1_442' title='bbox 3438 2858 3494 2913; x_wconf 90' lang='lat' dir='ltr'><strong>id</strong></span> <span class='ocrx_word' id='word_1_443' title='bbox 3519 2875 3683 2930; x_wconf 66' lang='lat' dir='ltr'><strong>equo</strong></span> 
     </span>
    </p>
   </div>
   <div class='ocr_carea' id='block_1_61' title="bbox 2036 2948 3683 3020">
    <p class='ocr_par' dir='ltr' id='par_1_61' title="bbox 2036 2948 3683 3020">
     <span class='ocr_line' id='line_1_61' title="bbox 2036 2948 3683 3020; baseline 0 -16"><span class='ocrx_word' id='word_1_444' title='bbox 2036 2948 2231 3004; x_wconf 90' lang='lat' dir='ltr'><strong>animo</strong></span> <span class='ocrx_word' id='word_1_445' title='bbox 2262 2948 2582 3020; x_wconf 90' lang='lat' dir='ltr'><strong>patiantur.</strong></span> <span class='ocrx_word' id='word_1_446' title='bbox 2617 2948 2901 3020; x_wconf 87' lang='lat' dir='ltr'><strong>Exiguum</strong></span> <span class='ocrx_word' id='word_1_447' title='bbox 2943 2949 3220 3019; x_wconf 87' lang='lat' dir='ltr'><strong>quiddam</strong></span> <span class='ocrx_word' id='word_1_448' title='bbox 3269 2949 3683 3019; x_wconf 86' lang='lat' dir='ltr'><strong>concedamus,</strong></span> 
     </span>
    </p>
   </div>
   <div class='ocr_carea' id='block_1_62' title="bbox 2037 3038 3681 3110">
    <p class='ocr_par' dir='ltr' id='par_1_62' title="bbox 2037 3038 3681 3110">
     <span class='ocr_line' id='line_1_62' title="bbox 2037 3038 3681 3110; baseline -0.001 -17"><span class='ocrx_word' id='word_1_449' title='bbox 2037 3043 2120 3103; x_wconf 89' lang='lat' dir='ltr'><strong>ut,</strong></span> <span class='ocrx_word' id='word_1_450' title='bbox 2155 3038 2309 3109; x_wconf 90' lang='lat' dir='ltr'><strong>quod</strong></span> <span class='ocrx_word' id='word_1_451' title='bbox 2345 3040 2534 3107; x_wconf 85' lang='lat' dir='ltr'><strong>majus</strong></span> <span class='ocrx_word' id='word_1_452' title='bbox 2578 3046 2687 3100; x_wconf 86' lang='lat' dir='ltr'><strong>est.</strong></span> <span class='ocrx_word' id='word_1_453' title='bbox 2722 3038 3095 3110; x_wconf 88' lang='lat' dir='ltr'><strong>recipiamus,</strong></span> <span class='ocrx_word' id='word_1_454' title='bbox 3129 3038 3410 3092; x_wconf 90' lang='lat' dir='ltr'><strong>nimirum</strong></span> <span class='ocrx_word' id='word_1_455' title='bbox 3444 3054 3681 3093; x_wconf 87' lang='lat' dir='ltr'><strong>concor-</strong></span> 
     </span>
    </p>
   </div>
   <div class='ocr_carea' id='block_1_63' title="bbox 2037 3126 3686 3198">
    <p class='ocr_par' dir='ltr' id='par_1_63' title="bbox 2037 3126 3686 3198">
     <span class='ocr_line' id='line_1_63' title="bbox 2037 3126 3686 3198; baseline 0 -17"><span class='ocrx_word' id='word_1_456' title='bbox 2037 3128 2214 3182; x_wconf 89' lang='lat' dir='ltr'><strong>diam.</strong></span> <span class='ocrx_word' id='word_1_457' title='bbox 2250 3127 2416 3182; x_wconf 88' lang='lat' dir='ltr'><strong>Vinci</strong></span> <span class='ocrx_word' id='word_1_458' title='bbox 2448 3143 2555 3181; x_wconf 90' lang='lat' dir='ltr'><strong>nos</strong></span> <span class='ocrx_word' id='word_1_459' title='bbox 2586 3127 2875 3197; x_wconf 88' lang='lat' dir='ltr'><strong>sinamus,</strong></span> <span class='ocrx_word' id='word_1_460' title='bbox 2909 3132 2973 3181; x_wconf 93' lang='lat' dir='ltr'><strong>ut</strong></span> <span class='ocrx_word' id='word_1_461' title='bbox 3001 3126 3325 3182; x_wconf 83' lang='lat' dir='ltr'><strong>vincamus.</strong></span> <span class='ocrx_word' id='word_1_462' title='bbox 3348 3126 3553 3182; x_wconf 89' lang='lat' dir='ltr'><strong>Videte</strong></span> <span class='ocrx_word' id='word_1_463' title='bbox 3582 3143 3686 3198; x_wconf 85' lang='lat' dir='ltr'><strong>pa-</strong></span> 
     </span>
    </p>
   </div>
   <div class='ocr_carea' id='block_1_64' title="bbox 2037 3215 3684 3287">
    <p class='ocr_par' dir='ltr' id='par_1_64' title="bbox 2037 3215 3684 3287">
     <span class='ocr_line' id='line_1_64' title="bbox 2037 3215 3684 3287; baseline 0 -17"><span class='ocrx_word' id='word_1_464' title='bbox 2037 3215 2244 3270; x_wconf 69' lang='lat' dir='ltr'><strong>laestrae</strong></span> <span class='ocrx_word' id='word_1_465' title='bbox 2275 3215 2456 3287; x_wconf 86' lang='lat' dir='ltr'><strong>leges,</strong></span> <span class='ocrx_word' id='word_1_466' title='bbox 2489 3220 2546 3271; x_wconf 87' lang='lat' dir='ltr'><strong>et</strong></span> <span class='ocrx_word' id='word_1_467' title='bbox 2575 3215 2928 3271; x_wconf 85' lang='lat' dir='ltr'><strong>athletarum</strong></span> <span class='ocrx_word' id='word_1_468' title='bbox 2962 3216 3303 3283; x_wconf 88' lang='lat' dir='ltr'><strong>certamina,</strong></span> <span class='ocrx_word' id='word_1_469' title='bbox 3350 3215 3452 3286; x_wconf 89' lang='lat' dir='ltr'><strong>qui</strong></span> <span class='ocrx_word' id='word_1_470' title='bbox 3504 3231 3572 3270; x_wconf 80' lang='lat' dir='ltr'><strong>ex</strong></span> <span class='ocrx_word' id='word_1_471' title='bbox 3616 3231 3684 3270; x_wconf 88' lang='lat' dir='ltr'><strong>eo</strong></span> 
     </span>
    </p>
   </div>
   <div class='ocr_carea' id='block_1_65' title="bbox 2038 3303 3685 3377">
    <p class='ocr_par' dir='ltr' id='par_1_65' title="bbox 2038 3303 3685 3377">
     <span class='ocr_line' id='line_1_65' title="bbox 2038 3303 3685 3377; baseline 0.002 -19"><span class='ocrx_word' id='word_1_472' title='bbox 2038 3305 2403 3377; x_wconf 90' lang='lat' dir='ltr'><strong>plerumque,</strong></span> <span class='ocrx_word' id='word_1_473' title='bbox 2437 3306 2592 3376; x_wconf 90' lang='lat' dir='ltr'><strong>quod</strong></span> <span class='ocrx_word' id='word_1_474' title='bbox 2623 3305 2786 3359; x_wconf 87' lang='lat' dir='ltr'><strong>humi</strong></span> <span class='ocrx_word' id='word_1_475' title='bbox 2813 3306 3032 3375; x_wconf 88' lang='lat' dir='ltr'><strong>jacent,</strong></span> <span class='ocrx_word' id='word_1_476' title='bbox 3067 3303 3160 3372; x_wconf 89' lang='lat' dir='ltr'><strong>iis,</strong></span> <span class='ocrx_word' id='word_1_477' title='bbox 3207 3305 3306 3376; x_wconf 89' lang='lat' dir='ltr'><strong>qui</strong></span> <span class='ocrx_word' id='word_1_478' title='bbox 3356 3321 3534 3374; x_wconf 87' lang='lat' dir='ltr'><strong>supra</strong></span> <span class='ocrx_word' id='word_1_479' title='bbox 3585 3303 3685 3361; x_wconf 88' lang='lat' dir='ltr'><strong>siti</strong></span> 
     </span>
    </p>
   </div>
   <div class='ocr_carea' id='block_1_66' title="bbox 276 3386 1925 3471">
    <p class='ocr_par' dir='ltr' id='par_1_66' title="bbox 276 3386 1925 3471">
     <span class='ocr_line' id='line_1_66' title="bbox 276 3386 1925 3471; baseline 0.005 -32"><span class='ocrx_word' id='word_1_480' title='bbox 276 3386 530 3462; x_wconf 77' lang='grc' dir='ltr'>ρηθὲντες</span> <span class='ocrx_word' id='word_1_481' title='bbox 586 3390 695 3441; x_wconf 91' lang='grc' dir='ltr'><strong>τῶν</strong></span> <span class='ocrx_word' id='word_1_482' title='bbox 753 3389 1150 3463; x_wconf 86' lang='grc' dir='ltr'>πρυκείμένων,</span> <span class='ocrx_word' id='word_1_483' title='bbox 1213 3392 1265 3445; x_wconf 71' lang='grc' dir='ltr'>οἱ</span> <span class='ocrx_word' id='word_1_484' title='bbox 1322 3388 1379 3446; x_wconf 73' lang='grc' dir='ltr'>δὲ</span> <span class='ocrx_word' id='word_1_485' title='bbox 1424 3394 1524 3461; x_wconf 76' lang='grc' dir='ltr'><strong>τήν</strong></span> <span class='ocrx_word' id='word_1_486' title='bbox 1583 3398 1710 3447; x_wconf 90' lang='grc' dir='ltr'>ναῦν</span> <span class='ocrx_word' id='word_1_487' title='bbox 1744 3393 1925 3471; x_wconf 74' lang='grc' dir='ltr'>φορτί-</span> 
     </span>
    </p>
   </div>
   <div class='ocr_carea' id='block_1_67' title="bbox 2042 3386 3684 3471">
    <p class='ocr_par' dir='ltr' id='par_1_67' title="bbox 2042 3393 3684 3463">
     <span class='ocr_line' id='line_1_67' title="bbox 2042 3393 3684 3463; baseline 0 -15"><span class='ocrx_word' id='word_1_488' title='bbox 2042 3397 2197 3460; x_wconf 87' lang='lat' dir='ltr'><strong>sunt,</strong></span> <span class='ocrx_word' id='word_1_489' title='bbox 2228 3394 2530 3447; x_wconf 87' lang='lat' dir='ltr'><strong>victoriam</strong></span> <span class='ocrx_word' id='word_1_490' title='bbox 2573 3398 2932 3463; x_wconf 84' lang='lat' dir='ltr'><strong>extorquent.</strong></span> <span class='ocrx_word' id='word_1_491' title='bbox 2977 3394 3094 3448; x_wconf 83' lang='lat' dir='ltr'><strong>Hos</strong></span> <span class='ocrx_word' id='word_1_492' title='bbox 3149 3393 3513 3459; x_wconf 72' lang='lat' dir='ltr'><strong>aemulemur,</strong></span> <span class='ocrx_word' id='word_1_493' title='bbox 3568 3409 3684 3448; x_wconf 88' lang='lat' dir='ltr'><strong>non</strong></span> 
     </span>
    </p>
   </div>
   <div class='ocr_carea' id='block_1_68' title="bbox 272 3477 1925 3555">
    <p class='ocr_par' dir='ltr' id='par_1_68' title="bbox 272 3477 1925 3555">
     <span class='ocr_line' id='line_1_68' title="bbox 272 3477 1925 3555; baseline 0.005 -26"><span class='ocrx_word' id='word_1_494' title='bbox 272 3495 484 3539; x_wconf 82' lang='grc' dir='ltr'>σαντες,</span> <span class='ocrx_word' id='word_1_495' title='bbox 540 3477 729 3531; x_wconf 83' lang='grc' dir='ltr'>θᾶττον</span> <span class='ocrx_word' id='word_1_496' title='bbox 794 3477 1097 3553; x_wconf 76' lang='grc' dir='ltr'>έρῥάγησαν</span> <span class='ocrx_word' id='word_1_497' title='bbox 1144 3480 1232 3533; x_wconf 87' lang='grc' dir='ltr'><strong>καὶ</strong></span> <span class='ocrx_word' id='word_1_498' title='bbox 1293 3479 1713 3555; x_wconf 87' lang='grc' dir='ltr'>συγκατέδυσαν,</span> <span class='ocrx_word' id='word_1_499' title='bbox 1780 3482 1814 3551; x_wconf 76' lang='grc' dir='ltr'>ἥ</span> <span class='ocrx_word' id='word_1_500' title='bbox 1872 3504 1925 3538; x_wconf 81' lang='grc' dir='ltr'><strong>τι</strong></span> 
     </span>
    </p>
   </div>
   <div class='ocr_carea' id='block_1_69' title="bbox 269 3562 1929 3643">
    <p class='ocr_par' dir='ltr' id='par_1_69' title="bbox 269 3562 1929 3643">
     <span class='ocr_line' id='line_1_69' title="bbox 269 3562 1929 3643; baseline 0.005 -25"><span class='ocrx_word' id='word_1_501' title='bbox 269 3570 372 3633; x_wconf 84' lang='grc' dir='ltr'><strong>τῆς</strong></span> <span class='ocrx_word' id='word_1_502' title='bbox 406 3562 709 3635; x_wconf 78' lang='grc' dir='ltr'>ἀπληστίας</span> <span class='ocrx_word' id='word_1_503' title='bbox 767 3566 1096 3637; x_wconf 76' lang='grc' dir='ltr'>ἀπέλαυσαν,</span> <span class='ocrx_word' id='word_1_504' title='bbox 1138 3566 1227 3622; x_wconf 70' lang='grc' dir='ltr'>’ίνα</span> <span class='ocrx_word' id='word_1_505' title='bbox 1280 3571 1446 3642; x_wconf 73' lang='grc' dir='ltr'>μικρὰ</span> <span class='ocrx_word' id='word_1_506' title='bbox 1496 3567 1816 3643; x_wconf 84' lang='grc' dir='ltr'>κερδάνωσι,</span> <span class='ocrx_word' id='word_1_507' title='bbox 1862 3572 1929 3627; x_wconf 79' lang='grc' dir='ltr'><strong>τὰ</strong></span> 
     </span>
    </p>
   </div>
   <div class='ocr_carea' id='block_1_70' title="bbox 278 3651 1928 3734">
    <p class='ocr_par' dir='ltr' id='par_1_70' title="bbox 278 3651 1928 3734">
     <span class='ocr_line' id='line_1_70' title="bbox 278 3651 1928 3734; baseline 0.006 -29"><span class='ocrx_word' id='word_1_508' title='bbox 278 3651 493 3728; x_wconf 83' lang='grc' dir='ltr'>μεγάλα</span> <span class='ocrx_word' id='word_1_509' title='bbox 526 3656 913 3727; x_wconf 82' lang='grc' dir='ltr'>ζημιωθέντες.</span> <span class='ocrx_word' id='word_1_510' title='bbox 945 3657 1081 3731; x_wconf 80' lang='grc' dir='ltr'>Ἐγὼ</span> <span class='ocrx_word' id='word_1_511' title='bbox 1117 3658 1209 3729; x_wconf 75' lang='grc' dir='ltr'>μὲν</span> <span class='ocrx_word' id='word_1_512' title='bbox 1245 3656 1333 3712; x_wconf 79' lang='grc' dir='ltr'>οὖν</span> <span class='ocrx_word' id='word_1_513' title='bbox 1366 3663 1533 3713; x_wconf 87' lang='grc' dir='ltr'>ταῦτα</span> <span class='ocrx_word' id='word_1_514' title='bbox 1572 3658 1659 3713; x_wconf 81' lang='grc' dir='ltr'>καὶ</span> <span class='ocrx_word' id='word_1_515' title='bbox 1695 3661 1808 3734; x_wconf 88' lang='grc' dir='ltr'><strong>βοῶ</strong></span> <span class='ocrx_word' id='word_1_516' title='bbox 1838 3661 1928 3715; x_wconf 81' lang='grc' dir='ltr'><strong>καὶ</strong></span> 
     </span>
    </p>
   </div>
   <div class='ocr_carea' id='block_1_71' title="bbox 274 3738 1926 3824">
    <p class='ocr_par' dir='ltr' id='par_1_71' title="bbox 274 3738 1926 3824">
     <span class='ocr_line' id='line_1_71' title="bbox 274 3738 1926 3824; baseline 0.004 -29"><span class='ocrx_word' id='word_1_517' title='bbox 274 3738 739 3818; x_wconf 86' lang='grc' dir='ltr'>διαμαρτύρομαι,</span> <span class='ocrx_word' id='word_1_518' title='bbox 770 3745 953 3800; x_wconf 85' lang='grc' dir='ltr'>καὶτὸ</span> <span class='ocrx_word' id='word_1_519' title='bbox 981 3748 1078 3813; x_wconf 76' lang='grc' dir='ltr'><strong>τῆς</strong></span> <span class='ocrx_word' id='word_1_520' title='bbox 1127 3751 1343 3824; x_wconf 70' lang='grc' dir='ltr'>Γραφῆς</span> <span class='ocrx_word' id='word_1_521' title='bbox 1388 3752 1562 3801; x_wconf 90' lang='grc' dir='ltr'>ποιῶν</span> <span class='ocrx_word' id='word_1_522' title='bbox 1610 3747 1671 3802; x_wconf 80' lang='grc' dir='ltr'>οὐ</span> <span class='ocrx_word' id='word_1_523' title='bbox 1722 3748 1926 3803; x_wconf 88' lang='grc' dir='ltr'>παύσο-</span> 
     </span>
    </p>
   </div>
   <div class='ocr_carea' id='block_1_72' title="bbox 279 3833 1926 3912">
    <p class='ocr_par' dir='ltr' id='par_1_72' title="bbox 279 3833 1926 3912">
     <span class='ocr_line' id='line_1_72' title="bbox 279 3833 1926 3912; baseline 0.004 -28"><span class='ocrx_word' id='word_1_524' title='bbox 279 3849 418 3904; x_wconf 80' lang='grc' dir='ltr'>μαι’</span> <span class='ocrx_word' id='word_1_525' title='bbox 477 3833 573 3886; x_wconf 79' lang='grc' dir='ltr'><strong>Διά</strong></span> <span class='ocrx_word' id='word_1_526' title='bbox 624 3834 765 3887; x_wconf 89' lang='grc' dir='ltr'>Σιὼν</span> <span class='ocrx_word' id='word_1_527' title='bbox 818 3833 879 3888; x_wconf 80' lang='grc' dir='ltr'><strong>ού</strong></span> <span class='ocrx_word' id='word_1_528' title='bbox 935 3837 1310 3908; x_wconf 85' lang='grc' dir='ltr'>σιωπήσομαι,</span> <span class='ocrx_word' id='word_1_529' title='bbox 1372 3836 1460 3890; x_wconf 83' lang='grc' dir='ltr'><strong>καὶ</strong></span> <span class='ocrx_word' id='word_1_530' title='bbox 1522 3834 1611 3891; x_wconf 78' lang='grc' dir='ltr'><strong>διὰ</strong></span> <span class='ocrx_word' id='word_1_531' title='bbox 1662 3838 1926 3912; x_wconf 81' lang='grc' dir='ltr'>Ἰερουσα-</span> 
     </span>
    </p>
   </div>
   <div class='ocr_carea' id='block_1_73' title="bbox 266 3917 1926 4000">
    <p class='ocr_par' dir='ltr' id='par_1_73' title="bbox 266 3917 1926 4000">
     <span class='ocr_line' id='line_1_73' title="bbox 266 3917 1926 4000; baseline 0.002 -25"><span class='ocrx_word' id='word_1_532' title='bbox 266 3917 394 3994; x_wconf 83' lang='grc' dir='ltr'><strong>λήμ</strong></span> <span class='ocrx_word' id='word_1_533' title='bbox 449 3920 549 3976; x_wconf 83' lang='grc' dir='ltr'><strong>οὐκ</strong></span> <span class='ocrx_word' id='word_1_534' title='bbox 604 3921 823 3992; x_wconf 83' lang='grc' dir='ltr'>ἀνήσω·</span> <span class='ocrx_word' id='word_1_535' title='bbox 888 3923 980 3977; x_wconf 82' lang='grc' dir='ltr'><strong>καὶ</strong></span> <span class='ocrx_word' id='word_1_536' title='bbox 1040 3925 1143 3999; x_wconf 82' lang='grc' dir='ltr'>γὰρ</span> <span class='ocrx_word' id='word_1_537' title='bbox 1205 3924 1439 3980; x_wconf 72' lang='grc' dir='ltr'>ἐκλείπει</span> <span class='ocrx_word' id='word_1_538' title='bbox 1510 3928 1544 3995; x_wconf 82' lang='grc' dir='ltr'>ἡ</span> <span class='ocrx_word' id='word_1_539' title='bbox 1602 3928 1753 4000; x_wconf 78' lang='grc' dir='ltr'>ψυχή</span> <span class='ocrx_word' id='word_1_540' title='bbox 1823 3946 1926 3998; x_wconf 85' lang='grc' dir='ltr'><strong>μου</strong></span> 
     </span>
    </p>
   </div>
   <div class='ocr_carea' id='block_1_74' title="bbox 265 4007 1927 4090">
    <p class='ocr_par' dir='ltr' id='par_1_74' title="bbox 265 4007 1927 4090">
     <span class='ocr_line' id='line_1_74' title="bbox 265 4007 1927 4090; baseline 0.004 -27"><span class='ocrx_word' id='word_1_541' title='bbox 265 4007 355 4063; x_wconf 65' lang='grc' dir='ltr'>ἰπὶ</span> <span class='ocrx_word' id='word_1_542' title='bbox 384 4014 498 4071; x_wconf 88' lang='grc' dir='ltr'>τοῖς</span> <span class='ocrx_word' id='word_1_543' title='bbox 529 4010 963 4086; x_wconf 76' lang='grc' dir='ltr'>ἀναιρουμένοις,</span> <span class='ocrx_word' id='word_1_544' title='bbox 998 4011 1195 4074; x_wconf 67' lang='grc' dir='ltr'>οἵτινες</span> <span class='ocrx_word' id='word_1_545' title='bbox 1244 4014 1306 4069; x_wconf 85' lang='grc' dir='ltr'>οὐ</span> <span class='ocrx_word' id='word_1_546' title='bbox 1356 4014 1687 4088; x_wconf 86' lang='grc' dir='ltr'>τραυματίαι</span> <span class='ocrx_word' id='word_1_547' title='bbox 1725 4013 1927 4090; x_wconf 80' lang='grc' dir='ltr'>μαχαί-</span> 
     </span>
    </p>
   </div>
   <div class='ocr_carea' id='block_1_75' title="bbox 270 4095 1927 4178">
    <p class='ocr_par' dir='ltr' id='par_1_75' title="bbox 270 4095 1927 4178">
     <span class='ocr_line' id='line_1_75' title="bbox 270 4095 1927 4178; baseline 0.004 -27"><span class='ocrx_word' id='word_1_548' title='bbox 270 4116 390 4169; x_wconf 83' lang='grc' dir='ltr'>ρας,</span> <span class='ocrx_word' id='word_1_549' title='bbox 424 4095 550 4152; x_wconf 75' lang='grc' dir='ltr'>ούδὶ</span> <span class='ocrx_word' id='word_1_550' title='bbox 608 4099 933 4173; x_wconf 87' lang='grc' dir='ltr'>τραυματίαι</span> <span class='ocrx_word' id='word_1_551' title='bbox 986 4100 1153 4175; x_wconf 87' lang='grc' dir='ltr'>λιμοῦ</span> <span class='ocrx_word' id='word_1_552' title='bbox 1204 4103 1466 4177; x_wconf 83' lang='grc' dir='ltr'>γινόμεθα</span> <span class='ocrx_word' id='word_1_553' title='bbox 1516 4106 1648 4177; x_wconf 83' lang='grc'>(62),</span> <span class='ocrx_word' id='word_1_554' title='bbox 1679 4123 1927 4178; x_wconf 87' lang='grc' dir='ltr'>τραυμα-</span> 
     </span>
    </p>
   </div>
   <div class='ocr_carea' id='block_1_76' title="bbox 265 4183 1923 4267">
    <p class='ocr_par' dir='ltr' id='par_1_76' title="bbox 265 4183 1923 4267">
     <span class='ocr_line' id='line_1_76' title="bbox 265 4183 1923 4267; baseline 0.005 -28"><span class='ocrx_word' id='word_1_555' title='bbox 265 4184 378 4240; x_wconf 87' lang='grc' dir='ltr'>τίαι</span> <span class='ocrx_word' id='word_1_556' title='bbox 412 4183 469 4240; x_wconf 69' lang='grc' dir='ltr'>δὲ</span> <span class='ocrx_word' id='word_1_557' title='bbox 500 4186 814 4263; x_wconf 79' lang='grc' dir='ltr'>φιλοδοξίας</span> <span class='ocrx_word' id='word_1_558' title='bbox 843 4190 878 4257; x_wconf 72' lang='grc' dir='ltr'><strong>ἢ</strong></span> <span class='ocrx_word' id='word_1_559' title='bbox 914 4190 1213 4267; x_wconf 79' lang='grc' dir='ltr'>φιλαρχίας</span> <span class='ocrx_word' id='word_1_560' title='bbox 1237 4211 1249 4222; x_wconf 71' lang='grc'><strong>⁸</strong></span> <span class='ocrx_word' id='word_1_561' title='bbox 1285 4192 1360 4254; x_wconf 86' lang='grc' dir='ltr'>ὡς</span> <span class='ocrx_word' id='word_1_562' title='bbox 1398 4190 1536 4264; x_wconf 74' lang='grc' dir='ltr'>μηδὲ</span> <span class='ocrx_word' id='word_1_563' title='bbox 1566 4193 1625 4247; x_wconf 88' lang='grc' dir='ltr'>νὸ</span> <span class='ocrx_word' id='word_1_564' title='bbox 1658 4192 1923 4255; x_wconf 82' lang='grc' dir='ltr'>ἐλεεῖσθαι</span> 
     </span>
    </p>
   </div>
   <div class='ocr_carea' id='block_1_77' title="bbox 270 4272 1921 4352">
    <p class='ocr_par' dir='ltr' id='par_1_77' title="bbox 270 4272 1921 4352">
     <span class='ocr_line' id='line_1_77' title="bbox 270 4272 1921 4352; baseline 0.005 -24"><span class='ocrx_word' id='word_1_565' title='bbox 270 4272 485 4347; x_wconf 78' lang='grc' dir='ltr'>μᾶλλον</span> <span class='ocrx_word' id='word_1_566' title='bbox 520 4275 554 4345; x_wconf 74' lang='grc' dir='ltr'><strong>ἢ</strong></span> <span class='ocrx_word' id='word_1_567' title='bbox 587 4276 650 4330; x_wconf 87' lang='grc' dir='ltr'><strong>τὸ</strong></span> <span class='ocrx_word' id='word_1_568' title='bbox 683 4281 954 4349; x_wconf 79' lang='grc' dir='ltr'>μισεῖσθαι</span> <span class='ocrx_word' id='word_1_569' title='bbox 985 4281 1098 4352; x_wconf 87' lang='grc'>(63)</span> <span class='ocrx_word' id='word_1_570' title='bbox 1130 4275 1444 4352; x_wconf 75' lang='grc' dir='ltr'>συμϐαίνειν</span> <span class='ocrx_word' id='word_1_571' title='bbox 1477 4287 1594 4343; x_wconf 88' lang='grc' dir='ltr'>τοῖς</span> <span class='ocrx_word' id='word_1_572' title='bbox 1613 4281 1921 4337; x_wconf 87' lang='grc' dir='ltr'>πίπτουσιν.</span> 
     </span>
    </p>
   </div>
   <div class='ocr_carea' id='block_1_78' title="bbox 260 4361 1921 4445">
    <p class='ocr_par' dir='ltr' id='par_1_78' title="bbox 260 4361 1921 4445">
     <span class='ocr_line' id='line_1_78' title="bbox 260 4361 1921 4445; baseline 0.005 -29"><span class='ocrx_word' id='word_1_573' title='bbox 260 4365 449 4435; x_wconf 83' lang='grc' dir='ltr'>Ὑμεῖς</span> <span class='ocrx_word' id='word_1_574' title='bbox 484 4361 560 4433; x_wconf 78' lang='grc' dir='ltr'>δὲ,</span> <span class='ocrx_word' id='word_1_575' title='bbox 596 4365 645 4419; x_wconf 73' lang='grc' dir='ltr'><strong>εἴ</strong></span> <span class='ocrx_word' id='word_1_576' title='bbox 676 4366 770 4438; x_wconf 77' lang='grc' dir='ltr'><strong>μὶν</strong></span> <span class='ocrx_word' id='word_1_577' title='bbox 824 4364 1075 4443; x_wconf 82' lang='grc' dir='ltr'>δέχοισθε</span> <span class='ocrx_word' id='word_1_578' title='bbox 1103 4368 1233 4430; x_wconf 79' lang='grc' dir='ltr'>τοὺς</span> <span class='ocrx_word' id='word_1_579' title='bbox 1279 4368 1445 4441; x_wconf 63' lang='grc' dir='ltr'>ἐμοὺς</span> <span class='ocrx_word' id='word_1_580' title='bbox 1497 4368 1713 4445; x_wconf 89' lang='grc' dir='ltr'>λόγους,</span> <span class='ocrx_word' id='word_1_581' title='bbox 1761 4374 1921 4425; x_wconf 87' lang='grc' dir='ltr'>τοῦτο</span> 
     </span>
    </p>
   </div>
   <div class='ocr_carea' id='block_1_79' title="bbox 265 4450 1921 4532">
    <p class='ocr_par' dir='ltr' id='par_1_79' title="bbox 265 4450 1921 4532">
     <span class='ocr_line' id='line_1_79' title="bbox 265 4450 1921 4532; baseline 0.005 -28"><span class='ocrx_word' id='word_1_582' title='bbox 265 4450 489 4522; x_wconf 78' lang='grc' dir='ltr'>ἄμεινον</span> <span class='ocrx_word' id='word_1_583' title='bbox 542 4453 911 4532; x_wconf 72' lang='grc' dir='ltr'>ἀμφοτέροις*</span> <span class='ocrx_word' id='word_1_584' title='bbox 966 4456 1013 4510; x_wconf 64' lang='grc' dir='ltr'>εἴ</span> <span class='ocrx_word' id='word_1_585' title='bbox 1060 4454 1116 4511; x_wconf 79' lang='grc' dir='ltr'>δὲ</span> <span class='ocrx_word' id='word_1_586' title='bbox 1165 4454 1477 4512; x_wconf 86' lang='grc' dir='ltr'>διαπτύοιτε</span> <span class='ocrx_word' id='word_1_587' title='bbox 1532 4461 1620 4513; x_wconf 87' lang='grc' dir='ltr'><strong>καί</strong></span> <span class='ocrx_word' id='word_1_588' title='bbox 1668 4460 1921 4530; x_wconf 80' lang='grc' dir='ltr'>ἀποπέμ-</span> 
     </span>
    </p>
   </div>
   <div class='ocr_carea' id='block_1_80' title="bbox 258 4544 1919 4621">
    <p class='ocr_par' dir='ltr' id='par_1_80' title="bbox 258 4544 1919 4621">
     <span class='ocr_line' id='line_1_80' title="bbox 258 4544 1919 4621; baseline 0.005 -28"><span class='ocrx_word' id='word_1_589' title='bbox 258 4552 481 4613; x_wconf 82' lang='grc' dir='ltr'>ποισθε,</span> <span class='ocrx_word' id='word_1_590' title='bbox 512 4548 777 4606; x_wconf 83' lang='grc' dir='ltr'>νικῶντος</span> <span class='ocrx_word' id='word_1_591' title='bbox 810 4549 911 4599; x_wconf 90' lang='grc' dir='ltr'><strong>τοῦ</strong></span> <span class='ocrx_word' id='word_1_592' title='bbox 942 4546 1143 4607; x_wconf 86' lang='grc' dir='ltr'>πάθους</span> <span class='ocrx_word' id='word_1_593' title='bbox 1171 4547 1262 4601; x_wconf 88' lang='grc' dir='ltr'><strong>τὸν</strong></span> <span class='ocrx_word' id='word_1_594' title='bbox 1305 4544 1597 4621; x_wconf 79' lang='grc' dir='ltr'>λογισμὸν,</span> <span class='ocrx_word' id='word_1_595' title='bbox 1648 4546 1772 4619; x_wconf 79' lang='grc' dir='ltr'>ἐμοὶ</span> <span class='ocrx_word' id='word_1_596' title='bbox 1826 4548 1919 4619; x_wconf 75' lang='grc' dir='ltr'>μὲν</span> 
     </span>
    </p>
   </div>
   <div class='ocr_carea' id='block_1_81' title="bbox 260 4630 1920 4710">
    <p class='ocr_par' dir='ltr' id='par_1_81' title="bbox 260 4630 1920 4710">
     <span class='ocr_line' id='line_1_81' title="bbox 260 4630 1920 4710; baseline 0.004 -28"><span class='ocrx_word' id='word_1_597' title='bbox 260 4630 461 4693; x_wconf 78' lang='grc' dir='ltr'>ἱκανῶς</span> <span class='ocrx_word' id='word_1_598' title='bbox 506 4632 821 4708; x_wconf 81' lang='grc' dir='ltr'>ἀφωσίωται</span> <span class='ocrx_word' id='word_1_599' title='bbox 871 4634 961 4688; x_wconf 81' lang='grc' dir='ltr'><strong>καὶ</strong></span> <span class='ocrx_word' id='word_1_600' title='bbox 991 4636 1058 4689; x_wconf 74' lang='grc' dir='ltr'><strong>τά</strong></span> <span class='ocrx_word' id='word_1_601' title='bbox 1087 4636 1223 4709; x_wconf 88' lang='grc' dir='ltr'>πρὸς</span> <span class='ocrx_word' id='word_1_602' title='bbox 1266 4636 1414 4702; x_wconf 87' lang='grc' dir='ltr'>Θεὸν,</span> <span class='ocrx_word' id='word_1_603' title='bbox 1448 4634 1538 4689; x_wconf 64' lang='grc' dir='ltr'><strong><em>καῖ</em></strong></span> <span class='ocrx_word' id='word_1_604' title='bbox 1568 4636 1633 4689; x_wconf 73' lang='grc' dir='ltr'>τὰ</span> <span class='ocrx_word' id='word_1_605' title='bbox 1663 4637 1799 4710; x_wconf 89' lang='grc' dir='ltr'>πρὸς</span> <span class='ocrx_word' id='word_1_606' title='bbox 1829 4636 1920 4689; x_wconf 86' lang='grc' dir='ltr'>ἀν-</span> 
     </span>
    </p>
   </div>
   <div class='ocr_carea' id='block_1_82' title="bbox 261 4718 1922 4798">
    <p class='ocr_par' dir='ltr' id='par_1_82' title="bbox 261 4718 1922 4798">
     <span class='ocr_line' id='line_1_82' title="bbox 261 4718 1922 4798; baseline 0.004 -27"><span class='ocrx_word' id='word_1_607' title='bbox 261 4718 519 4791; x_wconf 81' lang='grc' dir='ltr'>θρώπους</span> <span class='ocrx_word' id='word_1_608' title='bbox 546 4739 558 4753; x_wconf 88' lang='grc'><strong>·</strong></span> <span class='ocrx_word' id='word_1_609' title='bbox 594 4719 746 4776; x_wconf 79' lang='grc' dir='ltr'>ούδὶν</span> <span class='ocrx_word' id='word_1_610' title='bbox 778 4724 901 4798; x_wconf 80' lang='grc' dir='ltr'>γὰρ,</span> <span class='ocrx_word' id='word_1_611' title='bbox 953 4722 1130 4795; x_wconf 76' lang='grc' dir='ltr'>οἶμαι,</span> <span class='ocrx_word' id='word_1_612' title='bbox 1182 4721 1348 4778; x_wconf 85' lang='grc' dir='ltr'>πλέον</span> <span class='ocrx_word' id='word_1_613' title='bbox 1384 4725 1604 4793; x_wconf 86' lang='grc' dir='ltr'>ζητήσει</span> <span class='ocrx_word' id='word_1_614' title='bbox 1652 4743 1754 4791; x_wconf 88' lang='grc' dir='ltr'>τις,</span> <span class='ocrx_word' id='word_1_615' title='bbox 1796 4720 1922 4778; x_wconf 63' lang='grc' dir='ltr'>οὐδὲ</span> 
     </span>
    </p>
   </div>
   <div class='ocr_carea' id='block_1_83' title="bbox 253 4806 1918 4889">
    <p class='ocr_par' dir='ltr' id='par_1_83' title="bbox 253 4806 1918 4889">
     <span class='ocr_line' id='line_1_83' title="bbox 253 4806 1918 4889; baseline 0.004 -29"><span class='ocrx_word' id='word_1_616' title='bbox 253 4809 366 4860; x_wconf 86' lang='grc' dir='ltr'><strong>τῶν</strong></span> <span class='ocrx_word' id='word_1_617' title='bbox 415 4806 619 4884; x_wconf 77' lang='grc' dir='ltr'>σφόδρα</span> <span class='ocrx_word' id='word_1_618' title='bbox 667 4808 954 4885; x_wconf 80' lang='grc' dir='ltr'>εἰρηνικῶν</span> <span class='ocrx_word' id='word_1_619' title='bbox 1005 4832 1062 4867; x_wconf 87' lang='grc' dir='ltr'><strong>τε</strong></span> <span class='ocrx_word' id='word_1_620' title='bbox 1109 4812 1199 4867; x_wconf 92' lang='grc' dir='ltr'><strong>καὶ</strong></span> <span class='ocrx_word' id='word_1_621' title='bbox 1249 4811 1516 4889; x_wconf 81' lang='grc' dir='ltr'>φιλοθέων</span> <span class='ocrx_word' id='word_1_622' title='bbox 1545 4832 1557 4845; x_wconf 87' lang='grc'><strong>·</strong></span> <span class='ocrx_word' id='word_1_623' title='bbox 1594 4812 1750 4884; x_wconf 82' lang='grc' dir='ltr'>ὑμεῖς</span> <span class='ocrx_word' id='word_1_624' title='bbox 1782 4809 1828 4865; x_wconf 77' lang='grc' dir='ltr'>δ’</span> <span class='ocrx_word' id='word_1_625' title='bbox 1859 4811 1918 4867; x_wconf 77' lang='grc' dir='ltr'><strong>ἂν</strong></span> 
     </span>
    </p>
   </div>
   <div class='ocr_carea' id='block_1_84' title="bbox 253 4890 1910 4978">
    <p class='ocr_par' dir='ltr' id='par_1_84' title="bbox 253 4890 1910 4978">
     <span class='ocr_line' id='line_1_84' title="bbox 253 4890 1910 4978; baseline 0.004 -29"><span class='ocrx_word' id='word_1_626' title='bbox 253 4890 493 4967; x_wconf 70' lang='grc' dir='ltr'>εἰδείητε</span> <span class='ocrx_word' id='word_1_627' title='bbox 520 4898 588 4953; x_wconf 79' lang='grc' dir='ltr'>τὰ</span> <span class='ocrx_word' id='word_1_628' title='bbox 618 4898 739 4969; x_wconf 70' lang='grc' dir='ltr'>ἑξῆς</span> <span class='ocrx_word' id='word_1_629' title='bbox 771 4902 901 4974; x_wconf 79' lang='grc'>(64).</span> <span class='ocrx_word' id='word_1_630' title='bbox 961 4899 1035 4956; x_wconf 72' lang='grc' dir='ltr'><strong>Οὐ</strong></span> <span class='ocrx_word' id='word_1_631' title='bbox 1080 4902 1181 4977; x_wconf 80' lang='grc' dir='ltr'><strong>γὰρ</strong></span> <span class='ocrx_word' id='word_1_632' title='bbox 1228 4900 1339 4977; x_wconf 64' lang='grc' dir='ltr'><strong>ἐγώ</strong></span> <span class='ocrx_word' id='word_1_633' title='bbox 1381 4921 1433 4956; x_wconf 90' lang='grc' dir='ltr'><strong>τι</strong></span> <span class='ocrx_word' id='word_1_634' title='bbox 1474 4903 1773 4978; x_wconf 87' lang='grc' dir='ltr'>προσθήσω</span> <span class='ocrx_word' id='word_1_635' title='bbox 1801 4905 1910 4956; x_wconf 86' lang='grc' dir='ltr'><strong>τῶν</strong></span> 
     </span>
    </p>
   </div>
   <div class='ocr_carea' id='block_1_85' title="bbox 2035 3481 3683 3554">
    <p class='ocr_par' dir='ltr' id='par_1_85' title="bbox 2035 3481 3683 3554">
     <span class='ocr_line' id='line_1_85' title="bbox 2035 3481 3683 3554; baseline 0.001 -17"><span class='ocrx_word' id='word_1_636' title='bbox 2035 3481 2504 3554; x_wconf 84' lang='lat' dir='ltr'><strong>inexplebiliores</strong></span> <span class='ocrx_word' id='word_1_637' title='bbox 2528 3483 2798 3537; x_wconf 89' lang='lat' dir='ltr'><strong>convivas</strong></span> <span class='ocrx_word' id='word_1_638' title='bbox 2822 3486 2923 3537; x_wconf 90' lang='lat' dir='ltr'><strong>aut</strong></span> <span class='ocrx_word' id='word_1_639' title='bbox 2945 3486 3315 3545; x_wconf 85' lang='lat' dir='ltr'><strong>mercatores,</strong></span> <span class='ocrx_word' id='word_1_640' title='bbox 3340 3483 3438 3553; x_wconf 89' lang='lat' dir='ltr'><strong>qui</strong></span> <span class='ocrx_word' id='word_1_641' title='bbox 3471 3482 3683 3553; x_wconf 91' lang='lat' dir='ltr'><strong>partim</strong></span> 
     </span>
    </p>
   </div>
   <div class='ocr_carea' id='block_1_86' title="bbox 2035 3570 3685 3643">
    <p class='ocr_par' dir='ltr' id='par_1_86' title="bbox 2035 3570 3685 3643">
     <span class='ocr_line' id='line_1_86' title="bbox 2035 3570 3685 3643; baseline -0.001 -18"><span class='ocrx_word' id='word_1_642' title='bbox 2035 3571 2416 3626; x_wconf 87' lang='lat' dir='ltr'><strong>immoderate</strong></span> <span class='ocrx_word' id='word_1_643' title='bbox 2435 3571 2719 3643; x_wconf 90' lang='lat' dir='ltr'><strong>appositis</strong></span> <span class='ocrx_word' id='word_1_644' title='bbox 2740 3570 2929 3642; x_wconf 90' lang='lat' dir='ltr'><strong>epulis</strong></span> <span class='ocrx_word' id='word_1_645' title='bbox 2959 3570 3322 3643; x_wconf 89' lang='lat' dir='ltr'><strong>ingurgitati,</strong></span> <span class='ocrx_word' id='word_1_646' title='bbox 3346 3570 3556 3642; x_wconf 91' lang='lat' dir='ltr'><strong>partim</strong></span> <span class='ocrx_word' id='word_1_647' title='bbox 3590 3570 3685 3625; x_wconf 86' lang='lat' dir='ltr'><strong>ni-</strong></span> 
     </span>
    </p>
   </div>
   <div class='ocr_carea' id='block_1_87' title="bbox 2037 3659 3682 3729">
    <p class='ocr_par' dir='ltr' id='par_1_87' title="bbox 2037 3659 3682 3729">
     <span class='ocr_line' id='line_1_87' title="bbox 2037 3659 3682 3729; baseline -0.002 -14"><span class='ocrx_word' id='word_1_648' title='bbox 2037 3659 2173 3715; x_wconf 89' lang='lat' dir='ltr'><strong>miis</strong></span> <span class='ocrx_word' id='word_1_649' title='bbox 2203 3661 2496 3715; x_wconf 89' lang='lat' dir='ltr'><strong>mercibus</strong></span> <span class='ocrx_word' id='word_1_650' title='bbox 2517 3665 2755 3715; x_wconf 89' lang='lat' dir='ltr'><strong>onerata</strong></span> <span class='ocrx_word' id='word_1_651' title='bbox 2784 3676 2948 3726; x_wconf 90' lang='lat' dir='ltr'><strong>nave,</strong></span> <span class='ocrx_word' id='word_1_652' title='bbox 2972 3664 3227 3715; x_wconf 89' lang='lat' dir='ltr'><strong>ventrem</strong></span> <span class='ocrx_word' id='word_1_653' title='bbox 3263 3659 3457 3729; x_wconf 90' lang='lat' dir='ltr'><strong>potius</strong></span> <span class='ocrx_word' id='word_1_654' title='bbox 3487 3660 3682 3713; x_wconf 85' lang='lat' dir='ltr'><strong>disru-</strong></span> 
     </span>
    </p>
   </div>
   <div class='ocr_carea' id='block_1_88' title="bbox 2036 3748 3684 3820">
    <p class='ocr_par' dir='ltr' id='par_1_88' title="bbox 2036 3748 3684 3820">
     <span class='ocr_line' id='line_1_88' title="bbox 2036 3748 3684 3820; baseline -0.002 -17"><span class='ocrx_word' id='word_1_655' title='bbox 2036 3749 2247 3820; x_wconf 90' lang='lat' dir='ltr'><strong>perint,</strong></span> <span class='ocrx_word' id='word_1_656' title='bbox 2281 3765 2347 3804; x_wconf 87' lang='lat' dir='ltr'><strong>ac</strong></span> <span class='ocrx_word' id='word_1_657' title='bbox 2380 3750 2574 3803; x_wconf 85' lang='lat' dir='ltr'><strong>navim</strong></span> <span class='ocrx_word' id='word_1_658' title='bbox 2608 3765 2808 3804; x_wconf 90' lang='lat' dir='ltr'><strong>secum</strong></span> <span class='ocrx_word' id='word_1_659' title='bbox 2841 3748 3249 3813; x_wconf 87' lang='lat' dir='ltr'><strong>demerserint,</strong></span> <span class='ocrx_word' id='word_1_660' title='bbox 3280 3762 3454 3818; x_wconf 89' lang='lat' dir='ltr'><strong>quam</strong></span> <span class='ocrx_word' id='word_1_661' title='bbox 3501 3751 3565 3801; x_wconf 90' lang='lat' dir='ltr'><strong>ut</strong></span> <span class='ocrx_word' id='word_1_662' title='bbox 3615 3762 3684 3801; x_wconf 86' lang='lat' dir='ltr'><strong>ex</strong></span> 
     </span>
    </p>
   </div>
   <div class='ocr_carea' id='block_1_89' title="bbox 2039 3834 3680 3907">
    <p class='ocr_par' dir='ltr' id='par_1_89' title="bbox 2039 3834 3680 3907">
     <span class='ocr_line' id='line_1_89' title="bbox 2039 3834 3680 3907; baseline -0.002 -16"><span class='ocrx_word' id='word_1_663' title='bbox 2039 3836 2143 3891; x_wconf 88' lang='lat' dir='ltr'><strong>hac</strong></span> <span class='ocrx_word' id='word_1_664' title='bbox 2188 3836 2522 3907; x_wconf 80' lang='lat' dir='ltr'><strong>inexplebili</strong></span> <span class='ocrx_word' id='word_1_665' title='bbox 2566 3837 2841 3892; x_wconf 86' lang='lat' dir='ltr'><strong>aviditate</strong></span> <span class='ocrx_word' id='word_1_666' title='bbox 2873 3840 3125 3891; x_wconf 89' lang='lat' dir='ltr'><strong>fructum</strong></span> <span class='ocrx_word' id='word_1_667' title='bbox 3164 3836 3350 3890; x_wconf 93' lang='lat' dir='ltr'><strong>ullum</strong></span> <span class='ocrx_word' id='word_1_668' title='bbox 3382 3834 3680 3906; x_wconf 88' lang='lat' dir='ltr'><strong>coeperint,</strong></span> 
     </span>
    </p>
   </div>
   <div class='ocr_carea' id='block_1_90' title="bbox 2035 3922 3683 3997">
    <p class='ocr_par' dir='ltr' id='par_1_90' title="bbox 2035 3922 3683 3997">
     <span class='ocr_line' id='line_1_90' title="bbox 2035 3922 3683 3997; baseline -0.001 -18"><span class='ocrx_word' id='word_1_669' title='bbox 2035 3925 2274 3980; x_wconf 87' lang='lat' dir='ltr'><strong>amissis</strong></span> <span class='ocrx_word' id='word_1_670' title='bbox 2306 3925 2577 3979; x_wconf 84' lang='lat' dir='ltr'><strong>maximis</strong></span> <span class='ocrx_word' id='word_1_671' title='bbox 2608 3930 2674 3979; x_wconf 91' lang='lat' dir='ltr'><strong>ut</strong></span> <span class='ocrx_word' id='word_1_672' title='bbox 2703 3924 2912 3997; x_wconf 84' lang='lat' dir='ltr'><strong>exigua</strong></span> <span class='ocrx_word' id='word_1_673' title='bbox 2940 3929 3264 3979; x_wconf 89' lang='lat' dir='ltr'><strong>tuerentur.</strong></span> <span class='ocrx_word' id='word_1_674' title='bbox 3317 3926 3502 3995; x_wconf 81' lang='lat' dir='ltr'><strong>Atque</strong></span> <span class='ocrx_word' id='word_1_675' title='bbox 3557 3922 3683 3995; x_wconf 91' lang='lat' dir='ltr'><strong>ipse</strong></span> 
     </span>
    </p>
   </div>
   <div class='ocr_carea' id='block_1_91' title="bbox 2035 4011 3681 4085">
    <p class='ocr_par' dir='ltr' id='par_1_91' title="bbox 2035 4011 3681 4085">
     <span class='ocr_line' id='line_1_91' title="bbox 2035 4011 3681 4085; baseline -0.002 -17"><span class='ocrx_word' id='word_1_676' title='bbox 2035 4014 2268 4085; x_wconf 90' lang='lat' dir='ltr'><strong>quidem</strong></span> <span class='ocrx_word' id='word_1_677' title='bbox 2331 4014 2450 4069; x_wconf 76' lang='lat' dir='ltr'><strong>haec</strong></span> <span class='ocrx_word' id='word_1_678' title='bbox 2505 4013 2695 4068; x_wconf 84' lang='lat' dir='ltr'><strong>clamo</strong></span> <span class='ocrx_word' id='word_1_679' title='bbox 2744 4020 2801 4068; x_wconf 91' lang='lat' dir='ltr'><strong>et</strong></span> <span class='ocrx_word' id='word_1_680' title='bbox 2848 4016 3164 4080; x_wconf 89' lang='lat' dir='ltr'><strong>contestor,</strong></span> <span class='ocrx_word' id='word_1_681' title='bbox 3217 4029 3343 4080; x_wconf 89' lang='lat' dir='ltr'><strong>nec,</strong></span> <span class='ocrx_word' id='word_1_682' title='bbox 3398 4013 3556 4084; x_wconf 91' lang='lat' dir='ltr'><strong>quod</strong></span> <span class='ocrx_word' id='word_1_683' title='bbox 3600 4011 3681 4066; x_wconf 90' lang='lat' dir='ltr'><strong>ait</strong></span> 
     </span>
    </p>
   </div>
   <div class='ocr_carea' id='block_1_92' title="bbox 2031 4101 3680 4173">
    <p class='ocr_par' dir='ltr' id='par_1_92' title="bbox 2031 4101 3680 4173">
     <span class='ocr_line' id='line_1_92' title="bbox 2031 4101 3680 4173; baseline -0.002 -16"><span class='ocrx_word' id='word_1_684' title='bbox 2031 4101 2348 4173; x_wconf 86' lang='lat' dir='ltr'><strong>Scriptura,</strong></span> <span class='ocrx_word' id='word_1_685' title='bbox 2383 4106 2567 4157; x_wconf 81' lang='lat' dir='ltr'><strong>facere</strong></span> <span class='ocrx_word' id='word_1_686' title='bbox 2598 4102 2860 4157; x_wconf 89' lang='lat' dir='ltr'><strong>desinam</strong></span> <span class='ocrx_word' id='word_1_687' title='bbox 2897 4118 2911 4157; x_wconf 88' lang='lat'>:</span> <span class='ocrx_word' id='word_1_688' title='bbox 2963 4103 3189 4173; x_wconf 83' lang='lat' dir='ltr'><strong>PrOpter</strong></span> <span class='ocrx_word' id='word_1_689' title='bbox 3234 4102 3365 4156; x_wconf 79' lang='lat' dir='ltr'><strong>Sion</strong></span> <span class='ocrx_word' id='word_1_690' title='bbox 3401 4116 3507 4155; x_wconf 84' lang='lat' dir='ltr'><strong>non</strong></span> <span class='ocrx_word' id='word_1_691' title='bbox 3536 4108 3680 4154; x_wconf 78' lang='lat' dir='ltr'><strong>tace-</strong></span> 
     </span>
    </p>
   </div>
   <div class='ocr_carea' id='block_1_93' title="bbox 2035 4190 3679 4262">
    <p class='ocr_par' dir='ltr' id='par_1_93' title="bbox 2035 4190 3679 4262">
     <span class='ocr_line' id='line_1_93' title="bbox 2035 4190 3679 4262; baseline -0.002 -16"><span class='ocrx_word' id='word_1_692' title='bbox 2035 4193 2117 4259; x_wconf 88' lang='lat' dir='ltr'><strong>bo,</strong></span> <span class='ocrx_word' id='word_1_693' title='bbox 2148 4196 2200 4246; x_wconf 82' lang='lat' dir='ltr'><strong>et</strong></span> <span class='ocrx_word' id='word_1_694' title='bbox 2229 4194 2448 4261; x_wconf 79' lang='lat' dir='ltr'><strong>prapter</strong></span> <span class='ocrx_word' id='word_1_695' title='bbox 2473 4191 2780 4247; x_wconf 76' lang='lat' dir='ltr'><strong>Jerusalem</strong></span> <span class='ocrx_word' id='word_1_696' title='bbox 2808 4206 2917 4245; x_wconf 82' lang='lat' dir='ltr'><strong>non</strong></span> <span class='ocrx_word' id='word_1_697' title='bbox 2956 4193 3231 4262; x_wconf 80' lang='lat' dir='ltr'><strong>quiescam</strong></span> <span class='ocrx_word' id='word_1_698' title='bbox 3260 4191 3322 4244; x_wconf 73' lang='grc'><strong>⁸⁷.</strong></span> <span class='ocrx_word' id='word_1_699' title='bbox 3376 4190 3526 4247; x_wconf 70' lang='lat'><strong>425</strong></span> <span class='ocrx_word' id='word_1_700' title='bbox 3582 4191 3679 4243; x_wconf 81' lang='lat' dir='ltr'><strong>De-</strong></span> 
     </span>
    </p>
   </div>
   <div class='ocr_carea' id='block_1_94' title="bbox 2031 4281 3679 4354">
    <p class='ocr_par' dir='ltr' id='par_1_94' title="bbox 2031 4281 3679 4354">
     <span class='ocr_line' id='line_1_94' title="bbox 2031 4281 3679 4354; baseline -0.001 -16"><span class='ocrx_word' id='word_1_701' title='bbox 2031 4284 2148 4354; x_wconf 78' lang='lat' dir='ltr'><strong>ﬁcit</strong></span> <span class='ocrx_word' id='word_1_702' title='bbox 2178 4285 2369 4338; x_wconf 80' lang='lat' dir='ltr'><strong>anima</strong></span> <span class='ocrx_word' id='word_1_703' title='bbox 2395 4299 2521 4337; x_wconf 86' lang='lat' dir='ltr'><strong>mea</strong></span> <span class='ocrx_word' id='word_1_704' title='bbox 2546 4291 2768 4354; x_wconf 73' lang='lat' dir='ltr'><strong>praeter</strong></span> <span class='ocrx_word' id='word_1_705' title='bbox 2806 4285 3116 4353; x_wconf 71' lang='lat' dir='ltr'><strong>interfectos</strong></span> <span class='ocrx_word' id='word_1_706' title='bbox 3144 4282 3210 4349; x_wconf 72' lang='grc'><strong>³⁸,</strong></span> <span class='ocrx_word' id='word_1_707' title='bbox 3261 4298 3409 4353; x_wconf 91' lang='lat' dir='ltr'><strong>quos</strong></span> <span class='ocrx_word' id='word_1_708' title='bbox 3440 4281 3679 4352; x_wconf 87' lang='lat' dir='ltr'><strong>quidem</strong></span> 
     </span>
    </p>
   </div>
   <div class='ocr_carea' id='block_1_95' title="bbox 2032 4370 3681 4443">
    <p class='ocr_par' dir='ltr' id='par_1_95' title="bbox 2032 4370 3681 4443">
     <span class='ocr_line' id='line_1_95' title="bbox 2032 4370 3681 4443; baseline -0.001 -17"><span class='ocrx_word' id='word_1_709' title='bbox 2032 4390 2144 4427; x_wconf 89' lang='lat' dir='ltr'><strong>non</strong></span> <span class='ocrx_word' id='word_1_710' title='bbox 2178 4372 2410 4443; x_wconf 84' lang='lat' dir='ltr'><strong>gladius</strong></span> <span class='ocrx_word' id='word_1_711' title='bbox 2442 4376 2543 4427; x_wconf 89' lang='lat' dir='ltr'><strong>ant</strong></span> <span class='ocrx_word' id='word_1_712' title='bbox 2576 4373 2780 4438; x_wconf 84' lang='lat' dir='ltr'><strong>fames,</strong></span> <span class='ocrx_word' id='word_1_713' title='bbox 2808 4372 2905 4427; x_wconf 88' lang='lat' dir='ltr'><strong>sed</strong></span> <span class='ocrx_word' id='word_1_714' title='bbox 2940 4371 3136 4443; x_wconf 61' lang='lat' dir='ltr'><strong>gloriae</strong></span> <span class='ocrx_word' id='word_1_715' title='bbox 3168 4377 3225 4426; x_wconf 89' lang='lat' dir='ltr'><strong>et</strong></span> <span class='ocrx_word' id='word_1_716' title='bbox 3257 4370 3485 4442; x_wconf 88' lang='lat' dir='ltr'><strong>imperii</strong></span> <span class='ocrx_word' id='word_1_717' title='bbox 3515 4386 3681 4426; x_wconf 89' lang='lat' dir='ltr'><strong>amor</strong></span> 
     </span>
    </p>
   </div>
   <div class='ocr_carea' id='block_1_96' title="bbox 2030 4457 3677 4531">
    <p class='ocr_par' dir='ltr' id='par_1_96' title="bbox 2030 4457 3677 4531">
     <span class='ocr_line' id='line_1_96' title="bbox 2030 4457 3677 4531; baseline -0.002 -16"><span class='ocrx_word' id='word_1_718' title='bbox 2030 4460 2351 4527; x_wconf 85' lang='lat' dir='ltr'><strong>sauciavit;</strong></span> <span class='ocrx_word' id='word_1_719' title='bbox 2412 4462 2493 4514; x_wconf 90' lang='lat' dir='ltr'><strong>ita</strong></span> <span class='ocrx_word' id='word_1_720' title='bbox 2550 4465 2633 4528; x_wconf 89' lang='lat' dir='ltr'><strong>ut,</strong></span> <span class='ocrx_word' id='word_1_721' title='bbox 2681 4459 2780 4531; x_wconf 90' lang='lat' dir='ltr'><strong>qui</strong></span> <span class='ocrx_word' id='word_1_722' title='bbox 2823 4461 3060 4525; x_wconf 88' lang='lat' dir='ltr'><strong>cadunt,</strong></span> <span class='ocrx_word' id='word_1_723' title='bbox 3094 4476 3208 4514; x_wconf 88' lang='lat' dir='ltr'><strong>non</strong></span> <span class='ocrx_word' id='word_1_724' title='bbox 3242 4457 3677 4514; x_wconf 90' lang='lat' dir='ltr'><strong>miserationem</strong></span> 
     </span>
    </p>
   </div>
   <div class='ocr_carea' id='block_1_97' title="bbox 2032 4545 3675 4620">
    <p class='ocr_par' dir='ltr' id='par_1_97' title="bbox 2032 4545 3675 4620">
     <span class='ocr_line' id='line_1_97' title="bbox 2032 4545 3675 4620; baseline -0.001 -17"><span class='ocrx_word' id='word_1_725' title='bbox 2032 4550 2219 4620; x_wconf 85' lang='lat' dir='ltr'><strong>magis</strong></span> <span class='ocrx_word' id='word_1_726' title='bbox 2267 4565 2443 4619; x_wconf 89' lang='lat' dir='ltr'><strong>quam</strong></span> <span class='ocrx_word' id='word_1_727' title='bbox 2495 4548 2692 4603; x_wconf 91' lang='lat' dir='ltr'><strong>odium</strong></span> <span class='ocrx_word' id='word_1_728' title='bbox 2744 4549 2835 4604; x_wconf 91' lang='lat' dir='ltr'><strong>sui</strong></span> <span class='ocrx_word' id='word_1_729' title='bbox 2885 4549 3154 4604; x_wconf 85' lang='lat' dir='ltr'><strong>excitent.</strong></span> <span class='ocrx_word' id='word_1_730' title='bbox 3208 4547 3322 4602; x_wconf 90' lang='lat' dir='ltr'><strong>Vos</strong></span> <span class='ocrx_word' id='word_1_731' title='bbox 3371 4551 3587 4615; x_wconf 84' lang='lat' dir='ltr'><strong>autem,</strong></span> <span class='ocrx_word' id='word_1_732' title='bbox 3627 4545 3675 4602; x_wconf 91' lang='lat' dir='ltr'><strong>si</strong></span> 
     </span>
    </p>
   </div>
   <div class='ocr_carea' id='block_1_98' title="bbox 2029 4635 3676 4709">
    <p class='ocr_par' dir='ltr' id='par_1_98' title="bbox 2029 4635 3676 4709">
     <span class='ocr_line' id='line_1_98' title="bbox 2029 4635 3676 4709; baseline -0.002 -17"><span class='ocrx_word' id='word_1_733' title='bbox 2029 4637 2400 4693; x_wconf 88' lang='lat' dir='ltr'><strong>sermonibus</strong></span> <span class='ocrx_word' id='word_1_734' title='bbox 2443 4638 2587 4692; x_wconf 88' lang='lat' dir='ltr'><strong>meis</strong></span> <span class='ocrx_word' id='word_1_735' title='bbox 2636 4637 2971 4709; x_wconf 89' lang='lat' dir='ltr'><strong>parueritis,</strong></span> <span class='ocrx_word' id='word_1_736' title='bbox 3032 4636 3242 4692; x_wconf 88' lang='lat' dir='ltr'><strong>melius</strong></span> <span class='ocrx_word' id='word_1_737' title='bbox 3296 4635 3562 4707; x_wconf 85' lang='lat' dir='ltr'><strong>utrisque</strong></span> <span class='ocrx_word' id='word_1_738' title='bbox 3618 4635 3676 4690; x_wconf 92' lang='lat' dir='ltr'><strong>id</strong></span> 
     </span>
    </p>
   </div>
   <div class='ocr_carea' id='block_1_99' title="bbox 2031 4726 3674 4796">
    <p class='ocr_par' dir='ltr' id='par_1_99' title="bbox 2031 4726 3674 4796">
     <span class='ocr_line' id='line_1_99' title="bbox 2031 4726 3674 4796; baseline 0.001 -18"><span class='ocrx_word' id='word_1_739' title='bbox 2031 4726 2235 4793; x_wconf 88' lang='lat' dir='ltr'><strong>fuerit;</strong></span> <span class='ocrx_word' id='word_1_740' title='bbox 2270 4726 2361 4780; x_wconf 90' lang='lat' dir='ltr'><strong>sin</strong></span> <span class='ocrx_word' id='word_1_741' title='bbox 2390 4731 2608 4790; x_wconf 88' lang='lat' dir='ltr'><strong>autem,</strong></span> <span class='ocrx_word' id='word_1_742' title='bbox 2631 4726 2837 4780; x_wconf 75' lang='lat' dir='ltr'><strong>ali&#39;ectu</strong></span> <span class='ocrx_word' id='word_1_743' title='bbox 2862 4726 3144 4781; x_wconf 88' lang='lat' dir='ltr'><strong>rationem</strong></span> <span class='ocrx_word' id='word_1_744' title='bbox 3178 4732 3510 4796; x_wconf 86' lang='lat' dir='ltr'><strong>superante,</strong></span> <span class='ocrx_word' id='word_1_745' title='bbox 3537 4740 3674 4781; x_wconf 91' lang='lat' dir='ltr'><strong>con-</strong></span> 
     </span>
    </p>
   </div>
   <div class='ocr_carea' id='block_1_100' title="bbox 2028 4814 3678 4886">
    <p class='ocr_par' dir='ltr' id='par_1_100' title="bbox 2028 4814 3678 4886">
     <span class='ocr_line' id='line_1_100' title="bbox 2028 4814 3678 4886; baseline -0.001 -17"><span class='ocrx_word' id='word_1_746' title='bbox 2028 4815 2374 4870; x_wconf 89' lang='lat' dir='ltr'><strong>temnendos</strong></span> <span class='ocrx_word' id='word_1_747' title='bbox 2406 4831 2504 4870; x_wconf 91' lang='lat' dir='ltr'><strong>eos</strong></span> <span class='ocrx_word' id='word_1_748' title='bbox 2537 4819 2593 4869; x_wconf 89' lang='lat' dir='ltr'><strong>et</strong></span> <span class='ocrx_word' id='word_1_749' title='bbox 2622 4815 3024 4886; x_wconf 88' lang='lat' dir='ltr'><strong>repudiandos</strong></span> <span class='ocrx_word' id='word_1_750' title='bbox 3054 4814 3357 4881; x_wconf 87' lang='lat' dir='ltr'><strong>duxeritis,</strong></span> <span class='ocrx_word' id='word_1_751' title='bbox 3387 4814 3512 4886; x_wconf 88' lang='lat' dir='ltr'><strong>ipse</strong></span> <span class='ocrx_word' id='word_1_752' title='bbox 3545 4814 3678 4886; x_wconf 79' lang='lat' dir='ltr'><strong>qui-</strong></span> 
     </span>
    </p>
   </div>
   <div class='ocr_carea' id='block_1_101' title="bbox 2025 4902 3681 4975">
    <p class='ocr_par' dir='ltr' id='par_1_101' title="bbox 2025 4902 3681 4975">
     <span class='ocr_line' id='line_1_101' title="bbox 2025 4902 3681 4975; baseline -0.001 -17"><span class='ocrx_word' id='word_1_753' title='bbox 2025 4904 2180 4972; x_wconf 87' lang='lat' dir='ltr'><strong>dem,</strong></span> <span class='ocrx_word' id='word_1_754' title='bbox 2214 4907 2271 4959; x_wconf 91' lang='lat' dir='ltr'><strong>et</strong></span> <span class='ocrx_word' id='word_1_755' title='bbox 2300 4908 2588 4974; x_wconf 89' lang='lat' dir='ltr'><strong>quantum</strong></span> <span class='ocrx_word' id='word_1_756' title='bbox 2624 4903 2694 4958; x_wconf 89' lang='lat' dir='ltr'><strong>ad</strong></span> <span class='ocrx_word' id='word_1_757' title='bbox 2727 4902 2934 4971; x_wconf 89' lang='lat' dir='ltr'><strong>Deum,</strong></span> <span class='ocrx_word' id='word_1_758' title='bbox 2966 4907 3023 4960; x_wconf 88' lang='lat' dir='ltr'><strong>et</strong></span> <span class='ocrx_word' id='word_1_759' title='bbox 3055 4907 3339 4975; x_wconf 90' lang='lat' dir='ltr'><strong>quantum</strong></span> <span class='ocrx_word' id='word_1_760' title='bbox 3375 4904 3445 4958; x_wconf 89' lang='lat' dir='ltr'><strong>ad</strong></span> <span class='ocrx_word' id='word_1_761' title='bbox 3479 4902 3681 4958; x_wconf 86' lang='lat' dir='ltr'><strong>homi-</strong></span> 
     </span>
    </p>
   </div>
   <div class='ocr_carea' id='block_1_102' title="bbox 331 5042 1925 5120">
    <p class='ocr_par' dir='ltr' id='par_1_102' title="bbox 331 5042 1921 5120">
     <span class='ocr_line' id='line_1_102' title="bbox 331 5042 1921 5120; baseline 0.003 -19"><span class='ocrx_word' id='word_1_762' title='bbox 331 5045 376 5080; x_wconf 74' lang='grc'><strong>³⁸</strong></span> <span class='ocrx_word' id='word_1_763' title='bbox 406 5042 612 5101; x_wconf 82' lang='lat' dir='ltr'><strong>Matth.</strong></span> <span class='ocrx_word' id='word_1_764' title='bbox 644 5061 803 5113; x_wconf 82' lang='lat' dir='ltr'><strong>xvm,</strong></span> <span class='ocrx_word' id='word_1_765' title='bbox 833 5046 923 5101; x_wconf 88' lang='lat'><strong>22.</strong></span> <span class='ocrx_word' id='word_1_766' title='bbox 1002 5046 1046 5082; x_wconf 73' lang='grc'><strong>⁸⁸</strong></span> <span class='ocrx_word' id='word_1_767' title='bbox 1077 5047 1281 5104; x_wconf 83' lang='lat' dir='ltr'><strong>Matth.</strong></span> <span class='ocrx_word' id='word_1_768' title='bbox 1313 5064 1369 5119; x_wconf 92' lang='lat' dir='ltr'><strong>v,</strong></span> <span class='ocrx_word' id='word_1_769' title='bbox 1398 5048 1455 5105; x_wconf 86' lang='lat'><strong>9.</strong></span> <span class='ocrx_word' id='word_1_770' title='bbox 1532 5048 1575 5084; x_wconf 74' lang='lat'><strong>9°</strong></span> <span class='ocrx_word' id='word_1_771' title='bbox 1604 5048 1772 5105; x_wconf 87' lang='lat' dir='ltr'><strong>Joan.</strong></span> <span class='ocrx_word' id='word_1_772' title='bbox 1805 5063 1921 5120; x_wconf 72' lang='lat' dir='ltr'><strong>xxv,</strong></span> 
     </span>
    </p>
   </div>
   <div class='ocr_carea' id='block_1_103' title="bbox 2042 5042 3059 5120">
    <p class='ocr_par' dir='ltr' id='par_1_103' title="bbox 2042 5046 3059 5119">
     <span class='ocr_line' id='line_1_103' title="bbox 2042 5046 3059 5119; baseline 0.004 -21"><span class='ocrx_word' id='word_1_773' title='bbox 2042 5092 2044 5098; x_wconf 78' lang='grc'><strong>,</strong></span> <span class='ocrx_word' id='word_1_774' title='bbox 2120 5048 2163 5082; x_wconf 72' lang='lat'><strong>9&quot;</strong></span> <span class='ocrx_word' id='word_1_775' title='bbox 2197 5049 2311 5104; x_wconf 91' lang='lat' dir='ltr'><strong>Isa.</strong></span> <span class='ocrx_word' id='word_1_776' title='bbox 2345 5064 2482 5119; x_wconf 82' lang='lat' dir='ltr'><strong>an,</strong></span> <span class='ocrx_word' id='word_1_777' title='bbox 2516 5049 2566 5103; x_wconf 93' lang='lat'><strong>1.</strong></span> <span class='ocrx_word' id='word_1_778' title='bbox 2642 5048 2686 5083; x_wconf 77' lang='grc'><strong>³⁸</strong></span> <span class='ocrx_word' id='word_1_779' title='bbox 2713 5047 2831 5105; x_wconf 83' lang='lat' dir='ltr'><strong>Jer.</strong></span> <span class='ocrx_word' id='word_1_780' title='bbox 2862 5064 2938 5118; x_wconf 84' lang='grc' dir='ltr'><strong>ιν,</strong></span> <span class='ocrx_word' id='word_1_781' title='bbox 2969 5046 3059 5103; x_wconf 90' lang='grc'>31.</span> 
     </span>
    </p>
   </div>
   <div class='ocr_carea' id='block_1_104' title="bbox 326 5175 1916 5303">
    <p class='ocr_par' dir='ltr' id='par_1_104' title="bbox 326 5175 1916 5303">
     <span class='ocr_line' id='line_1_104' title="bbox 326 5175 1916 5303; baseline -0.002 -66"><span class='ocrx_word' id='word_1_782' title='bbox 326 5175 693 5303; x_wconf 47' lang='grc' dir='ltr'><strong>ἴ(546)Ηξσὶῖριιςιιηιι</strong></span> <span class='ocrx_word' id='word_1_783' title='bbox 754 5175 812 5233; x_wconf 73' lang='grc' dir='ltr'>δὲ</span> <span class='ocrx_word' id='word_1_784' title='bbox 862 5176 945 5250; x_wconf 82' lang='grc' dir='ltr'><strong>τό,</strong></span> <span class='ocrx_word' id='word_1_785' title='bbox 997 5184 1107 5237; x_wconf 88' lang='lat' dir='ltr'><strong>etc.</strong></span> <span class='ocrx_word' id='word_1_786' title='bbox 1164 5182 1301 5255; x_wconf 80' lang='lat' dir='ltr'><strong>Reg.</strong></span> <span class='ocrx_word' id='word_1_787' title='bbox 1360 5181 1464 5249; x_wconf 89' lang='lat' dir='ltr'><strong>hu,</strong></span> <span class='ocrx_word' id='word_1_788' title='bbox 1523 5179 1710 5256; x_wconf 73' lang='grc' dir='ltr'>εἷρήνη</span> <span class='ocrx_word' id='word_1_789' title='bbox 1771 5178 1828 5235; x_wconf 70' lang='grc' dir='ltr'><strong>’δὲ</strong></span> <span class='ocrx_word' id='word_1_790' title='bbox 1881 5182 1916 5249; x_wconf 80' lang='grc' dir='ltr'>ἠ</span> 
     </span>
    </p>
   </div>
   <div class='ocr_carea' id='block_1_105' title="bbox 254 5266 1916 5446">
    <p class='ocr_par' dir='ltr' id='par_1_105' title="bbox 254 5266 1916 5446">
     <span class='ocr_line' id='line_1_105' title="bbox 254 5266 1916 5446; baseline 0.003 -74"><span class='ocrx_word' id='word_1_791' title='bbox 254 5266 742 5446; x_wconf 52' lang='grc' dir='ltr'>ῗῖνῗὲὧῐςᾸφιέναι.</span> <span class='ocrx_word' id='word_1_792' title='bbox 795 5321 889 5378; x_wconf 91' lang='lat' dir='ltr'><strong>Sic</strong></span> <span class='ocrx_word' id='word_1_793' title='bbox 942 5323 1204 5395; x_wconf 88' lang='lat' dir='ltr'><strong>plerique</strong></span> <span class='ocrx_word' id='word_1_794' title='bbox 1261 5324 1429 5379; x_wconf 88' lang='lat' dir='ltr'><strong>codd.</strong></span> <span class='ocrx_word' id='word_1_795' title='bbox 1491 5326 1553 5379; x_wconf 88' lang='lat' dir='ltr'><strong>In</strong></span> <span class='ocrx_word' id='word_1_796' title='bbox 1612 5324 1727 5391; x_wconf 90' lang='lat' dir='ltr'><strong>ed.,</strong></span> <span class='ocrx_word' id='word_1_797' title='bbox 1779 5343 1916 5398; x_wconf 85' lang='grc' dir='ltr'>παρ-</span> 
     </span>
    </p>
   </div>
   <div class='ocr_carea' id='block_1_106' title="bbox 260 5461 1915 5547">
    <p class='ocr_par' dir='ltr' id='par_1_106' title="bbox 260 5461 1915 5547">
     <span class='ocr_line' id='line_1_106' title="bbox 260 5461 1915 5547; baseline 0.004 -32"><span class='ocrx_word' id='word_1_798' title='bbox 260 5536 271 5547; x_wconf 40' lang='grc'><em>’</em></span> <span class='ocrx_word' id='word_1_799' title='bbox 335 5464 448 5547; x_wconf 74' lang='grc'>(56)</span> <span class='ocrx_word' id='word_1_800' title='bbox 480 5461 604 5516; x_wconf 76' lang='grc' dir='ltr'>Μέν.</span> <span class='ocrx_word' id='word_1_801' title='bbox 639 5465 731 5519; x_wconf 90' lang='lat' dir='ltr'><strong>Sic</strong></span> <span class='ocrx_word' id='word_1_802' title='bbox 784 5464 960 5537; x_wconf 83' lang='lat' dir='ltr'><strong>Regg.</strong></span> <span class='ocrx_word' id='word_1_803' title='bbox 1013 5467 1133 5537; x_wconf 90' lang='lat' dir='ltr'><strong>bm,</strong></span> <span class='ocrx_word' id='word_1_804' title='bbox 1175 5466 1279 5533; x_wconf 90' lang='lat' dir='ltr'><strong>hu,</strong></span> <span class='ocrx_word' id='word_1_805' title='bbox 1332 5466 1428 5522; x_wconf 91' lang='lat' dir='ltr'><strong>Or.</strong></span> <span class='ocrx_word' id='word_1_806' title='bbox 1483 5468 1532 5533; x_wconf 89' lang='lat'><strong>1,</strong></span> <span class='ocrx_word' id='word_1_807' title='bbox 1584 5472 1692 5523; x_wconf 91' lang='lat' dir='ltr'><strong>etc.</strong></span> <span class='ocrx_word' id='word_1_808' title='bbox 1750 5471 1915 5522; x_wconf 88' lang='lat' dir='ltr'><strong>Deest</strong></span> 
     </span>
    </p>
   </div>
   <div class='ocr_carea' id='block_1_107' title="bbox 258 5537 1909 5682">
    <p class='ocr_par' dir='ltr' id='par_1_107' title="bbox 258 5537 1909 5682">
     <span class='ocr_line' id='line_1_107' title="bbox 258 5537 1909 5682; baseline 0.001 -21"><span class='ocrx_word' id='word_1_809' title='bbox 258 5537 446 5677; x_wconf 52' lang='lat' dir='ltr'><strong>még)</strong></span> <span class='ocrx_word' id='word_1_810' title='bbox 475 5608 589 5657; x_wconf 82' lang='grc' dir='ltr'>Τῶν</span> <span class='ocrx_word' id='word_1_811' title='bbox 630 5605 976 5677; x_wconf 78' lang='grc' dir='ltr'>σωζομένων.</span> <span class='ocrx_word' id='word_1_812' title='bbox 1010 5608 1214 5664; x_wconf 87' lang='lat' dir='ltr'><strong>Billius</strong></span> <span class='ocrx_word' id='word_1_813' title='bbox 1249 5625 1315 5662; x_wconf 82' lang='lat'><strong>:«</strong></span> <span class='ocrx_word' id='word_1_814' title='bbox 1348 5624 1549 5664; x_wconf 90' lang='lat' dir='ltr'><strong>eorum</strong></span> <span class='ocrx_word' id='word_1_815' title='bbox 1598 5610 1699 5682; x_wconf 89' lang='lat' dir='ltr'><strong>qui</strong></span> <span class='ocrx_word' id='word_1_816' title='bbox 1749 5608 1909 5665; x_wconf 86' lang='lat' dir='ltr'><strong>salu-</strong></span> 
     </span>
    </p>
   </div>
   <div class='ocr_carea' id='block_1_108' title="bbox 255 5683 927 5749">
    <p class='ocr_par' dir='ltr' id='par_1_108' title="bbox 255 5683 927 5749">
     <span class='ocr_line' id='line_1_108' title="bbox 255 5683 927 5749; baseline -0.001 -15"><span class='ocrx_word' id='word_1_817' title='bbox 255 5683 378 5734; x_wconf 86' lang='lat' dir='ltr'><strong>tem</strong></span> <span class='ocrx_word' id='word_1_818' title='bbox 412 5683 872 5749; x_wconf 82' lang='lat' dir='ltr'><strong>consequuntur.</strong></span> <span class='ocrx_word' id='word_1_819' title='bbox 901 5700 927 5727; x_wconf 83' lang='lat'><strong>»</strong></span> 
     </span>
    </p>
   </div>
   <div class='ocr_carea' id='block_1_109' title="bbox 332 5746 1681 5825">
    <p class='ocr_par' dir='ltr' id='par_1_109' title="bbox 332 5746 1681 5825">
     <span class='ocr_line' id='line_1_109' title="bbox 332 5746 1681 5825; baseline 0.001 -20"><span class='ocrx_word' id='word_1_820' title='bbox 332 5750 443 5823; x_wconf 90' lang='grc'>(58)</span> <span class='ocrx_word' id='word_1_821' title='bbox 475 5746 795 5807; x_wconf 68' lang='grc' dir='ltr'>Καί.’ῡεοει</span> <span class='ocrx_word' id='word_1_822' title='bbox 821 5750 879 5808; x_wconf 91' lang='lat' dir='ltr'><strong>in</strong></span> <span class='ocrx_word' id='word_1_823' title='bbox 911 5750 1089 5824; x_wconf 85' lang='lat' dir='ltr'><strong>Regg.</strong></span> <span class='ocrx_word' id='word_1_824' title='bbox 1123 5750 1244 5823; x_wconf 91' lang='lat' dir='ltr'><strong>bm,</strong></span> <span class='ocrx_word' id='word_1_825' title='bbox 1278 5750 1380 5825; x_wconf 88' lang='lat' dir='ltr'><strong>hu,</strong></span> <span class='ocrx_word' id='word_1_826' title='bbox 1412 5755 1468 5808; x_wconf 87' lang='lat' dir='ltr'><strong>et</strong></span> <span class='ocrx_word' id='word_1_827' title='bbox 1498 5751 1593 5808; x_wconf 89' lang='lat' dir='ltr'><strong>Or.</strong></span> <span class='ocrx_word' id='word_1_828' title='bbox 1629 5753 1681 5807; x_wconf 94' lang='lat'><strong>1.</strong></span> 
     </span>
    </p>
   </div>
   <div class='ocr_carea' id='block_1_110' title="bbox 2019 5537 2532 5614">
    <p class='ocr_par' dir='ltr' id='par_1_110' title="bbox 2019 5537 2532 5614">
     <span class='ocr_line' id='line_1_110' title="bbox 2019 5537 2532 5614; baseline 0.008 -23"><span class='ocrx_word' id='word_1_829' title='bbox 2019 5537 2304 5614; x_wconf 79' lang='grc' dir='ltr'>γενόμεθα,</span> <span class='ocrx_word' id='word_1_830' title='bbox 2339 5537 2532 5614; x_wconf 77' lang='lat' dir='ltr'><strong>prave.</strong></span> 
     </span>
    </p>
   </div>
   <div class='ocr_carea' id='block_1_111' title="bbox 2098 5180 3422 5326">
    <p class='ocr_par' dir='ltr' id='par_1_111' title="bbox 2098 5180 3422 5326">
     <span class='ocr_line' id='line_1_111' title="bbox 2098 5180 3422 5326; baseline 0.001 -89"><span class='ocrx_word' id='word_1_831' title='bbox 2098 5182 2211 5326; x_wconf 78' lang='grc'>(59)</span> <span class='ocrx_word' id='word_1_832' title='bbox 2240 5184 2326 5251; x_wconf 83' lang='grc' dir='ltr'>Τῷ</span> <span class='ocrx_word' id='word_1_833' title='bbox 2356 5180 2602 5243; x_wconf 85' lang='grc' dir='ltr'>παθόντι.</span> <span class='ocrx_word' id='word_1_834' title='bbox 2638 5182 2776 5309; x_wconf 53' lang='lat' dir='ltr'><strong>Reg.</strong></span> <span class='ocrx_word' id='word_1_835' title='bbox 2810 5181 2911 5251; x_wconf 82' lang='lat' dir='ltr'><strong>bu,</strong></span> <span class='ocrx_word' id='word_1_836' title='bbox 2941 5183 3021 5253; x_wconf 79' lang='grc' dir='ltr'><strong>τῷ</strong></span> <span class='ocrx_word' id='word_1_837' title='bbox 3054 5181 3144 5236; x_wconf 80' lang='grc' dir='ltr'><strong>καὶ</strong></span> <span class='ocrx_word' id='word_1_838' title='bbox 3173 5180 3422 5239; x_wconf 85' lang='grc' dir='ltr'>παθόντι.</span> 
     </span>
     <span class='ocr_line' id='line_1_112' title="bbox 2098 5254 3377 5326; baseline 0.002 -18"><span class='ocrx_word' id='word_1_839' title='bbox 2098 5254 2189 5323; x_wconf 90' lang='grc'>(60</span> <span class='ocrx_word' id='word_1_840' title='bbox 2261 5254 2582 5326; x_wconf 82' lang='grc' dir='ltr'>Ἐξιτήριον.</span> <span class='ocrx_word' id='word_1_841' title='bbox 2634 5276 2663 5304; x_wconf 89' lang='grc'><strong>‹‹</strong></span> <span class='ocrx_word' id='word_1_842' title='bbox 2756 5258 3047 5310; x_wconf 83' lang='lat' dir='ltr'><strong>xtremum</strong></span> <span class='ocrx_word' id='word_1_843' title='bbox 3104 5255 3377 5311; x_wconf 86' lang='lat' dir='ltr'><strong>abeuntis</strong></span> 
     </span>
    </p>
   </div>
   <div class='ocr_carea' id='block_1_112' title="bbox 2097 5254 3670 5329">
    <p class='ocr_par' dir='ltr' id='par_1_112' title="bbox 2097 5254 3670 5329">
     <span class='ocr_line' id='line_1_113' title="bbox 2097 5254 3670 5329; baseline 0.001 -21"><span class='ocrx_word' id='word_1_844' title='bbox 2097 5254 2209 5326; x_wconf 87' lang='grc'>(60)</span> <span class='ocrx_word' id='word_1_845' title='bbox 2261 5254 2582 5329; x_wconf 82' lang='grc' dir='ltr'>Ἐξιτήριον.</span> <span class='ocrx_word' id='word_1_846' title='bbox 2634 5276 2663 5304; x_wconf 90' lang='grc'><strong>‹‹</strong></span> <span class='ocrx_word' id='word_1_847' title='bbox 2710 5254 3047 5310; x_wconf 83' lang='lat' dir='ltr'><strong>Extremum</strong></span> <span class='ocrx_word' id='word_1_848' title='bbox 3104 5255 3377 5311; x_wconf 86' lang='lat' dir='ltr'><strong>abeuntis</strong></span> <span class='ocrx_word' id='word_1_849' title='bbox 3430 5256 3670 5310; x_wconf 88' lang='lat' dir='ltr'><strong>manda-</strong></span> 
     </span>
    </p>
   </div>
   <div class='ocr_carea' id='block_1_113' title="bbox 2025 5329 2231 5380">
    <p class='ocr_par' dir='ltr' id='par_1_113' title="bbox 2025 5329 2231 5380">
     <span class='ocr_line' id='line_1_114' title="bbox 2025 5329 2231 5380; baseline -0.005 0"><span class='ocrx_word' id='word_1_850' title='bbox 2025 5329 2173 5380; x_wconf 89' lang='lat' dir='ltr'><strong>tum.</strong></span> <span class='ocrx_word' id='word_1_851' title='bbox 2204 5347 2231 5374; x_wconf 82' lang='lat'><em>»</em></span> 
     </span>
    </p>
   </div>
   <div class='ocr_carea' id='block_1_114' title="bbox 2094 5393 3385 5469">
    <p class='ocr_par' dir='ltr' id='par_1_114' title="bbox 2094 5393 3385 5469">
     <span class='ocr_line' id='line_1_115' title="bbox 2094 5393 3385 5469; baseline -0.001 -18"><span class='ocrx_word' id='word_1_852' title='bbox 2094 5398 2207 5469; x_wconf 87' lang='lat'><strong>(61)</strong></span> <span class='ocrx_word' id='word_1_853' title='bbox 2238 5393 2535 5469; x_wconf 76' lang='lat' dir='ltr'><strong>T6._beest</strong></span> <span class='ocrx_word' id='word_1_854' title='bbox 2564 5396 2624 5452; x_wconf 91' lang='lat' dir='ltr'><strong>in</strong></span> <span class='ocrx_word' id='word_1_855' title='bbox 2656 5397 2845 5452; x_wconf 88' lang='lat' dir='ltr'><strong>tribus</strong></span> <span class='ocrx_word' id='word_1_856' title='bbox 2879 5397 3079 5469; x_wconf 84' lang='lat' dir='ltr'><strong>Regg.,</strong></span> <span class='ocrx_word' id='word_1_857' title='bbox 3113 5403 3169 5453; x_wconf 90' lang='lat' dir='ltr'><strong>et</strong></span> <span class='ocrx_word' id='word_1_858' title='bbox 3205 5397 3300 5453; x_wconf 92' lang='lat' dir='ltr'><strong>Or.</strong></span> <span class='ocrx_word' id='word_1_859' title='bbox 3334 5397 3385 5469; x_wconf 79' lang='grc'><strong>1.</strong></span> 
     </span>
    </p>
   </div>
   <div class='ocr_carea' id='block_1_115' title="bbox 2096 5398 3665 5542">
    <p class='ocr_par' dir='ltr' id='par_1_115' title="bbox 2096 5398 3665 5542">
     <span class='ocr_line' id='line_1_116' title="bbox 2096 5398 3385 5469; baseline -0.001 -18"><span class='ocrx_word' id='word_1_860' title='bbox 2096 5398 2177 5467; x_wconf 92' lang='grc'><strong>(61</strong></span> <span class='ocrx_word' id='word_1_861' title='bbox 2238 5398 2329 5449; x_wconf 91' lang='grc' dir='ltr'>Τό.</span> <span class='ocrx_word' id='word_1_862' title='bbox 2363 5398 2535 5453; x_wconf 71' lang='lat' dir='ltr'><strong>Deest</strong></span> <span class='ocrx_word' id='word_1_863' title='bbox 2564 5398 2624 5452; x_wconf 91' lang='lat' dir='ltr'><strong>in</strong></span> <span class='ocrx_word' id='word_1_864' title='bbox 2656 5398 2845 5452; x_wconf 88' lang='lat' dir='ltr'><strong>tribus</strong></span> <span class='ocrx_word' id='word_1_865' title='bbox 2879 5398 3079 5469; x_wconf 85' lang='lat' dir='ltr'><strong>Regg.,</strong></span> <span class='ocrx_word' id='word_1_866' title='bbox 3113 5403 3169 5453; x_wconf 89' lang='lat' dir='ltr'><strong>et</strong></span> <span class='ocrx_word' id='word_1_867' title='bbox 3205 5398 3300 5453; x_wconf 93' lang='lat' dir='ltr'><strong>Or.</strong></span> <span class='ocrx_word' id='word_1_868' title='bbox 3335 5398 3385 5450; x_wconf 91' lang='lat'><strong>1.</strong></span> 
     </span>
     <span class='ocr_line' id='line_1_117' title="bbox 2096 5398 3665 5542; baseline -0.001 -19"><span class='ocrx_word' id='word_1_869' title='bbox 2096 5398 2207 5542; x_wconf 65' lang='grc'>(62)</span> <span class='ocrx_word' id='word_1_870' title='bbox 2237 5465 2520 5539; x_wconf 88' lang='grc' dir='ltr'>Γινόμεθα.</span> <span class='ocrx_word' id='word_1_871' title='bbox 2570 5470 2663 5542; x_wconf 60' lang='grc' dir='ltr'><strong>με</strong></span> <span class='ocrx_word' id='word_1_872' title='bbox 2715 5469 2893 5542; x_wconf 83' lang='lat' dir='ltr'><strong>Regg.</strong></span> <span class='ocrx_word' id='word_1_873' title='bbox 2946 5468 3164 5542; x_wconf 88' lang='lat' dir='ltr'><strong>plures,</strong></span> <span class='ocrx_word' id='word_1_874' title='bbox 3215 5474 3271 5525; x_wconf 90' lang='lat' dir='ltr'><strong>et</strong></span> <span class='ocrx_word' id='word_1_875' title='bbox 3320 5468 3415 5524; x_wconf 92' lang='lat' dir='ltr'><strong>Or.</strong></span> <span class='ocrx_word' id='word_1_876' title='bbox 3450 5466 3499 5521; x_wconf 93' lang='lat'><strong>1.</strong></span> <span class='ocrx_word' id='word_1_877' title='bbox 3532 5465 3665 5539; x_wconf 86' lang='lat' dir='ltr'><strong>Alii,</strong></span> 
     </span>
    </p>
   </div>
   <div class='ocr_carea' id='block_1_116' title="bbox 2090 5540 3661 5682">
    <p class='ocr_par' dir='ltr' id='par_1_116' title="bbox 2090 5540 3661 5682">
     <span class='ocr_line' id='line_1_118' title="bbox 2090 5540 2965 5609; baseline 0.005 -18"><span class='ocrx_word' id='word_1_878' title='bbox 2090 5540 2304 5609; x_wconf 71' lang='grc' dir='ltr'>νόμεθα,</span> <span class='ocrx_word' id='word_1_879' title='bbox 2339 5557 2532 5609; x_wconf 88' lang='lat' dir='ltr'><strong>prave.</strong></span> <span class='ocrx_word' id='word_1_880' title='bbox 2569 5540 2722 5595; x_wconf 82' lang='lat' dir='ltr'><strong>Enl&#39;r.</strong></span> <span class='ocrx_word' id='word_1_881' title='bbox 2804 5540 2861 5542; x_wconf 26' lang='grc' dir='ltr'><strong>θ’</strong></span> <span class='ocrx_word' id='word_1_882' title='bbox 2947 5540 2965 5542; x_wconf 63' lang='grc'><strong><em>”</em></strong></span> 
     </span>
     <span class='ocr_line' id='line_1_119' title="bbox 2090 5607 3661 5682; baseline -0.003 -17"><span class='ocrx_word' id='word_1_883' title='bbox 2090 5612 2203 5682; x_wconf 84' lang='grc'>(63)</span> <span class='ocrx_word' id='word_1_884' title='bbox 2260 5610 2483 5667; x_wconf 80' lang='grc' dir='ltr'>Μᾶλλον</span> <span class='ocrx_word' id='word_1_885' title='bbox 2544 5611 2577 5680; x_wconf 72' lang='grc' dir='ltr'><strong>ἢ</strong></span> <span class='ocrx_word' id='word_1_886' title='bbox 2645 5610 2706 5664; x_wconf 83' lang='grc' dir='ltr'><strong>τὸ</strong></span> <span class='ocrx_word' id='word_1_887' title='bbox 2775 5612 3064 5682; x_wconf 85' lang='grc' dir='ltr'>μισεῖσθαι.</span> <span class='ocrx_word' id='word_1_888' title='bbox 3132 5611 3260 5665; x_wconf 79' lang='lat' dir='ltr'><strong>Haec</strong></span> <span class='ocrx_word' id='word_1_889' title='bbox 3327 5609 3541 5664; x_wconf 90' lang='lat' dir='ltr'><strong>desunt</strong></span> <span class='ocrx_word' id='word_1_890' title='bbox 3604 5607 3661 5662; x_wconf 93' lang='lat' dir='ltr'><strong>in</strong></span> 
     </span>
    </p>
   </div>
   <div class='ocr_carea' id='block_1_117' title="bbox 2019 5680 2195 5737">
    <p class='ocr_par' dir='ltr' id='par_1_117' title="bbox 2019 5680 2195 5737">
     <span class='ocr_line' id='line_1_120' title="bbox 2019 5680 2195 5737; baseline -0.006 0"><span class='ocrx_word' id='word_1_891' title='bbox 2019 5680 2114 5737; x_wconf 81' lang='lat' dir='ltr'><strong>Or.</strong></span> <span class='ocrx_word' id='word_1_892' title='bbox 2148 5680 2195 5736; x_wconf 82' lang='lat'><strong>1.</strong></span> 
     </span>
    </p>
   </div>
   <div class='ocr_carea' id='block_1_118' title="bbox 2091 5747 3362 5826">
    <p class='ocr_par' dir='ltr' id='par_1_118' title="bbox 2091 5747 3362 5826">
     <span class='ocr_line' id='line_1_121' title="bbox 2091 5747 3362 5826; baseline -0.001 -19"><span class='ocrx_word' id='word_1_893' title='bbox 2091 5753 2205 5826; x_wconf 77' lang='grc'>(64)</span> <span class='ocrx_word' id='word_1_894' title='bbox 2238 5753 2320 5809; x_wconf 77' lang='grc' dir='ltr'><strong>Τὰ</strong></span> <span class='ocrx_word' id='word_1_895' title='bbox 2349 5752 2488 5823; x_wconf 72' lang='grc' dir='ltr'>ἑξῆς.</span> <span class='ocrx_word' id='word_1_896' title='bbox 2525 5754 2665 5826; x_wconf 83' lang='lat' dir='ltr'><strong>Reg.</strong></span> <span class='ocrx_word' id='word_1_897' title='bbox 2697 5753 2802 5823; x_wconf 89' lang='lat' dir='ltr'><strong>hu,</strong></span> <span class='ocrx_word' id='word_1_898' title='bbox 2833 5757 2891 5810; x_wconf 90' lang='lat' dir='ltr'><strong>et</strong></span> <span class='ocrx_word' id='word_1_899' title='bbox 2919 5753 3015 5809; x_wconf 93' lang='lat' dir='ltr'><strong>Or.</strong></span> <span class='ocrx_word' id='word_1_900' title='bbox 3048 5753 3099 5822; x_wconf 93' lang='lat'><strong>1,</strong></span> <span class='ocrx_word' id='word_1_901' title='bbox 3128 5747 3193 5804; x_wconf 83' lang='grc' dir='ltr'>τὸ</span> <span class='ocrx_word' id='word_1_902' title='bbox 3219 5747 3362 5820; x_wconf 70' lang='grc' dir='ltr'>ἱξῆς.</span> 
     </span>
    </p>
   </div>
  </div>
