4094 6212
429 404 584 466 1151
1675 401 1739 461 S.
1790 397 2083 460 GREGOI

2206 397 2603 461 THEOLOGI
3689 401 3847 463 1152

429 553 556 605 nes,
586 535 776 590 ofﬁcio
809 549 936 588 meo
969 531 1224 588 satisfeci
1253 551 1265 602 ;
1321 549 1506 602 neque
1553 531 1709 587 enim
1744 531 2080 603 quisquam,

2201 529 2561 606 τραχυτέρων,
2613 527 2799 599 ἐπειδή
2848 526 3054 585 παίδων
3124 528 3396 610 φείδεσθαι
3449 530 3714 606 πατρικὰς
3762 532 3850 587 νό-

430 623 664 684 tainetsi
699 622 858 695 pacis
889 623 1207 677 admodum
1255 621 1557 676 studiosus
1611 621 1831 691 Deique
1890 636 2086 675 amore

435 715 733 786 praeditus,
757 729 788 766 a
813 728 924 775 me,
948 716 1008 765 ut
1031 712 1255 781 Opinor,
1274 710 1528 782 amplius
1553 710 1768 780 aliquid
1796 710 2084 780 requiret;

425 821 530 859 vos
554 819 706 865 vero,
735 819 860 872 quae
887 800 1098 855 deinde
1123 805 1458 870 sequentur,
1485 798 1766 853 videritis.
1793 799 1906 853 Nec
1929 797 2085 853 enim

436 891 702 963 asperius
727 889 943 960 aliquid
972 889 1260 959 adjiciam,
1287 887 1760 958 quandoquidem
1786 887 1924 941 ﬁliis
1957 903 2085 957 par-

2201 640 2324 690 μος.
2359 617 2513 673 Ἀλλ’
2546 617 2676 674 ἵλεω
2706 619 2929 694 τύχοιτε
2958 623 3071 694 (65)
3101 621 3190 674 καὶ
3223 620 3497 696 εἰρηνικοῦ
3546 626 3640 675 τοῦ
3679 623 3849 696 μεγα-

2198 705 2298 761 λου
2351 713 2560 779 κριτοῦ,
2609 707 2700 762 νῦν
2749 731 2806 763 τε
2847 709 2935 763 καὶ
2987 708 3037 764 έν
3087 711 3270 782 ἡμέρᾳ
3321 706 3759 777 ἀνταποδόσεως,
3796 711 3846 765 ἓν

2199 796 2341 868 αὐτῷ
2372 802 2586 872 Χριστῷ
2615 803 2694 869 τῷ
2725 799 2906 873 Κυρίῳ
2937 801 3094 870 ἡμῶν
3126 817 3136 829 ·
3174 800 3218 870 ᾦ
3250 801 3283 867 ἡ
3320 796 3444 869 δόξα
3473 800 3658 853 καὶτὸ
3709 802 3848 873 upi-

2195 905 2289 946 τος
2321 888 2430 958 (66)
2466 885 2540 946 εἷς
2569 885 2693 948 τοὺς
2733 886 2931 948 αἰῶνας
2959 891 3065 941 τῶν
3095 886 3305 941 αἰώνων
3339 889 3472 959 (67).
3502 891 3698 959 Ἀμήν.

434 997 561 1036 cere
584 980 674 1034 lex
705 984 946 1050 paterna
978 983 1084 1032 est.
1110 977 1341 1032 Utinam
1376 980 1569 1030 autem
1605 992 1883 1047 magnum
1917 975 2086 1029 illum
2111 975 2369 1044 judicem
2402 976 2716 1047 propitium
2751 983 2808 1031 et
2840 981 3109 1048 pacatum
3140 977 3303 1033 vobis
3335 979 3581 1049 experiri
3612 979 3847 1033 conlin-

441 1075 561 1143 gat,
606 1073 661 1123 et
693 1084 868 1134 nunc,
903 1073 956 1122 et
986 1067 1042 1120 in
1098 1067 1188 1122 die
1245 1065 1666 1130 retributionis,
1703 1066 1758 1118 in
1806 1066 1930 1136 ipso
1963 1064 2191 1119 Christo
2224 1065 2471 1120 Domino
2518 1069 2739 1133 nostro,
2773 1066 2866 1122 cui
2899 1065 3083 1138 gloria
3112 1071 3169 1121 et
3198 1066 3513 1136 imperium
3547 1068 3603 1121 in
3635 1067 3850 1122 saecula

432 1157 803 1215 saeculorum.
833 1157 1038 1210 Amen.

506 1298 614 1369 (65)
652 1296 904 1371 Τύχοιτε.
937 1298 1029 1352 Sic
1062 1298 1200 1369 Reg.
1236 1297 1336 1364 hu,
1368 1296 1545 1352 Coisl.
1582 1297 1631 1364 1,
1662 1296 1758 1350 Or.
1795 1297 1843 1358 1,
1874 1301 1982 1350 etc.
2019 1296 2080 1349 In

433 1373 761 1514 Θῆϐἓΐίὲίέί
819 1438 879 1492 τὸ
937 1441 1154 1513 κράτος.
1216 1439 1344 1493 Hzec
1402 1439 1615 1492 desunt
1673 1437 1732 1491 in
1791 1437 2083 1509 plerisque

792 1674 1255 1769 ORATIO
1341 1673 1655 1767 XXIII
1681 1687 1737 1765 ⁸.

425 1866 609 1922 Tertia
661 1865 725 1921 de
767 1879 918 1935 pace,
971 1880 1137 1946 quam
1184 1866 1304 1946 post
1353 1861 1645 1946 dimidium
1685 1877 2083 1933 composuzmus

2201 1857 2477 1931 [εἰρηνικὸς
2510 1880 2543 1932 γ
2723 1857 2803 1946 εἷς
2830 1857 3022 1946 timo-6

777 1952 894 2002 nos,
927 1937 1023 2008 qui
1063 1935 1303 2005 ejusdem
1343 1934 1474 2005 ﬁdei
1512 1949 1720 1988 sumus.

498 2061 539 2114 Ι.
572 2059 741 2114 Zelus
771 2064 858 2115 est
891 2059 1169 2126 fervidus,
1202 2059 1455 2129 Spiritus
1487 2058 1655 2124 lenis,
1691 2058 1950 2113 charitas
1981 2059 2076 2112 be-

430 2148 629 2219 nigna,
657 2147 745 2203 vel
775 2148 971 2218 potius
999 2149 1249 2219 ipsamet
1280 2147 1634 2218 benignitas,
1659 2163 1792 2217 spes
1815 2146 2078 2219 longani-

433 2236 546 2291 mis
580 2254 592 2290 :
635 2236 797 2292 zelus
828 2237 1108 2304 accendit,
1144 2236 1396 2308 Spiritus
1431 2236 1678 2307 mitigat,
1714 2253 1847 2307 spes
1879 2252 2080 2307 exspe-

432 2329 571 2393 ctat,
607 2324 860 2381 charitas
892 2324 1262 2396 constringit,
1297 2340 1403 2380 nec
1434 2325 1676 2393 bonum,
1701 2325 1854 2394 quod
1885 2324 1944 2378 in
1976 2341 2077 2378 no-

434 2413 526 2469 bis
555 2420 664 2482 est,
692 2414 963 2486 dissipari
989 2431 1055 2469 ac
1087 2414 1352 2468 difﬂuere
1383 2413 1543 2480 sinit,
1565 2412 1832 2484 quamvis
1863 2411 2080 2484 alioqui

431 2503 600 2558 fluxa:
652 2503 994 2575 fragilisque
1046 2508 1265 2558 natura
1316 2502 1550 2557 simus:
1588 2508 1762 2572 atque
1810 2519 1839 2556 e
1893 2503 2081 2557 tribus

424 2609 639 2662 unum,
675 2596 777 2646 aut
808 2608 940 2646 cum
975 2596 1084 2659 est,
1119 2595 1337 2660 manet,
1372 2594 1474 2645 aut
1505 2607 1639 2645 cum
1673 2597 1830 2646 mota
1861 2594 1919 2644 et
1950 2607 2082 2645 con-

427 2683 600 2734 vulsa
630 2685 738 2748 est,
765 2679 824 2734 in
859 2680 1151 2751 integrum
1184 2678 1536 2744 restituitur,
1559 2683 1660 2734 aut
1689 2695 1822 2734 cum
1856 2680 2083 2734 absces-

430 2769 528 2840 sit,
565 2768 909 2836 revertitur;
945 2786 1057 2824 non
1091 2784 1259 2824 secus
1293 2785 1359 2822 ac
1390 2767 1623 2840 plantae,
1646 2784 1773 2838 qua
1807 2767 2082 2823 manibus

427 2875 532 2930 per
561 2858 676 2913 vim
709 2857 767 2912 in
799 2858 1096 2914 diversum
1127 2862 1344 2924 tractis,
1369 2857 1546 2912 simul
1579 2863 1754 2927 atque
1775 2857 2079 2911 dimittun-

427 2952 547 3016 tur,
581 2947 779 3003 statim
812 2948 882 3002 ad
916 2964 1062 3016 sese,
1098 2947 1468 3017 primamque
1498 2961 1667 3001 suam
1699 2949 1969 3001 naturam
2001 2963 2084 3000 re-

430 3043 698 3105 currunt,
752 3036 928 3108 idque
982 3035 1091 3092 sibi
1147 3037 1446 3107 proprium
1487 3052 1616 3091 esse
1647 3037 1985 3102 ostendunt,
2019 3040 2084 3090 ut

428 3125 623 3180 invitae
657 3126 894 3197 quidem
930 3125 1324 3188 inﬂectantur,
1359 3141 1473 3178 non
1515 3124 1706 3178 invitas
1738 3129 1932 3179 autem
1967 3124 2082 3178 eri-

429 3219 662 3286 gantur.
695 3214 913 3268 Vitium
948 3213 1102 3269 enim
1135 3218 1223 3268 est
1254 3218 1464 3267 natura
1495 3213 1733 3283 quidem
1778 3214 1834 3267 in
1882 3229 2082 3284 prom-
2114 3231 2157 3298 ρ

429 3309 557 3373 ptu,
591 3307 649 3357 et
678 3302 866 3357 facilis
901 3303 972 3356 ad
1006 3301 1231 3357 malum
1263 3317 1494 3368 cursus,
1534 3307 1592 3356 et
1637 3302 1818 3356 funda
1849 3301 1906 3355 in
1941 3319 2084 3372 pra:-

433 3407 568 3461 ceps
601 3390 822 3457 labens,
858 3395 958 3445 aut
1015 3390 1188 3445 etiam
1252 3390 1477 3445 festuca
1517 3391 1783 3459 quaedam
1835 3406 1962 3460 quae
2011 3391 2082 3445 ad

433 3477 754 3533 scintillam
786 3483 841 3534 et
870 3482 1108 3532 ventum
1143 3477 1310 3533 facile
1340 3478 1717 3533 succenditur
1756 3482 1812 3532 et
1853 3478 2082 3533 inflam-

434 3573 651 3635 matur,
704 3572 762 3622 et
821 3583 937 3621 una
993 3582 1128 3621 cum
1191 3582 1297 3620 suo
1357 3565 1475 3620 fetu
1527 3566 1878 3621 absumitur.
1929 3569 2083 3623 426

432 3655 697 3712 Flamma
743 3654 957 3726 quippe
1006 3653 1258 3710 materiis
1309 3653 1461 3710 fetus
1510 3659 1617 3724 est,
1663 3670 1729 3710 ac
1778 3656 2085 3711 materiam

430 3744 646 3816 ipsam,
681 3761 795 3800 non
828 3744 997 3799 aliter
1028 3749 1203 3814 atque
1234 3743 1534 3813 improbos
1565 3742 1832 3798 homines
1866 3744 2084 3815 impro-

435 3833 614 3900 bitas,
648 3833 928 3903 absumit,
954 3833 1314 3904 tandemque
1344 3847 1478 3886 cum
1510 3847 1616 3887 suo
1649 3831 1926 3888 alimento
1959 3850 2085 3888 eva-

434 3923 640 3978 nescit.
667 3923 726 3978 Si
757 3922 890 3994 quis
917 3927 1114 3978 tamen
1137 3921 1210 3978 ad
1241 3921 1378 3977 boni
1402 3920 1652 3992 alicujus
1680 3921 1941 3976 habitum
1968 3939 2091 3994 per-

433 4012 676 4079 venerit,
705 4028 888 4082 eoque
919 4011 1153 4082 penitus
1184 4011 1448 4066 imbutus
1481 4011 1679 4079 fuerit,
1711 4010 1851 4066 huic
1873 4011 1998 4082 jam
2030 4012 2088 4067 in

428 4098 644 4154 vitium
675 4099 791 4155 labi
824 4099 1124 4155 difficilius
1155 4100 1282 4167 erit,
1318 4115 1494 4170 quam
1537 4099 1607 4154 ab
1656 4099 1823 4155 initio
1871 4100 2088 4155 bonum

2194 1295 2377 1491 fugai)
2407 1369 2519 1418 Τῶν
2565 1363 2796 1422 αἷώνων.
2846 1367 2941 1422 Sic
2991 1367 3166 1439 Regg.
3219 1367 3338 1434 bm,
3372 1365 3473 1436 hu,
3507 1372 3618 1422 etc.
3671 1368 3848 1423 Deest

2194 1454 2252 1490 in
2292 1454 2321 1491 e
2370 1479 2382 1491 .

2194 1454 2252 1490 In
2292 1454 2382 1492 θα.

2653 1694 3053 1791 ΛΟΓΟΣ
3152 1695 3368 1789 K1".

3073 1852 3246 1925 ϐασιν,
3405 1859 3540 1930 μετά
3577 1861 3680 1927 τήν
3713 1860 3841 1914 σύσ-

2394 1879 2477 1920 κος
2510 1880 2543 1932 γ
2587 1879 2697 1930 (οδ)
2730 1879 2803 1918 εις
2830 1879 3246 1982 τηννσυδιοασιν,
3288 1879 3353 1947 ης)
3405 1879 3540 1930 μετα
3577 1879 3629 1914 ττ

2394 1951 2545 1984 τασιν
2575 1933 2687 2003 (69)
2718 1929 3021 2003 ἐποιησαμε
3059 1951 3090 1983 α
3121 1930 3171 1983 οἱ
3203 1931 3461 2002 ὁμοοοξοι
3495 1933 3629 2003 (70).

2261 2055 2338 2110 Δ’.
2373 2055 2583 2128 Θερμὸς
2616 2055 2642 2108 ὁ
2678 2052 2867 2124 ζῆλος,
2897 2059 3068 2130 πρᾶον
3119 2029 3201 2108 τὸἲ
3229 2059 3468 2127 Πνεῦμα,
3523 2052 3839 2132 φιλάνθρωο

2188 2164 2286 2198 πον
2319 2146 2353 2213 ἡ
2387 2143 2593 2218 ἀγάπη,
2631 2142 2842 2216 μᾶΑλον
2868 2140 2913 2197 δ’
2956 2142 3472 2220 αὐτοφιλανϐρωπία
3497 2163 3510 2175 ·
3567 2145 3840 2220 μακρὸθυ-

2192 2253 2292 2304 μον
2326 2235 2360 2302 ἡ
2396 2230 2573 2294 ἐλπίς.
2604 2236 2658 2286 Ὀ
2693 2231 2861 2302 ζῆλος
2893 2231 3131 2296 ἀνάπτει,
3163 2233 3225 2287 τὸ
3267 2237 3486 2306 Πνεῦμα
3517 2235 3770 2308 πραΰνει,
3802 2237 3834 2302 ἡ

2189 2319 2342 2382 έλπὶς
2385 2321 2658 2394 ἀναμένει,
2707 2323 2742 2390 ἡ
2795 2321 2971 2396 ἀγάπη
3007 2320 3183 2375 συνδεῖ
3212 2323 3345 2395 (71),
3377 2322 3464 2376 καὶ
3501 2321 3601 2376 οὐκ
3632 2321 3694 2392 ἑᾷ
3725 2343 3841 2376 σκε-

2191 2407 2443 2478 δασθῆναι
2500 2410 2562 2464 τὸ
2627 2408 2679 2463 ἐν
2726 2412 2861 2483 ἡμῖν
2913 2407 3104 2482 καλὸν,
3153 2409 3242 2464 καὶ
3273 2409 3317 2464 εἰ
3348 2407 3645 2479 σκεδαστῆς
3687 2409 3842 2483 ἐσμεν

2189 2499 2421 2576 φύσεως,
2455 2498 2545 2553 καὶ
2575 2502 2740 2574 τριῶν
2773 2500 2848 2566 ὲν,
2883 2499 2917 2567 ἢ
2951 2499 3086 2553 οὖσα
3120 2498 3287 2570 μένει,
3333 2499 3368 2568 ἢ
3401 2501 3686 2568 κινηθεῖσα
3713 2502 3842 2554 καθ-

2195 2588 2422 2658 ίσταται,
2453 2589 2486 2656 ἢ
2530 2588 2839 2651 ἀπελθοῦσα
2887 2586 3121 2642 ἐπάνεισι
3148 2607 3159 2620 ⁸
3211 2589 3446 2663 καθάπερ
3493 2593 3602 2642 τῶν
3658 2594 3839 2666 φυτῶν

2192 2677 2224 2730 ἃ
2257 2676 2348 2752 βίᾳ
2379 2676 2534 2752 χερσὶ
2570 2677 2985 2750 μετασπώμενα,
3038 2675 3132 2730 εἴτ’
3180 2675 3440 2753 ἀφιέμενα
3483 2677 3622 2751 πρὸς
3685 2678 3850 2732 ἑαυτὰ

2190 2764 2354 2819 πάλιν
2433 2764 2796 2840 ἐπανατρέχει
2870 2764 2958 2818 καὶ
3031 2769 3130 2833 τὴν
3197 2766 3421 2841 πρώτην
3477 2766 3682 2820 ἑαυτῶν
3745 2766 3850 2842 φύ-

2192 2875 2272 2908 σιν
2301 2857 2436 2924 (72),
2469 2853 2557 2907 καὶ
2590 2851 2826 2908 δείκνυσι
2863 2855 2924 2908 τὸ
2968 2852 3188 2923 οἷκεῖον,
3245 2854 3334 2929 βίᾳ
3395 2855 3489 2927 μὲν
3545 2853 3845 2909 ἀποκλινὸ-

2196 2963 2348 3016 μενα,
2383 2942 2444 2997 οὐ
2482 2943 2574 3016 βίᾳ
2604 2939 2660 2996 δὲ
2692 2942 3082 3016 ἀνορθούμενα.
3127 2942 3290 2997 Φύσει
3328 2944 3422 3017 μὲν
3451 2944 3552 3019 γὰρ
3604 2943 3838 3019 πρόχει-

2195 3051 2284 3104 ρον
2313 3033 2425 3104 (73)
2478 3034 2511 3100 ἡ
2567 3031 2746 3102 κακία,
2789 3030 2878 3085 καὶ
2908 3030 3084 3094 πολὺς
3115 3031 3201 3087 ἐπὶ
3231 3031 3295 3086 τὸ
3326 3038 3512 3108 χεῖρον
3550 3032 3576 3085 ὁ
3609 3029 3847 3106 δρόμος,

2194 3120 2319 3197 ῥοῦς
2347 3121 2482 3175 κατὰ
2509 3125 2748 3196 πρανοῦς
2777 3121 3012 3195 τρέχων,
3044 3121 3078 3188 ἢ
3127 3120 3350 3193 καλάμη
3377 3143 3460 3182 τις
3509 3121 3650 3196 πρὸς
3703 3142 3848 3175 σπινο

2202 3217 2341 3279 θῆρα
2395 3209 2484 3263 καὶ
2535 3210 2735 3281 ἄνεμον
2784 3206 2982 3284 ῥᾳδίως
3033 3208 3393 3282 ἐξαπτομένη,
3437 3210 3527 3264 καὶ
3576 3209 3842 3284 γινομένη

2197 3299 2353 3376 φλὸξ,
2385 3297 2472 3353 καὶ
2505 3295 2962 3371 συνδαπανωμένη
2995 3302 3073 3369 τῷ
3104 3297 3289 3370 οἰκείῳ
3347 3301 3460 3372 (74)
3518 3301 3842 3373 γεννήματι.

2194 3390 2306 3460 Πῦρ
2355 3386 2454 3462 γὰρ
2512 3384 2650 3456 ὕλης
2707 3386 2968 3461 γέννημα,
3019 3386 3107 3440 καὶ
3160 3384 3369 3457 δαπανᾷ
3407 3387 3505 3453 τήν
3541 3387 3707 3456 ὕλην,
3767 3388 3845 3447 ὡς

2191 3475 2319 3537 τοὺς
2348 3474 2545 3537 κακοὺς
2579 3477 2612 3544 ἡ
2644 3474 2825 3544 κακία,
2857 3476 2946 3529 καὶ
2983 3479 3051 3548 τῇ
3094 3479 3270 3551 τροφῇ
3329 3477 3745 3550 συναπέρχεται.
3782 3476 3848 3530 Ei”

2195 3561 2252 3619 δέ
2293 3586 2374 3626 τις
2433 3564 2483 3619 ἐν
2537 3561 2640 3634 ἕξει
2699 3562 2871 3619 καλοῦ
2923 3585 3067 3627 τινος
3120 3564 3349 3640 γένοιτο,
3401 3567 3489 3618 καὶ
3532 3566 3624 3618 ἀπ’
3681 3564 3847 3619 αὐτοῦ

2193 3653 2481 3722 ποιωθείη,
2540 3654 2602 3708 τὸ
2665 3658 2976 3724 μεταπεσεῖν
3037 3650 3446 3728 ἐργωδέστερον,
3507 3654 3543 3722 ἢ
3600 3656 3848 3728 γενέσθαι

2198 3744 2286 3797 ἀπ’
2333 3742 2514 3817 ἀρχῆς
2563 3741 2784 3816 ἀγαθόν.
2825 3739 3045 3811 Ἐπειδὴ
3079 3741 3169 3796 καὶ
3201 3741 3385 3817 χρόνῳ
3567 3742 3658 3796 καὶ
3692 3741 3851 3816 λόγῳ

2202 3826 2492 3907 βεϐαιωθέν
2550 3829 2688 3885 ἃπαν
2734 3830 2923 3902 καλὸν,
2973 3831 3128 3908 φύσις
3195 3831 3529 3897 καθίσταται,
3605 3830 3849 3905 καθάπερ

2196 3921 2285 3974 καὶ
2334 3923 2367 3990 ἡ
2410 3919 2460 3974 έν
2506 3922 2640 3992 ἡμῖν
2694 3919 2894 3995 ἀγάπη,
2946 3921 3062 3993 μεθ’
3111 3921 3179 3989 ἦς
3213 3919 3542 3992 λατρεύομεν
3573 3924 3644 3993 τῇ
3679 3915 3854 3983 ὄντως

2200 4011 2396 4086 ἀγάπῃ,
2428 4008 2517 4063 καὶ
2547 4010 2612 4078 ἣν
2645 4009 3030 4084 ἠγαπήσαμεν,
3060 4009 3148 4064 καὶ
3179 4011 3376 4070 παντὸς
3403 4013 3500 4064 τοῦ
3537 4010 3662 4084 βιου
3712 4030 3854 4083 προ-

2201 4101 2557 4172 εστηοάμεϐα.

431 4187 578 4243 ﬁeri.
605 4189 1089 4260 Quandoquidem
1122 4188 1340 4244 bonum
1374 4205 1566 4255 omne,
1600 4193 1859 4260 tempore
1893 4206 1958 4244 ac
1988 4191 2210 4245 ratione
2241 4191 2677 4255 confirmatum,
2700 4194 2923 4245 natura
2951 4190 3065 4244 vim
3098 4189 3343 4255 obtinet,
3366 4188 3526 4243 velut
3556 4189 3682 4244 hinc
3714 4207 3861 4261 quo-

435 4292 548 4347 que
588 4277 800 4333 animis
851 4277 1066 4333 nostris
1117 4278 1312 4347 inﬁxa,
1345 4277 1623 4346 charitas,
1660 4294 1794 4332 cum
1844 4295 1960 4348 qua
2010 4295 2203 4334 veram
2235 4278 2578 4334 charitatem
2609 4277 2882 4349 colimus,
2915 4282 2972 4334 et
3001 4295 3179 4350 quam
3227 4277 3512 4333 charitate
3562 4278 3862 4350 complexi

433 4381 664 4430 sumus,
700 4371 874 4436 atque
905 4367 1084 4421 totius
1113 4365 1239 4420 vita:
1272 4365 1576 4437 prasidem
1610 4369 1667 4420 et
1695 4366 2140 4421 moderatricem
2174 4366 2343 4422 nobis
2375 4365 2716 4422 statuimus.

504 4453 570 4507 II.
617 4454 721 4509 Ubi
773 4460 913 4510 sunt
960 4454 1161 4527 igitur,
1204 4454 1303 4525 qui
1342 4471 1432 4509 res
1466 4459 1716 4519 nostras,
1749 4458 1870 4508 tam
1921 4455 2083 4524 bene,

2268 4455 2339 4506 B’-
2373 4458 2485 4508 Ποῦ
2515 4454 2695 4508 τοίνυν
2730 4454 2780 4507 οἳ
2811 4454 2877 4508 τὰ
2923 4455 3163 4528 ἡμέτερα
3206 4457 3492 4527 τηροῦντες
3543 4450 3863 4525 ἐπιμελῶς,

436 4559 614 4613 quam
650 4542 801 4599 male
832 4561 893 4599 se
923 4544 1226 4609 habentes,
1263 4542 1523 4598 studiose
1555 4559 1620 4597 ac
1653 4542 1962 4614 diligenter
1992 4544 2088 4598 ob—

433 4635 689 4696 servant,
716 4649 829 4686 non
854 4637 917 4686 ut
939 4633 1230 4703 judicent,
1257 4633 1356 4686 sed
1393 4635 1455 4685 ut
1485 4632 1853 4702 improbent;
1890 4649 1992 4687 nec
2029 4637 2093 4687 ut

431 4719 602 4774 nobis
624 4719 1022 4790 gratulentur,
1048 4721 1147 4775 sed
1174 4726 1238 4774 ut
1269 4719 1589 4787 insultent;
1627 4724 1684 4775 et
1709 4723 1772 4774 ut
1792 4720 1945 4775 bona
1966 4722 2092 4791 qui-

2203 4543 2258 4596 εὗ
2287 4563 2343 4595 τε
2372 4541 2459 4595 καὶ
2493 4543 2569 4603 ὡς
2603 4542 2796 4616 ἑτέρως
2831 4539 3047 4618 ἔχοντα,
3091 4541 3199 4616 οὐχ
3244 4539 3334 4595 ’ίνα
3384 4540 3671 4616 κρίνωσιν,
3736 4540 3867 4596 ἀλλ’

2196 4629 2287 4684 ’ἱνα
2317 4631 2610 4685 κακίσωσιν
2633 4649 2645 4663 ·
2680 4629 2794 4686 οὐδ’
2820 4631 2912 4685 ’ίνα
2943 4634 3300 4699 συνησθῶσιν,
3327 4629 3453 4685 ἀλλ’
3476 4629 3554 4683 ἶν’
3603 4630 3865 4708 bneﬁci)-

2204 4740 2275 4789 σι,
2327 4721 2417 4774 καὶ
2461 4720 2526 4774 τὰ
2577 4721 2670 4793 μὶν
2702 4720 2844 4776 καλά
2874 4722 3342 4797 συκοφαντήσωσι,
3370 4718 3436 4774 τὰ
3461 4716 3521 4773 δὶ
3552 4718 3746 4795 φαῦλα
3777 4719 3863 4774 ἰκ-

435 4808 568 4862 dem
627 4807 1085 4879 calumnientur,
1138 4809 1291 4864 mala
1350 4814 1551 4864 autem
1612 4808 1850 4882 tragicis
1904 4810 2083 4866 verbis

2203 4806 2624 4884 τραγῳδήσωσι,
2675 4810 2762 4864 καί
2809 4807 3103 4885 ἀπολογίαν
3155 4805 3325 4883 ἔχωσι
3368 4812 3475 4862 τῶν
3509 4807 3740 4863 οἰκείων
3774 4831 3864 4862 κα-

509 4931 581 5000 (a)
608 4929 765 4986 Alias
801 4931 948 4986 XIII.
998 4933 1131 4996 Quae
1180 4937 1371 4988 autem
1421 4932 1492 4986 23
1540 4936 1682 4998 erat,
1717 4948 1875 4988 nunc
1905 4934 2088 4988 25.-—-
2197 4933 2291 4988 0r.
2337 4935 2387 4987 1.

436 5002 644 5059 Habita
695 5007 826 5075 post
875 5007 1319 5073 praecedentem,
1351 5005 1508 5060 circa
1557 5004 1815 5060 medium
1865 5023 2083 5062 annum

429 5075 968 5220 37(968)_Elpnvmcg
1034 5146 1100 5220 γέ.
1138 5144 1568 5220 iSicpostulat
1632 5163 1824 5220 rerum
1885 5148 2085 5216 series,

431 5234 582 5308 qpas
634 5217 690 5308 in
744 5217 1086 5308 praecedenti
1136 5217 1352 5274 Monito
1403 5219 1803 5290 exposuimus.
1853 5220 1916 5274 In
1969 5221 2082 5289 ed.,

430 5288 723 5364 Εἷρηνικὸς

505 5363 618 5432 (69)
652 5359 1062 5432 Σύστασινηοῐδ.
1100 5363 1150 5427 1,
1184 5358 1388 5414 στάσιν.

509 5427 620 5506 (70)
654 5433 718 5489 Οἱ
768 5431 1048 5505 ὁμόδοξοι.
1096 5433 1234 5505 Reg.
1287 5432 1386 5501 hu,
1420 5435 1477 5486 et
1506 5431 1676 5487 Coisl.
1727 5433 1777 5500 1,
1826 5431 1876 5484 οἱ
1926 5427 2082 5506 ὀρθά.

658 5574 717 5626 Ἢ
753 5572 930 5647 ἀγάπη
973 5570 1348 5647 «Maliaco
1393 5573 1565 5647 verba
1610 5572 1666 5627 in
1720 5574 1858 5645 Reg.
1894 5574 1993 5644 hu,
2026 5578 2084 5630 et

434 5641 548 5720 0r;
571 5641 618 5720 tr,
652 5641 1087 5720 transferuntur
1116 5646 1269 5720 infra
1299 5641 1687 5720 ροεὶιξύσεως.

503 5717 617 5786 (72.)
647 5716 744 5768 Καὶ
772 5717 872 5784 τὴν
903 5718 1127 5790 πρώτην
1160 5713 1359 5773 ἑαυτῶν
1392 5713 1573 5793 φύσιν.
1607 5721 1738 5774 Haec
1776 5718 1989 5776 desunt
2020 5717 2080 5774 in

2267 5005 2383 5076 (73)
2413 5002 2738 5079 Πρόχειρον.
2769 5005 2959 5079 012-1,
2986 5001 3304 5079 πρόχειρος.
3336 5003 3570 5079 Billius,
3597 5027 3628 5056 ιι
3662 5008 3860 5072 Quan-

2197 5092 2374 5158 quam
2406 5076 2568 5132 enim
2610 5076 2672 5132 in
2722 5076 2964 5158 proclivi
3012 5076 3364 5158 si_t"vitium_,
3398 5076 3740 5158 ingensque
3791 5079 3856 5133 ad

2197 5147 2419 5233 malum
2478 5165 2687 5233 cursus
2723 5147 2977 5233 :pateat,‘
3013 5153 3186 5233 atque
3247 5147 3533 5233 undavit)
3595 5147 3855 5233 preceps

2196 5219 2496 5276 celerrime
2557 5219 2774 5276 labenti
2825 5219 3016 5276 simile
3068 5219 3174 5291 sit,
3224 5223 3324 5275 aut
3377 5219 3558 5275 etiam
3597 5219 3856 5277 'festuée

2196 5291 2474 5362 cuipiam,
2509 5307 2635 5362 quas
2676 5293 2746 5347 ad
2794 5291 3110 5348 scintillam
3144 5295 3200 5346 et
3228 5296 3469 5347 ventum
3519 5292 3686 5348 facili
3739 5311 3852 5348 mo-

2195 5368 2393 5418 mento
2446 5364 2845 5435 succenditur,
2899 5365 3253 5435 ﬂammaque
3309 5363 3541 5432 eﬂ‘ecta,
3594 5381 3717 5421 una
3759 5366 3852 5421 da~

2195 5451 2380 5499 mum,
2410 5455 2436 5482 ››
2469 5439 2580 5490 etc.

2263 5506 2374 5576 (74)
2407 5506 2501 5578 Τῷ
2531 5504 2736 5578 οἷ’κείῳ.
2771 5507 2910 5578 Reg,
2943 5505 3043 5571 hu,
3078 5509 3134 5560 et
3163 5505 3257 5578 Or_.
3294 5505 3346 5571 1,
3373 5507 3454 5574 τῷ
3477 5502 3636 5578 ίδίῳ.

2264 5573 2508 5704 ei?“
2543 5573 2750 5652 χρὸνῲ.
2801 5573 2905 5634 Sic
2945 5578 3121 5650 Regg.
3156 5594 3207 5646 a,
3240 5576 3342 5644 hu,
3375 5573 3436 5632 et
3464 5576 3564 5634 0r.
3592 5573 3650 5633 it.
3686 5583 3854 5635 Deest

2189 5665 2277 5702 και
2307 5666 2366 5703 1n
2393 5665 2484 5705 ea.
