4094 6212
293 416 447 482 “53

1411 415 1700 482 ORATIO
1746 416 2064 479 XXlll.—
2096 418 2194 479 DE
2237 412 2434 478 PACE
2485 418 2587 478 llI.

3538 414 3692 476 1154

291 559 422 623 κῶν,
460 551 527 607 τὰ
572 556 679 607 τῶν
730 550 971 621 πλησίον
1021 552 1303 628 τραύματα
1358 554 1509 627 (76);
1561 550 1669 607 εἷ’θε
1718 548 1939 611 δικαίως

2070 556 2420 624 :xaggercnt,
2445 556 2617 624 atque
2641 552 2711 607 ab
2739 550 2944 607 alienis
2972 550 3239 624 lapsibus
3264 550 3697 606 excusationem

292 641 566 718 κρίνοντες
593 639 605 695 ί
638 641 736 697 Ἠν
762 639 863 717 γὰρ
896 637 955 694 ἂν
983 660 1034 694 τι
1065 639 1156 695 καὶ
1185 639 1367 716 χολῆς
1417 635 1639 718 ὄφελος,
1668 641 1803 695 κατά
1840 640 1937 707 τὴν

292 728 588 806 παροιμίαν
622 731 754 801 (77),
788 728 837 783 εἴ
884 723 1040 805 φόϐῳ
1084 734 1195 784 τῶυ
1250 728 1461 806 ἐχθρῶν
1515 730 1759 804 ὑπῆρχεν
1808 729 1939 782 εἶναι

232 872 243 880 ~
296 815 764 896 ἀσφαλεστέρων
823 821 914 870 νῦν
980 816 1037 871 δι
1099 817 1233 889 μετὰ
1286 825 1384 887 τῆς
1433 814 1654 893 ἔχθρας,
1698 816 1787 871 και
1840 823 1940 885 τῆς

296 904 685 977 ἐπισκοτούσης
736 910 853 967 τοῖς
914 903 1201 981 λογισμοῖς
1253 906 1465 979 κακίας,
1525 906 1610 983 ὑφ’
1659 905 1727 974 ἧς
1759 902 1884 959 οῦδὶ
1914 905 1942 958 ὁ

298 996 463 1071 ψόγος
524 992 641 1069 ἔχει
686 995 749 1049 τὸ
799 990 1130 1065 ἀξιόπιστον.
1182 999 1294 1049 Ποῦ
1340 994 1518 1049 τοίνυν
1576 998 1629 1047 οῖ
1662 996 1942 1065 μισοῦντες

298 1084 486 1156 έπίσης
516 1083 607 1138 καὶ
637 1083 866 1153 θεότητα
894 1082 984 1138 καὶ
1016 1084 1163 1156 ἡμᾶς
1189 1102 1203 1152 ;
1234 1088 1396 1138 τοῦτο
1442 1084 1544 1159 γὰρ
1604 1083 1677 1136 ὧν
1729 1082 1941 1157 πάσχο-

303 1195 394 1247 μεν
426 1174 488 1227 τὸ
517 1170 1121 1249 μεγαλοπρεπέστατον,
1167 1171 1249 1227 ὅτι
1285 1172 1418 1245 μετὰ
1464 1175 1596 1227 Θεοῦ
1634 1167 1942 1225 κινδυνεύο-

300 1282 413 1336 μεν.
461 1264 576 1318 Ποῦ
623 1282 757 1316 ποτε
801 1262 938 1333 ἡμῖν
990 1262 1042 1315 οἱ
1088 1264 1195 1315 τῶν
1226 1258 1376 1316 ἰδίων
1408 1266 1570 1337 πρᾶοι
1601 1259 1801 1335 κριταὶ,
1834 1280 1941 1313 των

300 1350 356 1407 δὲ
404 1349 713 1426 ἀλλοτρίων
763 1344 1003 1426 ἀκριϐεῖς
1050 1348 1339 1422 ἐξετασταὶ,
1384 1348 1476 1403 ’ίνα
1521 1348 1786 1403 κάνταῦθα
1817 1347 1945 1421 ψεύ-

300 1438 495 1495 δωνται
527 1439 625 1507 τὴν
658 1435 913 1509 ἀλήθειαν
941 1457 955 1507 ;
992 1443 1101 1494 Ποῦ
1125 1460 1257 1495 ποτε
1286 1440 1421 1511 ἡμῖν
1452 1439 1504 1493 οἱ
1553 1439 1620 1493 τὰ
1666 1435 1949 1511 τραύματα

304 1528 548 1605 ἔχοντες,
577 1526 666 1582 καὶ
696 1527 828 1589 τοὺς
864 1526 1146 1600 μώλωπας
1181 1524 1567 1598 ὀνειδίζοντες,
1602 1527 1655 1581 οἱ
1681 1526 1748 1580 τὰ
1776 1546 1947 1600 προσ-

303 1618 560 1690 κόμματα
618 1613 989 1692 διασύροντες,
1041 1616 1130 1671 καὶ
1186 1618 1255 1671 τὰ
1311 1618 1579 1689 πτώματα
1636 1615 1789 1671 αὐτοὶ
1844 1614 1948 1669 πά-

304 1723 565 1783 σχοντες;
627 1706 679 1760 οἱ
725 1710 803 1777 τῷ
857 1700 1110 1781 βορϐόρῳ
1156 1703 1652 1782 ἰγκαλινδούμενοι,
1704 1705 1793 1759 καὶ
1831 1705 1945 1766 τοῖς

302 1792 520 1857 σπίλοις
567 1796 725 1867 ἡμῶν
778 1791 1304 1871 ἐπευφραινόμενοις
1358 1793 1409 1848 οἱ
1457 1799 1575 1855 ταῖς
1624 1790 1806 1855 δοκοῖς
1855 1815 1947 1847 τυ-

2052 641 2205 696 vitiis
2222 640 2345 695 suis
2369 645 2630 711 quierant
2651 642 2678 695 ?
2703 641 2936 697 Utinam
2964 639 3491 711 rectejudicarentl
3530 640 3699 695 Esset

2052 730 2207 784 enim
2232 729 2428 800 aliqua
2451 730 2627 785 etiam
2654 730 2789 785 bilis
2815 729 3058 797 utilitas,
3096 732 3156 783 ut
3178 732 3262 784 est
3286 730 3341 783 in
3368 728 3701 799 proverbio.

2053 818 2101 872 si
2135 818 2506 873 inimicorum
2542 822 2699 872 metu
2734 818 3022 872 cautiores
3080 817 3446 872 efﬁceremur
3475 832 3490 871 :
3542 832 3699 871 nunc

2051 912 2242 961 autem
2274 923 2406 960 cum
2440 908 2569 961 odio
2602 911 2657 961 et
2688 907 2867 960 animi
2903 906 3296 977 improbitate,
3335 923 3462 978 quae
3487 905 3701 960 rationi

2053 995 2325 1049 tenebras
2358 996 2627 1055 offundit.
2661 1001 2716 1049 et
2748 998 2819 1049 ob
2853 1012 3026 1067 quam
3062 1012 3133 1049 ne
3166 994 3511 1067 vituperatio
3570 994 3700 1066 qui-

2053 1085 2184 1138 dem
2220 1083 2395 1137 ullam
2432 1085 2831 1138 auctoritatem
2867 1084 3066 1152 habit,
3100 1085 3168 1138 ad
3196 1084 3582 1154 judicandum
3606 1099 3703 1138 ac-

2055 1173 2285 1227 cedunt.
2321 1171 2424 1227 Ubi
2461 1177 2597 1226 sunt
2628 1171 2827 1243 igitur,
2862 1172 2959 1243 qui
2995 1172 3359 1227 divinitatem
3403 1172 3617 1243 pariter
3647 1175 3705 1227 et

2055 1278 2161 1316 nos
2193 1262 2440 1316 oderunt
2466 1262 2493 1315 ?
2518 1262 2632 1316 Hoc
2664 1262 2817 1315 enim
2852 1278 2918 1314 ex
2949 1262 3246 1327 omnibus,
3273 1278 3397 1331 quas
3422 1261 3704 1331 patimur,

2056 1350 2527 1405 illustrissimum
2561 1355 2618 1405 et
2663 1348 3317 1421 magnificentissimum
3379 1353 3488 1414 est,
3549 1350 3704 1420 quod

2057 1455 2187 1493 cum
2222 1439 2336 1493 Deo
2370 1438 2791 1510 periclitamur.
2831 1438 2933 1493 Ubi
2968 1442 3125 1505 sunt,
3163 1437 3261 1507 qui
3293 1453 3533 1492 suorum
3567 1438 3703 1508 qui-

2058 1528 2189 1583 dem
2223 1528 2515 1582 mansueti
2548 1532 2602 1582 et
2635 1527 2847 1598 placidi
2873 1527 3105 1595 judices
3164 1530 3320 1593 sunt,
3376 1524 3699 1581 alienorum

2058 1622 2252 1671 autem
2287 1617 2467 1671 severi
2501 1632 2793 1681 censores,
2828 1620 2891 1669 ut
2921 1615 3014 1669 hic
3047 1629 3279 1685 quoque
3306 1614 3504 1668 fucum
3554 1613 3704 1669 veri-

2055 1706 2160 1759 tati
2196 1705 2408 1759 faciant
2433 1704 2460 1758 ?
2484 1704 2589 1758 Ubi
2614 1708 2772 1774 sunt,
2797 1704 2892 1774 qui
2919 1703 3135 1757 vibices
3158 1702 3325 1757 nobis
3349 1702 3558 1773 probro
3580 1718 3709 1758 ver-

2056 1798 2209 1857 tunt,
2244 1809 2375 1846 cum
2410 1791 2521 1863 ipsi
2552 1790 2789 1846 vulnera
2848 1790 3146 1845 habeant?
3191 1789 3297 1855 Qui
3347 1786 3700 1844 offendicula

302 1880 664 1960 φλώττοντες,
694 1878 784 1936 καὶ
812 1881 880 1936 τὰ
909 1883 1089 1959 κάρφη
1135 1882 1519 1958 προφέροντες,
1554 1883 1585 1936 ἃ
1618 1883 1755 1955 μήτε
1787 1882 1950 1936 λυπεῖ

2070 1888 2260 1936 nostra
2290 1882 2608 1953 exagitant,
2643 1896 2773 1933 cum
2810 1879 3057 1950 turpiter
3116 1878 3228 1947 ipsi
3279 1874 3710 1948 prolabantur?

303 1970 423 2026 λίαν
494 1970 798 2047 έγκείμενα,
860 1972 998 2043 μήτε
1053 1968 1296 2046 χαλεπὸν
1358 1971 1816 2039 ἀποσκευασθῆναι
1856 1970 1945 2025 καὶ

300 2059 717 2135 ἀποφυσηθῆναι
744 2065 812 2128 τῆ
824 2081 847 2121 ς
878 2053 1076 2133 ὅψεως.

1980 1931 2027 1997 Β

2060 1971 2165 2035 Qui
2202 1970 2446 2024 maculis
2480 1970 2693 2023 nostris
2735 1969 3015 2037 gaudent,
3077 1983 3211 2021 cum
3273 1965 3385 2037 ipsi
3438 1966 3495 2020 in
3554 1981 3715 2021 emno

2057 2059 2430 2113 volutentur?
2463 2057 2568 2125 Qui
2604 2060 2851 2112 festucas
2886 2056 3055 2111 nobis
3089 2056 3394 2124 objiciunt,
3428 2071 3570 2127 quae
3611 2070 3720 2110 nec

300 2149 625 2206 insidentes
657 2166 937 2222 magnum
971 2150 1230 2206 dolorem
1265 2150 1537 2218 afferunt,
1572 2154 1628 2206 et
1658 2149 1826 2205 facile
1856 2148 2065 2221 depelli
2099 2154 2272 2219 atque
2316 2147 2499 2203 efﬂari
2533 2149 2602 2203 ab
2634 2146 2818 2202 oculis
2851 2149 3117 2218 possunt,
3154 2161 3287 2199 cum
3328 2144 3563 2200 interim
3593 2144 3713 2217 ipsi

312 2237 567 2294 trabium
599 2237 753 2293 mole
784 2237 1048 2310 Oppressi
1078 2237 1334 2309 caligent
1356 2236 1442 2291 9°?

384 2330 453 2381 I".
488 2328 653 2399 Δεῦρο
698 2323 992 2399 μετάσχετε
1040 2328 1147 2379 τῶν
1208 2323 1536 2401 ἀπορῥητων
1591 2329 1698 2379 τῶν
1757 2322 1954 2397 ἡμετέ-

314 2430 456 2489 ρων·
490 2410 763 2484 καλοῦμεν
816 2412 956 2485 ὗμᾶς
1007 2412 1083 2474 είς
1130 2413 1193 2467 τὸ
1243 2410 1541 2488 συνέδριον,
1573 2413 1661 2467 καὶ
1694 2412 1954 2486 μισούμε-

314 2522 436 2555 νοι·
496 2501 763 2576 χρώμεθα
820 2497 1124 2570 διαιτηταῖς
1178 2506 1295 2563 τοῖς
1343 2501 1582 2577 ἐχθροῖς,
1633 2498 1701 2573 (ὣ
1729 2504 1829 2571 τῆς
1862 2501 1955 2557 αὖ·

308 2586 541 2657 θαδείας,
572 2589 607 2658 ἢ
641 2596 742 2659 τῆς
772 2588 1072 2666 παρῥησίας
1113 2592 1157 2662 ί)
1180 2588 1253 2644 ’ίν’
1284 2590 1556 2661 ἀπέλθητε
1603 2589 1954 2666 ᾐσχυμμένοι

314 2675 405 2733 καί
434 2676 755 2751 ἡττημένοι,
789 2676 863 2751 (τί
898 2677 1105 2733 τούτων
1136 2682 1249 2752 (78)
1308 2676 1734 2754 παραδοξότερον
1762 2684 1800 2749 ;)
1862 2699 1959 2752 μαι

310 2766 490 2828 θόντες
546 2767 707 2839 ἡμῶν
754 2767 851 2835 τήν
905 2766 1107 2842 ὑγίειαν
1158 2767 1206 2841 ἐξ
1259 2769 1331 2822 ὧν
1383 2767 1833 2844 ἠρῤωστήσαμεν.
1884 2766 1956 2821 Οῦ

314 2854 417 2930 γὰρ
444 2852 566 2930 περὶ
620 2853 875 2925 θεότητος
926 2852 1315 2931 διηνέχθημεν,
1364 2853 1489 2911 ἀλλ’
1552 2856 1682 2931 ὑπὲρ
1717 2855 1956 2927 εὐταξίας

316 2940 699 3017 ἠγωνισάμεθα
723 2964 735 2976 ·
798 2940 914 2998 οὐδ’
972 2944 1233 3020 ὁποτέραν
1293 2941 1374 2999 δεῖ
1415 2949 1521 2999 τῶν
1555 2939 1809 3000 ἀσεϐειῶν
1846 2948 1959 3019 (79)

314 3030 525 3086 ἑλέσθαι
563 3029 775 3105 μᾶλλον
809 3028 1325 3110 ἠμφισϐητήσαμεν,
1374 3032 1479 3087 εἷίτε
1525 3033 1625 3101 τὴν
1675 3038 1959 3110 συναιροῦ-

313 3141 405 3174 σαδ
439 3120 587 3191 Θεὸν,
636 3120 671 3189 ἢ
718 3122 818 3190 τὴν
867 3119 1191 3194 τέμνουσαν,
1242 3119 1346 3177 εἷ’τε
1376 3124 1489 3195 (80)
1522 3122 1583 3177 τὸ
1616 3127 1833 3196 Πνεῦμα
1866 3122 1962 3196 μό-

311 3230 401 3263 νον
459 3208 567 3263 ἀπὸ
618 3216 718 3279 τῆς
767 3211 952 3280 θεῖκῆς
998 3210 1206 3281 οῦσίας,
1256 3208 1362 3265 εἶ’τε
1406 3210 1495 3264 καὶ
1546 3213 1658 3284 (81)
1704 3212 1795 3267 τὸν
1836 3212 1958 3267 Υἱὸν

312 3297 449 3372 πρὸς
496 3302 574 3369 τῷ
627 3296 921 3371 Πνεῦματι,
970 3300 1069 3368 τὴν
1122 3298 1246 3372 μίαν
1293 3304 1508 3375 μοῖραν,
1539 3300 1573 3369 ἢ
1605 3300 1701 3361 τὰς
1734 3297 1828 3355 δύο
1862 3306 1961 3369 τῆς

2138 2326 2233 2380 lIl.
2270 2325 2434 2396 Agite
2479 2324 2677 2395 igitur,
2737 2326 2922 2377 estote
2977 2338 3322 2376 arcanorum
3373 2325 3710 2376 nostrorum

2065 2415 2419 2486 participes;
2452 2414 2521 2467 ad
2553 2412 2862 2467 concilium
2899 2428 3021 2479 vos,
3082 2410 3259 2465 etiam
3302 2410 3481 2479 exosi,
3537 2426 3710 2464 voca-

2067 2521 2238 2569 mus;
2272 2503 2505 2557 arbitris
2536 2502 2808 2557 hostibus
2839 2500 3079 2565 utimur,
3112 2500 3166 2569 (ο
3200 2498 3492 2570 insignem
3555 2514 3714 2554 arro-

2067 2592 2347 2664 gantiam,
2380 2591 2465 2646 vel
2499 2591 2692 2662 potius
2741 2589 3013 2644 ﬁduciam
3042 2588 3078 2658 l)
3132 2594 3195 2642 ut
3252 2588 3469 2658 pudore
3500 2586 3715 2643 suffusi

2064 2681 2319 2751 victique
2352 2679 2653 2746 recedatis,
2688 2678 2825 2750 (quo
2858 2678 2999 2749 quid
3034 2676 3224 2748 magis
3260 2691 3476 2731 novum
3513 2692 3577 2729 ac
3610 2674 3719 2729 mi-

2068 2788 2194 2823 rum
2230 2769 2366 2841 fingi
2401 2768 2658 2840 potest?)
2702 2767 2935 2838 cognita
2984 2766 3294 2833 nimirum,
3350 2780 3418 2819 ex
3469 2779 3533 2818 eo
3583 2763 3713 2835 ipso

2070 2859 2220 2929 quod
2256 2857 2685 2929 aegrotavimus,
2720 2862 2919 2910 nostra
2950 2854 3218 2910 sanitate.
3253 2853 3377 2908 Non
3436 2853 3591 2908 enim
3641 2852 3714 2907 de

2071 2946 2702 3015 deitatedissensimus,
2728 2946 2827 2999 sed
2851 2943 3072 2999 ordinis
3097 2960 3162 2998 ac
3187 2941 3511 3012 disciplina:
3535 2958 3713 2997 causa

2071 3034 2419 3091 certavimus
2446 3054 2457 3102 ;
2493 3052 2597 3089 nec
2630 3035 2700 3089 de
2731 3050 2795 3088 eo
2828 3034 2982 3086 inter
3013 3049 3117 3086 nos
3147 3032 3442 3085 contentio
3469 3030 3714 3101 exstitit,

2074 3128 2202 3179 utra
2234 3124 2507 3194 impietas
2540 3123 2733 3193 potius
2794 3122 2938 3177 427
3007 3119 3274 3191 eligenda
3330 3124 3503 3185 esset,
3554 3134 3718 3186 eane,

2072 3230 2200 3285 quae
2232 3213 2413 3267 Deum
2458 3211 2773 3276 contrahit,
2819 3228 2891 3265 an
2954 3209 3046 3262 illa
3105 3225 3232 3280 quae
3288 3206 3377 3262 vel
3436 3208 3721 3278 Spiritum

2073 3306 2341 3356 sanctum
2377 3301 2676 3367 duntaxat,
2708 3298 2796 3353 vel
2832 3297 3044 3353 Filium
3080 3311 3314 3369 quoque
3348 3294 3544 3366 ipsum
3603 3312 3724 3352 una

312 3379 570 3472 ἀσεϐείας.
618 3388 793 3439 Ταῦτα
838 3386 960 3462 γὰρ,
1012 3385 1085 3449 ὡς
1133 3386 1184 3441 ἰν
1232 3390 1344 3461 (82)
1397 3386 1676 3472 κεφαλαίῳ
1738 3387 1952 3463 περιλα-

2072 3407 2205 3444 cum
2236 3389 2459 3461 Spiritu
2482 3406 2515 3443 a
2542 3388 2735 3442 divina
2758 3386 3013 3443 essentia
3035 3384 3309 3441 distrahit
3333 3402 3345 3439 :
3373 3384 3719 3451 alterumue,

312 3468 447 3543 ϐεῖν,
497 3473 564 3528 τὰ
605 3477 693 3527 νῦν
738 3473 1174 3549 ἀρῥωστήματα·
1232 3473 1418 3546 ἐπειδή
1466 3471 1748 3539 ἀναϐάσεις
1806 3477 1857 3532 ἐν
1888 3476 1956 3552 τῇ

310 3559 505 3635 καρδίᾳ
558 3561 791 3626 τίθενται
848 3565 983 3636 (83),
1042 3562 1149 3640 οὐχ
1210 3564 1527 3641 δμολογίας,
1601 3564 1727 3621 ἀλλ’
1800 3565 1965 3641 ἀρνή·

313 3671 446 3712 σεως
478 3650 587 3721 (84)
621 3670 631 3681 ·
670 3649 795 3705 οὐδὲ
824 3650 1132 3726 θεολογίας,
1159 3651 1305 3707 ἀλλά
1340 3652 1711 3731 βλασφημίας,
1749 3654 1961 3717 ’Λλλος

307 3740 408 3814 γὰρ
440 3736 614 3794 ἄλλου
644 3735 1065 3815 φιλοτιμότερος
1096 3740 1146 3794 ἐν
1176 3746 1255 3813 τῷ
1282 3740 1509 3814 πλούτῳ
1546 3748 1647 3811 τῆς
1695 3740 1960 3810 ἀσεϐείας,

310 3825 490 3903 ὣσπερ
542 3824 866 3899 δεδοικότες,
921 3827 982 3883 οὐ
1020 3830 1083 3884 τὸ
1113 3824 1344 3902 ἀσεϐεῖν,
1378 3828 1524 3885 ἀλλὰ
1554 3831 1616 3884 τὸ
1651 3828 1844 3906 μέτρια
1870 3830 1960 3885 καὶ

309 3914 502 3987 ἑτέρων
532 3912 1036 3993 φιλανθρωπότερα.

2069 3480 2331 3550 inquam,
2367 3495 2439 3532 an
2474 3473 3123 3547 utramqueimpictatis
3156 3478 3380 3544 partem
3408 3471 3720 3544 amplecte-

2077 3584 2289 3624 remur.
2330 3566 2394 3621 Hi
2426 3568 2603 3632 enim,
2638 3570 2700 3620 ut
2732 3566 2787 3618 in
2812 3581 3020 3636 genere
3051 3564 3265 3632 dicam,
3287 3562 3534 3633 hujusce
3569 3566 3718 3618 tem-

2076 3656 2315 3727 pestatis
2351 3656 2534 3709 morbi
2569 3660 2746 3720 sunt;
2780 3670 2912 3708 cum
2964 3652 3200 3723 quidam
3261 3652 3381 3705 sint
3427 3650 3720 3720 homines,

2075 3746 2171 3816 qui
2208 3744 2578 3799 ascensiones
2613 3744 2666 3796 in
2703 3743 2873 3796 corde
2932 3758 3036 3795 suo
3095 3745 3319 3811 ponunt
3341 3740 3383 3805 2,
3416 3755 3531 3792 non
3590 3754 3725 3792 con-

2072 3833 2368 3895 fessionis,
2414 3832 2512 3885 sed
2572 3828 2989 3899 abjurationis:
3056 3845 3165 3881 non
3227 3824 3562 3896 theologia,
3617 3825 3721 3881 sed

2072 3920 2469 3991 blasphemiae.
2504 3918 2666 3973 Alius
2697 3917 2850 3971 enim
2882 3916 2993 3971 alio
3025 3917 3082 3970 in
3137 3914 3460 3986 impietatis
3509 3913 3726 3984 Opibus
3828 3904 3843 3913 ’

308 4003 606 4061 liberalior
634 4021 701 4062 ac
731 4007 1024 4078 profusior
1051 4012 1158 4076 est,
1194 4008 1435 4080 perinde
1468 4013 1642 4081 atque
1672 4027 1784 4065 non
1816 4010 1874 4065 id
1909 4013 2193 4077 metuant,
2231 4025 2299 4064 ne
2346 4008 2543 4080 impiis
2573 4006 2868 4062 erroribus
2898 4022 3026 4061 sese
3056 4005 3479 4074 constringant,
3514 4003 3613 4059 sed
3648 4017 3721 4059 ne

308 4093 419 4150 hac
449 4094 509 4150 in
543 4110 603 4150 re
632 4096 1049 4153 moderatiores
1082 4102 1253 4170 atque
1284 4096 1659 4154 humaniores
1690 4099 1828 4166 sint,
1863 4116 2039 4173 quam
2072 4100 2279 4153 cmteri.

382 4182 453 4237 A'.
483 4181 671 4255 Ἡμεῖς
704 4179 751 4236 δ’
783 4183 892 4259 οὐχ
920 4183 1116 4246 οὕτως.
1165 4182 1322 4241 Ἀλλ’
1370 4184 1502 4261 ὑπὲρ
1556 4187 1648 4259 μὶν
1699 4187 1955 4258 θεότητος

305 4272 718 4348 συμφρονοῦμέν
749 4292 809 4326 τε
836 4272 925 4327 καὶ
959 4267 1350 4347 συμϐαίνομεν,
1385 4274 1490 4351 οὐχ
1535 4278 1696 4344 ἧττον
1743 4277 1777 4345 ἢ
1821 4275 1956 4350 πρὸς

306 4358 497 4427 ἑαυτὴν
543 4361 579 4429 ἡ
629 4359 843 4433 θεότης,
891 4360 935 4415 εἰ
990 4362 1066 4433 μή
1096 4362 1236 4437 μέγα
1262 4366 1424 4417 τοῦτο
1458 4362 1647 4434 εἷπεῖν,
1676 4364 1764 4419 καὶ
1798 4364 1954 4441 γεγό-

302 4468 470 4520 ναμεν
519 4447 712 4524 χεῖλος
760 4445 817 4503 ἓν
870 4448 958 4505 καὶ
1007 4452 1159 4527 φωνή
1219 4450 1336 4523 μία,
1386 4450 1667 4522 έναντίως,
1701 4454 1735 4523 ἢ
1784 4454 1835 4507 oi
1859 4453 1949 4508 τὸν

2140 4187 2228 4244 lV.
2267 4188 2471 4243 Nostra
2514 4190 2708 4241 autem
2768 4201 2882 4239 non
2941 4183 3142 4238 eadem
3200 4185 3287 4235 est
3345 4179 3512 4237 ratio.
3561 4181 3709 4239 Nam

2066 4276 2220 4347 quod
2256 4276 2321 4329 ad
2358 4274 2718 4328 divinitatem
2754 4272 2983 4341 attinet,
3018 4287 3131 4325 non
3158 4268 3354 4324 minus
3380 4286 3555 4341 quam
3582 4269 3712 4341 ipsa

2064 4381 2261 4419 secum
2299 4363 2592 4428 divinitas,
2628 4362 2740 4416 nisi
2776 4377 3055 4433 magnum
3090 4359 3201 4413 hoc
3225 4358 3384 4413 dictu
3428 4358 3527 4424 sit,
3559 4359 3715 4415 inter

2063 4469 2167 4507 nos
2201 4451 2603 4507 consentimus
2636 4455 2809 4521 atque
2852 4448 3307 4513 concordamus;
3366 4445 3713 4518 labiumque

303 4520 952 4613 πύργονοίκοδομοῦντες
1008 4520 1071 4594 τὸ
1120 4520 1405 4615 πρότερον.
1455 4541 1518 4594 Oi
1574 4520 1668 4614 μὶν
1720 4520 1822 4617 γὰρ
1863 4540 1950 4597 ἐπὶ

2070 4556 2245 4595 unum
2279 4544 2333 4594 et
2362 4556 2469 4593 vox
2500 4555 2617 4592 una
2656 4520 2865 4592 sumus
2888 4538 2931 4605 ²,
2989 4540 3191 4590 contra
3222 4540 3420 4589 tamen
3444 4539 3617 4606 atque
3649 4534 3711 4600 ii,

302 4628 455 4697 κακῷ
511 4624 905 4702 συνεφρόνουν·
956 4629 1092 4700 ἡμῖν
1144 4624 1202 4681 δὶ
1254 4627 1340 4682 ἐπὶ
1394 4629 1551 4684 παττὶ
1596 4628 1861 4705 βελτίστῳ
1892 4630 1957 4684 τὰ

302 4719 405 4782 τῆς
437 4712 720 4786 ὁμονοίας,
746 4711 818 4768 ἵν’
850 4713 1197 4790 ὁμόθυμαδὸν
1227 4715 1279 4772 ἐν
1323 4716 1399 4772 ἑνὶ
1439 4717 1666 4791 στόματι
1717 4716 1955 4788 δοξάζω-

307 4822 404 4875 μεν
434 4800 526 4857 τὸν
562 4804 793 4879 Πατέρα,
847 4804 937 4859 καὶ
984 4806 1074 4859 τὸν
1125 4806 1271 4874 Υἱὸν,
1321 4805 1411 4861 καὶ
1440 4808 1503 4861 τὸ
1534 4804 1683 4883 ἅγιον
1715 4811 1951 4881 Πνεῦμα,

302 4890 395 4945 καὶ
423 4896 584 4946 τοῦτο
645 4890 876 4967 λέγηται
923 4894 1046 4969 περὶ
1095 4896 1276 4968 ἡμῶν,
1326 4894 1409 4950 ὅτι
1460 4891 1631 4959 ὅντως
1663 4895 1691 4951 ὁ
1741 4898 1867 4959 Θεὸς
1899 4895 1952 4951 έν

299 4981 441 5052 ἡμῖν
473 4978 637 5049 ἔστιν,
670 4981 697 5035 ὅ
725 4980 852 5044 τοὺς
875 4983 1123 5045 ὶνοῦντας
1153 4982 1309 5038 αὐτὸν
1352 4986 1460 5057 (85)
1516 4982 1669 5057 ἑνῶν,
1718 4985 1809 5040 καὶ
1868 4982 1956 5040 δο-

374 5079 420 5114 ⁶⁹
448 5080 652 5135 Matth.
684 5097 785 5145 vn,
818 5082 869 5135 4.
949 5085 966 5119 ί
1003 5082 1151 5138 Psal.
1186 5100 1422 5149 Lxxxm,
1444 5085 1497 5137 6.
1576 5085 1597 5119 ³
1628 5084 1768 5141 Gen.
1802 5102 1881 5154 x1,
1915 5086 1965 5139 1.

373 5176 491 5252 (76)
517 5176 593 5229 Τὰ
638 5181 744 5252 τῷν
789 5178 1025 5252 πλησίον
1054 5178 1357 5252 τραύματα.
1392 5180 1663 5252 Elias,_'ta‘t
1691 5184 1797 5235 τῶν
1850 5177 1953 5234 ἀλ-

299 5243 537 5327 λοτρίων
572 5249 859 5319 πτώματα.
888 5243 1098 5307 Plures.
1119 5243 1285 5307 codd.
1320 5268 1422 5323 pro
1445 5243 1729 5327 τραῦματα
1752 5253 1955 5325 legunt

298 5317 637 5389 πταίσματα.

396 5391 487 5467 77)
521 5391 661 5444 Κατὰ
687 5391 787 5467 τὴν
819 5390 1150 5467 παραιμίαν.
1173 5415 1201 5442 ‹‹
1238 5392 1309 5448 Ut
1337 5396 1427 5467 est
1468 5394 1538 5467 ἱῐιΔ
1572 5393 1952 5467 proverbio.»

300 5464 695 5543 LUsurpatur
734 5465 860 5543 Ι]οο⁸
891 5464 1284 5543 proverbium,
1314 5486 1336 5515 ι
1373 5464 1793 5543 inquitJElias,
1824 5487 1852 5514 »
1877 5466 1954 5543 de

294 5531 419 5586 illis
440 5531 540 5603 qui
573 5535 707 5607 inde
736 5531 977 5607 capiunt
1002 5536 1336 5604 utilitatem,
1360 5531 1514 5592 unde
1542 5535 1770 5592 utilitas
1792 5536 1955 5593 nulla

294 5604 767 5727 exspectabatur.
794 5604 822 5656 »ἱ

297 5762 328 5765 Δ
343 5673 399 5765 Α(
414 5675 488 5765 8)
525 5673 587 5729 Τί
632 5695 822 5732 τουτωι

294 5673 587 5805 τοὲζῗζΐί
632 5674 859 5733 τούτων.
921 5677 1061 5751 Reg.
1118 5678 1242 5745 bm,
1298 5681 1420 5737 tres
1472 5677 1657 5747 Colb.,
1705 5679 1849 5750 Jes.,
1896 5676 1951 5732 τί

2067 4629 2165 4702 qui
2197 4629 2407 4683 turrim
2440 4626 2578 4682 olim
2610 4628 3007 4682 exstruebant.
3040 4623 3122 4679 Illi
3159 4623 3315 4677 enim
3367 4622 3427 4677 in
3488 4621 3712 4679 malum

2067 4716 2502 4788 conspirabant,
2538 4732 2644 4770 nos
2677 4719 2870 4769 autem
2904 4714 2974 4767 ob
3008 4710 3403 4783 pulcherrima
3460 4726 3714 4783 qumque

2066 4805 2438 4861 concordiam
2471 4804 2742 4870 colimus,
2776 4808 2839 4857 ut
2870 4800 3180 4856 unanimes
3229 4804 3401 4870 atque
3445 4816 3562 4856 uno
3610 4815 3711 4857 ore

2066 4895 2316 4958 Patrem,
2348 4898 2404 4948 et
2437 4892 2667 4957 Filium,
2699 4897 2751 4947 et
2781 4890 3062 4963 Spiritum
3096 4894 3367 4945 sanctum
3420 4888 3708 4960 glorifice-

2068 5001 2219 5052 mus,
2268 4983 2444 5054 idque
2467 4982 2539 5037 de
2569 4981 2736 5036 nobis
2769 4980 3134 5053 praedicetur,
3166 4979 3321 5050 quod
3350 4993 3484 5033 vere
3509 4976 3569 5033 in
3607 4994 3711 5035 no-

2136 5178 2245 5250 (79)
2419 5168 2697 5250 ἀσεϐειῶν.
2733 5175 3067 5250 Οιοῐιηπήν
3099 5166 3364 5250 ἀσέϐςαν.

2134 5243 2241 5319 (80)
2274 5247 2515 5319 "Huc-qv
2543 5246 2871 5319 τὲμνουσαν,
2916 5243 3040 5319 εἴτε,
3089 5251 3197 5301 etc.
3234 5244 3433 5319 Plures
3483 5244 3709 5299 codices

2062 5312 2299 5389 habent,
2324 5312 2761 5389 εἴτετέμνουσαν
2789 5318 2878 5371 καὶ
2909 5312 3223 5388 τέμνουσαν,
3260 5312 3384 5385 sifts,
3411 5320 3527 5389 etc.

2134 5392 2242 5464 (81)
2273 5383 2399 5464 Ei're
2427 5383 2538 5445 καίξ
2572 5391 2667 5464 Sic
2699 5391 2896 5464 plures
2926 5383 3092 5445 codd.
3127 5383 3302 5464 Deest
3332 5383 3420 5439 καί
3450 5387 3510 5440 in
3542 5383 3633 5439 ed.

2134 5408 2242 5464 (δι)
2277 5408 2399 5443 mre
2427 5408 2536 5445 και.
2572 5408 2667 5445 διο
2699 5408 2896 5517 ἮΠΓΘΒ
2926 5408 3092 5445 οοαο.
3127 5408 3302 5443 υοοει

2132 5466 2239 5535 (8ζ)
2415 5462 2673 5535 Deestiu
2759 5479 2847 5535 eg.
2884 5463 3003 5535 bm,
3031 5465 3093 5535 et
3126 5460 3221 5515 0r.
3258 5459 3307 5513 1.

2132 5529 2244 5603 (83)
2275 5530 2541 5588 Τίθενται.
2577 5529 2852 5599 Μοηῐειοῖ,
2900 5529 3246 5603 διατίθενται.

2274 5603 2605 5678 ξΔρνήσεως.
2632 5604 2813 5678 βοῑΒΙ.
2848 5604 2899 5673 1,
2933 5600 3203 5678 ἄρνησις..

2151 5664 2242 5736 85)
2274 5664 2771 5736 Ἐὖοῦνταςναὺτόψ
2804 5664 2978 5731 Deest.
2998 5664 3156 5727 αῦτον
3189 5670 3247 5723 in
3281 5664 3585 5726 nonnullis
3613 5685 3706 5730 co-

2057 5738 2310 5807 dicibus.
2333 5747 2508 5805 Coisl.
2546 5748 2568 5801 1
2602 5747 2801 5818 habet,
2833 5744 3110 5805 αἰνοῦντας
3140 5738 3324 5795 αἰνῶν.

3704 5964 3851 6077 1"
