4124 6214
460 424 613 486 1155

1698 418 1761 477 S.
1812 420 1853 477 G
1868 416 2182 478 REGORII
2227 413 2622 479 THEOLOGI

3712 420 3882 481 U56

460 560 549 615 his
581 560 657 614 sit
689 564 836 629 Deus
858 558 898 624 ⁵,
931 571 1028 611 cos
1060 573 1092 610 ιι
1124 557 1339 629 quibus
1370 555 1589 619 unitur,
1624 554 1854 618 nniens,
1887 558 1942 607 et
1978 568 2096 615 eos,

2215 550 2380 621 ξάζων
2415 550 2540 611 τοὺς
2574 549 2913 619 δοξάζονταςο
2946 552 3034 606 xui
3092 552 3167 624 μὴ
3221 546 3444 628 λέγηται
3497 550 3685 625 μόνον,
3721 554 3881 608 ἀλλά

459 667 493 705 a
520 621 734 720 quibu’s
767 621 952 718 gloria
984 621 1257 709 afﬁcitur,
1291 644 1475 716 gloria
1522 642 1781 698 afﬁciens
1804 659 1816 709 ;
1838 657 1941 696 nec
1973 648 2096 696 tan-

458 742 583 793 tum
615 736 984 808 praedicetur,
1018 735 1117 789 sed
1151 734 1323 789 etiam
1358 734 1650 788 credatur.
1711 730 1924 785 Verum
1967 730 2097 786 aliis

457 827 527 881 de
558 827 733 880 rebus
763 824 1057 881 contentio
1086 823 1239 878 inter
1269 840 1374 876 nos
1407 822 1515 876 fuit
1541 838 1553 876 :
1613 819 1764 874 male
1812 820 1988 874 etiam
2039 818 2097 872 id

456 914 715 986 quidem,
751 930 865 967 non
897 913 1053 968 enim
1115 912 1417 966 inﬁciabor
1466 917 1594 978 (nec
1653 910 1808 963 enim
1868 907 2098 962 diabolo

457 1004 680 1059 aditum
719 1002 904 1057 ullum
936 1006 1036 1056 aut
1066 1018 1295 1070 ansam,
1330 1016 1434 1055 nec
1463 997 1747 1069 improbis
1773 997 1992 1069 linguis
2034 996 2097 1049 li-

454 1094 708 1148 centiam
730 1091 857 1146 dari
878 1089 1185 1161 oportuit);
1215 1106 1326 1144 non
1351 1094 1551 1143 tamen
1585 1091 1997 1158 tanta,quanta
2024 1083 2098 1139 iis

455 1182 705 1246 videtur,
737 1181 836 1251 qui
872 1196 963 1234 res
995 1184 1225 1232 nostras
1258 1194 1358 1249 per
1386 1176 1747 1231 calumniam
1806 1174 2098 1229 insectan-

454 1276 569 1326 tur.
598 1270 743 1327 Nam
764 1285 897 1323 cum
922 1267 1045 1321 ﬁeri
1065 1284 1175 1321 non
1202 1272 1417 1337 posset,
1442 1265 1580 1336 quin
1630 1264 1854 1336 aliquid
1898 1278 2097 1334 pecca-

455 1376 674 1426 remus,
710 1362 773 1412 ut
816 1356 1105 1421 homines,
1167 1359 1433 1410 nostrum
1492 1354 1598 1408 hoc
1651 1360 1906 1409 erratum
1966 1353 2096 1419 fuit,

456 1448 611 1519 quod
644 1445 824 1500 nimio
858 1444 1107 1516 pastoris
1139 1460 1332 1498 amore
1364 1442 1552 1498 aﬂ'ecti
1584 1458 1815 1509 sumus,
1878 1458 1981 1497 nec
2031 1458 2101 1498 ex

454 1536 685 1591 duobus
716 1533 966 1599 eximiis,
997 1536 1128 1587 uter
1148 1531 1333 1603 magis
1357 1532 1713 1601 expetendus
1736 1534 1915 1598 esset,
1937 1547 2098 1601 repe-

454 1626 569 1679 rire
600 1624 923 1696 potuimus,
960 1621 1345 1693 quoadusque
1374 1619 1432 1673 in
1466 1619 1575 1675 hoc
1605 1619 2004 1685 convenimus,
2038 1625 2102 1674 ut

456 1718 771 1782 utrumque
804 1711 926 1782 pari
959 1710 1017 1764 in
1049 1709 1223 1763 laude
1244 1713 1300 1763 et
1321 1706 1707 1762 admiratione
1727 1724 2096 1779 poneremus.

455 1801 571 1856 Hoc
605 1807 867 1856 nostrum
902 1799 1123 1853 crimen
1156 1802 1262 1852 est.
1297 1798 1415 1851 Hoc
1459 1797 1714 1863 nomine,
1777 1796 1876 1867 qui
1926 1795 2096 1863 volet,

457 1908 562 1945 nos
595 1889 962 1956 condemnet,
1017 1891 1118 1942 aut
1172 1886 1455 1941 absolvat.
1516 1885 1633 1939 Hoc
1692 1884 2093 1939 haereticorum

456 1978 833 2049 przesidiuum
869 1982 977 2031 est.
1012 1979 1252 2045 Propter
1281 1974 1388 2028 hoc
1422 1972 1563 2027 nihil
1589 1972 1839 2038 habetis,
1864 1973 2092 2029 etiamsi

457 2067 707 2123 maxime
737 2066 1005 2137 cupiatis.
1043 2066 1253 2129 Musca,
1288 2062 1477 2133 inquit
1510 2062 1625 2131 ille,
1684 2078 1810 2116 cum
1871 2065 1929 2116 in
1976 2062 2101 2117 oleo

452 2159 777 2212 moriuntur
805 2172 868 2209 ac
893 2162 1227 2225 putrescunt,
1261 2154 1433 2223 ipsius
1470 2153 1798 2206 suavitatem
1852 2168 2101 2206 corrum-

2207 639 2294 694 xui
2348 639 2687 709 πιστεύηται.
2721 638 2902 695 Ἀλλα
2951 639 3006 695 δὲ
3059 641 3199 696 ἐστιν
3254 643 3384 718 ὑπὲρ
3439 645 3512 697 ὧν
3568 642 3883 719 διηνέχθη-

2212 748 2326 799 μεν·
2377 732 2555 790 κακῶς
2606 729 2697 800 μὲν
2753 729 2840 782 καὶ
2906 729 3029 805 περὶ
3077 728 3308 800 τούτων,
3367 731 3427 785 οὐ
3475 732 3575 806 γὰρ
3628 732 3877 806 ἀρνήσο-

2213 838 2305 888 μαι
2338 815 2531 892 (ἐχρῆν
2560 818 2662 893 γὰρ
2699 814 2969 890 μηδεμίαν
3004 816 3207 873 διδόναι
3238 820 3317 892 τῷ
3346 825 3573 891 πονηρῷ
3622 818 3879 892 πάροδον

2206 907 2241 974 ἢ
2276 900 2450 973 λαϐὴν
2490 909 2623 977 (86),
2662 904 2801 978 μηδὲ
2848 912 2966 968 ταῖς
3018 913 3281 982 πονηραῖς
3327 908 3600 983 γλώσσαις
3654 909 3879 963 ἐλευθε-

2209 994 2369 1069 ρίαν),
2401 994 2547 1062 πλήν
2584 994 2645 1048 οὐ
2678 1000 2958 1066 τοσοῦτον,
2991 995 3118 1050 ὅσον
3148 994 3298 1051 δοκεῖ
3344 1003 3460 1059 τοῖς
3505 999 3571 1051 τὰ
3620 1000 3880 1071 ἡμέτερα

2210 1078 2620 1138 διαϐάλλουσιν·
2682 1083 2901 1153 Ἐπειδὴ
2980 1086 3083 1161 γὰρ
3158 1082 3263 1140 ἔδει
3322 1107 3375 1139 τι
3449 1086 3538 1141 xui
3616 1088 3880 1161 ἁμαρτά-

2207 1192 2313 1225 νειν
2354 1174 2484 1245 (87),
2536 1167 2690 1233 ὄντας
2740 1174 3076 1248 ἀνθρώπους,
3125 1174 3285 1228 τοῦτό
3336 1174 3473 1228 ἐστιν
3527 1176 3555 1229 ’ὀ
3605 1175 3881 1229 ἐπταίσα-

2211 1280 2327 1331 μεν,
2365 1258 2484 1314 λίαν
2528 1259 2917 1338 φιλοποίμενες
2949 1264 3062 1335 (88)
3094 1261 3413 1336 γεγόναμεν,
3445 1264 3531 1317 καὶ
3584 1264 3685 1318 06x
3734 1262 3877 1338 ἔχο-

2212 1368 2306 1418 μεν
2349 1346 2518 1419 εὑρεῖν
2572 1349 2781 1424 ἀγαθῶν
2829 1347 2924 1403 δύο
2971 1350 3031 1403 τό
3073 1352 3450 1427 αἱρετώτερον,
3486 1347 3589 1413 ἔως
3639 1348 3882 1421 συνέϐη-

2212 1457 2306 1508 μεν
2338 1436 2616 1514 ἀμφότερα
2654 1437 2845 1507 ἐπίσης
2886 1440 3200 1511 θαυμάζειν.
3233 1445 3402 1494 Τοῦτο
3456 1443 3615 1513 ἡμῶν
3664 1442 3727 1495 τὸ
3790 1438 3881 1515 ἔγ-

2207 1522 2418 1596 κλημα·
2454 1526 2814 1599 περὶτούτων
2860 1529 3012 1599 ἡμᾶς
3058 1528 3086 1581 6
3140 1527 3481 1603 βουλόμενος
3532 1528 3810 1583 εὐθυνίτω
3842 1532 3879 1597 ἢ

2209 1614 2432 1691 ἀφιᾶτω·
2488 1619 2648 1669 τοῦτο
2706 1620 2811 1669 τῶν
2866 1617 3151 1691 αἱρετικῶν
3198 1620 3232 1685 ἡ
3284 1616 3570 1695 ἀσφάλειαθ
3620 1618 3763 1692 ὑπὲρ
3822 1616 3883 1672 δὶ

2205 1707 2366 1756 τοῦτο
2411 1700 2589 1771 οὐδὲν,
2653 1701 2767 1758 οὐδ’
2816 1703 2875 1757 ἃν
2936 1702 3141 1781 σφόδρα
3203 1703 3495 1779 βούλησθε.
3546 1710 3715 1760 Μυῖαι
3774 1727 3881 1759 cu-

2207 1795 2455 1865 πριοῦσιν
2549 1789 2755 1859 ἔλαιον,
2833 1793 2994 1869 φησὶν
3074 1794 3101 1846 6
3180 1794 3367 1864 εἰπὼν,
3449 1793 3886 1869 ἐννεκροὺμεναί

2206 1900 2265 1933 τε
2334 1881 2423 1933 xui
2498 1880 2881 1953 ἔνσηπόμεναισ
2940 1882 3006 1935 τὰ
3070 1879 3127 1935 δὲ
3195 1881 3337 1936 καλά
3386 1884 3414 1936 6
3473 1883 3668 1957 φθόνος
3734 1884 3879 1958 βου-

2194 1968 2428 2038 λήσεται
2508 1972 2622 2042 μὲν,
2684 1969 2745 2024 οὑ
2806 1968 3087 2038 δυνήσεται
3147 1969 3225 2027 δέ.
3278 1973 3496 2025 Πάντων
3547 1974 3651 2046 γὰρ
3706 1973 3877 2047 ἰσχυ-

2212 2059 2455 2132 ρότατον,
2527 2062 2601 2122 ὡς
2695 2066 2773 2132 τῷ
2847 2059 3047 2137 ’Έσδρᾳ
3126 2061 3292 2135 κάμοὶ
3373 2061 3542 2135 δοκεῖ,
3616 2065 3653 2131 ἡ
3722 2062 3879 2133 ἀλή-

2212 2151 2347 2221 Οεια,

452 2272 589 2334 pun!
610 2264 630 2295 ‘
664 2278 677 2315 :
712 2261 859 2315 livor
887 2260 1118 2330 quidem
1151 2275 1238 2329 ea,
1271 2275 1400 2328 qua:
1434 2263 1589 2312 recta
1621 2263 1780 2327 sunt,
1814 2258 2047 2312 inﬁcere
2075 2255 2244 2327 volet,
2273 2258 2374 2311 sed
2407 2275 2519 2311 non
2557 2258 2783 2327 poterit.
2819 2258 3078 2314 Omnium
3109 2261 3307 2313 ctenim
3340 2276 3525 2314 rerum
3556 2262 3877 2328 fortissima

450 2358 529 2407 est
558 2352 772 2413 veritas,
810 2355 875 2403 ut
906 2348 1048 2403 mihi
1080 2353 1137 2403 et
1168 2347 1358 2402 Esdra:
1389 2347 1621 2401 videtur
1644 2347 1682 2402 ⁵.

524 2439 676 2496 428
707 2438 773 2493 V.
806 2438 921 2493 Nos
947 2438 1126 2509 igitur
1154 2436 1389 2507 quidem
1422 2435 1667 2490 dissidia
1698 2444 1893 2490 nostra
1943 2434 2095 2489 inter

452 2545 559 2585 nos
589 2527 1048 2598 composuimus,
1083 2542 1149 2579 ac
1178 2541 1619 2595 componemus.
1652 2524 1766 2578 Nec
1789 2524 1945 2577 enim
1970 2523 2093 2577 ﬁeri

453 2622 663 2689 potest,
696 2622 760 2669 ut
789 2614 891 2669 ﬁlii
926 2613 1268 2685 parentibus
1298 2613 1619 2683 iniquejus
1651 2615 1868 2673 dicant,
1920 2612 2095 2666 inter-

449 2706 717 2760 veniente
758 2701 1077 2775 przesertim
1109 2701 1405 2755 communi
1466 2702 1772 2767 Trinitate,
1834 2717 1935 2770 pro
1978 2716 2095 2771 qua

456 2793 605 2849 bello
636 2792 997 2864 impetimur,
1032 2795 1089 2845 et
1118 2795 1353 2861 propter
1374 2806 1548 2859 quam
1574 2788 1789 2843 bellum
1812 2788 1967 2843 haud
1994 2804 2091 2859 ge-

456 2898 671 2937 remus.
704 2882 821 2952 Ego
855 2877 1012 2950 pacis
1043 2895 1287 2948 sponsor
1319 2896 1471 2945 sum,
1513 2876 1779 2932 tantillus
1830 2876 2096 2931 videlicet

449 2975 627 3025 tantae
658 2970 761 3036 rei,
795 2969 1070 3040 quoniam
1108 2976 1256 3023 Ueus
1290 2966 1615 3021 humilibus
1644 2968 1744 3019 dat
1786 2965 2033 3037 gratiam
2051 2965 2096 3033 ⁸,

453 3059 737 3115 sublimes
767 3063 963 3113 autem
995 3072 1181 3128 usque
1211 3056 1281 3110 ad
1314 3062 1530 3111 terram
1564 3055 1894 3127 deprimiti.
1947 3053 2095 3119 Quid

449 3150 615 3203 vobis
645 3146 790 3201 illud
825 3146 1101 3218 proderit,
1125 3162 1157 3199 o
1180 3162 1522 3200 communes
1554 3146 1733 3199 nostri
1767 3145 2095 3215 paciﬁcato-

450 3237 573 3292 res?
586 3237 988 3290 Paciﬁcatores
1012 3251 1266 3305 namque
1284 3234 1630 3305 estis,idque
1643 3234 1905 3288 beneﬁcii
1924 3233 2092 3290 nobis

453 3325 619 3379 inviti
650 3324 945 3378 confertis.
970 3322 1096 3378 Non
1114 3324 1270 3377 enim
1299 3340 1395 3377 vos
1420 3329 1723 3393 propterea
1741 3324 1817 3393 pii
1844 3322 2004 3389 estis,
2037 3324 2086 3378 si

2215 3321 2325 3391 περί
2355 3342 2407 3374 τι
2441 3322 2631 3396 μικρὸν
2660 3324 2694 3390 ἣ
2752 3328 2932 3395 μεῖζον
2979 3326 3139 3395 ἡμεῖς
3178 3326 3289 3397 (93)
3317 3345 3328 3357 ·

453 3413 592 3485 quid
620 3429 726 3466 nos
747 3412 943 3481 aliqua
964 3412 1021 3464 in
1047 3428 1106 3465 re
1125 3410 1209 3465 vel
1235 3427 1410 3481 parva
1426 3410 1511 3464 vel
1537 3427 1747 3481 magna
1767 3427 2093 3481 peccemus;

450 3517 558 3556 nos
590 3499 826 3572 quidem
858 3500 931 3553 ob
961 3499 1165 3552 vitium
1200 3499 1353 3551 haud
1387 3498 1685 3565 laudandi,
1720 3499 1766 3552 si
1801 3500 1938 3569 quid
1965 3517 2093 3571 pec-

452 3605 674 3657 cemus,
705 3606 807 3643 vos
839 3593 1031 3642 autem
1058 3586 1445 3641 nihilominus
1472 3586 1633 3657 impii
1660 3586 2097 3657 estis,quamvis

454 3695 560 3733 nos
591 3692 900 3750 peccemus
931 3692 944 3739 ;
980 3674 1093 3730 nisi
1126 3674 1300 3729 etiam
1333 3690 1399 3728 eo
1433 3674 1645 3745 magis,
1681 3676 1835 3745 quod
1897 3676 2096 3731 laben-

451 3767 609 3821 tibus
642 3764 971 3820 acerbiores
1002 3762 1163 3818 estis.
1200 3765 1386 3831 Atque
1445 3768 1508 3816 ut
1560 3779 1665 3817 nos
1715 3764 1991 3818 omnibus
2037 3764 2096 3820 in

458 3856 634 3911 rebus
667 3854 977 3908 unanimes
1009 3867 1136 3907 esse
1171 3850 1561 3922 perspiciatis,
1594 3868 1661 3905 ex
1692 3868 1875 3922 eoque
1899 3869 2099 3924 perpe-

452 3950 616 3999 tuam
677 3942 851 3997 etiam
909 3942 1059 3995 hanc
1119 3940 1488 3995 concordiam
1551 3942 1668 3994 fore
1733 3941 2097 4011 intelligetis,

452 4030 687 4087 tametsi
720 4031 900 4100 hujus
931 4030 1011 4083 rei
1044 4028 1214 4083 ﬁdem
1241 4030 1387 4097 jam,
1424 4034 1486 4081 ut
1516 4028 1742 4099 opinor,
1801 4030 1963 4083 vobis
2010 4045 2098 4099 ea,

453 4138 578 4191 quas
611 4120 819 4175 videtis
851 4118 1117 4181 fecerint,
1151 4118 1367 4187 probus
1400 4116 1677 4171 nimirum
1708 4134 1773 4171 ac
1814 4116 2101 4189 benignus

455 4215 638 4279 pater,
673 4214 729 4263 et
760 4208 918 4263 ﬁlius
950 4207 1299 4277 obsequens,
1333 4222 1448 4259 una
1477 4208 1767 4273 sedentes,
1804 4211 2101 4261 mutuum-

454 4312 569 4369 qug
599 4297 711 4351 sibi
743 4296 890 4368 ipsis
920 4299 1331 4350 ornamentum
1365 4294 1711 4359 aﬁ‘erentes;
1745 4296 2096 4366 aquibus,si

454 4386 553 4457 qui
587 4386 645 4439 in
689 4384 851 4440 vobis
906 4382 1315 4439 benevolentia:
1374 4382 1808 4452 concordiaeque
1868 4384 2096 4440 fomites

2273 2439 2345 2488 E'.
2379 2434 2462 2491 Τὰ
2494 2434 2586 2506 μὶν
2618 2430 2708 2486 οὖν
2742 2435 2982 2510 ἡμέτερα
3024 2437 3187 2508 ἡμεῖς
3241 2434 3292 2489 ὲν
3346 2438 3479 2508 ἡμῖν
3529 2434 3718 2497 αὐτοῖς
3768 2436 3870 2490 καὶ

2203 2520 2589 2595 διαλελύμεθα,
2613 2523 2703 2576 καὶ
2731 2520 3114 2596 διαλυσόμεθα.
3150 2525 3221 2578 O6
3255 2527 3357 2599 γὰρ
3390 2525 3507 2579 οἷόν
3548 2545 3607 2578 τε
3657 2523 3866 2580 παῖδας

2202 2611 2429 2687 πατράσι
2485 2609 2695 2666 δικάσαι
2757 2618 2935 2673 κακῶς
2985 2616 3121 2685 (89),
3179 2612 3267 2667 καί
3337 2615 3448 2686 ἅμα
3500 2621 3602 2682 τῆς
3664 2622 3867 2683 κοινῆς

2201 2697 2427 2773 Τριάδος
2480 2702 2885 2772 μεσιτευούσης,
2921 2702 3051 2777 ὑπὲρ
3102 2705 3166 2770 ἧς
3217 2700 3632 2774 πολεμούμεθα,
3666 2704 3756 2757 xui
3792 2702 3867 2757 δι’

2202 2790 2261 2856 ἣν
2291 2788 2352 2841 οὑ
2383 2787 2792 2861 πολεμήσομεν.
2829 2791 2970 2863 Ἐγὼ
3000 2798 3100 2859 τῆς
3132 2791 3353 2861 εἰρήνης
3397 2792 3669 2867 ἐγγυητὴς
3721 2796 3865 2863 (90),

2204 2876 2232 2931 6
2268 2878 2458 2949 μικρὸς
2490 2882 2586 2931 106
2628 2878 2891 2932 τοσαῦτου
2941 2881 3288 2954 πράγματος,
3349 2878 3535 2949 ἐπειδὴ
3584 2886 3865 2943 ταπεινοῖς

2205 2962 2395 3020 δίδωσι
2450 2968 2611 3041 χάριν
2671 2968 2697 3021 ὁ
2757 2968 2970 3037 Κύριος,
3030 2976 3277 3024 ταπεινοῖ
3334 2967 3380 3023 δ’
3440 2970 3693 3043 ὑψηλοὺς
3750 2967 3863 3032 ἕως

2202 3061 2305 3130 γῆς
2345 3057 2480 3127 (91).
2511 3056 2662 3126 Ὑμῖν
2699 3054 2754 3110 δὲ
2780 3056 2832 3110 τί
2860 3062 3020 3111 10610
3067 3064 3185 3119 τοῖς
3237 3064 3441 3119 κοινοῖς
3498 3061 3660 3129 ἡμῶν
3711 3056 3864 3112 δια).-

2205 3141 2466 3210 λακταῖς;
2527 3142 2851 3199 διαλλακταὶ
2910 3146 3012 3221 γὰρ
3075 3146 3212 3213 ἐστε,
3273 3147 3361 3201 xui
3412 3147 3684 3207 ἀκουσίως

2202 3236 2362 3285 τοῦτο
2421 3232 2723 3305 χαρίζεσθε.
2785 3234 2862 3290 Οὐ
2918 3236 3020 3309 γὰρ
3075 3235 3228 3308 ὑμεῖς
3289 3231 3541 3307 εὐσεϐεῖς,
3601 3236 3646 3290 si
3700 3234 3863 3289 κτικοί

3373 3322 3498 3379 ἀλλ’
3544 3326 3713 3397 ἡμεῖς
3763 3325 3857 3397 μὲν

2204 3408 2302 3463 06x
2358 3408 2625 3463 ἑπαινετοὶ
2673 3418 2773 3479 τῆς
2820 3412 3029 3484 κακίας,
3084 3412 3231 3489 εἷ’περ
3277 3434 3329 3467 τι
3378 3413 3665 3485 πταίομεν,
3702 3412 3859 3485 ὑμεῖς

2205 3495 2264 3553 δὲ
2312 3498 2464 3552 οὐδὲν
2508 3501 2669 3567 ἧττον
2720 3494 2951 3572 ἀσεϐεῖς,
3001 3501 3098 3555 κᾶν
3150 3503 3312 3574 ἡμεῖς
3361 3502 3779 3575 ἀμαρτάνωμεν,
3813 3502 3861 3556 εἰ

2210 3588 2285 3659 μή
2317 3587 2405 3640 καὶ
2451 3585 2686 3658 μᾶλλον,
2739 3588 2849 3660 ὅσῳ
2896 3588 2984 3643 xui
3034 3589 3336 3644 πταιόντων
3380 3589 3495 3644 ἐστὶ
3547 3590 3860 3665 βαρύτεροι.

2208 3674 2308 3731 Καὶ
2334 3672 2407 3729 ’ίν’
2460 3673 2635 3744 εἰδῆτε
2692 3677 2757 3730 τὰ
2805 3678 2978 3731 πάντα
3024 3678 3467 3755 συμφρονοῦντας
3515 3681 3627 3751 (94)
3686 3681 3863 3750 ἡμᾶς,

2206 3763 2295 3817 καὶ
2330 3761 2417 3817 διὰ
2466 3764 2672 3818 τούτων
2732 3766 2815 3819 ’ὁτι
2865 3766 2953 3821 xui
3004 3766 3084 3820 ἀεὶ
3140 3769 3597 3843 συμφρονήσομεν
3655 3768 3864 3839 μάθητε

2207 3854 2427 3906 πέπεικε
2490 3854 2603 3923 μὶν,
2656 3853 2728 3913 ὡς
2778 3855 2955 3927 οἶμαι,
3006 3854 3093 3909 xui
3123 3853 3186 3909 τὸ
3222 3856 3522 3929 ὁρώμενον,
3555 3858 3744 3928 πατὴρ
3777 3856 3860 3910 εὑ-

2209 3943 2446 4016 γνώμιυν
2504 3944 2637 4014 (95),
2690 3942 2778 3995 καὶ
2828 3949 2955 4003 παῖς
3008 3944 3284 4016 εὐπειθὴς,
3316 3943 3591 4014 ἀλληλοις
3628 3948 3860 4019 συγκαθ-

2211 4030 2461 4100 εζόμενοι
2520 4032 2609 4083 καὶ
2659 4033 3105 4105 συμπρέποντες·
3158 4033 3246 4085 καὶ
3298 4030 3349 4085 εἶ’
3388 4054 3439 4085 τι
3492 4034 3745 4106 ζώπυρον
3811 4034 3860 4086 ἐν

2212 4117 2337 4188 ὑμῖν
2401 4118 2644 4192 ὑπῆρχεν
2690 4118 2897 4180 εὐνοίας
2944 4141 3000 4173 τε
3043 4120 3131 4174 καὶ
3183 4121 3503 4193 συμπνοίας,
3563 4119 3735 4175 10610
3777 4122 3866 4174 ἆν-

2211 4207 2459 4279 άψαντες,
2516 4207 2744 4261 πειθέτω
2795 4205 2851 4261 δὲ
2899 4209 2987 4262 καὶ
3040 4208 3066 4261 ὀ
3118 4206 3308 4283 λόγος.
3358 4214 3459 4262 T06
3642 4212 3739 4281 μὶν
3771 4210 3863 4263 οὖν

2206 4295 2497 4367 ἀκηκόατε,
2548 4293 2637 4349 xui
2684 4296 2748 4349 16
2798 4301 2977 4370 θαῦμα
3027 4294 3226 4373 ἕνηχον
3286 4295 3361 4353 ἔτι
3410 4300 3521 4371 (97)
3550 4304 3675 4359 ταῖς
3706 4298 3867 4371 ἐμαῖς

2207 4384 2433 4445 ἀκοαῖς·
2485 4384 2575 4437 xui
2630 4382 2730 4438 οἵδ’
2779 4385 2861 4439 ’ὀτι
2918 4392 3099 4459 μεῖζον
3151 4385 3202 4440 ἐν
3249 4387 3375 4459 ὑμῖν
3406 4390 3502 4441 106
3534 4386 3612 4448 εἷς
3644 4388 3739 4441 τὸν
3773 4388 3870 4442 it-

526 4509 548 4543 ³
578 4511 602 4562 Ι
631 4508 761 4565 Cor.
795 4525 911 4575 xw,
942 4508 1033 4563 25.
1110 4508 1131 4541 ‘
1162 4506 1346 4563 Eccle.
1377 4524 1433 4575 x,
1470 4507 1519 4561 1.
1595 4506 1617 4541 ⁵
1648 4506 1723 4562 ΙΙΙ
1753 4507 1919 4563 Esdr.
1955 4525 2029 4576 ιν,
2061 4510 2098 4564 3

2228 4512 2249 4547 ⁶
2282 4514 2401 4567 Jac.
2438 4529 2516 4578 ιν,
2545 4512 2600 4567 6.
2677 4514 2696 4546 ⁷
2728 4512 2879 4568 Psal.
2912 4498 3097 4581 dxcvx,
3125 4516 3180 4569 6.

529 4639 641 4719 (86)
696 4638 762 4691 Ἦ
831 4632 1024 4706 λαϐήν.
1093 4638 1267 4694 Deest
1329 4638 1388 4692 in
1460 4638 1729 4710 pluribus
1789 4640 1988 4712 Regg.,
2046 4645 2103 4696 et
2133 4645 2178 4709 D
2214 4637 2425 4719 δικάσαι
2458 4643 2674 4719 retulit,
2709 4661 2774 4699 ac
2806 4646 3055 4701 reddidit
3087 4663 3100 4701 :
3127 4667 3151 4698 ι
3186 4652 3248 4701 ut
3280 4652 3551 4719 parentes
3585 4646 3728 4701 filiis
3761 4647 3869 4701 ini-

457 4711 1044 4873 Ῠΐίδὲλξιλμαρτάνειν.
1101 4780 1239 4852 Reg.
1290 4779 1393 4847 hu,
1443 4786 1562 4837 tres
1611 4780 1795 4852 Colb.,
1827 4786 1883 4838 et
1920 4782 2015 4838 Or.
2050 4783 2100 4851 1,

458 4871 799 4996 “fagina
854 4919 1266 4996 φιλοποίμενες,
1297 4928 1409 4979 etc.
1441 4922 1543 4977 Hic
1589 4928 1785 4995 aperte
1832 4923 2104 4996 videntur

458 4995 810 5052 dissensisse
840 4995 1140 5062 Catholici,
1169 4996 1395 5050 diverso
1441 5000 1739 5063 pastorum
1781 4995 2015 5065 (Meletii
2046 4999 2105 5051 et

458 5068 709 5137 Paulini)
755 5067 947 5122 studio
997 5068 1243 5137 abrepti.
1278 5071 1357 5120 Ex
1404 5066 1633 5121 duobus
1685 5083 1937 5136 namque
1984 5067 2101 5122 exi-

461 5141 596 5194 miis
626 5138 959 5211 pastoribus
1008 5140 1271 5211 reperire;
1295 5155 1407 5192 non
1442 5144 1707 5211 poterant
1738 5143 1868 5211 uter
1915 5138 2105 5209 magis

461 5157 596 5194 mus
626 5157 959 5211 pastoribus
1008 5157 1067 5193 re
1114 5157 1263 5193 erire
1295 5157 1407 5192 non
1442 5157 1707 5209 ponerent
1738 5157 1868 5191 Uter
1915 5157 2102 5209 magis

459 5211 819 5284 expetendus
849 5157 1219 5284 essetLIiinde
1261 5209 1379 5284 haec
1432 5208 1815 5284 intelligenda
1838 5214 1975 5263 sunt
2005 5225 2102 5284 ge-

459 5279 704 5339 neratim
738 5282 808 5337 de
838 5281 1172 5349 Catholicis,
1204 5280 1302 5350 qui
1333 5280 1439 5335 hac
1470 5280 1540 5334 de
1571 5296 1749 5334 causa
1778 5279 2105 5335 Constanti-

458 5356 650 5427 nopoli
685 5354 1146 5427 dissentiebant;
1194 5368 1308 5408 non
1340 5367 1473 5405 vero
1505 5351 1575 5405 de
1606 5350 2003 5419 Nazianzenis,
2041 5355 2107 5407 ut

458 5425 605 5483 lalso
636 5430 801 5497 putat
814 5425 1006 5497 _Elias.

528 5487 652 5569 (89)
701 5492 912 5569 Παῖδας
958 5491 1190 5569 πατράσι
1222 5487 1459 5569 Δδικάσαι
1519 5493 1725 5569 κακῶς,
1785 5513 1814 5544 (ι
1874 5492 1946 5549 Ut
2000 5492 2104 5549 ﬁlii

501 5563 803 5624 arentibus
837 5567 1035 5638 inique
1070 5563 1420 5638 'jusgdicant.
1456 5584 1483 5613 ››
1516 5563 1608 5618 Sic
1639 5564 1827 5636 primo
1858 5570 2107 5622 verterat

501 5586 803 5624 arentibus
837 5586 1035 5638 Imque
1072 5586 1173 5636 JUS
1205 5586 1420 5618 dicunt.
1456 5586 1483 5613 ››
1516 5586 1608 5618 om
1639 5586 1827 5636 prlmo
1858 5586 2107 5622 verterat

459 5586 701 5707 ﬁillius;
757 5640 856 5695 sed
918 5642 1117 5710 postea
1174 5635 1358 5691 Eliam
1418 5640 1675 5710 secutus,
1725 5642 1847 5691 tam
1905 5644 2108 5693 contra

458 5706 773 5788 syntaxim,
807 5706 985 5787 quam
1036 5713 1240 5767 contra
1286 5723 1408 5765 rem
1444 5706 1659 5785 ipsam,
1711 5710 1785 5765 ad
1831 5715 2105 5785 parentes

2212 4731 2325 4785 que
2348 4717 2449 4784 jus
2480 4714 2695 4769 dicant.
2723 4738 2751 4764 »

2244 4787 2395 4907 {(90)
2438 4785 2763 4859 Ἐγγυητής.
2815 4787 2908 4843 Sic
2957 4803 3161 4844 omnes
3218 4789 3387 4844 codd.
3434 4792 3500 4842 In
3549 4789 3671 4859 ed.,
3706 4787 3867 4863 ἔγγυ-

2270 4876 2333 4907 .C.

2210 4876 2333 4916 της.

2253 4896 2393 5013 ςζόί)
2424 4927 2566 4988 Ἕως
2597 4929 2719 5001 γῆς.
2755 4928 2952 4985 Plures
2985 4930 3187 5002 Regg.,
3220 4930 3395 4986 Coisl.
3428 4930 3481 5001 3,
3515 4930 3613 4987 0r.
3652 4934 3704 5001 ι,
3738 4930 3865 5006 ἄχρι

2248 5018 2335 5058 ης.

2210 5018 2396 5144 γηξέξὶ)
2429 5070 2525 5144 Καὶ
2556 5066 2844 5144 ἀκουσίως.
2880 5072 3019 5144 Reg.
3051 5071 3153 5137 hu,
3186 5071 3232 5125 εἰ
3262 5069 3549 5131 ἀκουσίως.

2282 5142 2396 5211 (93)
2426 5141 2639 5216 Ἡμεῖς.
2674 5143 2767 5199 Sic
2812 5141 3017 5216 Reggi,
3047 5162 3100 5211 a,
3133 5145 3256 5211 bm,
3288 5144 3391 5214 hu,
3426 5144 3603 5201 Coisl.
3635 5147 3693 5213 2,
3724 5146 3865 5212 Jes.,

2212 5217 2320 5267 etc.
2356 5218 2418 5266 1n
2450 5214 2567 5279 ed.,
2602 5212 2774 5285 ὑμεῖς.

2284 5284 2396 5354 (94)
2466 5289 2934 5363 Σμμφρονοῦντας.
3016 5285 3155 5357 Reg.
3224 5287 3347 5357 bm,
3421 5291 3867 5363 συμφρονοῦντας,

2213 5378 2239 5404 ‹‹
2275 5356 2612 5411 concordes;
2633 5356 2667 5406 ’››

2286 5427 2613 5510 (95)llu1_+,p
2656 5424 3005 5510 εὐγνώμωνη
3046 5432 3157 5510 etc.
3203 5428 3415 5510 .Billius
3456 5446 3548 5510 :«_
3582 5431 3867 5510 candidus

2214 5504 2455 5572 pater,»
2490 5498 2598 5553 etc.
2651 5498 2899 5563 Quinam
2950 5498 3044 5554 hic
3093 5499 3500 5572 designentur,
3536 5501 3594 5556 in
3651 5502 3869 5558 Monito

2215 5568 2434 5623 dictum
2469 5574 2556 5625 est
2590 5588 2645 5624 n.
2682 5572 2734 5624 3.

2308 5642 2399 5713 96)
2430 5642 2562 5696 T06.
2598 5642 2736 5713 Reg.
2771 5642 2890 5709 bm,
2918 5644 3100 5713 10610.

2308 5646 2399 5785 96)
2430 5646 2562 5696 T06.
2598 5646 2736 5713 Heg.
2771 5646 2890 5709 bm,
2918 5646 3100 5698 10610.

2307 5712 2377 5767 97
2427 5713 2569 5771 Ἔτι.
2603 5713 2742 5788 Reg.
2774 5713 2966 5788 Cypr.,
2997 5710 3128 5771 ἐστι.
