4094 6212
364 425 517 485 H57

1477 420 1772 482 ORATIO
1814 412 2024 480 XXIII.
2052 454 2129 465 -—
2157 422 2257 482 DE
2306 422 2503 485 PACE
2547 426 2653 486 III.

3612 431 3770 492 “58

363 580 427 635 ρα
452 555 729 632 χεθίντος,
774 553 838 608 τὸ
887 550 939 607 ἐν
986 557 1104 615 ταῖς
1164 554 1368 629 ψυχαῖς
1415 552 1804 625 ἀποκείμενον·
1840 555 2000 624 ἡμῶν

2142 561 2304 623 irant,
2338 559 2679 615 exsuscitati
2711 564 2894 627 sunt;
2938 566 3136 618 tamen
3186 562 3243 617 id
3300 580 3531 635 quoque
3575 582 3767 623 sermo

358 646 416 702 δί
446 644 735 701 ἀκούσεσθε
774 640 966 707 πάλιν,
1016 641 1062 695 εὶ
1104 639 1269 695 πάλιν
1316 644 1530 697 ποθεῖτε
1555 660 1572 678 ο
1617 642 1707 695 καὶ
1740 641 1785 695 εἰ
1820 643 1895 713 μή
1926 662 2006 713 τῳ

354 737 491 811 πρὸς
522 730 794 802 ἀπόδειξιν
846 730 1004 785 ἱκανὰ
1038 731 1105 784 τὰ
1136 727 1559 803 δημοσιωθέντα
1588 728 1885 799 πολλάκις,
1915 729 2007 783 καὶ

357 826 409 879 οἱ
440 820 758 895 πειρασμοὶ,
806 819 895 874 καὶ
945 820 997 873 οἱ
1047 817 1305 890 λιθασμοὶ
1354 821 1489 892 (98),
1544 818 1636 880 οὕς
1682 840 1742 872 τε
1770 816 1877 888 ἤδη
1913 839 2007 873 πε-

356 912 655 984 πόνθαμεν,
712 909 802 963 καὶ
861 908 941 969 οἶς
985 906 1413 983 ηύτρεπίσμεθα,
1463 906 1525 962 ού
1571 908 1635 961 τὸ
1680 908 1869 961 παθεῖν
1914 912 2011 976 ζη-

365 1001 514 1076 μίαν,
558 1000 621 1053 τὸ
672 996 730 1052 δὲ
780 999 856 1070 μὴ
906 997 1093 1051 παθεῖν
1124 994 1401 1070 κρίνοντες
1426 1014 1438 1027 ·
1471 995 1559 1050 καὶ
1588 995 1835 1067 τοσούτῳ
1869 995 2010 1067 μᾶλ-

362 1089 479 1163 λον,
536 1087 649 1159 ὅσῳ
695 1091 802 1141 τῶν
874 1086 1003 1159 ὑπὲρ
1079 1087 1311 1159 Χριστοῦ
1380 1081 1644 1138 κινδύνων
1718 1084 2010 1159 γεγεύσμε-

364 1182 429 1233 θα
460 1180 595 1252 (99),
628 1177 701 1230 ὧν
733 1175 821 1229 καὶ
853 1193 1058 1245 καρπον
1087 1174 1303 1247 ἄριστον
1350 1172 1713 1249 ἠνεγκάμεθα,
1764 1174 1862 1241 τήν
1915 1176 2012 1227 τοῦ

365 1267 507 1323 λαοῦ
534 1262 693 1320 τοῦδε
724 1262 1066 1333 συναύξησιν.

2117 647 2486 715 persuadeat.
2538 648 2708 704 lllum
2751 651 2988 721 quidem
3017 652 3140 721 jam
3175 653 3470 722 audiistis,
3504 655 3769 726 meisque

2118 733 2361 789 auribus
2393 752 2732 791 sermonum
2764 737 2954 808 ipsius
2983 738 3293 795 admiratio
3322 742 3645 796 etiamnum
3678 744 3767 798 in-

2117 826 2288 876 sonat
2323 839 2336 877 :
2387 839 2492 878 nec
2525 824 2729 879 dubito
2758 827 2901 895 quin
2947 827 3143 897 majus
3192 827 3334 883 illud
3390 830 3488 896 sit,
3519 832 3672 902 quod
3710 833 3768 887 in

2119 911 2335 965 animis
2356 913 2568 967 vestris
2592 914 2955 969 reconditum
2980 921 3089 984 est,
3114 932 3291 986 quam
3317 920 3469 988 quod
3495 918 3554 973 in
3576 936 3769 976 aerem

2122 998 2319 1053 fusum
2349 1015 2361 1054 :
2395 1017 2502 1055 nos
2524 1008 2715 1057 autem
2742 1020 2949 1058 rursus
2980 1005 3254 1069 audietis,
3277 1007 3325 1060 si
3359 1024 3564 1062 rursus
3594 1025 3772 1081 expe-

2120 1086 2281 1153 titis;
2321 1093 2377 1142 et
2407 1089 2455 1143 si
2488 1090 2580 1143 cui
2614 1091 2875 1145 nondum
2910 1094 2980 1145 ad
3014 1094 3413 1162 probationem
3448 1096 3771 1168 sufﬁciunt,

2122 1191 2249 1245 qum
2286 1192 2685 1248 saepenumero
2716 1180 2947 1249 publice
2978 1182 3289 1251 praedicata
3319 1189 3479 1249 sunt,
3512 1185 3568 1239 id
3602 1188 3773 1256 perii-

2123 1265 2280 1319 ciant
2309 1267 2660 1322 tentationes
2692 1267 2804 1321 illis
2835 1284 2901 1322 ac
2933 1268 3339 1339 lapidationes,
3373 1289 3519 1342 quas
3551 1281 3608 1329 et
3646 1278 3772 1344 jam

367 1355 739 1431 pertulimus,
771 1359 828 1410 et
872 1354 1127 1425 perferre
1182 1352 1371 1424 parati
1428 1368 1657 1421 sumus,
1692 1369 1807 1407 non
1866 1352 2216 1408 detrimento
2244 1354 2525 1410 ducentes
2568 1355 2708 1426 pati,
2741 1357 2841 1411 sed
2890 1357 3085 1428 potius
3135 1375 3247 1412 non
3302 1361 3418 1431 pati
3455 1379 3468 1416 :
3502 1363 3678 1434 idque
3707 1381 3774 1420 eo

369 1446 579 1519 magis,
610 1444 765 1516 quod
798 1441 1216 1515 periculorum.
1246 1458 1373 1512 quis
1404 1457 1505 1511 pro
1535 1440 1760 1497 Christo
1792 1441 2136 1513 tolerantur,
2159 1447 2403 1514 gustum
2434 1444 2718 1515 cepimus,
2746 1461 2814 1501 ex
2841 1447 3057 1516 quibus
3087 1447 3263 1502 etiam
3295 1449 3582 1520 optimum
3615 1458 3774 1510 retu-

368 1536 547 1591 limus
578 1535 855 1597 fructum,
888 1547 1098 1603 nempe
1130 1529 1328 1601 populi
1362 1530 1537 1601 hujus
1566 1531 2015 1587 incrementum.

440 1622 501 1690 ζ’.
558 1618 620 1674 Τί
678 1619 769 1672 οὗν
833 1617 1127 1693 βούλεσθε;
1182 1617 1441 1671 Πεπεισθε
1487 1621 1671 1685 τοῦτο,
1730 1616 1819 1671 καὶ
1862 1615 2014 1672 οὐδὲν

2196 1621 2291 1675 VI.
2340 1622 2489 1685 Quid
2533 1622 2714 1694 igitur
2742 1623 2967 1679 vultis?
2999 1624 3191 1681 Vosne
3221 1625 3331 1682 hoc
3361 1629 3653 1686 convictos
3686 1637 3775 1688 te-

369 1707 449 1765 δεῖ
497 1706 833 1785 πραγμάτων
882 1708 1038 1777 ἡμῖν,
1084 1703 1209 1760 οὐδε
1258 1704 1539 1781 θεολογίας
1607 1702 1881 1781 δευτέρας,
1927 1706 2017 1760 καὶ

2142 1713 2247 1776 ιρι,
2277 1714 2336 1764 et
2364 1710 2510 1765 nihil
2542 1727 2689 1781 opus
2720 1716 2826 1777 est,
2862 1717 2927 1767 ut
2961 1729 3065 1768 nos
3097 1714 3206 1769 hac
3236 1716 3307 1770 de
3340 1732 3399 1771 re
3438 1733 3772 1791 gravemur,

370 1796 607 1877 φείδεσθε
655 1799 756 1865 τῆς
805 1795 943 1868 ἐμῆς
1002 1794 1292 1865 ἀσθενείας,
1346 1795 1432 1872 ὑφ’
1475 1795 1543 1864 ἧς
1577 1795 1703 1867 ὑμῖν
1735 1794 1824 1849 καὶ
1851 1799 2019 1849 ταῦτα

429 1887 471 1908 ΙἸ
528 1907 533 1908 ,
588 1887 712 1908 ,n1,.
742 1906 770 1908 ,_
813 1905 877 1908 ,___
911 1903 922 1908 -
972 1884 999 1908 ﬂ
1057 1881 1135 1908 §_‘_'
1205 1884 1437 1908 _.--n.'.__--
1490 1889 1605 1908 _..‘!-
1642 1884 1880 1908 ο----ι-.--
1911 1887 2015 1908 -ῗ’...

2142 1813 2233 1851 nec
2258 1799 2577 1853 secundam
2611 1800 2681 1854 de
2713 1800 2925 1855 deitate
2955 1802 3276 1857 orationem
3312 1804 3654 1874 habeamus,
3678 1827 3779 1866 no-

2142 1886 2974 1908 -L___---:_n_...:L_L£__u-rn:,
3033 1906 3041 1908 ε
3173 1896 3183 1908 ι
3278 1898 3289 1908 ι
3415 1898 3425 1908 Δ
3517 1901 3526 1908 .
3588 1897 3597 1907 ο
3658 1899 3669 1908 ι

374 1887 537 1961 μόλις
581 1887 923 1963 φθέγγομαις
971 1884 1005 1953 ἣ
1053 1881 1155 1953 δεῖ,
1204 1884 1441 1958 καθάπερ
1488 1889 1606 1945 ταῖς
1642 1884 1881 1958 βαρείαις
1908 1887 2016 1937 τῶν

371 1978 570 2043 ἀκοῶν,
622 1972 892 2035 πολλάκις
939 1974 1031 2028 τὸν
1083 1972 1242 2027 αὐτὸν
1292 1972 1508 2047 ἐνηχεῖν
1572 1970 1760 2044 λόγον,
1804 1971 1897 2026 ’ίνα
1941 1976 2020 2044 τῷ

374 2064 622 2137 ἰπιμόνῳ
653 2067 783 2137 γοῦν
814 2069 915 2131 τῆς
938 2068 1143 2139 φωνῆς,
1177 2061 1251 2122 εἰς
1283 2062 1395 2115 ὦτα
1428 2058 1757 2132 λαλήσωμεν
1791 2060 2021 2115 ἀκουόν-

372 2173 521 2222 των;
583 2150 791 2207 δοκεῖτὲ
850 2171 944 2222 μοι
1000 2152 1091 2205 τὸν
1152 2148 1317 2224 λόγον
1368 2148 1755 2223 προκαλεῖσθαι
1806 2147 1895 2203 διὰ
1922 2150 2021 2218 τῆς

376 2241 632 2317 ἡσυχίας.
668 2239 765 2295 Καὶ
796 2240 899 2314 γὰρ
930 2241 1028 2308 τὴν
1064 2240 1276 2306 σιωπὴν
1305 2238 1681 2314 συγκατάθεσιν
1733 2240 1890 2305 εἶναι,
1941 2236 2021 2293 δι-

378 2328 558 2386 δάσκει
589 2328 679 2383 καὶ
709 2331 743 2397 ἡ
774 2328 1042 2404 παροιμία
1204 2326 1408 2381 Οὐκοῦν
1434 2323 1649 2397 δέξασθε
1702 2322 1864 2402 λόγον
1916 2327 2019 2398 ἀμ-

377 2418 642 2498 φοτέρων,
692 2416 751 2471 ἐκ
796 2422 921 2490 μιᾶς
970 2419 1157 2490 ψυχῆς
1207 2415 1296 2469 καὶ
1346 2415 1461 2476 ἑνὸς
1493 2414 1783 2488 πόματος.
1816 2416 2021 2491 ’Ἃχθο-

382 2530 475 2582 μαι
510 2505 588 2576 δὲ,
620 2506 701 2561 ὅτι
739 2514 815 2579 μὴ
847 2504 927 2559 ὲκί
954 2526 1006 2559 τι
1039 2504 1166 2580 ὅρος
1194 2509 1301 2559 τῶν
1337 2503 1562 2577 ὑψηλῶν
1594 2503 1855 2570 ἀνελθὼν,
1883 2500 2024 2576 μηδὶ

377 2598 562 2675 φωνὴν
623 2590 806 2651 λαϐὼν
850 2600 952 2663 τῆς
996 2591 1283 2665 ἐπιθυμίας
1314 2592 1485 2663 ἀξίαν,
1516 2599 1675 2647 πᾶσιν
1710 2594 1853 2665 ὁμοῦ
1906 2598 2023 2654 τοῖς

378 2690 634 2761 φρονοῦσι
691 2688 871 2745 κακῶς
926 2687 1093 2737 ταῦτα
1148 2683 1476 2759 φθέγγομαι,
1534 2681 1715 2757 ὣσπερ
1773 2681 1825 2736 ἂν
1856 2687 2024 2754 κοινῷ

379 2775 585 2851 θεάτρῳ
627 2776 697 2846 τῇ
756 2772 1050 2845 οἰκουμένῃ
1279 2770 1394 2824 Υἱοὶ
1442 2770 1764 2843 ἀνθρώπων,
1796 2767 1900 2832 ἕως
1931 2766 2027 2825 πό-

375 2885 433 2918 τε
484 2859 865 2939 βαρυκάρδιοι;
920 2862 1035 2917 ’Ίνα
1094 2860 1147 2914 τί
1211 2859 1453 2933 ἀγαπᾶτε
1523 2859 1880 2931 ματαιότητα,
1936 2860 2025 2914 καὶ

383 2956 591 3022 ζητεῖτε
639 2948 853 3024 ψεῦδος,
898 2949 960 3003 ού
1015 2949 1161 3021 μίαν,
1213 2945 1325 3002 οὐδ’
1372 2946 1551 3016 ἀπλήν
1586 2947 1840 3019 θεότητος
1870 2948 2025 3024 φύσιν

385 3042 713 3116 εἰσάγοντες,
764 3037 890 3094 ἀλλ’
938 3035 1065 3106 ἤτοι
1113 3042 1259 3113 τρεῖς
1306 3035 1707 3109 ἀπεξενωμὲνας
1758 3035 2025 3107 ἀλλήλων

384 3132 473 3184 καὶ
506 3127 919 3199 διεσπασμένας,
971 3127 1031 3181 οὐ
1082 3126 1385 3198 θαυμαστὸν
1437 3124 1495 3179 δὲ
1542 3125 1731 3193 εἰπεῖν,
1791 3126 1880 3180 καὶ
1925 3147 2026 3198 μα-

2129 1889 2381 1957 straequs
2399 1886 2725 1943 infirmitati
2746 1890 3007 1959 parcitis,
3024 1906 3149 1960 quae
3170 1896 3334 1947 tanta
3348 1898 3452 1964 est,
3470 1901 3534 1950 ut
3548 1897 3639 1952 vix
3658 1899 3776 1955 haec

2127 1973 2257 2045 ipsa
2285 1976 2445 2031 vobis
2470 1975 2752 2047 eloquar?
2779 1984 2866 2031 An
2892 1980 3085 2049 potius
3110 1985 3533 2051 oportet,velut
3551 1987 3778 2056 gravio-

2130 2065 2294 2119 ribus
2318 2064 2866 2135 auribus,eumdem
2895 2084 3223 2124 sermonem
3248 2070 3461 2141 saepius
3482 2074 3778 2143 insonare,

2132 2159 2196 2206 ut
2227 2152 2505 2208 diuturna
2526 2154 2730 2209 saltem
2762 2158 2918 2211 vocis
2941 2159 3310 2212 contentione
3332 2160 3388 2214 in
3413 2162 3777 2219 audientium

2132 2258 2303 2297 aures
2334 2242 2567 2297 tandem
2602 2244 2754 2299 429
2788 2244 3148 2315 loquamur?
3187 2246 3295 2307 Sed
3332 2264 3424 2303 me
3454 2249 3563 2305 hac
3590 2259 3783 2308 vestra

2133 2331 2327 2401 quiete
2356 2337 2414 2385 et
2444 2332 2675 2387 silentio
2706 2333 2775 2387 ad
2822 2333 3132 2390 dicendum
3185 2335 3431 2392 invitare
3479 2339 3778 2397 videmini.

2133 2419 2280 2474 Nam
2312 2419 2607 2475 silentium
2645 2422 2925 2492 panemia
2968 2439 3203 2495 quoque
3244 2441 3594 2483 consensum
3651 2445 3783 2485 esse

2134 2510 2319 2564 docet.
2354 2509 2602 2565 Proinde
2633 2511 2941 2581 utriusque
2971 2528 3301 2569 sermonem
3334 2532 3402 2570 ex
3433 2534 3551 2572 una
3581 2519 3783 2574 anima

2135 2603 2311 2669 atque
2342 2613 2410 2652 ex
2442 2614 2557 2652 uno
2589 2614 2685 2653 ore
2716 2600 2978 2670 accipite.
3014 2600 3160 2655 Illud
3195 2603 3431 2658 demum
3467 2606 3781 2664 molestum

2135 2690 2245 2754 est,
2300 2687 2454 2756 quod
2506 2685 2644 2752 haec,
2696 2686 2754 2741 in
2810 2688 3122 2744 sublimem
3178 2693 3487 2761 quemdam
3524 2701 3782 2753 montem

2136 2780 2390 2837 evectus,
2415 2791 2729 2846 vocemque
2754 2776 3043 2833 desiderio
3079 2795 3274 2848 parem
3304 2787 3531 2848 nactus,
3556 2786 3625 2839 ad
3659 2803 3783 2841 om-

2138 2878 2241 2917 nes
2262 2879 2362 2918 eos
2384 2863 2581 2927 simul,
2598 2865 2693 2933 qui
2715 2866 2787 2919 de
2808 2865 3085 2937 religione
3105 2868 3254 2923 male
3277 2872 3557 2942 sentiunt,
3576 2874 3634 2927 in
3659 2874 3786 2929 uni-

2135 2968 2301 3006 verso
2334 2954 2495 3017 orbe,
2525 2956 2682 3007 velut
2710 2956 3008 3009 communi
3049 2958 3303 3026 quodam
3351 2961 3599 3028 theatro,
3650 2980 3784 3036 pro-

2138 3039 2296 3111 loqui
2320 3056 2542 3111 nequeo
2570 3058 2580 3093 :
2614 3042 2747 3097 Filii
2777 3043 3082 3113 hominum,
3109 3062 3381 3117 usquequo
3400 3053 3562 3117 gravi
3585 3052 3787 3108 corde?

2142 3130 2205 3184 Ut
2228 3129 2357 3198 quid
2386 3131 2627 3199 diligitis
2656 3132 2976 3189 vanitatem.
3008 3138 3060 3187 et
3084 3137 3335 3204 quaeritis
3362 3138 3710 3193 mendacium
3738 3140 3785 3205 ⁸,

388 3219 618 3291 κομὲνας
652 3212 982 3291 ὑπερϐολαῖς
1013 3215 1101 3270 καὶ
1138 3214 1441 3289 ὶλλείψεσιν
1466 3234 1479 3247 °
1511 3217 1546 3283 ἣ
1595 3216 1719 3287 μίαν
1774 3216 1887 3287 μὶν,
1937 3237 2026 3287 μι-

2142 3218 2281 3271 dum
2314 3235 2425 3273 non
2459 3235 2657 3280 unam.
2711 3236 2815 3274 nec
2863 3221 3191 3293 simplicem
3247 3226 3481 3281 deitatis
3513 3234 3783 3284 naturam

388 3314 671 3379 κροπρεπῆ
706 3304 763 3359 δέ
788 3325 909 3359 τινα
938 3304 1026 3359 καὶ
1071 3305 1282 3372 στενὴν,
1328 3303 1426 3357 οὐκ
1472 3301 1701 3378 ἔχουσαν
1760 3305 1822 3357 τὸ
1875 3305 2034 3377 μεγά-

394 3397 504 3453 λων
540 3396 672 3451 εἶναι
705 3395 901 3469 ἀρχὴν,
936 3393 1115 3468 ὥσπερ
1148 3392 1209 3448 ού
1241 3389 1578 3463 δυνηθεῖσαν,
1609 3394 1643 3461 ἢ
1691 3391 1753 3447 ού
1800 3391 2033 3463 θελήσα-

393 3508 485 3540 σιν
516 3504 527 3516 ·
557 3485 646 3539 καὶ
676 3489 834 3539 τοῦτο
867 3481 1064 3557 διχῶς,
1094 3481 1129 3550 ἥ
1163 3479 1250 3536 διὰ
1279 3482 1494 3559 φθόνον,
1525 3484 1560 3550 ἢ
1602 3480 1689 3535 διὰ
1738 3477 1905 3559 φόϐον
1929 3501 1942 3514 ’
1972 3483 2035 3537 τὸ

401 3576 517 3646 μὲν,
544 3572 635 3628 τίνα
677 3575 752 3645 μή
783 3592 833 3625 τι
867 3571 1136 3643 ὁμότιμον
1169 3572 1568 3644 συνεισάγηται,
1617 3571 1680 3625 τὸ
1711 3568 1790 3635 δὲ,
1815 3569 1907 3625 ’ίνα
1958 3572 2034 3644 μή

393 3662 589 3738 ἐχθρὸν
618 3661 707 3715 καὶ
742 3659 1096 3735 μαχόμενονς
1149 3659 1333 3713 Καίτοι
1382 3658 1493 3729 ὅσῳ
1534 3659 1861 3734 τιμιώτερον
1908 3658 2038 3721 Θεὸς

390 3752 726 3823 κτισμάτων,
783 3748 1030 3821 τοσούτῳ
1084 3746 1651 3823 μεγαλοπρεπέστερον
1703 3751 1773 3820 τῇ
1847 3748 2038 3822 πρώτῃ

388 3841 553 3910 αἰτίᾳ,
585 3839 838 3907 θεότητος
872 3837 1007 3892 εἶναι
1057 3838 1259 3911 ἀρχήν,
1310 3838 1345 3905 ἢ
1396 3836 1749 3908 κτισμάτων·
1805 3836 1896 3890 καὶ
1949 3834 2039 3890 διὰ

386 3927 644 3995 θεότητος
684 3928 854 3999 μέσης
889 3923 1063 3979 ἐλθεῖν
1098 3924 1184 3980 ἐπὶ
1214 3946 1272 3979 τν
1299 3925 1588 3997 κτίσματα,
1639 3926 1673 3994 ἢ
1722 3924 2035 3979 τούναντίον

386 4020 486 4089 (3),
535 4016 743 4070 τούτων
788 4012 956 4069 ἕνεκεν
1012 4015 1311 4083 ὑποστῆναι
1354 4015 1605 4085 θεότητα,
1653 4014 1682 4067 ’ὁ
1742 4011 1893 4067 δοκεῖ
1919 4018 2037 4075 τοῖς

390 4102 509 4157 λίαν
544 4103 901 4176 ἰξεταστικοῖς
930 4124 990 4157 τε
1016 4103 1107 4157 καὶ
1151 4103 1465 4175 μετεώροις.

2144 3305 2444 3373 inducitis,
2479 3324 2676 3362 verum
2711 3315 2812 3363 aut
2841 3315 2959 3364 tres
3011 3328 3044 3365 a
3089 3328 3151 3367 se
3183 3313 3427 3369 invicem
3460 3315 3682 3372 alienas
3730 3321 3789 3374 et

2145 3395 2477 3464 distractae,
2502 3412 2608 3451 nec
2639 3398 2851 3452 mirum
2886 3400 2933 3453 si
2966 3399 3231 3471 dixerim,
3261 3402 3581 3459 defectibus
3611 3406 3789 3461 etiam

2145 3489 2204 3538 et
2223 3486 2560 3540 excessibus
2584 3492 2942 3557 pugnantes;
2979 3494 3077 3544 aut
3098 3506 3276 3545 unam
3302 3492 3559 3563 quidem,
3585 3496 3682 3551 sed
3709 3496 3791 3565 ie-

2140 3574 2347 3643 junam
2372 3578 2429 3628 et
2451 3580 2785 3645 angustam,
2808 3592 2934 3647 quae
2958 3593 3071 3632 non
3095 3578 3327 3644 habeat,
3353 3585 3418 3635 ut
3442 3598 3791 3651 magnorum

2148 3676 2327 3715 causa
2348 3660 2443 3729 sit,
2467 3661 2707 3729 perinde
2730 3666 2904 3732 atque
2929 3662 3015 3718 vel
3042 3680 3156 3719 non
3180 3668 3451 3735 potuerit,
3474 3666 3559 3721 vel
3592 3668 3794 3723 nolue-

2148 3749 2270 3803 rit:
2324 3748 2501 3818 idque
2548 3749 2770 3818 duplici
2820 3752 2893 3804 de
2941 3766 3139 3815 causa,
3186 3769 3393 3824 nempe
3422 3754 3508 3808 vel
3543 3755 3615 3808 ob
3647 3755 3795 3810 invi-

2148 3836 2327 3892 diam.
2345 3836 2431 3890 vel
2457 3837 2528 3891 ob
2552 3842 2773 3890 metum
2795 3855 2808 3892 :
2830 3837 2974 3892 illud
2998 3838 3257 3909 quidem,
3282 3857 3353 3895 ne
3376 3843 3515 3913 quid
3539 3843 3795 3914 aequale;

2150 3923 2259 3978 hoc
2279 3940 2431 3987 vero,
2456 3939 2528 3978 ne
2549 3925 2684 3993 quid
2720 3925 3021 3980 inimicum
3056 3932 3114 3982 et
3146 3942 3416 3998 pugnans
3441 3930 3799 3986 inducatur?

2150 4012 2371 4081 Itaque,
2400 4020 2619 4083 quanto
2654 4017 2803 4067 Deus
2835 4014 3011 4069 rebus
3042 4020 3276 4071 creatus
3307 4019 3615 4088 antecedit,
3637 4025 3800 4075 tanto

2151 4101 2355 4170 utique
2386 4102 2586 4171 prima;
2607 4117 2795 4156 causa
2828 4103 3301 4175 magnificentius
3322 4110 3431 4169 est,
3455 4107 3800 4177 divinitatis,

392 4210 569 4267 quam
604 4210 797 4248 rerum
830 4199 1179 4261 creatarum,
1214 4193 1564 4265 principium
1597 4209 1745 4257 esse,
1778 4209 1844 4248 ac
1884 4208 1988 4264 per
2035 4189 2443 4260 interpositam
2477 4190 2753 4245 deitatem
2787 4192 2855 4245 ad
2892 4208 2983 4247 res
3032 4198 3253 4247 creatas
3283 4195 3497 4263 venire,
3530 4212 3704 4266 quam
3740 4204 3804 4253 ut

394 4289 616 4349 contra,
650 4282 860 4337 barum
893 4298 1091 4347 causa,
1125 4283 1311 4337 deitas
1340 4282 1581 4337 condita
1622 4281 1818 4350 fuerit,
1850 4279 2351 4351 quemadmodum
2398 4277 2752 4333 sublimibus
2784 4280 2934 4350 istis,
2970 4280 3265 4351 nimisque
3295 4282 3365 4336 ad
3399 4282 3802 4356 indagandum

394 4372 701 4443 propensis
734 4370 945 4442 placet.

467 4459 537 4514 Z'.
596 4457 659 4512 Ei
722 4458 816 4530 μὲν
874 4457 978 4533 γὰρ
1037 4454 1364 4530 ἐμέλλομεν,
1418 4457 1546 4512 Υἱοῦ
1601 4458 1692 4511 καὶ
1726 4456 2041 4530 Πνεύματος

391 4549 491 4615 τήν
540 4546 687 4616 ἀξίαν
739 4544 1166 4621 ὁμολογοῦντες,
1220 4547 1253 4615 ἣ
1292 4548 1503 4622 ἄναρχα
1534 4550 1699 4601 ταῦτα
1725 4546 1978 4620 εἰσάγειν,
2009 4546 2043 4614 ἢ

394 4635 471 4697 είς
503 4636 685 4711 ἒτὲραν
736 4636 913 4710 ἀρχὴν
966 4634 1199 4710 ἀνάγειν,
1252 4632 1372 4697 δίος
1422 4634 1481 4689 ἅν
1509 4637 1573 4703 ἦν
1607 4630 1776 4695 ὅντως
1812 4636 1886 4706 μὴ
1922 4634 2042 4687 άτι-

396 4726 574 4798 μασθῇ
635 4725 787 4795 Θεὸς,
843 4725 877 4792 ἢ
932 4722 1245 4796 κινδυνεύσῃ
1301 4725 1426 4796 παρ’
1483 4725 1643 4795 ἡμῶν
1676 4724 1739 4777 τὸ
1780 4723 2039 4779 ἀντίθεον.

392 4814 455 4869 Ei
518 4810 576 4868 δί
633 4812 756 4867 ὅσον
820 4812 879 4867 ἂν
934 4811 1145 4887 ἐξαίρῃς
1203 4815 1280 4886 (4)
1326 4813 1415 4867 τὸν
1450 4814 1594 4881 Υἱὸν,
1644 4812 1767 4881 me
1798 4815 2041 4883 Πνεῦμα,

464 4950 486 4985 ⁸
518 4948 670 5005 Psal.
706 4965 783 5016 1v,
816 4949 871 5003 3.

468 5107 581 5179 (98)
639 5106 701 5160 Oi
760 5103 1043 5178 λιθασμοί.
1109 5108 1429 5181 Lapidibus
1498 5107 1731 5165 nonnisi
1789 5109 1847 5163 in
1909 5108 2053 5163 urbe

396 5180 1047 5253 Constantinopolitana
1078 5184 1294 5252 petitus
1323 5189 1413 5253 est
1441 5181 1784 5253 Gregorius,
1819 5196 1885 5235 ac
1918 5197 2048 5251 pro-

396 5252 533 5306 inde
565 5251 712 5305 hanc
744 5251 1090 5306 Orationem
1130 5258 1271 5323 post
1292 5274 1317 5301 ‹‹
1353 5251 1795 5323 lapidationem.
1820 5272 1847 5299 »
1880 5252 2050 5323 cujus

396 5324 456 5378 in
486 5339 550 5376 ea
585 5324 874 5387 meminit,
905 5322 1166 5378 habitam
1198 5322 1379 5378 fuisse
1409 5328 1674 5379 constare
1706 5322 1894 5378 debet.
1928 5322 2050 5379 Non

396 5411 534 5465 ergo
567 5393 857 5465 Nazianzi,
893 5400 957 5449 ut
986 5394 1193 5450 volunt
1224 5394 1377 5450 Elias
1406 5399 1463 5449 et
1505 5394 1733 5461 Billius,
1764 5393 1864 5449 sed
1901 5397 2050 5449 Con-

398 5464 781 5537 stantinOpoli
816 5467 1195 5537 pronuntiata
1227 5471 1336 5522 est.

468 5536 581 5607 (99)
622 5533 978 5610 Γεγεύσμεθα.
1040 5539 1178 5611 Reg.
1239 5537 1341 5603 hu,
1400 5535 1497 5593 Gr.
1560 5536 1611 5607 1,
1669 5538 1804 5602 etc.,
1862 5533 2052 5610 γεγεύ-

446 5617 565 5669 εθα.

401 5627 875 5751 μεξδ’[Ιαιροιμίοι.
908 5678 1004 5735 Sic
1036 5679 1404 5751 proverbium
1437 5678 1595 5736 istud
1624 5695 1639 5735 :
1678 5700 1706 5729 «
1740 5677 1849 5748 Qui
1880 5682 2051 5749 tacet,

400 5750 735 5808 consentire
765 5752 1016 5808 videtur.
1038 5750 1073 5801 “››

2223 4455 2344 4511 VII.
2380 4456 2606 4511 Etenim
2642 4455 2690 4511 si
2718 4456 2840 4510 Filii
2869 4464 2925 4511 et
2954 4457 3210 4528 Spiritus
3240 4459 3427 4514 sancti
3459 4460 3805 4530 dignitatem

2154 4545 2518 4607 conﬁtentes,
2543 4561 2642 4600 eos
2664 4545 2748 4601 vel
2783 4546 3053 4617 principii
3077 4552 3341 4616 expertes
3372 4547 3809 4617 induceremus,

2149 4634 2237 4687 vel
2287 4634 2357 4687 ad
2400 4634 2651 4689 alterum
2684 4635 3041 4705 principium
3075 4637 3444 4701 referremus,
3477 4638 3808 4695 timendum

2151 4738 2351 4777 revera
2395 4727 2571 4787 esset,
2618 4738 2689 4777 ne
2746 4723 2900 4777 Deus
2950 4728 3292 4796 contemptu
3326 4726 3674 4798 afﬁceretur,
3708 4734 3812 4784 aut

2150 4810 2267 4866 Deo
2299 4812 2659 4865 contrarium
2693 4809 2917 4881 aliquid
2964 4811 3353 4868 inveheretur.
3405 4814 3551 4869 Cum
3611 4823 3809 4874 autem

2234 5107 2305 5177 (2)
2338 5107 2413 5178 Τῇ
2447 5101 2758 5178 οἴκουμὲνῃ.
2793 5104 2965 5160 Cois].
3000 5106 3053 5160 3.
3086 5112 3187 5174 τῆς
3217 5105 3559 5178 οἶκουμένης.

2234 5126 2305 5177 (ζ)
2348 5126 2362 5157 ι
2447 5126 2758 5177 οεκουμενῃ.
2793 5126 2965 5160 umsx.
3000 5126 3053 5160 ὕ.
3086 5126 3187 5174 της
3217 5126 3559 5178 οικουμενης.

2230 5179 2302 5248 (3)
2332 5126 2773 5251 ⁸1Ῡτούταντίον,
2823 5183 2930 5232 etc.
2986 5178 3115 5233 Haec
3164 5186 3308 5246 erat,
3350 5182 3520 5251 juxta
3569 5180 3809 5251 Niceph.

2157 5249 2259 5304 lib.
2292 5266 2414 5312 vm,
2446 5266 2496 5305 c.
2529 5251 2584 5316 8,
2609 5248 2889 5320 sacrilega
2918 5251 3267 5307 Arianorum
3299 5248 3426 5321 vox,
3454 5252 3665 5305 Filium
3699 5248 3812 5306 sci-

2158 5321 2292 5375 licet
2340 5326 2731 5391 propterrnos
2781 5320 2996 5375 factum
3044 5321 3131 5377 vel
3181 5320 3439 5378 creatum
3494 5323 3693 5390 fuisse,
3748 5327 3815 5377 ut

2161 5410 2267 5447 nos
2292 5390 2565 5463 Deus’per
2596 5390 2813 5463 ipsum,
2836 5391 2994 5464 velut
3022 5410 3123 5464 per
3144 5395 3599 5450 instrumentum
3624 5394 3809 5463 quod-

2160 5465 2317 5531 dam,
2351 5467 2608 5528 crearet;
2644 5464 2797 5518 unde
2851 5463 2898 5517 si
2950 5463 3099 5520 Deus
3147 5465 3413 5521 homines
3457 5478 3659 5518 creare
3709 5481 3812 5520 no-

2158 5535 2387 5598 luisset,
2418 5552 2531 5590 non
2562 5539 2819 5590 creasset
2852 5534 3087 5590 Filium.

2161 5607 2309 5733 σὶ(4)
2378 5605 2643 5681 Ἐξαίρῃς.
2716 5606 2896 5679 Regg.
2968 5610 3086 5678 bm,
3155 5607 3257 5676 hu,
3325 5609 3382 5660 et
3446 5603 3543 5660 Or.
3615 5604 3666 5676 1,
3735 5602 3815 5678 ἰξ-

2198 5696 2313 5733 ρης.

2197 5696 2313 5755 ρῃς.
