4094 6212
407 354 562 419 1159

1642 358 1706 418 S.
1755 352 2126 419 GREGORII
2177 350 2572 419 THEOLOGI

3658 357 3810 420 “60

406 490 839 563 quantumlibet
879 488 1084 545 Filium
1123 499 1217 545 aut
1251 489 1529 562 Spiritum
1564 490 1861 555 extuleris,
1896 508 2042 545 nun-

2166 488 2272 563 οὖχ
2306 488 2437 562 ὑπὲρ
2469 488 2557 541 τὸν
2586 486 2795 561 Πατέρα
2827 487 3033 558 θήσεις,
3080 486 3202 542 οόδὶ
3250 495 3351 557 τῆς
3401 488 3574 551 αἰτίας
3624 491 3811 560 ἀποξε-

408 598 585 653 quam
618 585 810 635 tamen
844 597 942 635 eos
973 597 1153 651 supra
1183 580 1411 635 Patrem
1443 596 1647 651 ponas,
1683 596 1785 634 nec
1817 596 1851 633 a
1882 595 2059 634 causa

409 686 704 726 removeas
738 684 750 723 :
801 686 1000 724 verum
1056 669 1196 724 illuc
1228 669 1562 741 praeclaram
1597 670 2053 740 generationem,

408 764 465 815 et
495 756 904 813 admirabilem
937 758 1367 829 processionem
1400 758 1635 813 referas.
1671 756 2057 812 Percontabor

408 845 713 919 paululum
747 861 814 899 ex
843 851 919 913 te,
954 846 1054 916 qui
1095 846 1334 917 ingeniti
1385 851 1441 901 et
1498 845 1757 913 anarchi,
1806 845 1913 899 hoc
1944 850 2051 911 est,

406 934 679 1006 principii
709 933 983 1005 expertis,
1018 952 1276 989 amorem
1308 940 1608 1006 tantopere
1649 951 1762 1005 pm
1812 939 1866 987 te
1916 933 2052 999 fers,

406 1030 539 1079 uter
596 1023 833 1079 tandem
898 1023 1081 1078 Deum
1130 1024 1321 1095 magis
1371 1026 1727 1091 contemnat,
1779 1022 1905 1076 isne
1952 1019 2053 1093 qui

402 1110 597 1183 ipsum
630 1109 856 1179 talium,
891 1110 1093 1183 quales
1123 1116 1187 1166 tu
1219 1112 1471 1176 inducis,
1506 1110 1859 1182 principium
1910 1125 2053 1165 oon-

409 1200 637 1266 stituat,
670 1217 741 1255 an
774 1199 874 1271 qui
907 1216 1020 1255 non
1055 1198 1287 1267 talium,
1339 1200 1439 1255 sed
1494 1204 1703 1254 natura
1760 1202 1816 1253 et
1869 1197 2055 1270 gloria

406 1288 740 1362 aequalium,
764 1293 821 1343 et
843 1288 1047 1359 quales
1070 1289 1338 1344 doctrina
1362 1294 1557 1343 nostra
1582 1287 1935 1359 proﬁtetur?
1964 1291 2051 1341 An

407 1396 539 1434 vero
571 1378 675 1432 tibi
708 1378 779 1431 ad
813 1376 1093 1433 honorem
1125 1376 1414 1448 amplum,
1438 1380 1611 1447 atque
1644 1376 1787 1431 adeo
1809 1374 2051 1447 amplis-

408 1468 627 1522 simum
658 1466 789 1535 erit,
825 1465 980 1536 quod
1013 1465 1198 1521 ﬁlium
1232 1466 1468 1532 habeas,
1502 1466 1677 1537 idque
1725 1481 1791 1519 eo
1842 1466 2050 1535 magis,

407 1556 454 1610 si
488 1562 715 1627 patrem
746 1554 803 1609 iii
837 1555 1112 1609 omnibus
1144 1554 1318 1610 rebus
1348 1554 1576 1624 referat,
1606 1570 1924 1624 verumque
1953 1569 2051 1624 ge-

402 1644 611 1700 nitoris
633 1642 725 1699 sui
756 1642 1141 1698 simulacrum
1173 1649 1353 1714 gerat,
1379 1643 1601 1714 tibique
1622 1642 1910 1698 sexcentis
1932 1658 2051 1697 ser-

398 1736 483 1789 vis
518 1734 805 1804 imperare
858 1733 1012 1787 430
1062 1734 1257 1787 minus
1281 1734 1613 1803 jucundum
1646 1731 1907 1785 futurum
1941 1735 2047 1798 est,

2165 578 2372 646 νώσεις,
2414 575 2538 631 ἀλλ’
2572 575 2738 637 ὶκεῐςε
2768 576 2980 650 ἀνάγεις
3009 580 3089 649 (5)
3116 578 3179 631 τὸ
3209 576 3374 632 καλὸν
3416 581 3680 654 γέννημα,
3728 581 3811 634 καί

2165 666 2266 745 νήν
2310 664 2606 736 θαυμασίαν
2651 662 2884 739 πρόοδον
2916 684 2928 695 ·
3003 667 3415 740 προσερήσομαί
3483 688 3539 722 σε
3598 668 3812 743 ὀλίγον,

2166 752 2525 828 φιλαγέννητε
2555 754 2617 806 σὺ
2647 753 2736 806 καὶ
2782 753 3107 829 φιλάναρχε,
3161 754 3387 830 πότερος
3435 757 3564 818 Θεὸς
3607 758 3811 828 ἀτιμά-

2169 848 2245 910 ζει
2280 840 2515 914 μᾶλλον,
2550 842 2577 895 ὁ
2607 841 2869 896 τοιούτων
2904 841 3067 903 τιθεὶς
3099 842 3302 916 ἀρχὴν,
3333 842 3462 897 οἵων
3495 844 3655 906 αὐτὸς
3707 846 3810 899 εἷσ-

2166 930 2327 1006 άγεις,
2361 932 2394 999 ἢ
2424 932 2451 984 ὁ
2507 930 2583 1002 μὴ
2613 926 2900 999 τοιούτων,
2934 929 3059 985 ἀλλ’
3100 930 3307 1001 ὁμοίων
3354 934 3452 999 τήν
3495 934 3678 1009 φύσιν,
3725 934 3808 987 καὶ

2164 1017 2469 1092 ὁμοδόξων,
2500 1018 2588 1073 καὶ
2622 1017 2750 1072 οἷ’ων
2785 1019 2812 1073 ὁ
2843 1020 3109 1092 ἡμέτερος
3147 1018 3398 1093 βούλεται
3432 1020 3630 1095 λόγος;
3682 1022 3808 1077 Ἀλ-

2165 1107 2235 1163 λὰ
2265 1109 2348 1162 σοὶ
2384 1108 2477 1180 μὲν
2518 1108 2596 1169 εἷς
2638 1119 2804 1180 τιμην
2843 1108 2978 1183 μέγα
3006 1110 3095 1161 καὶ
3140 1107 3391 1182 μέγιστον
3445 1111 3472 1163 ὁ
3521 1111 3612 1171 σὸς
3672 1112 3809 1178 υἱὸς,

2161 1198 2249 1250 καὶ
2276 1196 2522 1269 τοσούτῳ
2555 1194 2790 1269 μᾶλλον,
2825 1196 3040 1271 ὅσῳπερ
3092 1195 3150 1250 ἃν
3194 1198 3261 1250 τὰ
3308 1197 3480 1251 πάντα
3528 1201 3806 1273 πατρώζῃ,

2160 1286 2247 1339 καὶ
2299 1287 2582 1361 χαρακτὴρ
2631 1284 2667 1359 ᾗ
2712 1286 2933 1361 γνήσιος
2964 1289 3060 1339 τοῦ
3086 1288 3464 1359 γεννήσαντος,
3496 1288 3586 1340 καὶ
3618 1288 3724 1341 οὐκ
3754 1292 3805 1342 ἄν

2163 1374 2343 1445 δέξαιο
2379 1376 2584 1450 μυρίων
2618 1370 2970 1449 ἀνδραπόδων
3021 1374 3153 1428 εἴναι
3207 1373 3419 1446 μᾶλλον
3454 1373 3743 1446 δεσπότης,
3773 1375 3805 1445 ἧ

2163 1463 2279 1518 ἰνὸς
2311 1464 2587 1538 γεννήτωρ
2618 1459 2810 1523 παιδός
2834 1481 2847 1493 ·
2878 1467 2956 1533 τῷ
2985 1467 3100 1534 Θεῷ
3132 1458 3189 1516 δὲ
3232 1461 3373 1518 ἄλλο
3419 1484 3471 1517 τι
3529 1470 3743 1536 μεῖζον,
3771 1464 3804 1533 ἦ

2162 1553 2291 1606 Υἱοῦ
2317 1550 2599 1626 τυγχάΑειν
2654 1548 2883 1624 Πατέρα,
2933 1549 2963 1605 δ
3000 1553 3286 1627 προσθήκη
3322 1549 3479 1624 δόξης
3505 1552 3671 1622 ἐστὶν,
3707 1555 3809 1629 οὐχ

2164 1640 2459 1717 ὑφαίρεσις,
2518 1640 2594 1701 ὡς
2677 1637 2733 1693 δὲ
2803 1638 2892 1693 καὶ
2966 1635 3247 1714 προϐολὲα
3321 1640 3678 1713 Πνεύματος;
3741 1646 3807 1700 Ἦ

2162 1729 2398 1802 ἀγνοεῖς,
2460 1727 2541 1781 ὅτι
2593 1727 2654 1782 σὺ
2702 1729 2794 1800 μὶν
2851 1729 3161 1799 κτισμάτων
3209 1729 3378 1792 τιθεὶς
3424 1730 3627 1805 ἀρχὴν,
3660 1731 3807 1805 λέγω

401 1837 578 1894 quam
614 1821 791 1876 unius
822 1819 925 1875 ﬁlii
960 1827 1258 1891 parentem
1290 1838 1419 1876 esse
1452 1836 1465 1874 :
1511 1825 1622 1875 Deo
1654 1823 1848 1874 autem
1882 1819 2042 1890 quid-

2162 1813 2227 1885 δὴ
2280 1817 2406 1871 Υἳοῦ
2454 1815 2541 1871 καὶ
2593 1815 2927 1887 Πνεύματος,
2981 1815 3104 1869 οὕτε
3148 1817 3247 1884 τήν
3294 1817 3473 1892 ἀρχὴν
3502 1824 3671 1889 τιμᾷς
3709 1822 3805 1892 (6),

2228 1907 2241 1921 .
2286 1905 2298 1919 ς
2427 1907 2476 1921 ,..
2630 1903 2730 1921 η,
2807 1905 2819 1921 .
2871 1912 2897 1921 -
3006 1907 3071 1921 η..
3188 1905 3202 1921 κ
3306 1904 3331 1921 ..
3577 1911 3600 1921 .,
3728 1907 3742 1921 .

402 1912 553 1982 piam
579 1911 772 1982 majus
793 1925 857 1963 ac
880 1909 1272 1981 praestabilius
1303 1909 1430 1976 erit,
1457 1925 1632 1980 quam
1666 1908 1787 1963 Filii
1820 1908 2044 1963 Patrem

399 2017 548 2071 esse,
581 2000 733 2071 quod
766 2001 1004 2071 quidem
1036 1999 1232 2072 gloriae
1273 1999 1527 2054 accessio
1559 2003 1668 2062 est,
1702 2014 1817 2052 non
1848 1998 2046 2051 deces-

398 2088 507 2156 sio,
534 2089 1035 2161 quemadmodum
1064 2094 1123 2144 et
1150 2088 1404 2159 Spiritus
1437 2088 1845 2159 productorem
1878 2083 2048 2141 esse?

397 2181 481 2232 An
514 2182 569 2232 te
598 2176 741 2231 illud
774 2176 947 2249 fugit,
972 2193 1107 2231 cum
1140 2176 1349 2242 Deum,
1375 2174 1522 2243 Filii,
1546 2192 1611 2231 ac
1644 2174 1915 2245 Spiritus,
1949 2191 2045 2231 ve-

396 2266 487 2321 lut
503 2272 924 2337 creaturarum,
941 2266 1293 2337 principium
1313 2265 1546 2331 statuis,
1562 2280 1666 2320 nec
1690 2263 2040 2336 principium

392 2356 497 2410 abs
529 2360 583 2410 te
615 2354 912 2422 honorari,
947 2360 1003 2408 et
1033 2370 1162 2425 qua:
1190 2371 1259 2408 ex
1298 2370 1364 2409 eo
1406 2357 1667 2417 manant,
1724 2352 2045 2424 ignominia

390 2443 544 2499 afﬁci
567 2443 595 2497 7
628 2442 799 2510 Illud,
833 2443 973 2514 quia
1002 2442 1227 2512 vilium,
1259 2448 1316 2496 et
1345 2444 1709 2514 exiguarum,
1733 2458 1799 2496 ac
1829 2440 2042 2496 deitate

392 2532 770 2603 indignorum
803 2531 1157 2603 principium
1187 2532 1534 2599 constituis;
1567 2531 1706 2596 haec,
1739 2532 1877 2602 quia
1907 2545 2040 2601 par-

389 2637 480 2690 va,
527 2636 632 2675 nec
682 2625 874 2675 creata
921 2624 1176 2685 tantum,
1220 2622 1318 2673 sed
1362 2621 1626 2674 omnium
1659 2619 1855 2683 etiam,
1912 2636 2040 2689 quas

2156 1907 2242 1959 καὶ
2275 1905 2555 1977 ἀτιμάζεις
2584 1906 2651 1959 τὰ
2681 1903 2731 1974 ἐξ
2766 1905 2970 1972 αὐτῆς
3006 1907 3111 1973 Τὴν
3148 1905 3265 1976 μὲν,
3300 1904 3381 1959 ὅτι
3435 1911 3647 1981 μικρῶν
3700 1907 3805 1961 εἷσε

2156 1995 2305 2069 ἀγεις
2357 1994 2561 2069 ἀρχὴν,
2606 1994 2695 2047 καὶ
2743 1992 2969 2062 ἀναξίων
3019 1993 3275 2063 θεότητος
3304 2016 3315 2027 ·
3362 1996 3429 2048 τὰ
3478 1992 3553 2063 δὲ,
3588 1995 3675 2049 ὅτι
3716 2019 3804 2069 μι-

2151 2081 2274 2156 κρὰ,
2307 2082 2395 2137 καὶ
2451 2083 2526 2155 μὴ
2577 2082 2845 2153 κτίσματα
2900 2081 3088 2154 μόνον,
3130 2081 3275 2137 ἀλλά
3320 2082 3409 2137 καὶ
3444 2086 3660 2138 πάντων
3696 2106 3802 2139 κτι-

2153 2174 2371 2245 σμάτων
2422 2176 2595 2232 ποιεῖς
2639 2170 2973 2245 ἀτιμότερα⁹
3028 2169 3082 2225 εἷ’
3116 2192 3175 2246 γε
3220 2171 3425 2225 τούτων
3456 2173 3630 2228 ἕνεκεν
3698 2174 3800 2229 ὑπ-

2152 2260 2303 2334 έστη,
2334 2261 2421 2315 καὶ
2449 2261 2580 2314 ποτὶ
2611 2259 2789 2330 ὥσπερ
2818 2253 3014 2336 ὄργανα
3040 2260 3259 2335 τεχνίτῃ
3302 2262 3409 2336 πρὸ
3451 2267 3557 2315 τῶν
3607 2283 3799 2338 τεχνι-

2149 2354 2256 2404 τῶν
2391 2350 2651 2425 πρότερον
2681 2348 2785 2402 οὐκ
2815 2344 2957 2417 ὄντα,
2991 2346 3104 2402 οὐδ’
3149 2348 3206 2402 ἂν
3261 2348 3449 2412 ἄλλως
3503 2352 3793 2425 γενόμενα,

2152 2439 2196 2494 εἰ
2234 2442 2305 2511 μή
2338 2461 2390 2494 τι
2422 2439 2598 2493 κτίσαι
2631 2436 2695 2492 δι’
2727 2438 2899 2491 αὐτῶν
2935 2433 3209 2508 ἐϐουΑήθη
3244 2440 3392 2505 Θεὸς,
3442 2440 3516 2501 ὡς
3570 2440 3675 2494 oux
3704 2442 3796 2516 ἁρ-

2149 2533 2372 2589 κοῦντος
2402 2532 2498 2582 τοῦ
2533 2525 2842 2603 βούλεσθαι.
2876 2532 2982 2581 Πᾶν
3015 2528 3117 2601 γὰρ
3150 2526 3180 2581 δ
3208 2548 3351 2589 τινος
3379 2525 3574 2595 ἕνεκεν,
3608 2530 3801 2602 ἀτιμόο

2148 2638 2301 2691 τερον
2332 2616 2535 2671 ἐκείνου
2567 2618 2634 2670 δι’
2666 2614 2695 2670 ὅ
2723 2617 3025 2691 γεγένηται.

389 2715 580 2765 creata
610 2713 771 2775 sunt,
804 2708 1308 2779 contemptissima
1336 2716 1393 2763 et
1433 2708 1829 2779 abjectissima
1860 2708 2003 2763 facis
2034 2725 2048 2763 :
2082 2708 2374 2779 siquidem
2424 2708 2634 2762 horum
2684 2724 2879 2775 causa,
2913 2712 2971 2763 et
3003 2707 3319 2779 aliquando
3349 2708 3584 2763 condita
3633 2713 3795 2777 sunt,

391 2814 506 2853 non
538 2813 706 2852 secus
747 2812 811 2851 ac
852 2797 1242 2851 instrumenta
1290 2799 1360 2851 ab
1410 2797 1653 2861 artiﬁce,
1687 2813 1817 2867 quae
1863 2801 1997 2851 ante
2045 2798 2298 2852 artiﬁces
2349 2814 2463 2852 non
2508 2802 2694 2861 erant,
2728 2812 2832 2851 nec
2880 2796 3023 2851 alias
3071 2796 3453 2859 exstitissent,
3484 2798 3599 2851 nisi
3652 2798 3796 2869 quid

384 2902 588 2941 eorum
618 2901 791 2955 opera
819 2885 973 2941 Deus
1012 2904 1207 2941 creare
1238 2886 1533 2953 voluisset,
1570 2886 1809 2956 perinde
1840 2885 2104 2941 videlicet
2134 2903 2198 2941 ac
2230 2886 2499 2941 voluntas
2548 2886 2673 2956 ipsa
2717 2901 3089 2957 nequaquam
3149 2886 3462 2941 sutﬁceret.
3496 2887 3796 2958 Quidquid

388 2973 546 3030 enim
579 2973 830 3045 alicujus
860 2975 941 3031 rei
972 2991 1150 3030 causa
1180 2976 1396 3029 factum
1430 2979 1538 3042 est,
1571 2974 1852 3045 abjectius
1882 2978 1972 3029 est
2001 2990 2088 3044 eo,
2122 2982 2358 3047 propter
2388 2975 2541 3045 quod
2576 2974 2791 3029 factum
2822 2978 2929 3029 est.

461 3064 576 3120 VII.
610 3065 681 3118 At
727 3080 832 3136 ego
888 3064 1120 3119 deitatis
1172 3063 1545 3135 principium,
1603 3062 1885 3134 temporis
1942 3080 2036 3118 ex-
2067 3064 2110 3133 C

394 3169 547 3224 pars,
607 3151 1022 3224 inseparabile,
1072 3158 1247 3224 atque
1294 3152 1590 3207 inﬁnitum
1644 3157 1931 3216 statuens,
1981 3155 2040 3207 et

392 3240 769 3313 principium,
818 3245 875 3295 et
922 3258 1009 3310 ea,
1050 3259 1174 3309 quia
1215 3258 1247 3295 a
1296 3241 1583 3313 principio
1615 3246 1878 3306 manant,
1914 3239 2038 3312 pari

391 3328 612 3384 honore
643 3345 967 3400 prosequor
1003 3345 1015 3383 :
1069 3328 1232 3397 illud,
1282 3330 1422 3400 quia
1467 3330 1675 3385 talium
1706 3336 1795 3384 est
1826 3328 2039 3399 princi-

393 3418 580 3488 pium,
618 3417 758 3483 haac,
792 3418 929 3487 quia
955 3417 1057 3472 tali
1099 3420 1291 3488 modo,
1324 3426 1381 3473 et
1412 3419 1567 3484 talia,
1600 3423 1657 3473 et
1685 3435 1752 3473 ex
1781 3418 1900 3489 tali,
1935 3434 2038 3473 nec

387 3510 671 3577 tempore,
707 3521 808 3560 nec
843 3510 1071 3571 natura,
1108 3520 1209 3559 nec
1239 3505 1399 3561 cultu
1432 3512 1487 3561 et
1516 3506 1886 3561 veneratione
1917 3507 2038 3561 dis-

386 3595 589 3663 tincta,
639 3610 822 3649 unum
876 3593 1106 3649 divisim
1158 3594 1518 3663 exsistentia,
1566 3600 1623 3650 et
1678 3594 2037 3664 conjunctim

388 3681 576 3737 divisa
628 3682 807 3753 (dictu
840 3681 975 3737 licet
1007 3682 1265 3752 mirum),
1320 3700 1433 3737 non
1468 3684 1665 3738 minus
1694 3684 1767 3738 ob
1800 3683 2037 3738 relatio-

387 3787 547 3835 nem,
600 3788 777 3840 quam
830 3771 982 3826 inter
1029 3788 1092 3827 se
1140 3771 1377 3838 habent,
1421 3771 1734 3839 laudanda,
1778 3789 1953 3843 quam
1986 3772 2036 3828 si

389 3858 853 3930 unumquodque
884 3876 987 3931 per
1018 3875 1079 3914 se
1110 3859 1383 3930 privatim
1417 3865 1718 3930 acceptum
1766 3866 1820 3914 et
1864 3860 2035 3916 intel-

389 3947 601 4003 lectum
636 3952 791 4003 esset
825 3965 837 4002 :
887 3948 1200 4019 perfectam
1233 3966 1301 4002 ex
1329 3949 1518 4003 tribus
1552 3949 1820 4020 perfectis
1852 3950 2038 4004 Trini-

387 4041 589 4102 tatem,
634 4039 859 4094 unitate
907 4039 1142 4110 quidem
1194 4040 1266 4094 ob
1316 4039 1550 4095 divitias
1600 4046 1776 4105 mota,
1811 4040 2035 4096 binario

387 4132 582 4180 autem
616 4132 914 4198 superato,
949 4134 1252 4199 prepterea
1284 4129 1437 4198 quod
1485 4128 1671 4183 deitas
1702 4145 1880 4201 supra
1913 4146 2033 4184 ma-

383 4213 587 4268 teriam
622 4219 679 4268 et
712 4217 961 4271 formam
995 4215 1090 4281 sit,
1121 4232 1189 4271 ex
1221 4216 1439 4286 quibus
1469 4234 1710 4289 corpora
1742 4223 2032 4287 constant,

376 4302 657 4356 Trinitate
689 4320 824 4358 vero
859 4312 1098 4376 propter
1144 4306 1553 4376 perfectionem
1603 4306 1843 4361 deﬁnita
1892 4307 2033 4375 (haec

2222 3063 2299 3117 II'.
2352 3062 2491 3136 Ἐγὼ
2544 3058 2601 3115 δὲ
2648 3061 2901 3130 θεότητος
2952 3061 3128 3136 ἀρχὴν
3163 3063 3240 3133 (8)
3272 3059 3499 3133 εἰσάγων
3532 3060 3789 3137 ἄχρονον,

2146 3150 2234 3205 καὶ
2295 3151 2627 3225 ἀχώριστον,
2676 3150 2763 3203 καὶ
2814 3148 3086 3224 ἀόριστον,
3136 3152 3236 3219 τήν
3285 3170 3342 3203 τε
3388 3150 3565 3225 ἀρχὴν
3622 3154 3788 3221 τιμῶ,

2146 3240 2233 3295 καὶ
2280 3241 2347 3294 τὰ
2391 3239 2448 3293 ἐκ
2494 3246 2592 3308 τῆς
2642 3237 2820 3313 ἀρχῆς
2865 3238 3053 3307 ἐπίσης
3081 3258 3093 3269 ·
3134 3239 3233 3307 τὴν
3268 3240 3383 3311 μὲν,
3412 3238 3493 3292 ὅτι
3527 3239 3783 3293 τοιούτων

2146 3328 2294 3403 ἀρχὴ
2321 3346 2333 3359 ·
2364 3328 2431 3381 τὰ
2455 3324 2531 3400 δὲ,
2565 3326 2645 3381 ὅτι
2697 3326 2868 3388 οὕτως
2898 3327 2988 3381 καὶ
3018 3332 3259 3395 τοιαῦτα,
3290 3326 3376 3381 καῖ
3412 3326 3472 3381 ἐκ
3501 3330 3581 3400 (9)
3608 3327 3785 3381 τοιού-

2144 3438 2262 3485 του,
2319 3419 2457 3489 μήτε
2504 3420 2582 3488 τῷ
2630 3416 2782 3483 ποτὶ,
2835 3417 2971 3489 μήτε
3020 3420 3089 3489 τῇ
3130 3415 3303 3493 φύσει,
3341 3418 3479 3487 μήτε
3502 3420 3584 3487 τῷ
3615 3419 3789 3486 σεπτῷ

2147 3502 2536 3581 διειργόμενα·
2581 3504 2634 3559 ’ἐν
2681 3500 2808 3559 ὄντα
2856 3502 3221 3577 διῃρημένους,
3288 3503 3376 3558 καί
3438 3501 3790 3576 διαιρούμενα

2146 3594 2531 3666 συνημμένως,
2567 3593 2611 3647 εἰ
2642 3593 2729 3648 καὶ
2762 3590 3061 3665 παράδοξον
3090 3596 3251 3647 τοῦτο
3283 3591 3450 3647 εἰπεῖν
3476 3613 3487 3624 ·
3536 3593 3648 3666 οὐχ
3696 3595 3793 3660 ἦτ-

2144 3702 2234 3735 τον
2264 3682 2510 3737 ἐπαινετὰ
2545 3690 2645 3752 τῆς
2677 3684 2811 3758 πρὸς
2862 3680 3083 3752 ἄλληλα
3126 3683 3384 3757 σχέσεως,
3508 3684 3627 3736 καθ’
3674 3682 3791 3736 ἑαυ-

2143 3772 2205 3825 τὸ
2233 3769 2454 3825 ἕκαστον
2512 3770 2805 3843 νοούμενόν
2853 3792 2912 3825 τε
2961 3770 3049 3825 καὶ
3099 3765 3538 3842 λαμϐανόμενον.
3591 3768 3793 3846 Τριάδα

2144 3860 2354 3915 τελείαν
2415 3861 2473 3914 ἐκ
2518 3860 2741 3914 τελείων
2791 3866 2977 3934 τριῶν,
3033 3857 3266 3932 μονάδος
3319 3860 3412 3929 μὲν
3476 3861 3794 3929 κινηθείσης

2147 3947 2235 4003 διὰ
2262 3950 2324 4003 τὸ
2364 3948 2649 4019 πλούσιον,
2702 3946 2892 4009 δυάδος
2944 3945 3000 4002 δὲ
3050 3944 3438 4023 ὑπερϐαθείσης
3488 3950 3603 4019 (10)
3639 3948 3792 4022 (ὑπὲρ

2145 4039 2246 4112 γὰρ
2277 4040 2376 4106 τήν
2416 4037 2552 4107 ὕλην
2598 4038 2685 4091 καί
2729 4039 2790 4091 τὸ
2840 4035 3027 4106 εἶδος),
3059 4037 3109 4107 ἐξ
3140 4038 3211 4090 ὧν
3244 4038 3309 4090 τὰ
3341 4038 3593 4109 σώματα,
3628 4039 3793 4110 Τριά-

2146 4125 2235 4188 δος
2288 4124 2345 4181 δὲ
2398 4126 2704 4201 ὁρισθείσης
2751 4123 2835 4179 διὰ
2884 4127 2944 4179 τὸ
2993 4126 3223 4197 τέλειον,
3259 4127 3449 4200 πρώτη
3484 4126 3590 4200 γὰρ
3626 4126 3792 4200 ὑπερ-

2144 4210 2313 4269 ϐαίνει
2348 4213 2542 4276 δυάδος
2572 4213 2951 4282 σύνθεσιν,⁹ίνα
2997 4217 3134 4286 μήτε
3181 4215 3335 4282 στενή
3390 4219 3524 4286 μένῃ
3583 4216 3619 4277 ἡ
3674 4215 3792 4276 θεό-

2142 4324 2262 4373 της,
2294 4306 2431 4375 μήτε
2461 4303 2536 4365 εἷς
2569 4301 2786 4379 ἄπειρον
2819 4304 3034 4379 χέῃται.
3066 4304 3135 4357 Τὸ
3170 4303 3262 4375 μὲν
3296 4302 3399 4376 γὰρ
3431 4300 3792 4379 ἀφιλότιμον,

378 4388 534 4444 enim
566 4390 753 4460 prima
779 4392 987 4448 binarii
1013 4394 1495 4463 compositionem
1523 4396 1803 4465 superat),
1838 4402 1899 4449 ut
1930 4412 2032 4451 nec

388 4478 661 4497 ,_..,_,,
799 4486 810 4497 ,
1102 4488 1111 4497 ,
1315 4481 1326 4493 .
1421 4482 1517 4497 ,η
1572 4483 1603 4497 .,
1765 4483 1856 4497 ..ω
1957 4485 1968 4497 .

2156 4394 2203 4447 τὸ
2235 4391 2293 4447 δὲ
2342 4390 2591 4446 ἄτακτον·
2640 4392 2729 4445 καὶ
2760 4393 2821 4446 τὸ
2854 4392 2946 4464 μὶν
2982 4389 3270 4449 Ἰουδαϊκὸν
3302 4395 3611 4462 παντελῶς,
3648 4393 3711 4445 τὸ
3743 4388 3797 4444 δὲ

2156 4480 2225 4497 γης
2244 4480 2262 4497 Ν
2414 4480 2427 4497 ς
2572 4481 2585 4497 \
2694 4478 2714 4497 Χ
2745 4480 2793 4497 In

381 4478 568 4534 deitas
601 4486 855 4550 angusta
886 4488 1140 4548 maneat,
1173 4497 1279 4537 nec
1312 4481 1369 4537 in
1417 4482 1716 4537 inﬁnitum
1747 4483 2032 4539 diffunda-

457 4710 535 4790 (ᾗ)
567 4712 834 4790 ’Δνάγεις.
869 4716 1048 4789 Regg.
1096 4717 1218 4784 bm,
1249 4715 1350 4784 hu,
1386 4715 1557 4772 Coisl.
1594 4718 1643 4788 1,
1677 4716 1771 4773 Or.
1810 4723 1857 4786 1,
1889 4718 2032 4790 Jes.,

381 4781 693 4857 &V§£O’Et(.uﬂ
712 4781 1048 4857 'depromes.
1073 4810 1100 4836 ››

456 4851 725 4944 (φηρῦξε
779 4851 890 4944 {id
941 4858 1119 4944 ἀρχὴν
1184 4858 1519 4944 τιμᾷςηδίο
1581 4858 2031 4944 plures'Regg”

382 4925 733 5067 (ἰὲιγοωϐδοτξριη
764 4936 819 4984 et
849 4930 945 4985 Or.
978 4925 1127 4986 il'ln
1174 4925 1266 4984 ed.
1298 4929 1510 5001 legitur
1534 4925 1634 4997 τῆν
1668 4929 1867 5004 ἀρχήν,
1900 4925 2033 4989 ante

475 5039 846 5143 ἧῦἇνιτῶν.
900 5075 1073 5128 Putat
1129 5070 1516 5143 Comheﬁsius
1574 5075 2030 5143 emendandum,

381 5142 668 5221 τεχνικῶν.
702 5143 792 5197 Sic
814 5143 1058 5221 Videt!!!
1100 5142 1275 5203 etiam
1325 5143 1537 5221 legisse
1588 5142 2029 5221 Leuvenklaius,

382 5214 482 5281 qui
532 5229 633 5283 pro
667 5237 694 5263 ‹‹
730 5220 863 5269 ante
910 5214 1185 5285 artiﬁces,
1213 5238 1239 5263 υ
1283 5214 1571 5269 reddit:«
1624 5221 1758 5269 ante
1808 5233 1898 5271 res
1949 5214 2031 5272 fa;

384 5290 852 5435 αῗέδίδεάτητρςν
888 5357 1088 5435 satis
1112 5360 1219 5435 9t?-
1250 5356 1394 5435 (ἐμω
1446 5354 2031 5435 βῐθεφτὶιιειΡειιεεφ

382 5426 633 5505 appellat
654 5452 680 5477 «ι
716 5425 1082 5501 principium
1104 5426 1361 5493 deitatis,
1388 5446 1416 5473 ››
1450 5425 1507 5478 id
1539 5431 1626 5479 est
1658 5426 1785 5483 Filii
1816 5434 1873 5484 et
1902 5429 2031 5501 Spi-

381 5500 531 5550 ritus
563 5500 769 5565 sancti,
794 5518 900 5555 vox
931 5500 1031 5555 illa
1061 5498 1263 5566 ἀρχήν,
1290 5513 1405 5551 non
1432 5495 1502 5550 de
1531 5500 1811 5566 tempore,
1837 5502 1936 5557 sed
1961 5502 2032 5556 de

381 5513 531 5550 PIIIJS
563 5513 769 5565 sancti,
794 5518 900 5555 vox
931 5513 1031 5555 iiia
1061 5513 1092 5553 α
1132 5513 1263 5571 χην,
1290 5513 1405 5551 non
1432 5513 1502 5550 oe
1531 5513 1811 5570 tempore,
1837 5513 1936 5557 sed
1961 5513 2027 5556 de

380 5582 560 5622 causa
580 5576 669 5649 est
694 5572 1050 5649 accipienda,
1074 5518 1504 5649 §am,_uLsaspe
1523 5568 1647 5649 jam
1672 5570 1893 5649 dictum
1920 5579 2027 5643 est,

382 5653 497 5715 non
532 5640 727 5697 minus
759 5638 1046 5715 principio
1078 5642 1277 5715 carent
1316 5638 1503 5715 Filius
1525 5643 1582 5693 et
1611 5640 1861 5711 Spiritus
1890 5638 2029 5700 san;

378 5711 532 5775 ctus,
552 5724 729 5783 quam
752 5710 1018 5784 Paterfsi
1047 5713 1121 5771 ad
1146 5716 1383 5791 tempus
1413 5710 1718 5770 referatur.
1737 5717 1846 5775 Sed
1878 5716 1929 5774 si
1959 5717 2032 5775 de

2145 4480 2465 4551 Ἑλληνικὸν
2498 4481 2588 4535 καὶ
2618 4478 2906 4535 πολύθεον.

2143 4734 2321 4773 causa
2347 4716 2590 4789 quaestio
2621 4716 2714 4783 sit,
2740 4716 2909 4773 Pater
2936 4721 3027 4774 est
3075 4716 3453 4789 principium,
3478 4732 3583 4771 seu
3636 4717 3797 4787 origo

2144 4789 2267 4844 Filii
2303 4787 2639 4862 et'Spiritus
2663 4790 2882 4862 sancti;
2908 4787 3165 4862 atque'ut
3192 4787 3370 4844 trium
3400 4805 3795 4862 personarum

2185 4863 2526 4931 roprietates
2557 4860 3017 4931 distinguantur,
3047 4862 3209 4915 Pater
3241 4865 3329 4915 est
3356 4883 3385 4910 «
3419 4860 3795 4925 ingenitus,»

2185 4879 2526 4931 roprietaies
2557 4879 3017 4931 distinguantur,
3047 4879 3209 4915 νειοῖ-
3241 4879 3329 4915 esr.
3356 4883 3385 4910 «
3419 4879 3794 4925 ingenuus,»

2144 4879 2326 4988 Filius
2352 4931 2694 5003 «genitus,»
2718 4939 2773 4986 et
2800 4932 3055 5003 Spiritus
3088 4939 3323 4987 sanctus
3348 4953 3375 4980 ‹‹
3407 4932 3794 5003 procedens»

2143 5002 2423 5075 Ceterum
2460 5002 2711 5075 utnulla
2741 5004 2819 5059 sit
2846 5002 2921 5059 de
2950 5004 3222 5075 Gregorio
3255 5008 3453 5057 nostro
3484 5002 3707 5075 hagide
3741 5016 3794 5075 re

2143 5074 2421 5146 suspicio,
2452 5073 2585 5146 vide
2617 5091 2699 5146 or,
2733 5092 2829 5141 xx,
2862 5092 2919 5130 n.
2951 5077 3007 5141 7,
3039 5071 3109 5131 ad
3142 5075 3261 5130 haec
3288 5075 3502 5129 verba:
3538 5074 3670 5128 Ἐὰν
3707 5071 3793 5143 μὲν

2142 5146 2215 5206 ὡς
2247 5142 2417 5199 αἶ’τιον
2446 5143 2535 5197 τὸν
2567 5144 2795 5215 Πατέρα,
2826 5150 2934 5203 etc.

2214 5219 2287 5288 (9)
2322 5215 2427 5290 Καὶ⁸
2456 5215 2530 5290 ἐκ.
2565 5216 2659 5290 Sic
2690 5222 2866 5290 Regg.
2918 5218 3040 5286 bm,
3084 5218 3188 5286 hu,
3226 5216 3399 5273 Coisl.
3436 5217 3488 5285 1,
3520 5220 3579 5271 et
3616 5215 3713 5270 Or.
3750 5216 3789 5268 1.

2140 5286 2312 5345 Decet
2339 5286 2427 5341 καί
2458 5288 2515 5341 in
2548 5289 2655 5347 ed.?

2214 5362 2324 5431 (10)
2357 5355 2563 5440 ᾼυάδος
2594 5355 2650 5412 δὲ
2681 5352 3094 5440 ὑπερόαφίσης,
3122 5365 3237 5440 etc._
3264 5358 3565 5440 apinale
3600 5364 3787 5439 autem

2141 5427 2435 5503 superato.
2469 5454 2493 5480 η
2526 5430 2630 5486 Per
2650 5452 2688 5503 γ‹‹
2738 5427 3034 5487 binarium’
3080 5427 3107 5482 ii
3159 5431 3429 5501 intelligit
3478 5427 3789 5499 Gregorius

2141 5525 2184 5578 ς,
2204 5502 2509 5578 materiam
2542 5508 2615 5578 et_
2635 5502 2879 5558 formam
2918 5526 2945 5578 >3
2976 5504 3191 5578 quibus
3222 5518 3468 5578 corpora
3498 5503 3783 5578 constant

2141 5573 2302 5647 Unde
2332 5575 2393 5647 in
2424 5573 2652 5647 naturis
2683 5572 3300 5647 corporeis—perfectio
3328 5572 3446 5647 sita
3473 5572 3711 5626 videtur
3736 5572 3785 5623 in

2140 5644 2249 5703 hoc
2288 5645 2539 5719 binario,
2571 5648 2636 5700 ut
2682 5644 2842 5719 patet
2882 5647 2942 5701 in
2974 5644 3264 5719 creatione
3308 5645 3645 5719 primorum
3692 5656 3782 5715 ps-

2141 5722 2395 5788 rentum,
2429 5716 2532 5791 qui
2562 5716 2801 5795 perfecti
2832 5718 3007 5778 creati
3038 5722 3201 5778 sunt.
