4094 6212
280 341 430 406 1161

1389 341 1680 403 ORATIO
1724 334 1935 401 XXIII.
1966 372 2035 382 -—-
2068 338 2168 398 DE
2215 338 2411 399 PACE
2458 339 2566 400 Ill.

3533 343 3687 402 1162

276 480 394 533 tur.
422 474 570 531 Illud
603 475 756 531 enim
790 491 1031 547 parcum
1062 478 1117 530 et
1139 475 1435 547 jejunum,
1460 474 1569 530 hoc
1600 473 1946 539 confusum;
1979 469 2123 526 illud
2154 471 2463 527 Judaicum
2495 489 2759 543 prorsus,
2782 472 2891 527 hoc
2924 472 3243 539 sthnicum,
3268 490 3333 529 ac
3367 474 3689 532 multorum

274 566 519 621 deorum
551 563 778 618 cultum
812 562 1100 619 redolens.

343 653 415 708 6'.
443 656 642 705 Σκοπῶ
683 648 739 705 δὲ
792 650 1027 719 κάκεῖνο,
1092 649 1180 704 καὶ
1220 648 1358 713 ’ίσως
1411 650 1510 705 ούκ
1558 645 1916 720 ἀπαιδεύτως,

2102 648 2191 704 ΙΧ.
2226 649 2377 713 Quin
2408 648 2518 704 hoc
2551 666 2807 723 quoque,
2840 665 2944 706 nec
2976 649 3186 706 inscite
3234 651 3483 708 fortasse
3514 656 3689 726 atque

272 739 397 796 οὐδὲ
428 740 678 813 ἀμαθῶς,
738 738 885 794 ἀλλά
924 739 1013 793 καὶ
1065 736 1185 793 λίαν
1247 738 1684 812 ἐπεσκεμμὲνως,
1717 737 1800 792 ὅτι
1833 736 1917 791 σοὶ

274 830 365 903 μὲν
400 826 646 889 κίνδυνος
700 825 824 882 οὐδὲ
878 830 951 889 εἷς
1001 830 1257 901 γεννητὸν
1309 827 1581 902 εἶσάγοντι
1626 828 1718 882 τὸν
1774 825 1916 882 Υίόν.

270 918 346 976 Oi}
379 918 481 993 γάρ
520 918 595 990 μὴ
629 916 771 990 πάθῃ
799 938 849 969 τι
882 921 1085 991 γεννῶν
1121 918 1147 969 ὁ
1174 916 1468 991 ἀγέννητος
1517 920 1623 971 τῶν
1677 936 1921 987 σωματι-

269 1012 377 1061 κῶν
404 1027 463 1060 τε
493 1005 581 1059 καὶ
611 1004 834 1077 ὑλικῶν,
868 1004 949 1059 ὅτι
987 1001 1127 1077 μηδι
1160 1009 1338 1079 σῶμα,
1385 1004 1473 1059 καὶ
1505 1007 1663 1059 τοῦτο
1708 1004 1763 1057 αἱ
1811 1024 1923 1057 κοι-

269 1095 357 1150 ταὶ
425 1093 549 1170 περὶ
608 1098 741 1149 Θεοῦ
797 1097 1219 1169 παραχωροῦσιν
1280 1091 1604 1165 ὑπολήψεις.
1662 1094 1821 1145 Ὥστε
1868 1089 1919 1144 τί

272 1179 588 1262 φοόνύμεθα
645 1178 816 1260 φόϐον
879 1180 939 1236 οὗ
992 1183 1067 1255 μὴ
1119 1179 1228 1236 ἔστι
1278 1176 1468 1260 φόϐος,
1499 1180 1589 1235 moi
1619 1174 1916 1252 ἀσεϐοῦμεν

270 1270 545 1342 διακενῆς,
578 1271 607 1326 ὅ
638 1269 704 1341 δὴ
739 1270 992 1345 λέγεται;
1042 1272 1198 1344 Ἐμοὶ
1249 1268 1305 1325 δὲ
1348 1268 1591 1332 κίνδυνος
1638 1270 1919 1341 ζημιωθῆ-

270 1384 359 1416 ναι
410 1360 661 1430 θεότητα,
711 1360 755 1415 εἰ
803 1360 865 1414 τὸ
922 1359 1125 1432 κτίσμα
1206 1356 1648 1435 παραδεχοίμην.
1698 1356 1770 1411 Ού
1818 1357 1918 1432 γὰρ

269 1451 397 1513 Θεὸς
450 1451 512 1505 τὸ
562 1446 903 1521 κτιζόμενον,
953 1446 1079 1503 οὐδὲ
1123 1446 1435 1503 δεσποτικὸν
1482 1447 1545 1501 τὸ
1589 1443 1918 1519 ὁμόδουλον,

269 1540 364 1594 κᾶν
390 1541 456 1593 τά
479 1541 669 1613 πρῶτα
700 1536 924 1615 φέρηται
959 1534 1210 1597 δουλείας
1241 1536 1328 1591 καὶ
1360 1536 1602 1603 κτίσεως,
1639 1535 1728 1589 καὶ
1758 1538 1919 1589 τοῦτο

272 1627 433 1701 μόνον
486 1625 999 1704 φιλανθρωπεύηται
1034 1620 1412 1700 ὑϐριζόμενον.
1440 1626 1495 1677 '0
1526 1625 1626 1699 γὰρ
1650 1631 1749 1693 τῆς
1777 1622 1921 1700 ὀφει-

270 1717 511 1790 λομένης
541 1715 851 1791 ἀποστερῶν
877 1722 1068 1787 τιμῆς,
1102 1713 1162 1768 ού
1198 1713 1411 1787 μᾶλλον
1434 1718 1569 1786 τιμᾷ
1597 1714 1676 1783 τῷ
1705 1710 1920 1785 διδομέ-

268 1828 371 1879 νῳ,
401 1805 435 1875 ἥ
470 1806 717 1878 ἀτιμάζει
737 1808 816 1876 τῷ
847 1802 1231 1881 ἀφαιρουμένῳ
1262 1804 1398 1875 (l1),
1431 1802 1525 1857 κᾶν
1558 1800 1920 1875 προσποίησιν

272 1890 373 1969 ἔχῃ
422 1897 534 1967 (12)
566 1896 734 1965 τιμῆς
764 1894 826 1947 τὸ
857 1892 1148 1967 γενόμενον
1186 1894 1315 1965 (13).

2030 737 2322 808 imperite,
2356 738 2457 793 sed
2482 754 2763 810 perquam
2797 739 2972 794 etiam
3011 740 3331 810 prudenter
3352 746 3410 795 et
3435 740 3690 797 circum-

2032 830 2228 897 specte
2262 842 2491 881 mecum
2524 833 2752 898 reputo,
2768 826 2875 881 tibi
2907 828 3143 899 quidem
3176 827 3321 883 nihil
3352 828 3598 900 periculi
3623 846 3691 886 ex

2032 930 2097 969 eo
2129 914 2453 982 imminere,
2507 916 2552 970 si
2611 916 2817 971 Filium
2869 917 3132 988 genitum
3182 920 3523 975 asserueris.
3562 919 3688 977 Non

2031 1003 2187 1057 enim
2241 1003 2559 1059 verendum
2591 1008 2700 1072 est,
2754 1022 2824 1059 ne
2858 1004 3158 1076 ingenitus
3209 1006 3429 1078 aliquid
3461 1024 3684 1079 eorum,

2031 1108 2158 1162 quae
2208 1092 2552 1163 corporibus
2585 1110 2650 1148 ac
2701 1093 2955 1149 materia:
3013 1096 3386 1163 conveniunt,
3420 1096 3480 1152 in
3531 1098 3681 1153 431

2030 1180 2322 1252 gignendo
2355 1182 2632 1253 patiatur,
2666 1198 2801 1237 cum
2834 1200 2905 1237 ne
2937 1200 3149 1255 corpus
3195 1185 3434 1257 quidem
3469 1186 3565 1253 sit,
3599 1186 3686 1242 id-

2031 1286 2145 1343 que
2174 1272 2261 1325 vel
2293 1286 2637 1325 communes
2661 1270 2801 1342 ipsae
2834 1272 2905 1325 de
2925 1271 3037 1327 Deo
3068 1273 3335 1329 notiones
3367 1273 3535 1330 facile
3555 1291 3690 1331 con-

2030 1360 2268 1414 cedunt.
2311 1359 2519 1429 Quare,
2551 1360 2694 1430 quid
2730 1359 2900 1415 nobis
2950 1360 3218 1415 timorem
3252 1360 3557 1434 fingimus,
3588 1364 3691 1432 ubi

2030 1465 2145 1504 non
2179 1452 2268 1503 est
2298 1449 2493 1519 timor,
2526 1465 2591 1503 ac
2640 1447 2767 1503 sine
2797 1465 2994 1519 causa,
3031 1453 3096 1504 ut
3141 1448 3315 1522 vulgo
3358 1450 3473 1505 dici
3522 1451 3690 1519 solet,

2029 1536 2196 1609 impii
2228 1554 2436 1593 sumus
2458 1537 2485 1591 ‘I
2516 1539 2581 1591 At
2610 1554 2743 1593 vero
2776 1537 2921 1591 mihi
2952 1537 3280 1609 periculum
3325 1543 3434 1607 est,
3469 1556 3541 1595 ne
3570 1540 3692 1596 dei-

2028 1626 2167 1681 tatis
2189 1626 2485 1696 jacturam
2518 1624 2748 1694 faciam,
2783 1626 2831 1681 si
2863 1631 3191 1682 creaturam
3233 1627 3544 1683 admisero.
3578 1628 3693 1685 Nec

2030 1716 2211 1783 enim,
2244 1715 2343 1786 qui
2393 1718 2642 1779 creatur,
2685 1714 2840 1770 Deus
2883 1720 3012 1783 est;
3046 1732 3150 1771 nec
3203 1717 3300 1787 qui
3350 1733 3688 1787 conservus,

2030 1804 2338 1870 Dominus,
2371 1802 2694 1875 quamlibet
2742 1802 2962 1875 alioqui
3014 1804 3235 1876 primas
3284 1804 3437 1861 inter
3492 1823 3690 1864 servos

2029 1896 2086 1949 et
2116 1908 2209 1947 res
2256 1897 2482 1948 creatas
2515 1893 2680 1962 ferat,
2720 1896 2891 1964 atque
2940 1892 3049 1948 hac
3099 1910 3216 1949 una
3266 1910 3325 1949 re
3370 1893 3429 1949 in
3481 1900 3687 1951 contu«

275 1985 453 2040 melia
481 1983 802 2039 humanius
847 1983 1145 2053 aliquanto
1195 1987 1495 2038 tractetur.
1518 1983 1666 2038 Nam
1699 1982 1797 2053 qui
1831 1997 1966 2037 eum
2017 1981 2209 2037 debito
2257 1982 2478 2037 honore
2529 1981 2782 2048 fraudat,
2816 1998 2930 2037 non
2981 1982 3170 2055 magis
3226 1982 3447 2054 ipsum,
3478 2000 3581 2055 per
3627 1983 3687 2041 id

276 2074 431 2145 quod
484 2072 713 2138 tribuit,
745 2072 965 2127 honore
1012 2072 1212 2139 afﬁcit,
1246 2088 1419 2142 quam
1456 2088 1556 2142 per
1585 2071 1664 2139 id,
1699 2071 1852 2143 quod
1899 2070 2091 2142 eripit,
2127 2070 2513 2141 ignominiam
2562 2071 2613 2127 ei
2661 2070 2867 2143 inurit,
2899 2075 3199 2143 utcunque
3229 2087 3322 2129 res
3352 2089 3419 2129 ea
3449 2072 3687 2131 honoris

274 2163 528 2235 speciem
557 2167 615 2217 et
645 2163 950 2217 obtentum
980 2160 1211 2216 habeat.

348 2253 399 2307 l'.
432 2250 530 2304 Καὶ
583 2245 636 2303 εἷ’
687 2270 773 2303 σοι
815 2247 1106 2302 πλάττεται
1164 2244 1310 2318 πάθη
1343 2247 1465 2323 περὶ
1516 2248 1613 2316 τὴν
1646 2248 1916 2322 γέννησιν,

2095 2248 2161 2303 Χ.
2214 2249 2376 2316 Quod
2423 2248 2472 2304 si
2523 2249 2827 2320 passiones
2876 2248 3030 2305 circa
3082 2251 3519 2322 generationem
3577 2250 3683 2307 tibi

270 2339 439 2411 κάμοὶ
488 2338 611 2413 περὶ
660 2339 759 2406 τήν
808 2336 1016 2392 κτίσιν·
1072 2334 1197 2392 οὐδὲ
1242 2336 1345 2412 γάρ
1376 2336 1437 2391 τὸ
1467 2336 1785 2409 κτιζόμενον
1810 2338 1922 2409 (14)

269 2429 487 2489 ἀπαθῶς
540 2424 663 2482 οῖδα
712 2421 1052 2498 κτιζόμενον.
1112 2425 1177 2483 Ei
1233 2423 1290 2480 δὲ
1334 2426 1410 2499 μὴ
1442 2427 1757 2502 γεγέννηται
1789 2427 1924 2481 κατά

270 2518 327 2571 σὲ
357 2518 469 2590 (15)
506 2512 647 2587 μηδὲ
697 2509 902 2569 ἔκτισαι
950 2514 1085 2569 κατά
1128 2514 1221 2569 τὸν
1254 2512 1435 2585 ἀληθῆ
1471 2512 1631 2590 λόγον
1666 2516 1798 2587 (16),
1835 2510 1920 2568 δέ·

272 2606 353 2674 ξαι
386 2608 481 2659 τοῦ
513 2601 681 2680 λόγου
713 2624 795 2657 σοι
826 2604 887 2657 τὸ
919 2602 1263 2675 λειπόμενον,
1303 2603 1331 2657 ὁ
1366 2607 1563 2677 μικροῦ
1591 2604 1653 2657 τὸ
1678 2601 1795 2657 ’ίσον
1833 2601 1922 2658 λέ-

271 2714 385 2767 γειν
414 2690 641 2765 τολμῶν
675 2690 763 2747 διὰ
790 2695 886 2761 τῆς
917 2692 1293 2767 προσηγορίας
1324 2697 1420 2746 τοῦ
1450 2692 1743 2764 κτίσματος
1787 2694 1920 2764 (17).

278 2782 376 2837 Σοὶ
413 2781 505 2854 μὲν
539 2781 629 2836 οῦν
664 2778 816 2835 οὐδὲν
860 2779 1299 2855 ἀνεπιχείρητον,
1333 2778 1457 2835 οὐδὲ
1498 2778 1810 2853 ἀτόλμητον
1844 2784 1923 2853 τῷ

275 2875 426 2943 κακῷ
480 2866 751 2946 βραϐευτῇ
810 2869 898 2923 καὶ
958 2868 1212 2941 διαιτητῇ
1256 2876 1355 2938 τῆς
1388 2869 1678 2939 Θεότητος·
1732 2869 1792 2924 ού
1823 2871 1923 2945 γὰρ

286 2960 434 3035 εἶχες
484 2957 670 3021 ἄλλως
723 2956 1050 3031 εὐδοκιμεῖν,
1096 2957 1129 3027 ἥ
1186 2958 1389 3031 μακρὰν
1448 2953 1730 3013 ἐκϐάλλων
1795 2959 1920 3012 Θεὸν

287 3046 615 3119 δεσποτείας,
663 3047 841 3122 ὥσπερ
875 3047 1091 3102 ἐνταῦθα
1140 3048 1191 3101 οἱ
1243 3046 1546 3119 τυραννικοῖ
1576 3046 1666 3101 τὸν
1699 3046 1923 3121 τρόπον,

285 3139 375 3192 καὶ
433 3135 806 3192 πλεονεκτικοὶ
855 3136 979 3199 τοὺς
1028 3136 1457 3210 ἀσθενεστέρους.
1518 3138 1655 3212 Ἐγὼ
1702 3133 1758 3190 δὲ
1799 3136 1923 3208 μίαν

284 3228 488 3305 φωνὴν,
516 3227 614 3295 τὴν
648 3226 811 3294 αὐτὴν
840 3226 927 3279 καὶ
980 3225 1240 3297 σύντομον
1292 3224 1611 3303 φθέγξομαι,
1660 3225 1819 3300 Τριάς
1850 3225 1923 3286 ὡς

284 3313 507 3385 ἀληθῶς
539 3318 574 3384 ἡ
621 3316 804 3390 Τριάς,
846 3312 1091 3391 ἀδελφοί.
1150 3313 1310 3390 Τριάς
1359 3311 1435 3378 δὲ,
1483 3313 1543 3367 ού
1594 3313 1925 3388 πραγμάτων

280 3404 478 3458 ἀνίσων
508 3407 620 3478 (l8)
664 3404 1034 3478 ἆπαρίθμησις
1190 3402 1243 3456 τί
1291 3400 1518 3472 κωλύει,
1560 3402 1648 3456 καὶ
1710 3399 1923 3473 δεκάδα,

281 3494 372 3548 καὶ
406 3490 749 3563 ἓκατοντάδα,
780 3491 868 3546 καὶ
927 3489 1159 3567 μυριάδα
1209 3491 1492 3564 ὀνομάζειν
1550 3493 1683 3564 μετά
1733 3490 1925 3546 τοσού-

279 3603 388 3637 των
423 3582 837 3654 συντιθεμένην;
874 3578 1059 3635 πολλά
1088 3581 1189 3656 γάρ
1239 3582 1305 3635 τά
1360 3579 1732 3653 ἀριθμούμενα
1789 3582 1926 3659 (19),

281 3670 371 3725 καὶ
432 3669 606 3725 πλείω
662 3669 910 3741 τούτων),
969 3668 1093 3724 ἀλλ’
1119 3666 1253 3723 ⁸ίσων
1287 3669 1375 3723 καὶ
1408 3669 1690 3742 ὁμοτίμων
1725 3669 1930 3741 σύλλη-

281 3762 393 3834 ψις,
431 3758 656 3829 ἐνούσης
688 3766 785 3828 τῆς
814 3757 1194 3834 προσηγορίας
1224 3759 1291 3812 τὰ
1320 3757 1575 3830 ἡνωμένα
1606 3757 1665 3812 ἐκ
1700 3757 1929 3836 φύσεως,

282 3848 371 3903 καὶ
404 3847 503 3902 ούκ
555 3847 729 3917 ἐώσης
777 3844 1128 3915 σκεδασθῆναι
1183 3846 1398 3923 ἀριθμῶ
1449 3844 1699 3919 λυομένῳ
1751 3848 1818 3901 τά
1852 3848 1925 3921 μὴ

284 3935 544 4010 λυόμενα.

2032 2337 2228 2410 ﬁngis,
2271 2353 2375 2409 ego
2423 2354 2656 2409 quoque
2712 2337 2867 2393 idem
2925 2338 3081 2393 circa
3136 2340 3491 2395 creationem
3540 2339 3686 2396 mihi

2034 2427 2273 2497 ﬁngam.
2309 2425 2454 2480 Nam
2504 2442 2576 2480 ne
2623 2426 2682 2481 id
2735 2426 2996 2498 quidem,
3050 2427 3207 2498 quod
3255 2432 3508 2497 creatur,
3541 2429 3686 2486 citra

2034 2514 2368 2586 passionem
2417 2518 2667 2569 creatur.
2721 2515 2880 2580 Quod
2936 2515 2985 2569 si
3038 2531 3143 2571 nec
3192 2516 3426 2588 genitus
3477 2520 3589 2586 est,
3621 2522 3687 2573 ut

2034 2602 2160 2675 ipse
2190 2603 2393 2671 sentis,
2427 2620 2531 2658 nec
2564 2606 2818 2673 creatus,
2852 2604 3008 2675 quod
3059 2604 3273 2661 veritas
3300 2604 3495 2673 sentit,
3528 2606 3684 2678 quod

2034 2692 2138 2745 tibi
2172 2691 2465 2764 reliquum
2498 2697 2604 2759 est,
2639 2692 2856 2764 accipe,
2892 2692 2994 2763 qui
3028 2708 3130 2765 per
3159 2697 3434 2749 creaturae
3472 2710 3684 2751 nomen

2035 2797 2101 2837 eo
2132 2798 2277 2852 pene
2309 2782 2563 2837 audaciae
2605 2782 2961 2853 prorumpis,
2994 2787 3059 2837 ut
3087 2781 3243 2837 idem
3296 2782 3477 2839 dicas.
3511 2784 3589 2839 Ac
3623 2788 3685 2839 tu

2035 2872 2295 2940 quidem,
2330 2870 2481 2925 male
2529 2870 2765 2926 deitatis
2804 2872 2988 2941 judex
3035 2875 3211 2943 atque
3257 2872 3495 2939 arbiter,
3539 2872 3684 2928 nihil

2036 2960 2385 3013 intentatum
2436 2959 2738 3031 relinquis,
2771 2959 2916 3014 nihil
2966 2976 3080 3015 non
3111 2961 3324 3029 audes;
3359 2978 3474 3017 non
3525 2961 3682 3017 enim

2035 3047 2149 3103 alia
2179 3048 2400 3102 ratione
2432 3064 2640 3103 nomen
2674 3052 2841 3103 tuum
2874 3047 3169 3105 illustrare
3216 3054 3470 3122 poteras,
3504 3067 3682 3122 quam

2036 3137 2179 3200 si,ut
2201 3136 2299 3207 qui
2321 3137 2643 3205 tyrannicis
2670 3142 2807 3192 sunt
2835 3139 3117 3206 moribus,
3150 3144 3324 3210 atque
3356 3140 3428 3194 ad
3462 3139 3682 3195 alienas

2034 3225 2341 3283 facultates
2390 3224 2720 3297 eripiendas
2768 3227 3063 3297 propensi,
3098 3226 3446 3283 inﬁrmiores
3493 3227 3681 3282 homi-

2035 3332 2159 3382 nes,
2193 3315 2393 3369 eodem
2425 3319 2488 3369 tu
2539 3332 2769 3387 quoque
2804 3316 2973 3370 modo
3011 3316 3189 3371 Deum
3245 3316 3316 3371 ab
3352 3315 3596 3388 imperio
3627 3319 3685 3371 et

2035 3402 2430 3459 dominatione
2460 3402 2657 3474 procul
2691 3405 3087 3459 submoveres.
3108 3405 3224 3476 Ego
3255 3410 3477 3471 contra,
3507 3420 3684 3461 unam

2033 3508 2252 3559 vocem,
2286 3507 2533 3563 eamque
2562 3493 2791 3548 brevem
2823 3496 2879 3549 et
2925 3493 3420 3565 compendiosam,
3476 3494 3684 3562 habeo,

2041 3580 2298 3636 Trinitas
2327 3596 2457 3636 vere
2506 3580 2761 3637 Trinitas
2793 3587 2902 3652 est,
2938 3585 3164 3640 fratres.
3210 3583 3470 3638 Trinitas
3518 3599 3689 3655 porro

2047 3687 2161 3724 non
2192 3668 2569 3740 inaequalium
2604 3687 2795 3726 rerum
2827 3672 3187 3728 enumeratio
3218 3675 3307 3727 est
3336 3671 3498 3744 (quid
3531 3670 3688 3726 enim

2038 3756 2257 3829 alioqui
2291 3758 2612 3829 prohibeat,
2648 3758 2809 3829 quin,
2843 3765 2899 3815 et
2929 3761 3230 3829 decadem,
3252 3764 3309 3816 et
3339 3758 3685 3827 centuriam,

2039 3864 2105 3903 ac
2134 3846 2455 3918 myriadem
2488 3847 2947 3914 nominemus,si
2980 3866 3113 3905 cum
3146 3853 3229 3903 tot
3259 3847 3521 3904 numeris
3538 3863 3694 3903 com-

2040 3935 2338 4007 ponatur?
2369 3934 2551 3990 Multa
2580 3934 2816 4007 quippe,
2845 3936 3147 4008 multoque
3178 3936 3271 3992 his
3299 3936 3468 4008 plura
3495 3935 3554 3992 in
3589 3952 3694 3992 nu-

282 4042 511 4081 merum
544 4026 811 4098 cadunt);
845 4027 945 4082 sed
980 4026 1289 4096 aequalium
1321 4029 1377 4082 et
1408 4025 1629 4081 honore
1660 4026 1890 4098 parium
1936 4024 2281 4097 complexio,
2313 4040 2445 4078 cum
2481 4023 2704 4079 scilicet
2734 4040 2944 4080 nomen
2976 4041 3062 4093 ea,
3096 4041 3224 4097 quae
3273 4028 3483 4082 natura
3529 4024 3695 4080 unita

285 4119 445 4184 sunt,
480 4119 808 4181 connectat,
842 4132 966 4181 nec,
1002 4132 1128 4187 quae
1160 4114 1511 4170 solutionem
1543 4116 1833 4183 nesciunt,
1868 4114 2157 4171 deﬂuente
2189 4128 2433 4168 numero
2465 4111 2740 4184 dissipari
2772 4113 2945 4167 sinat.

354 4208 454 4260 IA’.
489 4200 646 4259 Οὕτω
679 4206 1003 4279 φρονοῦμεν,
1035 4203 1123 4257 καὶ
1156 4201 1329 4264 οὕτως
1354 4200 1575 4278 ἔχομεν,
1610 4200 1747 4257 ὥστε
1778 4201 1928 4265 ὅπως

287 4281 382 4354 μὲν
418 4279 533 4357 ἔχει
566 4284 675 4356 (20)
706 4286 873 4336 ταῦτα
918 4282 1051 4357 πρὸς
1100 4281 1322 4352 ἄλληλα
1353 4281 1592 4357 σχέσεώς
1621 4303 1679 4337 τε
1708 4282 1798 4337 καὶ
1836 4284 1929 4337 τά-

286 4371 439 4441 ξεως,
471 4370 607 4444 αὐτῇ
643 4370 779 4445 μόνῃ
808 4375 876 4444 τῇ
902 4368 1088 4443 Τριάδι
1121 4377 1421 4448 συγχωρεῖν
1473 4368 1669 4426 εἰδέναι
1701 4371 1790 4426 καὶ
1849 4371 1929 4434 οἷς

283 4457 343 4513 ἂν
372 4462 407 4528 ἡ
440 4459 607 4535 Τριάς
639 4457 968 4534 ἀποκαλύψῃ
996 4458 1440 4537 κεκαθαρμένοις,
1472 4457 1508 4528 ἤ
1535 4464 1649 4532 νῦν,
1697 4457 1733 4529 ἤ
1782 4460 1931 4515 ὕστε-

285 4569 376 4625 ρον
406 4568 418 4581 ·
474 4547 627 4602 αὐτοὶ
681 4546 739 4603 δὲ
800 4548 921 4622 μίαν
954 4548 1044 4604 καῖ
1068 4551 1167 4619 τήν
1200 4548 1366 4617 αὐτὴν
1399 4546 1591 4603 εἰδέναι
1624 4548 1779 4627 φύσιν
1813 4550 1931 4604 θεό-

280 4658 471 4706 τητος,
532 4636 776 4713 ἀνάρχῳ,
833 4638 923 4692 καὶ
974 4641 1243 4714 γεννήσει,
1288 4637 1376 4693 καὶ
1417 4636 1640 4714 προόδῳ
1671 4644 1933 4715 γνωριζο-

286 4726 479 4798 μένην,
534 4725 610 4788 ὡς
664 4729 741 4798 νῷ
795 4730 874 4799 τῷ
931 4725 982 4782 ἐν
1032 4726 1312 4801 ἡμῖν,καὶ
1344 4724 1515 4803 λόγῳ,
1545 4726 1633 4781 καὶ
1664 4727 1932 4801 πνεύματι

356 4931 470 5004 (11)
528 4934 963 5009 Ἀφαιρουμὲνῳ.
1020 4936 1198 5009 Regg.
1258 4935 1379 5005 bm,
1438 4936 1543 5006 hu,
1604 4934 1941 5013 ὑφαίρουμὲ-

285 5023 667 5220 2:931“.
714 5076 808 5132 Sic
856 5077 1035 5150 Regg.
1067 5079 1189 5151 bm,
1221 5079 1326 5150 hu,
1359 5082 1417 5135 et
1465 5078 1559 5135 Or.
1615 5081 1665 5136 1.
1712 5082 1776 5138 In
1825 5084 1941 5155 ed.,

396 5165 435 5200 ι.

506 5214 579 5291 To
596 5214 919 5291 Jtvdpsvov.
954 5220 1130 5291 Coisl.
1161 5221 1211 5283 1,
1241 5218 1304 5272 τὸ
1336 5216 1645 5291 διδόμενον.

387 5283 474 5359 14)
510 5283 671 5363 Ούδέ-
707 5283 810 5363 γάρ
840 5289 930 5363 ,τὸ
982 5288 1324 5363 κτιζόμενον.
1376 5283 1759 5349 Coinbeﬁsius
1820 5312 1944 5351 ver-

292 5358 409 5414 tit:
434 5381 462 5436 ι‹
500 5375 589 5436 τις
618 5359 676 5414 id
711 5358 946 5436 quidem
1002 5358 1155 5436 quod
1207 5366 1383 5436 creat,
1416 5363 1562 5419 citra
1613 5366 1945 5434 passionem

291 5408 840 5555 creqt.»tCmteiium
890 5434 949 5489 id
1001 5408 1189 5491 Fusius
1238 5435 1297 5490 in
1346 5408 1442 5490 Or.
1473 5452 1546 5490 xx
1578 5408 1652 5493 οἳ
1700 5408 1949 5509 (105833;;

292 5518 400 5559 exn
429 5516 519 5557 ica
548 5518 637 5556 ur.

389 5571 815 5648 Tayévv'q'rat
848 5574 991 5648 κατάΔ
1012 5574 1087 5648 σέ,
1118 5576 1213 5633 Sic
1243 5576 1413 5633 codd.
1445 5578 1533 5633 Ita
1562 5576 1705 5648 legit
1734 5596 1799 5636 ac
1828 5597 1948 5639 ver-

291 5642 630 5704 tithilliu's.
662 5642 837 5705 Deest
871 5646 1007 5703 κατὰ
1037 5645 1093 5702 σέ
1120 5648 1181 5705 in
1213 5648 1305 5706 ed.

615 5772 881 5837 Pusam.
928 5776 1037 5839 Gs.
1085 5774 1326 5839 XXXV.

2112 4201 2204 4257 Χῐ.
2239 4200 2331 4256 Sic
2362 4200 2761 4269 sentimus,sic
2792 4201 2987 4258 animo
3017 4202 3206 4258 affecti
3238 4219 3466 4271 sumus,
3497 4202 3582 4258 ita
3608 4205 3697 4258 ια.

2040 4307 2197 4357 men,
2230 4295 2313 4360 ut,
2373 4306 2551 4360 quam
2613 4289 2955 4346 relationem
3011 4296 3189 4364 atque
3246 4291 3513 4347 ordinem
3573 4290 3695 4347 haec

2042 4379 2193 4435 inter
2246 4395 2307 4435 se
2366 4378 2636 4449 habeant,
2670 4378 2938 4435 Trinitati
2997 4380 3110 4453 ipsi
3167 4379 3296 4448 soli,
3328 4397 3393 4436 ac
3451 4384 3701 4454 purgata

2041 4472 2236 4523 ments
2278 4467 2642 4537 hominibus,
2673 4469 2909 4539 quibus,
2943 4469 3029 4525 vel
3078 4468 3137 4524 in
3192 4468 3299 4525 hac
3351 4470 3488 4538 vita,
3518 4469 3607 4526 vel
3640 4468 3701 4525 in

2042 4561 2341 4629 posterum
2394 4556 2654 4613 Trinitas
2704 4558 2761 4613 id
2812 4558 3165 4629 patefecerit,
3200 4560 3559 4615 noscendum
3609 4574 3697 4614 re-

2041 4644 2400 4717 linquamus.
2435 4646 2551 4701 Nos
2604 4649 2800 4702 autem
2834 4663 3012 4701 unam
3061 4652 3117 4703 et
3147 4648 3413 4705 eamdem
3462 4647 3700 4705 deitatis

2044 4741 2316 4792 naturam
2366 4737 2691 4801 teneamus,
2747 4752 2873 4807 quae
2926 4752 2995 4792 ex
3044 4737 3312 4810 principii
3361 4741 3613 4811 experte,
3646 4739 3707 4794 et

2268 4940 2413 5027 ἰξατά
2442 4940 2530 5027 τὸν
2580 4942 2764 5027 ἀιιηρἧ
2813 4939 2997 5027 Λόγον.
3046 4943 3137 5000 Sic
3185 4948 3323 5027 Reg.
3355 4944 3480 5027 “hii,
3528 4942 3701 5027 Cois}.

2055 5015 2247 5097 1,_etc.
2281 5015 2411 5071 Haec
2443 5015 2659 5070 desunt
2703 5015 2763 5069 in
2796 5015 2957 5081 edit.,
2993 5015 3324 5088 quamvis—:1
3354 5016 3520 5075 Billio
3569 5017 3701 5073 red-

2053 5090 2236 5226 dlt(iii?)
2270 5152 2596 5230 κτίσματος.
2628 5154 2805 5230 Οοὶει.
2838 5156 2862 5210 1
2915 5156 3095 5227 addit,
3128 5156 3211 5212 ὁτι
3266 5152 3405 5230 μηδὲ
3453 5154 3581 5212 εἴδει
3632 5154 3705 5211 ἑνὶ

2054 5226 2523 5298 κατασκευάζεται,
2573 5249 2602 5277 ‹‹
2655 5228 2809 5299 quod
2869 5244 2975 5284 nec
3033 5226 3133 5284 uni
3192 5226 3388 5286 formas
3447 5231 3704 5286 instrua-

2053 5305 2241 5442 tuiig)
2272 5366 2519 5442 Ἀνίσων.
2553 5368 2761 5442 Billius
2794 5387 2806 5425 :
2840 5392 2868 5420 «
2901 5370 3281 5428 diversarum.
3310 5394 3338 5422 ››

2388 5437 2785 5523 ἀριθμούμενα.
2817 5442 2909 5498 Sic
2939 5442 3117 5516 Regg.
3152 5446 3272 5512 bm,
3305 5443 3407 5513 hu,
3439 5444 3494 5497 et
3522 5438 3617 5497 Or.
3652 5439 3705 5494 1.

2056 5513 2229 5571 Deest
2255 5513 2322 5566 τά
2352 5513 2410 5567 in
2429 5513 2580 5568 edit.
3027 5513 3049 5515 “
3067 5513 3090 5516 ’

2127 5586 2242 5659 (20)
2270 5585 2452 5661 Ἔχει.
2487 5586 2573 5642 Ita
2601 5587 2743 5658 Reg.
2776 5584 2878 5657 hu,
2911 5588 2968 5642 et
2999 5586 3095 5642 Or.
3130 5586 3178 5641 1.
3210 5583 3342 5655 Alii,
3374 5579 3497 5658 ἔχῃ.

3304 5781 3379 5847 31
