4094 6212
459 367 614 428 “63

1697 353 1762 414 S.
1809 347 2181 413 GREGOR"
2226 345 2621 408 THEOLOGI

3713 342 3850 406 M64

457 500 846 576 generatione,
894 501 949 553 et
997 487 1364 566 processionc
1411 487 1769 561 agnoscitur,
1827 483 2104 556 quemad-

2243 478 2365 532 δσον
2397 477 2602 530 εἰκάσαι
2647 481 2764 537 τοῖς
2813 476 3092 545 αἰσθητοῖς
3143 472 3208 528 τὰ
3257 472 3444 544 νοητὰ,
3490 474 3579 528 καὶ
3621 480 3739 536 τοῖς
3774 497 3854 547 μι-

459 593 698 649 modum
729 589 785 643 id
838 585 992 659 quod
1026 583 1192 639 nobis
1241 582 1413 647 inest,
1454 583 1668 644 mente,
1719 589 2007 637 sermone,
2041 587 2108 626 ac

460 683 668 756 spiritu
703 678 856 734 482
889 673 1237 745 intelligitur
1266 670 1575 742 (quantum
1608 665 1844 738 quidem
1876 679 1942 717 ex
1975 678 2107 716 sen-

456 751 750 839 sibilibus,
783 783 871 835 ea,
903 782 1029 837 qua;
1080 762 1274 818 animo
1306 762 1362 814 et
1407 757 1628 811 ratione
1675 751 2105 824 intelliguntur,

455 865 630 933 atque
661 875 730 915 ex
760 855 952 929 parvis
986 850 1240 907 maxima
1271 845 1556 915 coniicere
1587 856 2110 914 possumus,quan-

453 928 774 1021 doquidem
825 943 985 1000 nulla
1016 941 1204 1010 imago
1253 936 1554 992 veritatem
1608 930 1842 1002 assequi
1874 928 2108 1001 potest),

454 1039 643 1112 ipsam
695 1051 895 1092 secum
927 1029 1295 1094 concordem,
1347 1038 1577 1094 semper
1627 1019 1919 1083 eamdem,
1954 1032 2108 1072 sem-

455 1105 559 1202 per
612 1126 948 1199 perfectam,
1010 1115 1334 1192 qualitatis,
1401 1109 1770 1184 quantitatis,
1830 1105 2112 1177 temporis

457 1221 773 1288 expertem,
827 1213 1169 1270 increatam,
1211 1209 1384 1274 atque
1432 1197 1746 1269 ejusmodi,
1797 1199 1861 1250 ut
1911 1210 2013 1249 nec
2061 1193 2113 1247 ei

457 1283 784 1380 quidquam
833 1313 1096 1371 unquam
1144 1295 1413 1356 defuerit,
1464 1305 1570 1344 nec
1613 1286 1953 1342 defuturum
2013 1283 2108 1348 sit,

456 1387 1131 1466 incomprehensibilem,
1166 1397 1469 1453 nunquam
1503 1395 1564 1433 se
1595 1377 1982 1438 deserentem,
2007 1386 2114 1425 nec

459 1485 824 1541 deserturum
850 1496 864 1534 :
886 1475 1128 1546 vitasﬁet
1153 1472 1357 1540 vitam,
1381 1465 1608 1522 lumina
1633 1467 1687 1519 et
1717 1463 1940 1527 lumen,
1963 1461 2116 1515 bona

459 1578 519 1630 et
546 1574 789 1639 bonum,
823 1565 1040 1640 glorias
1070 1565 1127 1618 et
1154 1559 1424 1634 gloriam,
1455 1570 1656 1610 verum
1707 1556 1765 1608 et
1790 1550 2112 1614 veritatem,

463 1679 530 1719 ac
560 1638 850 1733 spiritum—
863 1651 1147 1721 veritatis,
1179 1652 1382 1706 sancta
1412 1650 1468 1702 et
1496 1645 1810 1716 ipsammet
1839 1638 2114 1695 sanctita-

462 1757 581 1810 tem
612 1771 623 1808 :
662 1753 841 1807 Deum
875 1739 1408 1815 unumquodque,si
1439 1735 1753 1808 separatim
1786 1730 2116 1788 considere-

464 1848 581 1910 tur,
635 1844 827 1896 mente
875 1833 1162 1899 videlicet,
1194 1847 1262 1887 ea
1310 1845 1436 1900 quae
1486 1823 1746 1897 separari
1795 1809 2115 1891 nequeunt,

464 1933 775 2003 separante
805 1945 818 1982 :
846 1931 1024 1980 Deum
1058 1938 1264 1978 rursus
1296 1919 1413 1973 haec
1445 1913 1639 1981 tria,si
1675 1911 1911 1983 quidem
1945 1902 2123 1962 simul

462 2000 888 2090 intelligantur,
903 2015 974 2069 ob
1006 2011 1280 2068 eumdem
1313 2010 1536 2061 motum
1568 2006 1624 2058 et
1656 2000 1921 2055 eamdem
1950 2001 2115 2050 natu-

467 2127 590 2165 ram
627 2124 640 2162 :
674 2123 803 2163 eam
855 2104 1140 2158 rationem
1188 2097 1526 2159 habentem,
1561 2096 1626 2145 ut
1673 2105 1779 2144 nec
1833 2103 2009 2157 supra
2058 2099 2119 2138 se

469 2198 794 2271 quidquam
828 2191 1146 2263 reliquerit,
1179 2191 1279 2242 aut
1318 2183 1474 2239 aliud
1510 2179 1833 2251 quidquam
1886 2189 2121 2245 supera-

470 2290 581 2354 rit;
618 2267 762 2339 nihil
795 2282 948 2338 enim
983 2283 1144 2334 erat:
1182 2291 1286 2331 nec
1316 2288 1522 2328 rursus
1553 2268 1873 2340 quidquam
1909 2267 2040 2335 post
2061 2277 2122 2316 se

469 2377 745 2434 relictura
775 2376 878 2427 aut
923 2370 1274 2440 superatura
1300 2363 1378 2417 sit
1412 2386 1425 2429 ;
1456 2357 1600 2414 nihil
1651 2355 1804 2411 enim
1858 2354 2119 2406 futurum

470 2473 560 2523 est
591 2484 604 2534 ;
640 2479 745 2520 nec
775 2459 1026 2530 denique
1058 2470 1256 2512 secum
1309 2449 1526 2520 aliquid
1557 2444 1777 2516 isquale
1808 2441 2120 2506 admittat;

473 2553 618 2611 nihil
651 2549 807 2607 enim
840 2552 927 2604 est
958 2562 1026 2600 ex
1055 2541 1330 2599 omnibus
1362 2539 1537 2592 rebus
1570 2532 1801 2597 creatis,
1835 2534 1892 2585 et
1918 2527 2121 2597 servis,

474 2650 530 2698 et
560 2637 1069 2716 participantibus,
1104 2648 1170 2686 ac
1198 2622 1678 2695 circumscriptis,
1713 2619 1868 2692 quod
1901 2617 2121 2671 increa-

475 2710 596 2788 tam
645 2710 832 2792 illam,
885 2729 944 2780 et
995 2720 1317 2786 dominam,
1352 2719 1408 2769 et
1463 2710 1896 2785 participatam,
1953 2711 2125 2775 atque

475 2821 767 2877 inﬁnitam
817 2823 1088 2870 naturam
1127 2809 1497 2876 assequatur.
1529 2799 1746 2854 Verum
1796 2796 1910 2851 alia
1953 2794 2124 2865 longo

2215 573 2369 643 κροῖς
2398 570 2464 620 τὰ
2493 571 2740 640 μέγιστα,
2779 563 2964 633 ἐπειδὴ
2998 561 3246 637 μηδεμία
3293 562 3450 618 εἲκὼν
3502 564 3681 641 φθάνει
3735 565 3855 633 πρὸς

2213 658 2312 724 τήν
2372 653 2673 727 ἀλήθειαν),
2733 653 2897 723 αὐτὴν
2949 654 3111 726 ἑαυτῇ
3171 647 3720 727 σε)μ6αίνουσαν,,ἆεῖ
3767 656 3848 722 τήν

2216 744 2403 813 αὐτὴν,
2459 744 2539 797 ἀεὶ
2588 741 2820 812 τελείαν,
2881 743 3093 811 ἄποιον,
3155 743 3381 809 ἄποσον,
3426 740 3685 817 ἄχρονον,
3719 739 3850 796 ἄκτι-

2219 852 2364 900 στον,
2428 828 2826 906 ἀπερίληπτον,
2899 826 3097 884 οὔποτε
3141 827 3428 884 λείπουσαν
3481 831 3592 904 (21)
3650 830 3850 901 ἑαυτῆς,

2219 918 2342 974 οὔτε
2376 920 2661 993 λείψουσαν
2691 941 2702 952 ·
2740 921 2877 987 ζωὰς
2909 919 2999 973 καὶ
3028 920 3196 990 ζωὴν,
3232 923 3386 996 φῶτα
3413 919 3502 972 καὶ
3551 922 3687 995 φῶς,
3741 919 3853 993 ἀγα-

2220 1010 2285 1074 θὰ
2335 1008 2423 1064 καὶ
2473 1007 2694 1084 ἀγαθὸν,
2741 1005 2893 1078 δόξας
2944 1007 3032 1063 καὶ
3082 1005 3260 1077 δόξαν,
3310 1006 3566 1076 ἀληθινὸν
3613 1005 3702 1062 καί
3736 1006 3852 1077 ἀλή-

2220 1110 2386 1165 θειαν,
2418 1098 2507 1151 καὶ
2553 1101 2766 1170 πνεῦμα
2806 1098 2905 1164 τῆς
2956 1095 3234 1168 ἀληθείας,
3294 1098 3422 1170 ἅγια
3467 1095 3556 1150 καὶ
3589 1095 3854 1170 αὐτοαγιό-

2217 1208 2356 1257 τητα
2379 1206 2391 1218 ·
2427 1187 2554 1241 Θεὸν
2585 1183 2828 1253 ἕκαστον,
2863 1183 2922 1240 ἂν
2957 1192 3224 1260 θεωρῆται
3261 1183 3448 1256 μόνον,
3473 1189 3574 1238 τοῦ
3613 1188 3707 1237 νοῦ
3753 1204 3851 1257 χω.

2223 1277 2468 1353 ρίζοντος
2499 1277 2564 1330 τὰ
2593 1275 2912 1351 ἀχώριστα·
2964 1275 3090 1333 Θεὸν
3140 1275 3205 1328 τὰ
3250 1274 3394 1347 τρία,
3445 1279 3558 1346 μετ’
3604 1272 3853 1343 ἀλλήλων

2221 1363 2485 1437 νοούμενα
2537 1368 2614 1434 τῷ
2668 1368 2848 1435 ταυτῷ
2894 1370 2993 1432 τῆς
3039 1365 3302 1433 κινήσεως
3350 1362 3438 1417 καὶ
3487 1369 3588 1430 τῆς
3621 1364 3850 1438 φόσεως·

2224 1452 2345 1508 οὕτε
2369 1453 2498 1528 ὑπὲρ
2531 1453 2723 1522 ἑαυτήν
2754 1472 2805 1506 τι
2850 1450 3276 1520 καταλιποῦσαν,
3321 1449 3356 1520 ἥ
3410 1445 3711 1526 ὑπερϐᾶσαν
3764 1450 3856 1505 ἄλο

2224 1541 2290 1596 λο
2319 1560 2405 1594 τι’
2440 1540 2500 1594 οὐ
2533 1541 2635 1616 γὰρ
2668 1543 2730 1609 ἦν
2759 1559 2770 1572 ·
2818 1536 2941 1594 οὔτε
2993 1541 3108 1612 μεθ’
3166 1540 3358 1609 ἑαυτήν
3407 1561 3459 1593 τι
3513 1537 3853 1612 καταλείψουο

2225 1653 2317 1686 σαν
2367 1633 2500 1701 (22),
2559 1627 2594 1698 ἤ
2657 1624 3143 1705 ὑπερϐησομένηνο
3206 1628 3305 1683 οὐκ
3361 1626 3504 1683 ἔσται
3560 1628 3700 1705 γάρ’
3751 1625 3857 1682 οὔτε

2229 1720 2344 1794 μεθ’
2396 1719 2591 1788 ἑαυτῆς
2647 1739 2698 1772 τι
2767 1715 3224 1794 παραδεχομὲνην
3285 1717 3594 1790 ὁμότιμονο
3655 1715 3722 1771 οὗ
3768 1717 3854 1790 γὰρ

2226 1807 2517 1888 ἐφικνεῖταί
2585 1829 2639 1862 τι
2705 1811 2812 1862 τῶν
2860 1811 3115 1872 κτιστῶν,
3163 1806 3253 1860 καὶ
3304 1803 3538 1876 δούλων,
3598 1805 3688 1860 καὶ
3748 1826 3858 1877 μετ-

2235 1898 2493 1974 εχόντων,
2543 1897 2631 1951 καὶ
2690 1899 3070 1974 περιγραπτῶν
3102 1903 3201 1964 τῆς
3235 1896 3506 1966 ἀκτίστου,
3536 1895 3626 1949 καὶ
3689 1891 3860 1949 δεσπο-

2234 1995 2412 2056 τικῆς,
2446 1987 2534 2041 καὶ
2579 1985 2987 2058 μεταληπτικῆς
3038 1987 3173 2058 (23),
3221 1985 3309 2038 καὶ
3363 1984 3588 2060 ἀπείρου
3642 1984 3859 2060 φύσεως.

2228 2079 2302 2131 Τὰ
2348 2077 2440 2149 μὲν
2491 2077 2591 2151 γὰρ
2641 2074 2813 2144 πάντη
2866 2074 3076 2151 πόῤῥω,
3107 2074 3175 2128 τὰ
3205 2071 3261 2128 δὲ
3292 2079 3472 2135 ποσῶς
3502 2072 3862 2142 πλησιάζοντα

2229 2167 2317 2222 καὶ
2349 2165 2721 2235 πλησιάσοντα
2745 2182 2756 2194 “
2807 2164 2897 2218 καὶ
2949 2168 3114 2218 τοῦτο
3154 2162 3215 2217 οὐ
3248 2163 3421 2240 φύσει,
3455 2161 3602 2217 ἀλλὰ
3643 2163 3866 2233 μεταλή-

2231 2260 2343 2330 ψει,
2399 2254 2488 2309 καὶ
2547 2253 2765 2322 πηνίκα,
2815 2253 2939 2307 ’ὁταν
2989 2254 3051 2306 τὸ
3102 2250 3389 2307 δουλεῦσαι
3437 2253 3550 2324 (24)
3580 2249 3765 2312 καλῶς

2230 2341 2438 2416 Τριάδι,
2470 2344 2600 2418 ὑπὲρ
2631 2344 2728 2411 την
2755 2339 2999 2396 δουλείαν
3034 2341 3254 2416 γένηται
3283 2360 3294 2372 ·
3330 2340 3479 2415 εἴπερ
3507 2344 3582 2413 μή
3607 2341 3865 2395 καὶτοῦτο

2234 2434 2361 2488 αὐτὸ
2414 2435 2448 2503 ἡ
2502 2427 2777 2506 ἐλευθερία
2835 2430 2925 2484 καὶ
2987 2433 3021 2498 ἡ
3073 2427 3318 2505 βασιλεία
3373 2432 3510 2502 (25),
3566 2430 3628 2483 τὸ
3687 2433 3868 2503 γνῶναι

2233 2521 2415 2584 καλῶς
2451 2519 2784 2600 δεφττοτείαν⁹
2818 2517 2962 2573 ἀλλὰ
2998 2521 3073 2592 μὴ
3107 2518 3291 2596 φ’ἂρειν
3338 2518 3404 2572 τὰ
3451 2515 3738 2587 διεστῶτα,
3787 2521 3866 2571 νοῦ

2231 2612 2598 2680 ταπεινότητι.
2635 2609 2730 2671 Οἷς
2782 2605 2838 2663 δὲ
2879 2608 2942 2662 τὸ
2992 2605 3277 2662 δουλεῦσαι
3335 2605 3614 2677 τοσοῦτον,
3675 2605 3867 2676 πηλίκη

2231 2701 2436 2754 τούτων
2472 2702 2506 2768 ἡ
2533 2696 2849 2764 δεσποτεία;
2883 2696 2971 2751 καὶ
3005 2695 3050 2750 εἰ
3080 2696 3142 2752 τὸ
3171 2701 3369 2772 γνῶναι
3406 2696 3744 2771 μακαριότης

2235 2785 2474 2857 πηλίκον
2508 2787 2568 2839 τὸ
2598 2783 2998 2860 γινωσκόμενον
3026 2803 3038 2852 ;

477 2924 719 2982 prorsus
751 2907 822 2960 ab
853 2921 919 2957 ea
949 2896 1254 2955 intervallo
1299 2893 1542 2954 distant,
1577 2887 1690 2944 alia
1739 2884 1978 2958 propius
2009 2878 2444 2952 quodammodo
2496 2877 2566 2930 ad
2615 2892 2742 2930 eam
2794 2874 3100 2939 accedunt,
3132 2879 3307 2944 atque
3357 2889 3673 2928 accessura
3720 2875 3873 2926 sunt:

478 2963 531 2982 Γ

475 3000 654 3071 idque
688 3011 800 3050 non
833 2994 882 3046 vi
921 2995 1162 3050 naturae,
1196 2985 1296 3039 sed
1329 2980 1548 3053 gratias,
1583 2992 1791 3046 nempe
1822 2989 1952 3027 cum
1985 2971 2238 3026 servitus
2267 2965 2532 3020 'I‘rinitati
2576 2967 2727 3020 recte
2761 2963 3225 3034 praestita,supra
3255 2963 3597 3018 servitutem
3633 2975 3875 3016 assurre-

483 3088 632 3144 xerit
664 3103 676 3141 :
711 3082 824 3139 nisi
856 3087 1047 3135 tamen
1078 3076 1188 3130 hoc
1221 3086 1454 3143 quoque
1483 3068 1678 3138 ipsum
1712 3063 1953 3118 libertas
1983 3065 2039 3114 et
2071 3072 2310 3129 regnum
2332 3059 2440 3119 est,
2475 3052 2935 3107 dominationem
2969 3053 3145 3122 probe
3175 3067 3624 3121 agnoscere,nec
3656 3067 3740 3118 ea,
3764 3065 3873 3120 quae

478 3181 633 3234 inter
660 3191 722 3230 se
751 3171 1028 3228 distincta
1055 3169 1212 3233 sunt,
1247 3177 1347 3233 per
1378 3156 1556 3214 animi
1589 3151 1969 3225 abjectionem
2003 3146 2357 3203 confundere
2389 3159 2455 3197 ac
2494 3141 2861 3212 permiscere.
2901 3141 3068 3195 Porro
3112 3141 3329 3212 quibus
3361 3143 3622 3206 tantum,
3657 3146 3875 3208 tamque

482 3264 872 3322 honorificum
899 3261 990 3314 est
1020 3225 1314 3315 serviisse,
1347 3249 1567 3320 quanta
1593 3243 1830 3298 tandem
1863 3239 2074 3294 horum
2105 3233 2428 3290 dominatio
2475 3229 2768 3285 censenda
2810 3229 2946 3284 est?
2979 3230 3046 3284 Et
3076 3245 3209 3284 cum
3241 3229 3496 3301 cognitio
3548 3229 3680 3300 ipsa
3724 3225 3887 3282 beati-

493 3355 634 3409 tudo
665 3351 765 3416 sit,
799 3351 1112 3420 quantum,
1145 3356 1360 3414 quaso,
1391 3335 1533 3390 illud
1566 3337 1674 3401 est,
1707 3330 1861 3400 quod
1893 3323 2309 3399 cognoscitur?

564 3441 680 3496 Xll.
717 3413 834 3492 Hoc
882 3434 1051 3490 nobis
1083 3413 1360 3500 magnum
1407 3423 1554 3477 illud
1605 3416 1946 3490 mysterium
1981 3413 2140 3481 vult;
2175 3414 2216 3479 C

491 3529 600 3586 hoc
635 3532 836 3584 nostra
869 3524 926 3578 in
954 3521 1278 3587 Patrem,et
1309 3513 1544 3581 Filium,
1573 3515 1629 3565 et
1661 3507 1943 3578 Spiritum
1975 3519 2140 3558 sanc-

487 3625 637 3688 tum,
691 3633 756 3670 ac
804 3625 1115 3670 commune
1164 3620 1399 3668 nomen,
1459 3600 1604 3654 lides
1651 3603 1706 3652 et
1756 3591 2135 3666 regeneratio,

485 3681 691 3763 atheite
749 3699 1039 3773 abjuratio
1097 3703 1154 3753 et
1195 3692 1428 3750 deitatis
1487 3684 1792 3743 confessio.
1827 3683 1969 3737 Nam
2031 3681 2140 3735 hoc

482 3809 795 3852 commune
827 3790 970 3845 illud
1005 3801 1216 3842 nomen
1248 3787 1356 3838 est.
1391 3777 1669 3842 Quocirca
1699 3773 1874 3827 trium
1912 3767 2135 3838 aliquid

480 3888 874 3945 contemnere,
934 3881 1036 3932 aut
1095 3885 1397 3944 separare,
1459 3862 1884 3920 confessionem
1944 3858 2136 3927 ipsam

479 3976 848 4029 contemnere
897 3970 1010 4031 est,
1053 3962 1162 4017 hoc
1212 3963 1318 4025 est,
1354 3949 1876 4026 regenerationem,
1929 3945 2135 4000 divini-

479 4065 681 4127 tatem,
715 4053 1161 4116 deificationem,
1196 4062 1382 4119 spem.
1419 4041 1622 4096 Videte
1653 4036 1852 4110 qualia
1883 4033 2136 4104 Spiritus

483 4149 676 4216 nobis,
706 4163 836 4203 cum
871 4143 1051 4199 Deum
1085 4139 1276 4210 ipsum
1308 4132 1718 4206 praedicamus,
1740 4123 2020 4195 largiatur
2043 4141 2055 4189 ;
2081 4126 2137 4177 et

481 4238 699 4309 quibus
730 4235 904 4290 rebus
934 4247 1040 4286 nos
1071 4225 1332 4290 mulctet,
1357 4238 1488 4277 cum
1520 4217 1818 4290 spernitur
1856 4229 1921 4266 ac
1955 4210 2137 4282 rejici-

482 4334 595 4381 tur.
630 4325 793 4379 Mitto
825 4321 981 4378 enim
1012 4317 1204 4373 dicere
1250 4319 1528 4368 terrorem
1558 4312 1735 4376 atque
1779 4303 1931 4358 438
1963 4301 2134 4365 iram,

481 4416 652 4484 cujus
686 4413 861 4466 minae
891 4425 1006 4465 non
1036 4409 1095 4461 in
1151 4403 1424 4470 cultores,
1460 4397 1560 4452 sed
1595 4396 1652 4449 in
1703 4395 2135 4461 contemptores

479 4483 888 4560 intenduntur.
905 4507 1096 4570 Atque
1127 4497 1246 4551 haec
1277 4493 1447 4548 nobis
1479 4489 1547 4542 ad
1579 4504 1681 4540 vos
1715 4483 1981 4546 breviter,
2016 4497 2130 4534 non

477 4592 838 4665 disputandi,
889 4569 1286 4646 sedidocendi
1342 4579 1555 4641 modo,
1589 4591 1704 4629 non
1752 4569 2132 4631 Aristotelico,

473 4682 573 4738 sed
627 4679 975 4754 piscatorio;
1019 4684 1153 4731 non
1187 4669 1451 4742 improbe
1502 4680 1566 4719 ac
1613 4659 1976 4727 veteratcrie,
2028 4657 2127 4712 sed

474 4768 895 4844 epiritualiter;
927 4783 1040 4821 non
1092 4759 1572 4823 circumforanee,
1607 4752 1707 4806 sed
1760 4749 2128 4804 concionato-

471 4861 557 4917 rie
586 4864 642 4914 et
672 4855 1103 4921 ecclesiastice;
1137 4868 1253 4906 non
1285 4848 1357 4903 ad
1390 4837 1983 4905 ostentationem,sed
2018 4835 2128 4890 uti-

545 5006 655 5076 (21)
691 4999 903 5061 Οὔποτε
935 4999 1247 5076 λείπουσαν,
1280 4997 1389 5048 etc.
1424 5014 1450 5042 «
1485 4992 1619 5055 Quae
1662 4984 1776 5041 sibi
1820 4996 2124 5054 nunquam

475 5073 680 5148 defuit,
713 5093 818 5134 nec
835 5075 1119 5148 defutura
1151 5073 1240 5148 est
1291 5089 1317 5144 »ξ

547 5123 1272 5220 (ε’ῥὶἰξὲιέἒῐεῐῴῐιὸξτέγ.είς
1314 5136 1451 5220 Reg.
1485 5131 1586 5194 hu,
1620 5134 1678 5220 et
1702 5126 1800 5215 pr.
1839 5126 1888 5178 1.
1921 5124 2013 5178 Sic
2044 5123 2122 5177 1e-

473 5196 560 5292 git:
591 5196 657 5276 et,
677 5196 962 5292 expressit
993 5210 1312 5292 Billius‘._ln
1344 5196 1459 5292 edi,
1491 5196 1939 5292 xamkigouagv.

545 5264 1581 5374 isiéi‘e'frzifasaalis'wserias
1628 5269 1794 5374 σοάίέι·
1847 5267 1984 5334 ίῖθε·
2019 5264 2120 5374 ξύν

1418 5333 1502 5400 111³
1532 5343 1660 5398 Par.
1712 5339 1828 5402 ed.,
1885 5333 2122 5406 μεταλυ-

469 5439 688 5503 πτικῆς,
727 5433 1069 5503 [mendose].

539 5501 652 5577 (24)
677 5501 755 5559 Τὸ
809 5501 1118 5558 δουλεῦσαι.

466 5570 656 5630 λεῧσαί
666 5620 680 5634 .

471 5620 797 5774 οόέῗέῩΚαὶ
849 5646 885 5716 ἦ
941 5635 1208 5722 βασιλεία.
1260 5634 1354 5690 Sic
1410 5628 1545 5704 Reg.
1605 5623 1703 5679 hu.
1764 5624 1936 5680 Deest
1975 5621 2009 5692 ἡ
2055 5620 2114 5676 in

1175 5496 1316 5564 Reg.
1374 5489 1476 5554 hu,
1525 5487 1582 5537 et
1629 5480 1724 5535 Or.
1763 5480 1810 5545 1,
1858 5481 1937 5548 τῷ
1995 5473 2118 5530 δου-

2326 3407 2429 3463 ΙΒ’.
2464 3409 2631 3459 Τοῦτο
2662 3406 2797 3476 ἡμῖν
2847 3404 2909 3459 τὸ
2948 3403 3084 3480 μέγα
3125 3405 3422 3480 μυστήριον
3455 3402 3716 3480 βούλεται
3744 3418 3757 3432 ⁸
3784 3395 3892 3454 τοῦ-

2249 3516 2332 3563 το,
2365 3497 2400 3564 ἡ
2453 3494 2528 3555 εἷς
2585 3492 2816 3568 Πατέρα,
2867 3492 2954 3547 καὶ
3007 3493 3154 3559 Υἱὸν,
3206 3493 3293 3547 καὶ
3343 3494 3496 3568 ἅγιον
3544 3488 3888 3564 ﬁnitimam

2247 3585 2310 3638 τὸ
2367 3583 2549 3638 κοινὸν
2609 3578 2806 3654 ὄνομα,
2856 3581 3032 3644 πίστις
3089 3581 3178 3635 καὶ
3244 3581 3624 3655 ἀναγέννησις,
3684 3580 3882 3656 ἄρνησις

2250 3670 2425 3732 ἆθείας
2473 3675 2587 3743 (27)
2642 3670 2732 3725 καὶ
2791 3667 3065 3744 ὁμολογία
3112 3668 3390 3739 θεότητος.
3461 3675 3635 3724 Τοῦτο
3695 3671 3792 3743 γὰρ
3831 3667 3884 3721 τὸ

2247 3761 2424 3816 κοινὸν
2486 3755 2678 3831 ὄνομα.
2739 3761 2900 3812 ’Ὡστε
2953 3757 3015 3812 τὸ
3069 3758 3346 3830 ἀτιμάζειν
3393 3780 3444 3813 τι
3494 3764 3607 3813 τῶν
3665 3753 3882 3833 τριῶνῆ

2248 3849 2528 3925 χωρίζειν,
2561 3848 2839 3920 ἀτιμάζειν
2889 3845 2998 3901 ἐστὶ
3044 3848 3143 3914 τήν
3192 3845 3511 3922 ὁμολογίαν,
3563 3847 3629 3901 τὸ
3679 3849 3770 3917 μὲν
3798 3845 3881 3909 τήν

2247 3938 2616 4013 ἀναγὲννησιν,
2662 3937 2726 3990 τὸ
2778 3933 2834 3990 δὲ
2870 3936 2968 4003 την
3022 3937 3251 4005 Θεότητα
3275 3956 3286 3968 ·
3319 3936 3381 3990 τὸ
3417 3936 3512 4008 μὲν
3543 3937 3648 4004 τήν
3685 3936 3883 3999 Θὲωσιν,

2245 4028 2306 4080 τὸ
2362 4023 2419 4080 δὲ
2471 4027 2569 4093 τήν
2630 4021 2844 4079 ἐλπίδα.
2902 4025 3089 4098 Ὁρᾶτε
3145 4025 3232 4078 οἶα
3290 4025 3576 4099 χαρίζεται
3649 4027 3784 4094 ἡμῖν
3837 4021 3888 4074 τὸ

2247 4113 2462 4187 Πνεῦμα
2510 4111 2959 4188 θεολογοσόμενον,
3010 4111 3097 4167 καῖ
3148 4113 3239 4167 οἷα
3272 4118 3466 4186 ζημιοῖ
3513 4112 3886 4185 ἀθετούμενον.

2247 4205 2352 4258 Ἐῶ
2383 4203 2485 4278 γὰρ
2520 4202 2692 4277 λέγειν
2724 4202 2814 4255 τὸν
2845 4195 3036 4275 φόϐον,
3086 4201 3175 4255 καὶ
3221 4202 3319 4269 τήν
3373 4200 3766 4273 ἠπειλημένην
3816 4198 3890 4273 ὀρ-

2245 4294 2372 4368 γὴν,
2405 4291 2466 4346 οὐ
2490 4296 2606 4352 τοῖ.⁸
2635 4294 2890 4362 τιμῶσιν,
2941 4287 3000 4343 ἀ)
3017 4287 3088 4343 λὰ
3128 4295 3244 4352 τοῖς
3293 4289 3680 4362 ἀτιμάζουσιν.
3733 4292 3887 4342 Ταῦτα

2244 4383 2318 4444 ὡς
2350 4381 2400 4435 ἐν
2437 4379 2668 4456 βραχέσι
2699 4377 3137 4456 πεφιλοσόφηται
3169 4380 3305 4454 πρὸς
3340 4379 3479 4451 ὑμᾶς
3697 4375 3888 4451 δογμαο

2241 4475 2433 4535 τικῶς,
2492 4466 2621 4523 ἀλλ’
2674 4467 2774 4521 οὐκ
2820 4465 3185 4542 ἀντιλογικῶς
3217 4487 3228 4499 ⁸
3265 4467 3620 4537 ἁλιευτικῶς,
3650 4466 3778 4521 ἀλλ’
3804 4465 3888 4519 οὐκ

2244 4555 2732 4633 Ἀριστοτελικῶς·
2769 4561 3177 4629 πνευματικῶς,
3225 4556 3350 4611 ἀλλ’
3401 4556 3463 4610 οὐ
3511 4574 3889 4631 κακοπραγμο-

2240 4651 2403 4708 νικῶς
2426 4664 2437 4677 ·
2472 4642 2960 4713 ἐκκλησιαστικῶς,
2992 4642 3119 4698 ἀλλ’
3168 4643 3268 4698 οὐκ
3324 4642 3601 4719 ἀγοραίως
3629 4664 3642 4676 ·
3707 4639 3886 4719 iugali-

2245 4756 2380 4808 μως,
2441 4733 2565 4787 ἀλλ’
2621 4731 2720 4787 οὐκ
2749 4729 3127 4793 ἐπιδεικτικῶς
3151 4753 3162 4764 ·
3193 4730 3283 4786 ’ίνα
3310 4703 3480 4808 γνιῶτι
3507 4732 3572 4786 τὸ
3607 4732 3742 4789 αὖτό
3768 4703 3880 4804 ἰορθ-

2237 4829 2459 4884 νοῦντας
2488 4823 2655 4893 ἡμᾶς,
2689 4820 2739 4873 οἱ
2765 4821 2884 4874 καθ’
2933 4823 3091 4892 ἡμῶν
3136 4818 3612 4896 δημηγοροῦντες,
3649 4822 3740 4875 καὶ
3796 4839 3880 4870 πι-

3596 4868 3612 4893 9

2270 5043 2280 5054 ,
2308 4971 2416 5040 (26)
2555 4965 2617 5019 τὸ
2658 4969 2856 5054 γνῶναι
2894 4966 3250 5054 μακαριότης,
3283 4973 3392 5054 tito.
3425 4967 3660 5054 A'l'ludit
3689 4967 3877 5034 Grego-

2237 5039 2360 5123 rius
2393 5041 2460 5123 ad
2497 5039 2619 5123 haec
2648 5040 2890 5123 Joannis
2923 5042 3095 5094 verba
3125 5057 3265 5104 xvu,
3295 5040 3329 5093 3
3361 5058 3426 5093 τα
3463 5039 3599 5093 Hec
3656 5045 3744 5093 est
3786 5054 3874 5091 au-

2235 5119 2353 5170 tem
2388 5113 2504 5192 vita
2534 5117 2766 5176 aeterna,
2799 5116 2868 5192 ut.
2893 5116 3329 5192 cognoscantje
3360 5109 3552 5192 solum
3590 5111 3776 5166 Deum
3802 5121 3874 5160 ve-

2236 5189 2477 5266 rumuet
2509 5197 2682 5252 quem
2739 5181 3197 5266 mis‘isti‘desum
3250 5181 3574 5266 Cbristum,
3607 5205 3636 5231 ››
3672 5183 3730 5235 in
3775 5194 3869 5250 qua

2233 5251 2564 5334 cognitione
2595 5252 2867 5334 consistit
2911 5259 3063 5309 certe
3107 5270 3242 5310 vera
3291 5254 3622 5318 beatitudo,
3658 5270 3780 5325 qua
3821 5251 3864 5303 in

2233 5323 2449 5384 aeterna
2479 5325 2596 5378 vita
2626 5323 2930 5394 reperitur.

2234 5472 2243 5481 I
2462 5393 2724 5481 ’iApvncrc
2751 5393 3074 5481 “Nefas”:
3118 5395 3423 5467 Abjuratio
3476 5394 3714 5458 atheie,
3760 5408 3859 5456 seu,

2231 5465 2572 5541 impietatis,
2604 5465 2904 5541 guaDeus
2934 5465 3177 5541 tollitur.
3206 5465 3227 5517 ἰ

2301 5531 2413 5615 (28)
2465 5531 2912 5615 Πειριλοσόφηται
2959 5537 3096 5613 πρὸς
3147 5538 3309 5611 ὑμᾶς.
3370 5537 3503 5594 Hec
3562 5537 3776 5594 desunt
3815 5531 3861 5586 in

2229 5609 2369 5687 Reg.
2401 5612 2524 5680 bm,
2551 5609 2609 5668 et
2640 5609 2736 5666 Or.
2758 5609 2819 5668 ’1.
