4094 6212
323 376 441 439 116

1438 374 1727 439 ORATIO
1772 376 2091 437 XXlll.—
2132 377 2233 435 DE
2278 374 2477 436 PACE
2521 373 2629 437 Ill.

3582 376 3738 437 1166

316 508 721 584 νηγυρίζοντες,
771 508 860 562 καὶ
910 513 1071 563 τοῦτο
1125 509 1284 580 μόνον
1338 511 1714 581 ὁμονοοῦντες,
1763 504 1817 560 ἓν
1878 505 1974 576 ἐμ-

2098 507 2223 563 liter
2253 507 2408 562 dicta
2434 509 2551 563 sint
2585 526 2596 573 ;
2630 509 2809 580 utqui
2832 510 3139 564 adversum
3159 525 3266 564 nos
3295 508 3604 565 conciones
3625 509 3738 564 ha-

317 597 669 671 πνεομένους,
745 595 796 651 ἔν
876 599 1169 659 πνέονταςσ
1248 598 1338 652 καὶ
1419 599 1517 670 μή,
1608 598 1844 667 καθάπερ
1923 595 1974 648 οἱ

320 686 716 758 λιμώττοντες,
794 687 1217 761 σπερμολογῆτε
1288 686 1355 741 τὰ
1432 686 1598 759 μικρὰ
1666 688 1849 757 ἡμῶν,
1900 679 1973 737 εἷ’-

320 796 376 830 τε
430 774 743 847 πταίσματα
808 775 919 848 χρὴ
983 774 1186 850 λέγειν,
1248 772 1351 828 εἷίτε
1424 774 1513 827 καὶ
1570 773 1829 847 παίγνια·
1900 772 1974 832 ὡς

433 882 441 895 ”
492 871 589 932 τῆς
641 865 807 936 ἄκρας
864 860 1308 936 κακοδαιμονίας,
1368 864 1443 934 μὴ
1512 862 1563 916 ὲν
1622 868 1738 922 τοῖς
1816 858 1975 921 ἰδίοις

318 955 409 1029 ἰσχ
536 957 558 983 τ
596 953 678 1007 ιτὸ
726 949 960 1028 ἅσφαλὶς
1012 949 1184 1027 ἴγειν,
1242 950 1366 1005 ἀλλ’
1420 951 1472 1005 ἐν
1500 957 1619 1013 τοῖς
1651 948 1846 1024 ἱτὲρων
1882 970 1975 1002 σα-

320 1044 471 1116 θροῖς
507 1043 642 1116 (29)’

400 1309 492 1363 ΙΓ’.
528 1304 669 1363 Ἰδοὺ
721 1303 894 1375 δεξιὰς
947 1304 1166 1379 δίδομεν
1217 1303 1493 1375 ἀλλήλοις
1555 1304 1606 1359 ἐν
1638 1309 1757 1365 ταῖς
1791 1302 1977 1376 ὑμετέ-

332 1417 449 1471 ραις
484 1392 689 1469 ὄψεσιν.
721 1392 857 1448 Ἰδοὺ
905 1402 1005 1463 τῆς
1050 1392 1277 1469 Τριάδος
1323 1394 1389 1447 τὰ
1439 1391 1587 1468 ἔργα,
1635 1399 1733 1461 τῆς
1768 1393 1976 1464 ὁμοίως

319 1489 455 1558 ἡμῖν
518 1483 881 1557 δοξαζομένης
936 1504 995 1537 τε
1071 1482 1160 1537 καί
1234 1481 1732 1559 προσκυνουμένης.
1807 1485 1977 1535 Τοῦτο

326 1575 466 1647 ὑμᾶς
501 1573 906 1649 χρηστοτέρους
944 1575 1165 1641 ποιήσει
1198 1575 1311 1644 (30)
1364 1572 1451 1626 καὶ
1500 1569 1973 1646 ὀρθοδοξοτὲρους.

320 1669 407 1725 Ὡς
466 1659 664 1741 ὄφελόν
719 1682 782 1736 γε
837 1662 925 1716 καὶ
985 1661 1399 1733 ἀκουσθείημεν,
1470 1660 1560 1714 καὶ
1616 1658 1824 1735 γένοιτο
1877 1661 1975 1728 τὴν

324 1753 534 1827 ἠμὲραν
588 1751 811 1821 ταύτην,
865 1749 1073 1825 ἡμέραν
1126 1748 1366 1824 γενέσθαι
1416 1746 1648 1817 κλητὴν,
1685 1748 1860 1823 ἁγίαν,
1899 1748 1975 1820 μὴ

324 1840 653 1916 ἀντιλογίας,
704 1838 831 1895 ἀλλ’
881 1837 1240 1914 εὐρυχωρίας·
1298 1840 1372 1910 μὴ
1420 1842 1725 1912 πειρασμοῦ
1762 1836 1977 1909 μνημὸ-
2008 1875 2055 1940 Β

324 1950 503 2000 συνον,
538 1928 662 1984 ἀλλ’
688 1929 880 2003 ὶορτήν
910 1927 1191 1981 ἐπινίκιον
1219 1924 1311 1980 ’ίνα
1340 1928 1400 1981 τὸ
1451 1929 1597 1997 ἡμᾶς
1648 1932 1974 2003 συμφρονεῖν

322 2016 621 2087 ἀλλήλοις,
668 2018 757 2071 καὶ
812 2020 1007 2089 μικροῦ
1058 2022 1227 2069 πᾶσαν
1278 2017 1375 2083 τήν
1411 2014 1761 2086 οἰκουμένην,
1816 2016 1884 2083 ἧς
1913 2014 1980 2069 τὰ

329 2109 419 2181 μὶν
474 2107 637 2181 ὑγιῶς
690 2108 825 2181 εἶχε,
878 2107 944 2159 τα
992 2102 1049 2158 δὲ
1096 2109 1186 2158 νῦν
1238 2100 1476 2159 ἀπέλαϐε
1524 2106 1621 2171 τὴν
1657 2104 1882 2179 ὑγίειαν,
1913 2106 1979 2158 τὰ

325 2196 382 2251 δὶ
432 2196 686 2269 ὑγιαίνειν
742 2193 990 2269 ἄρχεται,
1048 2198 1214 2248 τοῦτο
1263 2194 1351 2247 καὶ
1396 2193 1521 2265 ὑμῖν
1557 2192 1729 2247 αἶίτιον
1760 2195 1979 2269 γένηται

328 2281 624 2355 σωτηρίας,
708 2282 796 2334 καὶ
871 2279 1243 2341 ἀναπλάσεως.
1330 2282 1396 2334 Ὠ
1472 2282 1631 2356 Τριὰς
1690 2280 1831 2355 ἁγία,
1890 2281 1978 2334 καὶ

330 2370 702 2444 προσκυνητή,
734 2369 823 2423 καὶ
860 2369 1208 2442 μακρόθυμεῖ
1251 2369 1601 2442 μακρόθυμος
1650 2371 1753 2445 γὰρ
1802 2371 1836 2438 ἡ
1894 2368 1982 2423 ἰπὶ

333 2463 590 2513 τοσοῦτον
641 2459 985 2532 ἀνασχομένη
1044 2462 1149 2511 τῶν
1206 2459 1264 2512 σὶ
1316 2458 1644 2530 τεμνόντων.
1706 2462 1769 2511 Ὠ
1797 2461 1980 2534 Τριάς,

335 2550 402 2615 ἧς
448 2547 553 2621 ἐγὼ
598 2547 965 2617 κατηξιώθην,
1016 2547 1105 2600 καὶ
1158 2546 1361 2622 λάτρης
1394 2550 1549 2614 εἶναι,
1582 2548 1668 2602 καὶ
1703 2551 1867 2621 κῆρυξ
1925 2547 1985 2602 ἐκ

338 2635 593 2696 πλείονος
652 2635 1046 2709 ἀνυπόκριτοςί
1108 2637 1172 2689 Ὦ
1228 2638 1388 2711 Τριάς
1446 2640 1480 2705 ἡ
1532 2636 1661 2690 πᾶσί
1710 2639 1821 2709 (31)
1854 2658 1985 2692 ποτε

338 2725 791 2800 γνωσθησομὲνη,
839 2730 955 2785 τοῖς
1009 2724 1101 2796 μὲν
1134 2724 1203 2798 τῇ
1236 2723 1529 2798 ἐλλάμψει,
1561 2731 1678 2787 τοῖς
1709 2723 1765 2780 δὲ
1794 2725 1862 2799 τῇ
1890 2748 1983 2780 κο-

341 2813 525 2869 λάσειί
588 2815 783 2888 Δέχοιο
841 2813 928 2867 καὶ
987 2812 1211 2874 τούτους
1267 2816 1663 2888 προσκυνητὰς,
1723 2815 1851 2876 τοὺς
1892 2819 1983 2869 νῦν

342 2898 617 2977 ὑϐριστάςο
696 2902 784 2955 καὶ
868 2900 1073 2974 μηδένα
1152 2904 1584 2976 ζημιωθείημεν,
1657 2902 1824 2976 μηδὲν
1878 2910 1986 2959 τῶν

340 2991 662 3065 ἐλαχίστων,
694 2990 788 3044 κᾶν
824 2989 919 3062 ἐμὲ
948 3012 998 3044 τι
1042 2994 1385 3063 ζημιωθῆναι
1421 2989 1530 3045 δέοι
1564 2996 1675 3066 (32)
1733 2996 1831 3061 τῆς
1881 2995 1984 3067 χά-

343 3099 517 3156 ριτος·
561 3080 622 3133 οὗ
652 3081 753 3155 γὰρ
778 3079 973 3152 τολμῶ
1004 3084 1260 3134 τοσοῦτον
1294 3080 1418 3135 ὅσον
1448 3083 1475 3135 ὁ
1508 3080 1840 3144 Ἀπόστολος
1872 3085 1984 3156 (33)

340 3169 679 3247 φθέγξασθαι.

2086 597 2259 663 betis,
2292 603 2349 652 et
2376 597 2435 651 in
2470 597 2718 669 publicis
2750 598 3133 653 conventibus
3162 614 3264 653 vos
3294 597 3454 669 ipsos
3476 598 3737 667 jactatis,

2087 691 2262 757 atque
2294 686 2351 739 in
2386 686 2494 741 hoc
2544 704 2659 741 uno
2705 686 3019 743 concordes
3065 686 3230 753 estis,
3282 702 3388 741 nos
3420 685 3575 741 idem
3607 703 3742 743 sen-

2087 775 2218 842 tire,
2255 776 2455 830 eodem
2493 776 2663 830 modo
2704 775 3004 847 inspirari,
3040 776 3196 830 idem
3246 775 3471 846 spirare
3519 774 3737 829 intelli-

2086 866 2276 935 gatis;
2326 880 2450 931 nec,
2507 872 2570 919 ut
2617 864 2716 936 qui
2773 866 2926 919 fame
2974 872 3342 935 premuntur,
3387 863 3597 935 exigua
3638 880 3740 920 n0-

2086 957 2228 1016 stra,
2263 952 2383 1007 sive
2413 958 2672 1024 peccata,
2706 954 2825 1009 sive
2873 953 3099 1009 ludicra
3130 954 3380 1009 dicenda
3430 956 3590 1022 sunt,
3624 953 3743 1009 col-

2087 1041 2283 1113 ligatis
2312 1046 2487 1111 atque
2520 1042 2575 1095 in
2609 1042 2819 1113 vulgus
2866 1043 3178 1114 spargatis.
3212 1044 3494 1097 Extremas
3528 1042 3741 1114 quippe

2086 1128 2332 1184 miseriee
2364 1134 2475 1195 est,
2509 1146 2625 1184 non
2657 1130 2909 1200 propriis
2939 1131 3182 1199 viribus,
3215 1132 3315 1187 sed
3348 1129 3599 1187 aliorum
3625 1131 3741 1186 im-

2091 1216 2407 1272 becillitate
2438 1217 2545 1287 niti
2576 1222 2752 1289 atque
2782 1220 3092 1274 confidere.

2156 1306 2299 1361 XII].
2334 1307 2413 1361 En
2450 1311 2687 1361 mutuas
2728 1308 2985 1377 dextras,
3036 1306 3509 1378 inspectantibus
3556 1308 3739 1375 vobis,

2079 1394 2410 1467 jungimus.
2449 1397 2524 1450 En
2561 1397 2702 1467 quid
2734 1396 3013 1460 Trinitas,
3043 1412 3220 1467 quam
3258 1412 3361 1451 nos
3393 1412 3557 1467 aeque
3586 1396 3739 1453 cele-

2088 1484 2331 1540 bramus
2361 1490 2418 1539 et
2449 1485 3067 1553 adoramus,eﬂ'ecerit.
3087 1484 3204 1540 Hoc
3233 1501 3336 1539 vos
3368 1484 3740 1556 benigniores

2088 1573 2420 1644 rectiusque
2452 1574 2521 1628 de
2554 1574 2833 1646 religione
2863 1575 3181 1629 sentientes
3211 1573 3445 1628 efficiet.
3502 1572 3739 1629 Utinam

2088 1678 2228 1717 sane
2260 1662 2667 1725 exaudiamur,
2700 1667 2876 1734 atque
2906 1662 3001 1717 hic
3032 1662 3179 1728 dies,
3213 1661 3313 1734 qui
3342 1666 3583 1717 vocatur
3610 1678 3744 1718 san-

2088 1755 2239 1815 ctus,
2272 1752 2372 1805 fiat
2402 1751 2547 1815 dies,
2570 1768 2683 1806 non
2718 1751 3328 1821 contradictionis,sed
3358 1750 3693 1807 latitudinis
3721 1768 3736 1820 ;

2088 1856 2199 1894 non
2234 1839 2574 1894 tentationis
2608 1844 3082 1906 monumentum,
3136 1840 3238 1895 sed
3266 1838 3624 1910 triumphale
3653 1841 3739 1896 fe-

2088 1932 2242 1984 stum
2270 1947 2283 1997 ;
2318 1934 2381 1983 ut
2413 1934 2619 1983 mutua
2657 1933 2859 1984 nostra
2888 1928 3216 1997 concordia,
3267 1927 3565 2000 totiusque
3592 1944 3739 2000 pene

2088 2023 2373 2073 terrarum
2407 2019 2585 2088 orbis,
2619 2018 2719 2088 qui
2767 2018 2981 2089 partim
3022 2019 3147 2090 jam
3199 2022 3333 2073 ante
3382 2035 3564 2073 sanus
3593 2025 3735 2086 erat,

2091 2107 2300 2178 partim
2334 2107 2644 2161 sanitatem
2678 2124 2835 2161 nunc
2866 2108 3103 2179 recepit,
3129 2108 3342 2178 partim
3395 2123 3575 2162 sanus
3607 2122 3738 2163 esse

2089 2195 2319 2266 incipit,
2351 2196 2513 2250 vobis
2544 2211 2779 2267 quoque
2810 2195 3019 2251 salutis
3067 2201 3246 2267 atque
3294 2196 3737 2251 instaurationis

2091 2300 2268 2339 causa
2299 2284 2391 2339 sit.
2427 2284 2470 2339 Ο
2503 2289 2724 2351 sancta,
2786 2289 2843 2339 et
2892 2286 3210 2355 adoranda,
3270 2288 3328 2340 et
3384 2284 3738 2357 longanimis

2091 2372 2385 2429 Trinitas!
2419 2373 2770 2445 longanimis
2802 2374 2955 2428 enim
2988 2390 3070 2444 es,
3104 2390 3231 2445 quae
3265 2391 3385 2441 eos,
3441 2391 3474 2429 a
3521 2374 3740 2446 quibus

2092 2463 2397 2533 scinderis,
2440 2462 2643 2517 tandiu
2678 2462 2911 2518 toleras.
2943 2466 2989 2517 Ο
3025 2462 3304 2528 Trinitas,
3336 2462 3507 2533 cujus
3537 2466 3738 2533 ego,ut

2092 2551 2280 2607 cultor
2307 2568 2373 2606 ac
2407 2552 2670 2607 sincerus
2702 2569 2886 2623 praeco
2916 2553 3488 2624 essemJampridem
3519 2552 3739 2626 dignus

2094 2640 2329 2695 habitus
2359 2657 2489 2694 sum
2520 2640 2532 2694 l
2569 2641 2612 2695 Ο
2661 2641 2918 2697 Trinitas
2950 2643 3222 2697 omnibus
3251 2640 3590 2713 aliquando,
3647 2641 3738 2698 vel

2094 2746 2195 2801 per
2222 2729 2737 2800 illuminationem,
2766 2729 2852 2785 vel
2906 2746 3008 2802 per
3056 2747 3284 2802 poenam
3323 2730 3732 2802 agnoscenda!

2096 2818 2325 2873 Utinam
2375 2818 2477 2873 hos
2510 2835 2763 2891 quoque,
2794 2820 2893 2890 qui
2926 2836 3081 2874 nunc
3113 2819 3485 2875 contumeliis
3516 2822 3572 2875 te
3604 2819 3738 2874 affi-

2095 2908 2273 2967 ciunt.
2300 2909 2632 2963 adoratores
2662 2909 2934 2979 accipias,
2969 2925 3073 2964 nec
3131 2925 3510 2980 quemquam,
3565 2925 3636 2965 ne
3665 2925 3735 2963 ex

2098 2994 2355 3048 minimis
2387 2995 2623 3065 quidem
2658 2995 3117 3061 amittamus,vel
3139 2996 3315 3051 etiam
3345 2997 3394 3051 si
3422 2995 3565 3051 mihi
3600 3012 3732 3067 pro-

2096 3088 2292 3154 pterea
2322 3082 2519 3153 aliqua
2550 3084 2993 3154 gratiaejactura
3024 3084 3288 3140 facienda
3314 3084 3415 3139 sit:
3436 3101 3548 3141 non
3580 3083 3737 3140 enim

2094 3177 2322 3226 tantum
2358 3172 2548 3225 dicere
2576 3174 2782 3243 audeo,
2817 3177 3102 3243 quantum
3137 3172 3448 3244 Apostolus
3482 3174 3521 3227 θ.

410 3262 486 3314 ΙΔ⁹
540 3256 696 3313 Ἀλλ’
753 3257 814 3311 οὐ
864 3261 1028 3311 ταῦτα
1124 3255 1161 3310 ’)
1264 3258 1277 3281 ²
1335 3264 1359 3274 ”
1413 3276 1424 3289 ·
1631 3261 1640 3276 ’
1860 3258 1916 3314 δὲ

494 3301 506 3313 .
1077 3279 1207 3335 cpta
1259 3279 1385 3330 υμιν
1414 3304 1426 3327 ,
1469 3281 1829 3335 σπαρασσεται
1946 3263 1981 3329 ἡ

2168 3260 2305 3315 XIV.
2341 3260 2487 3323 Quid
2513 3260 2540 3314 ?
2572 3265 2702 3316 Haec
2720 3262 2884 3316 vobis
2918 3262 3114 3317 minus
3145 3267 3312 3333 grata
3340 3266 3500 3329 sunt,
3533 3279 3598 3317 ac
3632 3262 3737 3317 lin-

335 3345 578 3421 γλῶσσα,
633 3347 721 3401 καὶ
781 3344 963 3400 ὠδίνει
1018 3351 1117 3415 τὴν
1167 3346 1515 3424 ἀντίῤῥησινς
1569 3349 1841 3423 Ὀψόμεθα
1891 3350 1981 3404 καὶ

336 3436 533 3505 ταύτην
579 3438 728 3505 ποτὶ,
790 3435 823 3504 ἢ
884 3437 967 3496 οἷς
1011 3433 1222 3507 μᾶλλον
1283 3440 1443 3508 ἡμῶν
1506 3438 1687 3513 σχολὴ
1720 3440 1977 3513 περίεστι·

335 3525 654 3601 γνωσόμεθα
710 3524 797 3579 καὶ
841 3526 907 3579 τὰ
953 3526 1140 3597 κομψὰ
1191 3526 1341 3597 ὑμῶν
1390 3520 1793 3600 γεννήματα,ἢ
1829 3527 1984 3599 ἐξαμ-

340 3612 627 3687 ϐλώματα,
688 3610 902 3667 ἐπειδὰν
958 3614 1025 3666 τὰ
1081 3612 1162 3667 ὠὰ
1216 3619 1323 3667 τῶν
1364 3613 1600 3669 ἀσπίδων
1635 3616 1887 3691 ῥήξαντες
1946 3618 1979 3685 ἢ

341 3702 718 3779 συντρίψαντες
766 3701 921 3775 λόγῳ
971 3699 1196 3774 σκληρῴ
1242 3702 1330 3755 καὶ
1362 3703 1652 3774 ἀντί-τόπῳ,
1687 3702 1841 3779 οὔρια
1872 3708 1984 3777 (34)

340 3794 428 3845 καὶ
462 3793 714 3863 ἀνεμιαῖα
762 3796 926 3844 ταῦτα
980 3789 1300 3865 ἒλὲγξωμεν,
1351 3792 1438 3844 καὶ
1469 3791 1560 3846 τὸν
1591 3792 1642 3846 ἐν
1672 3792 1854 3853 αὐτοῖς
1882 3796 1983 3862 τῆς

342 3876 584 3942 ἀσεϐείας
626 3880 999 3953 κρυπτόμενον
1044 3876 1354 3953 βασιλίσκον
1412 3879 1487 3941 εἰς
1550 3880 1707 3952 μέσον
1763 3881 1986 3956 ἀγάγω-

346 3991 438 4041 μεν
471 3972 603 4043 (35)·
659 3970 704 4024 si
752 3969 841 4022 καὶ
897 3965 1235 4041 βασιλίσκον,
1267 3966 1412 4023 ἀλλά
1440 3969 1627 4045 νεκρόν
1661 3990 1717 4024 τι
1746 3970 1831 4024 καὶ
1868 3971 1985 4024 ἀτε-

342 4057 437 4127 λῆ,
491 4058 581 4113 καὶ
633 4058 907 4127 ἀκίνητον,
949 4062 1065 4117 ταῖς
1096 4053 1281 4110 ὠδῖσιν
1313 4057 1717 4131 ἐναποθανόντα,
1752 4059 1837 4113 καὶ
1866 4060 1990 4135 πρὶν

340 4149 667 4221 γεννηθῆναι
714 4146 812 4200 οὐκ
862 4143 987 4201 ὄντα
1036 4149 1169 4219 (36),
1220 4148 1337 4200 καθ’
1382 4148 1520 4219 ὑμᾶς
1572 4148 1759 4221 εἰπεῖν,
1800 4149 1888 4203 ’ἱνα
1936 4171 1989 4203 τι

348 4237 541 4310 μικρὸν
576 4236 700 4307 ὑμῖν
731 4233 818 4289 καί
851 4235 1196 4311 χαρίσωμαιο
1252 4235 1312 4290 οὐ
1348 4234 1559 4308 μᾶλλον
1616 4238 1843 4309 μισητὸν
1890 4245 1988 4307 τῆς

345 4324 696 4397 συλλήψεως,
726 4326 759 4394 ἢ
796 4324 1025 4379 ἐλεεινὸν
1069 4332 1167 4394 τῆς
1217 4322 1575 4397 ἀμϐλώσεως.
1628 4332 1795 4381 Τοῦτο
1830 4325 1989 4382 δώσει

342 4416 501 4483 ἡμῖν,
554 4410 656 4467 οἷδ’
702 4413 805 4486 ὅτι,
861 4415 887 4469 ὁ
939 4411 1064 4475 δοὺς
1122 4413 1210 4468 ἐπὶ
1260 4412 1456 4468 ἀσπίδα
1520 4415 1609 4468 καὶ
1679 4416 1992 4491 βασιλίσκον

344 4496 657 4572 ἐπιϐαίνειν,
704 4502 794 4557 καὶ
855 4507 1169 4577 περιπατεῖν
1220 4501 1398 4556 ἐπάνω
1458 4502 1630 4578 ὅφεων
1690 4525 1779 4558 και
1829 4524 1989 4579 σκορ-

343 4591 506 4644 πίων·
571 4591 629 4653 ὅς
675 4592 766 4646 καὶ
816 4593 1089 4665 συντρίψει
1146 4592 1236 4646 τὸν
1300 4598 1536 4646 Σατανᾶν
1594 4590 1644 4645 ἐν
1672 4592 1827 4668 τάχει
1886 4593 1991 4647 ὐπὸ

345 4679 471 4741 τοὺς
502 4677 673 4742 πόδας
704 4683 886 4753 ἡμῶν,
939 4677 1045 4735 εἷ’τε
1089 4680 1163 4741 ὡς
1220 4681 1494 4755 ἀστραπὴν
1540 4680 1596 4735 ἐκ
1624 4686 1721 4735 τοῦ
1770 4679 1995 4756 οὐρανοῦ

350 4767 580 4823 πεσόντα
612 4766 701 4823 διὰ
728 4771 825 4838 τὴν
872 4768 1105 4823 παλαιὰν
1158 4767 1542 4844 λαμπρότητα,
1596 4767 1701 4823 εἶ’τε
1748 4769 1823 4831 ὡς
1875 4765 1995 4847 ὅφιν

349 4856 615 4932 φεύγοντα
665 4855 754 4911 διὰ
804 4859 901 4926 τὴν
952 4857 1172 4933 ὕστερον
1206 4854 1558 4926 σκολιότητα,
1588 4858 1677 4911 καὶ
1706 4859 1803 4927 τήν
1835 4858 1911 4920 εἷς
1938 4859 2001 4913 τὸ

350 4947 634 5022 χαμερπὶς
696 4945 1078 5019 μεταποίησιν,
1132 4944 1225 5000 ’ίνα
1299 4946 1490 5021 μικρόν
1547 4968 1598 5002 τι
1653 4952 1761 5002 τῶν
1821 4951 1999 5002 κακῶν

917 5074 959 5109 ¹⁰
991 5073 1141 5130 Psal.
1172 5090 1266 5143 xc,
1300 5075 1395 5140 13;
1431 5074 1567 5130 Luc.
1602 5092 1658 5142 x,
1693 5075 1779 5129 19.

442 5198 532 5269 29)
566 5197 815 5268 Σαθροῖς.
850 5197 1023 5252 Coisl.
1058 5198 1111 5263 1,
1144 5201 1424 5267 σταθμοῖς.

443 5270 533 5339 30)
562 5270 799 5337 [Ιοιήσει.
844 5270 981 5338 Reg.
1014 5270 1205 5339 Cypr.,
1237 5269 1483 5336 ποιήσοι.

423 5341 533 5429 se
746 5342 902 5429 ges-2

426 5408 536 5483 (32)
570 5409 709 5465 Δέοι.
744 5413 1026 5483 Combef,,
1060 5408 1171 5483 δὲῃ.

426 5413 517 5481 (32
570 5413 709 5465 Δὲοι.
744 5413 1026 5482 Combef.,
1060 5413 1171 5483 δὲῃ.

426 5413 538 5552 (33)
576 5483 741 5539 ’Όσον
793 5484 820 5536 ὁ
872 5480 1223 5541 Ἀπόστολος.
1272 5479 1500 5535 Alludit
1550 5481 1642 5536 hic
1692 5482 2004 5553 Gregorius

356 5553 447 5634 ad.
479 5553 599 5608 haec
650 5556 907 5637 Apostoli
956 5557 1150 5637 verba,
1207 5554 1374 5607 Rom.
1407 5569 1483 5637 135,
1529 5554 1668 5637 ᾃξα
1720 5554 2004 5637 Optabam

355 5624 513 5700 enim
546 5642 651 5700 ego
702 5624 827 5700 ipse
860 5628 1172 5683 anathema
1201 5641 1329 5680 esse
1360 5642 1393 5680 a
1422 5624 1650 5681 Christo
1680 5624 1787 5699 pro
1818 5627 2008 5683 fratri-

360 5696 473 5754 bus
503 5696 673 5766 meis,
698 5696 743 5751 »“
763 5704 870 5756 etc.

420 5076 441 5110 θ
472 5074 635 5130 Rom.
673 5091 750 5139 xx,
782 5074 836 5129 3.

2091 3366 2207 3421 gua
2236 3349 2653 3420 distorquetur,
2688 3354 2743 3404 et
2771 3351 3231 3405 confutationem
3254 3350 3552 3422 parturit?
3580 3351 3740 3405 Hanc

2093 3455 2326 3510 quoque
2357 3436 2670 3509 aliquando
2702 3438 3053 3503 videbimus,
3088 3456 3219 3493 cum
3251 3438 3416 3495 vobis
3448 3439 3580 3511 plus
3611 3438 3738 3507 otii,

2091 3544 2270 3598 quam
2302 3527 2494 3593 nobis,
2530 3531 2798 3598 suppetat
2832 3544 2844 3593 ;
2881 3543 2945 3581 ac
2972 3527 3195 3599 lepidos
3229 3533 3287 3583 et
3316 3527 3608 3598 elegantes
3638 3544 3738 3583 ve-

2092 3622 2245 3671 stros
2280 3616 2452 3683 fetus,
2486 3616 2603 3671 imo
2635 3616 2872 3671 abortus
2904 3633 3348 3687 cognoscemus,
3380 3632 3515 3672 cum
3548 3616 3737 3687 ruptis

2092 3706 2364 3776 aspidum
2397 3704 2542 3769 ovis,
2574 3709 2676 3758 aut
2696 3705 2843 3758 dura
2871 3710 2928 3759 et
2957 3705 3145 3760 solida
3177 3706 3573 3777 disputatione
3603 3720 3738 3759 con«

2094 3793 2315 3859 fractis,
2348 3793 2510 3846 irrita
2538 3809 2606 3846 ea
2645 3798 2703 3846 et
2744 3794 2899 3847 434
2946 3794 3190 3847 evanida
3235 3809 3363 3849 esse
3408 3797 3604 3864 aperte
3635 3792 3733 3847 de-

2096 3880 2843 3946 monstraverimus,abditu
2856 3897 3030 3951 mque
3050 3881 3108 3934 in
3130 3880 3276 3952 ipsis
3298 3880 3618 3953 impietatis
3638 3881 3737 3935 ba-

2096 3969 2359 4023 siliscum
2395 3969 2452 4022 in
2476 3968 2736 4023 medium
2762 3969 3217 4040 protulerimus;
3252 3970 3590 4025 basiliscum
3615 3968 3743 4040 qui-

2098 4060 2231 4114 dem
2263 4058 2458 4124 illum,
2484 4062 2754 4112 caeterum
2789 4063 3111 4125 mortuum,
3141 4064 3198 4114 et
3236 4058 3643 4130 impertectum
3672 4075 3739 4113 ac

2100 4153 2259 4202 motu
2295 4152 2609 4216 carentem,
2642 4147 2904 4217 ipsisque
2936 4153 3139 4218 partus
3168 4146 3469 4203 doloribus
3500 4148 3743 4202 immor-

2099 4242 2292 4301 tuum,
2327 4252 2413 4302 ac,
2449 4236 2791 4306 priusquam
2845 4237 3144 4308 gignatur,
3190 4254 3305 4292 non
3365 4235 3743 4291 exsistentem

2101 4324 2264 4396 (libet
2294 4325 2450 4380 enim
2476 4326 2669 4379 verbis
2703 4327 2914 4380 vestris
2974 4326 3079 4391 uti,
3132 4331 3197 4380 ut
3249 4324 3517 4381 nonnihil
3548 4326 3746 4398 gratia

2102 4414 2254 4485 apud
2286 4431 2385 4469 vos
2416 4413 2654 4484 ineam),
2686 4416 2757 4469 ob
2788 4416 3229 4487 conceptionem
3260 4432 3373 4470 non
3407 4415 3605 4469 minus
3635 4414 3744 4470 de-

2102 4502 2458 4570 testabilem,
2494 4518 2667 4571 quam
2708 4505 2779 4559 ob
2829 4504 3097 4559 abortum
3159 4503 3573 4560 miserabilem.
3630 4502 3748 4558 Hoc

2028 4616 2072 4679 D
2104 4592 2292 4657 nobis,
2330 4591 2469 4645 mibi
2506 4592 2742 4662 credite,
2773 4593 3017 4649 daturus
3055 4597 3144 4649 est
3174 4593 3292 4661 ille,
3341 4591 3442 4663 qui
3491 4595 3749 4664 potesta-

2108 4691 2219 4736 tem
2245 4680 2413 4736 nobis
2436 4681 2597 4735 dedit
2619 4698 2797 4751 super
2817 4682 3077 4752 aspidem
3100 4685 3157 4736 et
3176 4680 3516 4737 basiliscum
3542 4680 3747 4736 ambu-

2109 4770 2290 4829 landi,
2323 4773 2380 4823 et
2410 4768 2668 4824 calcandi
2706 4786 2881 4841 supra
2914 4774 3213 4842 serpentes
3243 4774 3300 4825 et
3329 4770 3664 4841 scorpiones
3685 4769 3749 4835 ¹⁰;

2112 4860 2209 4931 qui
2242 4858 2417 4914 etiam
2451 4858 2867 4927 Satanam,vel
2930 4863 3211 4931 tanquam
3272 4859 3465 4930 fulgur
3520 4875 3552 4914 e
3609 4858 3751 4913 caelo

2111 4948 2345 5020 lapsum
2374 4950 2444 5013 11,
2476 4947 2549 5002 ob
2582 4947 2889 5019 antiquum
2924 4948 3318 5020 splendorem,
3343 4947 3428 5004 vel
3462 4947 3754 5020 serpentis

1859 5079 1902 5111 ¹¹
1937 5075 2078 5129 Luc.
2107 5090 2163 5140 x,
2200 5073 2286 5128 18.

2319 5190 2505 5273 φῦρια.
2539 5197 2797 5273 Coisl._1,
2829 5197 3041 5273 sepeliet.

2323 5268 2971 5355 ᾋχάγωμενίνῐῖθθῇιι,
3005 5271 3100 5327 0r.
3136 5272 3187 5339 1,
3216 5270 3452 5355 ἄγωμεν.
3499 5339 3513 5355 ὶ

2203 5338 2290 5400 36)
2326 5338 2439 5394 Οὐκ
2467 5338 2609 5395 ὄντα.
2636 5341 2740 5395 Hic
2770 5338 2932 5399 notat
2952 5338 3295 5411 vocem,seu
3327 5338 3755 5411 blasphemiam

2114 5409 2485 5481 Arianorum,
2514 5412 2612 5481 qui
2645 5413 2717 5466 de
2749 5414 2891 5470 Filio
2922 5409 3191 5470 dicebant
3214 5432 3266 5469 :«
3296 5413 3417 5467 Non
3450 5413 3575 5481 erat
3603 5409 3759 5481 priu-

2115 5500 2319 5553 squam
2352 5473 2708 5553 gigneretur,
2732 5490 2833 5539 aut
2860 5492 3217 5541 nasceretur.
3239 5507 3265 5533 »
3288 5487 3475 5548 Quare
3505 5473 3762 5553 οὒκ-ὅντα

2115 5551 2455 5609 videtur—sic
2496 5556 2856 5612 reddendum
2890 5575 2958 5614 :«
2993 5575 3110 5614 non
3159 5555 3557 5612 exsistentem.
3584 5573 3612 5601 ››
3647 5551 3760 5611 Bil-

2116 5627 2232 5684 lius
2267 5644 2335 5683 :«
2367 5627 2742 5684 exstinctum.
2779 5650 2800 5685 ι
