4094 6212
519 364 672 421 1167
1751 360 1816 418 S.
1866 356 2126 417 GREGO

2282 356 2678 418 THEOLOGI
3761 367 3871 433 1168

518 494 702 549 instar
735 492 1078 565 fugientem,
1110 491 1181 547 ob
1214 491 1595 562 posteriorem
1652 489 2075 561 obliquitatem,
2112 506 2135 541 ε

2282 486 2718 560 ἀναπνεύσωμεν,
2768 487 3150 565 ἀποδρασάσης
3200 492 3312 565 (37)
3370 490 3654 555 παντελῶς
3705 493 3875 570 ὀδύνηςι

514 583 990 638 immutationem
1023 581 1081 635 in
1115 596 1248 636 eum
1281 585 1597 651 statum,ut
1618 581 1742 651 jam
1777 580 1939 634 humi
1978 583 2131 649 repal

2274 576 2365 629 καὶ
2403 575 2607 647 λύπης,
2638 578 2726 631 καὶ
2758 584 3082 655 στεναγμοῦ,
3113 584 3199 635 νῦν
3231 601 3289 635 τε
3309 582 3396 637 καὶ
3422 581 3666 658 ὕστερον,
3690 583 3736 640 ἂν
3762 592 3877 661 Χρισ-

511 673 619 728 sub
651 672 900 744 pedibus
930 671 1147 727 nostris
1174 670 1331 725 brevi
1357 674 1619 726 conteret
1648 687 1660 737 ;
1695 674 1803 724 uta
1827 667 1997 724 malis
2021 683 2128 738 pau

2276 668 2354 735 τῷ
2387 665 2564 735 Ἰησοῦ
2594 666 2673 736 τῷ
2706 667 2885 739 Κυρίῳ
2916 670 3103 740 ἡμῶν,
3134 670 3179 740 ᾧ
3212 671 3245 738 ἡ
3301 668 3427 740 δόξα
3470 671 3559 725 καὶ
3607 673 3669 726 τὸ
3732 676 3881 749 κράτος

508 759 699 816 lulum
731 760 974 833 quidam
1007 758 1386 830 respiremus,
1419 759 1618 831 fugato
1666 774 1909 829 prorsus
1942 756 2125 811 dolore

1897 775 1909 812 1
1942 756 2157 823 dolore,
2277 753 2354 814 εἷς
2385 752 2511 814 τοὺς
2544 753 2740 816 αἷῶνας
2770 762 2877 810 τῶν
2912 757 3123 812 αἰώνων
3317 759 3514 833 ³Δμήν.

510 854 568 905 et
597 866 863 921 mcerore,
898 865 964 905 ac
994 847 1237 921 gemitu,
1271 865 1429 903 nunc
1459 853 1515 904 et
1558 849 1615 902 in
1648 852 1971 919 posterum,
2006 845 2065 899 in
2097 844 2328 901 Christo
2358 844 2498 900 Jesu
2543 846 2786 903 Domino
2837 854 3058 919 nostro,
3090 848 3184 905 cui
3214 849 3400 922 gloria
3429 854 3486 907 et
3514 850 3812 923 imperium
3836 855 3878 911 in

508 938 719 995 saecula
749 938 1121 996 seculorum.
1154 942 1359 993 Amen.

577 1054 691 1141 (37)
738 1050 1170 1129 ’Δποδρασάσης.
1233 1053 1326 1111 Sic
1381 1051 1558 1110 Coisl.
1615 1054 1665 1108 1.
1728 1053 1791 1107 In
1851 1052 1966 1122 ed.,
2022 1048 2162 1103 ἀπο-

2271 1121 2309 1141 n
2342 1049 2456 1141 (£38)
2484 1048 2584 1141 ξαὶ
2614 1048 2676 1141 τὲ
2704 1050 3111 1141 κρξτᾳςὶ...¹τῶν
3152 1052 3402 1141 ,αζῴνωνλ
3422 1054 3552 1141 ῌρο
3599 1056 3794 1113 desunt
3830 1059 3872 1116 in

507 1121 732 1197 δρᾶσής.
914 1121 924 1129 ’
1108 1121 1113 1123 ⁷
1950 1121 1955 1122 ⁷

1950 1121 1955 1122 “
2270 1121 2449 1193 Regg.
2483 1121 2602 1189 bm,
2638 1121 2940 1190 hu,'Coisl.
2977 1125 3027 1193 1,
3057 1130 3115 1181 et
3146 1126 3334 1181 tribus
3366 1126 3522 1182 Colb.

1177 1334 1327 1390 4³⁵
1390 1340 1951 1431 MONITUM
2006 1340 2118 1427 IN
2177 1340 2871 1430 ORATIONEM
2925 1344 3254 1430 XXIV.

582 1578 629 1638 Ι.
677 1579 1033 1655 Antequam
1091 1572 1171 1633 ad
1228 1572 1418 1655 hujus
1476 1570 1798 1655 orationis
1832 1574 2278 1655 argumentum
2327 1568 2763 1655 deveniamus,
2802 1570 3311 1655 (expendendum
3374 1573 3553 1633 nobis
3606 1582 3719 1643 est,
3771 1577 3885 1653 quis

500 1656 583 1717 sit
639 1658 748 1717 ille
802 1649 1189 1735 Cyprianus,
1268 1649 1448 1732 cujus
1505 1652 1723 1735 laudes
1783 1649 2071 1735 hicutam
2129 1650 2485 1735 magnifice
2522 1649 2930 1735 prosequitur
2980 1653 3335 1735 Gregorius.
3398 1656 3533 1735 Non
3594 1649 3884 1716 mediocris

502 1737 669 1797 enim
734 1730 1019 1797 versatur
1076 1734 1195 1793 hac
1253 1730 1454 1793 de're
1519 1734 1681 1792 inter
1760 1730 2038 1791 eruditos
2105 1731 2551 1792 controversia.
2631 1733 2752 1791 Alii
2822 1751 2938 1811 pro
3014 1732 3328 1812 Cypriano
3399 1733 3881 1811 Carthaginensi,

501 1818 608 1876 alii
684 1835 799 1896 pro
854 1814 1248 1876 Antiocheno
1308 1814 1629 1896 militant;
1711 1818 1772 1870 et
1841 1813 2483 1896 perq_uam_arduum
2541 1812 2906 1896 videtu_r_in
2966 1818 3142 1896 tanta
3191 1814 3566 1896 nopinionum
3627 1817 3889 1877 varietate

501 1891 1042 1958 inter—discordes
1101 1912 1321 1974 pacem
1381 1894 1805 1975 constitueres
1841 1892 2085 1952 Etenim
2130 1891 2195 1975 _si
2256 1892 2621 1975 attendatur
2677 1892 2755 1953 ad
2815 1891 2951 1952 haec
3006 1891 3310 1971 Theologi
3369 1895 3562 1954 verba
3619 1896 3714 1975 (n.
3769 1897 3884 1973 6):

503 2001 531 2032 «
594 1978 706 2036 Hic
764 1972 1156 2056 Cyprianus,
1236 1993 1537 2053 magnum
1598 1972 1916 2052 quondam
1977 1972 2636 2056 Carthaginensium,_
2683 1992 2847 2056 nunc
2905 1980 3114 2056 autem
3174 1977 3365 2035 totius
3422 1975 3590 2035 orbis
3631 1972 3881 2047 nomen,

499 2063 646 2129 etc.,
702 2080 732 2111 »
794 2053 875 2117 et
911 2057 1063 2117 alibi
1119 2056 1206 2135 (n.
1269 2059 1369 2135 12)
1421 2075 1434 2116 :
1503 2076 1531 2111 ‹‹
1588 2056 1809 2114 Pastor
1863 2059 2207 2135 creatur....
2272 2056 2488 2135 Neque
2541 2053 2706 2113 enim
2766 2053 3243 2135 Carthaginensi
3299 2063 3541 2115 tantum
3603 2058 3882 2124 Ecclesia.

500 2156 617 2198 nec
679 2138 927 2211 Africae,
987 2137 1066 2197 ab
1125 2132 1218 2209 eo,
1278 2132 1356 2197 et'
1396 2140 1653 2213 propter
1710 2152 1851 2194 eum
1909 2132 2097 2214 etiam
2156 2151 2321 2214 nunc
2379 2134 2565 2193 clarae
2624 2141 2685 2194 et
2736 2133 2967 2194 celebri
3022 2136 3384 2214 praeficitur,
3433 2154 3653 2195 verum
3702 2137 3881 2207 etiam,

501 2226 648 2289 etc.,
685 2239 713 2274 ι»
781 2218 1095 2278 videbitur
1150 2235 1303 2277 sane
1347 2212 1737 2292 'l‘heologum
1790 2213 2083 2292 Cypriani
2137 2212 2650 2290 Carthaginensis
2699 2232 2927 2274 nomen
2978 2212 3295 2276 celebrare
3341 2215 3636 2276 voluisse.
3688 2217 3886 2277 Verum

500 2298 806 2359 orationis
862 2298 1052 2359 series
1108 2298 1291 2375 plura
1348 2296 1624 2368 exhibet,
1688 2312 1827 2373 quae
1886 2293 2400 2376 huicCypriano
2461 2294 2821 2376 nullatenus
2877 2313 3221 2373 congruere
3279 2296 3538 2376 possint,
3592 2296 3719 2356 imo
3771 2314 3887 2375 quas

498 2385 875 2457 repugnent.
952 2373 1411 2457 Dicendumner
1459 2377 1652 2451 igitur
1729 2392 1967 2457 errasse
2043 2373 2460 2457 Gregorium,
2545 2392 2642 2457 ac_
2692 2375 2849 2434 duos
2930 2373 3299 2455 Cyprianos-
3351 2373 3889 2457 confudisse‘fld

497 2454 944 2519 animadvertit
996 2457 1218 2518 Billius
1271 2456 1427 2535 (39)
1482 2474 1494 2526 ;
1576 2461 1637 2515 et
1693 2461 1762 2515 ut
1818 2454 2185 2536 Gregorium
2242 2461 2527 2536 nostrum
2589 2454 2667 2514 ab
2727 2473 2938 2536 errore
2984 2454 3103 2516 aut
3163 2457 3481 2517 memoriae
3538 2458 3727 2536 lapsu
3777 2456 3894 2515 vin-

497 2540 699 2611 dicet,
778 2539 1100 2613 geminum
1156 2538 1537 2615 Cyprianum
1594 2535 1973 2616 carthagine
2029 2541 2246 2616 natum
2306 2535 2534 2612 ﬁngit;
2597 2552 2710 2594 nec
2766 2535 3110 2597 absurdum
3169 2544 3351 2614 putat
3406 2537 3564 2597 duos
3610 2535 3891 2616 ejusdem

498 2619 771 2678 nominis
849 2620 1052 2689 viros,
1134 2614 1490 2677 inﬂeadem
1570 2614 1724 2696 urbe
1796 2623 2021 2696 natos,
2105 2615 2349 2674 diverso
2410 2624 2689 2692 tempore
2747 2616 3033 2676 eamdem
3092 2617 3302 2677 sedem
3364 2614 3736 2696 occupasse.
3792 2615 3897 2677 Sed

496 2698 763 2758 subinde
820 2698 1092 2769 fatetur,
1169 2697 1379 2774 quod,
1465 2719 1494 2754 α
1547 2695 1721 2755 velut
1791 2695 1855 2754 in
1926 2695 2206 2772 gemellis
2257 2696 2554 2754 fratribus
2612 2696 2971 2773 interdum,
3052 2697 3269 2758 formae
3329 2695 3741 2758 similitudine
3794 2697 3883 2756 de-

496 2778 699 2856 cepti,
784 2777 1053 2837 alterum
1127 2795 1241 2853 pro
1321 2776 1519 2837 altero
1592 2775 1997 2856 accipimus;
2078 2776 2167 2835 ita
2224 2777 2557 2856 Gregorius
2614 2776 2675 2835 in
2735 2777 2982 2836 duobus
3040 2778 3319 2856 ejusdem
3381 2780 3657 2839 nominis
3713 2777 3885 2850 viris,

497 2855 965 2936 multarumque
1027 2857 1322 2938 virtutum
1381 2855 2236 2938 similitudineconjunctis,
2314 2855 2731 2938 Antiocheno
2767 2855 3084 2918 nonnulla
3146 2859 3480 2932 tribuerit,
3554 2878 3699 2938 quae
3754 2859 3881 2919 Car-

500 2940 855 3016 thaginensi
909 2936 1469 2999 conveniebant.»
1548 2937 1721 2996 Idem
1797 2936 2185 2995 difficultatis
2261 2937 2461 2996 nodus
2536 2936 2642 2995 diu
2717 2937 3026 2998 incertum
3104 2940 3305 2999 tenuit
3361 2936 3681 3000 eruditum
3738 2941 3883 3001 Oxo-

499 3020 775 3079 niensem
835 3018 1131 3097 Cypriani
1187 3017 1696 3099 Carthaginensis
1752 3018 2052 3077 editorem
2095 3016 2265 3099 (40);
2330 3018 2439 3077 sed
2496 3016 2684 3075 aliam
2741 3018 2890 3076 nodi
2946 3018 3226 3079 solvendi
3286 3020 3449 3079 viam
3510 3019 3882 3099 aggreditur.

499 3099 709 3159 Fellus
766 3096 1060 3178 namque,
1117 3098 1285 3177 pari,
1345 3096 1437 3159 ac
1473 3098 1719 3169 Billius,
1780 3116 1931 3175 erga
1988 3096 2355 3174 Gregorium
2412 3104 2695 3156 nostrum
2755 3099 3153 3159 veneratione
3209 3100 3465 3173 ductus,
3529 3096 3625 3160 ne
3672 3101 3730 3159 in
3788 3100 3887 3158 hac

504 3197 572 3239 re
630 3177 993 3258 culparetur
1044 3180 1439 3259 Theoloygus,
1501 3179 1753 3239 unicum
1806 3178 2116 3259 duntaxat
2172 3178 2455 3259 agnoscit
2507 3177 2926 3259 Cyprianum,
2985 3197 3254 3257 eumque
3306 3181 3891 3259 Carthaginensem,

501 3259 608 3320 sed
688 3256 827 3339 quae
905 3260 982 3320 de
1054 3256 1441 3319 Antiocheno
1515 3260 1845 3330 feruntur,
1920 3258 2084 3317 inter
2148 3256 2407 3339 fabulas
2480 3263 2788 3339 numerat.
2851 3258 3010 3329 Quin
3068 3256 3255 3319 etiam
3314 3256 3893 3339 aperte'declarat,

502 3337 868 3417 Gregorium
924 3344 1055 3400 tam
1115 3339 1455 3400 oscitanter
1504 3356 1712 3399 errare
1783 3356 1909 3398 non
1985 3337 2301 3416 potuisse,
2384 3344 2453 3397 ut
2507 3338 2872 3416 episcopum
2925 3337 3384 3401 Antiochenum
3442 3358 3589 3402 cum
3647 3340 3891 3401 Cartha-

544 3420 743 3481 inensi
798 3420 1230 3481 confunderet.

544 3438 743 3481 meum
798 3438 1230 3481 comunueret.

498 3438 540 3499 Β
582 3501 656 3561 ll.
723 3502 951 3561 Verum
1027 3503 1364 3580 supersunt
1436 3497 1860 3580 vetustissima
1938 3500 2346 3580 monumenta
2415 3496 2644 3580 quibus
2718 3497 2925 3580 plane»
2964 3498 3433 3560 demonstratur
3483 3500 3895 3580 Cyprianum,

501 3580 851 3641 Antiochiae
907 3581 968 3639 in
1026 3576 1352 3640 Pbmnicia
1402 3578 1788 3657 episc0pum,
1848 3595 2065 3660 verum
2126 3576 2455 3660 exstitisse.
2519 3578 2996 3660 Constat_enim
3054 3581 3224 3658 apud
3278 3576 3902 3660 eruditos—Cypriani

500 3660 877 3722 Antiocheni
934 3669 994 3721 et
1043 3661 1304 3721 Justinaa
1362 3656 1462 3719 res
1518 3667 1723 3735 gestas
1777 3658 1999 3740 statim
2049 3656 2493 3740 post__illorum
2556 3657 2926 3740 martyrium
2986 3656 3173 3720 fuisse
3221 3656 3904 3740 conscriptastxstat

502 3742 849 3801 etiamnum
909 3758 1067 3820 opus
1143 3740 1208 3799 in
1264 3747 1390 3799 tres
1465 3744 1681 3820 partes,
1752 3757 1860 3798 seu
1941 3738 2133 3797 libros
2197 3737 2515 3820 divisum._
2567 3738 2787 3820 Prima
2844 3757 2990 3817 pars
3067 3740 3416 3800 mirabilem
3470 3737 3791 3820 'Cypriani
3852 3744 3905 3796 et

505 3823 771 3883 Justinaa
830 3817 1299 3882 conversionem
1357 3819 1813 3897 complectitur.
1874 3820 1943 3879 In
2002 3818 2277 3878 secunda
2332 3817 2682 3895 Cyprianus
2734 3818 2877 3878 vitae
2936 3838 3064 3879 suae
3134 3839 3207 3881 ac
3276 3817 3611 3881 criminum
3675 3820 3903 3881 confes-

504 3903 769 3975 sionem,
822 3920 1067 3963 necnon
1122 3908 1183 3963 et
1239 3899 1627 3977 magicarum
1681 3899 1910 3959 artium
1970 3898 2189 3957 seriem
2249 3898 2425 3958 texit.
2480 3901 2552 3980 ln_
2604 3899 3104 3980 tertiadenique
3164 3902 3489 3980 ulriusque
3546 3900 3902 3978 martyrium

505 3982 903 4043 describitur.
968 3981 1165 4058 Hujus
1221 3980 1428 4059 operis
1478 3980 1752 4040 secunda
1807 3998 1992 4061 pars,
2064 3980 2480 4061 jam_Latine
2538 3977 2601 4036 in
2662 3978 3002 4038 Bodleiana
3060 3977 3445 4042 bibliotheca
3504 3977 3807 4061 reperta,
3878 3996 3909 4035 a

507 4064 677 4124 Fello
737 4064 940 4123 fuerat
995 4057 1280 4122 (monitae—
1312 4078 1539 4120 excusa
1598 4079 1762 4120 anno
1823 4059 2000 4119 1700.
2063 4057 2353 4139 Geminas
2414 4075 2559 4139 vero
2618 4066 2851 4139 partes,
2913 4078 3138 4137 nempe
3192 4061 3462 4139 primam
3522 4057 3596 4122 et'
3648 4061 3905 4125 tertiam,

513 4162 656 4220 quas
705 4144 984 4203 nondum
1037 4141 1420 4221 prodierant,
1457 4140 1519 4199 in
1574 4147 1816 4221 vetusto
1865 4138 2076 4221 codice
2118 4142 2187 4221 _S.
2222 4138 2504 4221 Audueni
2547 4137 3068 4221 Rothoniagensis
3115 4137 3301 4201 etiam
3350 4142 3567 4203 Latine
3616 4146 3905 4220 repertas,

509 4218 838 4284 ediderunt
896 4225 956 4284 in
1017 4218 1129 4282 suo
1188 4220 1625 4283 Anecdotorum
1685 4219 1951 4279 thesauro
2010 4218 2135 4296 (41)
2208 4218 2433 4277 eruditi
2492 4218 2884 4294 antiquitatis
2941 4220 3339 4297 indagatores
3393 4223 3594 4283 nostri
3654 4218 3908 4282 domnus

512 4302 873 4363 Edmundus
933 4309 1094 4363 436
1155 4304 1432 4381 Martene
1490 4306 1551 4360 et
1606 4300 1873 4359 domnus
1932 4300 2189 4381 Ursinus
2244 4298 2525 4381 Dux-and,
2584 4299 2800 4381 addita
2856 4301 3131 4360 secunda
3188 4311 3389 4379 parte,
3448 4322 3594 4381 quae
3649 4303 3787 4381 jam
3837 4298 3905 4381 ab

508 4382 842 4463 onniensi
896 4384 1133 4443 editore
1191 4380 1561 4463 pervulgata
1610 4381 1834 4463 fuerat.
1894 4378 2251 4463 Primitivus
2308 4378 2558 4463 quidem
2619 4378 2839 4463 prima;
2893 4389 2947 4439 et
3010 4378 3209 4441 tertias
3261 4378 3482 4461 partis'
3508 4378 3731 4443 textus
3776 4379 3912 4441 desi-

506 4461 783 4524 deratur.
846 4464 1135 4524 Secunda
1192 4459 1342 4523 vero
1402 4479 1566 4539 pars,
1622 4460 1918 4539 Cypriani
1975 4460 2209 4541 scilicet
2266 4459 2592 4541 confessio,
2646 4459 2726 4518 ad
2782 4478 2895 4519 nos
2953 4479 3148 4538 usque
3204 4459 3414 4523 Graece
3468 4464 3729 4541 integra
3786 4478 3907 4539 per-

504 4544 700 4605 venit.
763 4548 933 4604 Hanc
989 4538 1415 4623 suppeditavit
1471 4538 1860 4623 bibliotheca
1909 4540 2289 4623 Colbertina.
2347 4538 2467 4598 Sed
2522 4546 3114 4623 _postquam_vetus
3186 4538 3639 4621 intcrpretatid
3708 4538 3910 4623 Latina

506 4641 543 4684 α
601 4622 774 4685 Fello
831 4624 1023 4698 edita,
1068 4618 1213 4684 cum
1274 4626 1486 4685 Graeco
1544 4629 1715 4681 textu
1779 4620 1893 4680 fuit
1953 4619 2203 4690 collata,
2256 4624 2349 4679 tot
2380 4618 2692 4697 tantisque
2752 4620 2945 4681 naavis
3000 4639 3073 4681 ac
3127 4618 3444 4683 erroribus
3496 4634 3751 4684 scatere
3798 4622 3908 4679 visa

504 4710 637 4776 est,
718 4710 790 4765 ut
844 4722 1092 4765 necesse
1149 4705 1337 4764 fuerit
1391 4721 1618 4762 novam
1690 4701 1880 4779 hujus
1937 4701 2142 4778 operis
2196 4700 2776 4777 interpretationem
2837 4700 3055 4762 Latine
3113 4703 3315 4764 edere.
3378 4706 3556 4764 Hunc
3642 4704 3905 4764 laborem

506 4785 781 4862 suscepit
836 4783 908 4843 D.
960 4785 1335 4845 Prudentius
1390 4785 1656 4853 Maran;
1720 4788 1781 4842 et
1829 4781 2126 4862 Cypriani
2172 4780 2546 4862 Antiocheni
2602 4781 3053 4862 confessionem
3112 4800 3149 4842 a
3205 4803 3269 4842 se
3322 4784 3540 4844 Latine
3607 4784 3905 4862 redditam

505 4858 789 4942 vulgavit
844 4882 985 4924 cum
1046 4868 1261 4927 Grzeco
1320 4869 1491 4925 textu
1550 4880 1717 4923 anno
1776 4865 1951 4931 1727,
2012 4861 2090 4921 ad
2159 4859 2393 4920 calcem
2452 4879 2629 4920 novae
2687 4860 2977 4921 editionis
3032 4864 3305 4940 Operum
3362 4864 3563 4924 sancti
3628 4858 3902 4943 Cypriani

502 4945 1029 5005 Carthaginensis.

582 4964 1053 5087 {Iliiag’lil‘lzgltlesrl‘ga
1107 5024 1386 5086 Eudocia
1439 5025 1759 5099 Augusta,
1836 5019 2170 5080 Theodosii
2220 5018 2490 5097 junioris
2548 5038 2745 5092 uxor,
2823 5018 3077 5081 heroico
3134 5022 3450 5095 carmine,
3528 5029 3705 5084 teste
3761 5022 3899 5082 Pho-

502 5104 589 5165 tio
639 5106 787 5186 (42),
839 5107 1040 5167 tribus
1092 5106 1307 5166 itidem
1366 5103 1560 5186 libris,
1613 5108 1675 5161 et
1732 5100 1950 5186 eodem
2005 5100 2231 5186 ordine
2287 5118 2497 5186 quem-
2533 5100 2718 5160 modo
2782 5103 3129 5186 retulimus,
3179 5103 3475 5186 Cypriani
3532 5110 3605 5186 et
3665 5101 3898 5186 lustius.“

500 5180 696 5259 Acta,
743 5180 903 5247 'non
962 5188 1042 5248 ad
1110 5186 1261 5247 artis
1334 5184 1696 5253 licentiam,
1778 5180 1885 5239 sed
1945 5180 2021 5263 ad
2064 5180 2358 5263 (historiae
2418 5180 2647 5263 fidem,
2729 5180 3116 5259 conscripsit.
3178 5180 3513 5261 Gregorius
3573 5185 3725 5263 ipse
3779 5182 3899 5263 citat

499 5258 794 5345 Cypriani
852 5267 1327 5338 confessionem,
1378 5263 1751 5345 eteadem,
1814 5279 1886 5320 ac
1947 5260 2249 5331 Eudocia,
2310 5262 2387 5320 de
2443 5261 2551 5345 illo
2609 5258 3170 5345 commemorat._«
3215 5258 3367 5334 Quis
3414 5258 3665 5341 οπεος»
3723 5258 3897 5345 inquit

497 5340 1009 5408 D'.'Prudentius
1088 5347 1305 5407 Maran
1366 5341 1509 5423 (43),
1599 5364 1629 5396 ‹‹
1690 5358 1837 5423 eum
1910 5358 2232 5423 nunquam
2311 5341 2617 5401 exstitisse
2674 5340 3265 5423 sibi‘persuadeat,
3348 5345 3425 5404 de
3481 5363 3621 5421 quo
3681 5344 3898 5404 exstant

496 5434 907 5489 monumenta
953 5427 1120 5486 illius
1168 5419 1487 5504 temporis,
1543 5440 1669 5499 quo
1719 5420 1941 5479 vixisse
1990 5420 2237 5494 dicitur,
2300 5440 2460 5500 pene
2508 5419 2833 5499 aequalia?
2891 5422 3144 5483 Fabulae
3192 5423 3253 5482 in
3305 5419 3567 5484 remotis
3623 5423 3892 5484 aetatibus

568 5560 661 5627 (39
714 5562 790 5616 Ar
832 5579 948 5617 um.
978 5560 1037 5616 in
1070 5559 1223 5616 hanc
1253 5563 1397 5617 orat.
2350 5556 2438 5627 42)
2470 5555 2607 5611 Cod.
2639 5570 2899 5624 CLxxxrv,
2932 5572 2990 5628 p.
3025 5555 3147 5612 416.

568 5560 683 5699 (4οξ
711 5578 852 5688 Feii.
879 5638 1059 5690 Oxon.
1094 5634 1264 5699 Cypr.
1297 5632 1413 5699 ed.,
1445 5633 1487 5685 t.
1522 5627 1589 5699 II,
1626 5646 1680 5699 p.
1716 5627 1837 5699 196,
1869 5626 2054 5683 Monii.
2326 5557 2438 5699 £113)
2477 5626 2601 5684 Vita
2635 5627 2823 5699 Cypr.,
2857 5627 2917 5683 in
2948 5644 3096 5685 nova
3123 5644 3147 5685 e

568 5560 661 5627 (39
714 5562 790 5616 Ar
832 5579 948 5617 um.
978 5560 1037 5616 in
1070 5560 1223 5616 hanc
1253 5563 1397 5617 orat.
2007 5629 2014 5638 _
2326 5560 2438 5699 (42)
2470 5560 2607 5636 Cod.
2639 5570 2899 5637 CLxxxrv,
2932 5572 2990 5628 p.
3025 5560 3147 5612 416.

711 5578 1264 5778 Exlp'niGtigpr.
1297 5632 1413 5701 ed.,
1445 5633 1487 5685 t.
1522 5627 1589 5699 II,
1626 5646 1680 5701 p.
1716 5627 1837 5699 196,
1869 5626 2054 5683 Monzt.
2349 5628 2438 5698 43)
2477 5628 2601 5684 Vita
2635 5627 2823 5700 Cypr.,
2857 5643 2917 5747 in
2948 5644 3096 5685 nova
3123 5628 3212 5685 ed.
3246 5646 3304 5703 p.
3336 5645 3582 5685 xxxvm.
