4094 6212
320 372 477 435 1169
1166 375 1457 436 ORATIO
1500 374 1713 438 XXIV.
1738 409 1815 419 —
1843 375 1920 435 IN

2116 376 2285 436 'DEM
2336 377 2401 436 S.
2450 378 2845 438 CYPRIANI.
3578 376 3733 438 1170

318 505 595 588 latebras
653 512 992 588 quaerunt;
1054 526 1167 567 nec
1226 508 1557 587 quisquam
1618 514 1745 569 tam
1806 509 2017 588 inepte
2075 510 2393 582 mentitur,
2446 516 2515 571 ut
2571 530 2711 588 quae
2769 529 2951 571 nemo
3006 509 3232 571 vidisse
3280 528 3344 569 se
3391 513 3501 571 aut
3552 511 3736 571 audi-

317 586 481 647 visse
542 587 849 667 meminit,
912 607 985 649 ea
1045 608 1246 667 nuper
1300 590 1362 647 in
1392 586 1771 650 clarissima
1828 586 1962 649 luce
2020 595 2081 649 et
2132 592 2411 651 omnium
2471 586 2670 652 oculis
2726 592 3003 652 evenisse
3056 591 3278 667 ﬁngat.
3310 612 3341 645 »
3405 590 3526 652 Sed
3581 590 3732 652 dum

318 668 552 750 fatetur
611 666 704 726 vir
759 668 1062 750 eruditus,
1114 670 1331 746 negari
1386 688 1507 727 non
1571 690 1750 749 posse
1807 669 2115 750 exstitisse
2172 672 2557 750 Cyprianum
2614 672 3096 746 Antiochenum,
3151 666 3465 732 detinetur
3520 676 3731 733 tamen

320 747 662 831 quominus
718 749 1115 831 assentiatur.
1179 760 1309 831 tum
1371 747 1693 831 Gregorio,
1754 755 1887 831 tum
1946 747 2347 813 Tillemontio
2404 760 2467 813 et
2521 753 2680 827 aliis,
2738 754 2847 831 qui
2902 752 3351 814 confessionem
3410 752 3594 812 istam
3652 752 3731 813 ab

318 828 457 907 ipso
518 832 792 911 martyre
850 829 1142 906 scriptam
1205 828 1663 911 existimarunt.
1742 830 1930 889 Plura
1982 831 2214 906 refert,
2292 851 2433 910 quae
2490 828 2774 911 profecto
2828 834 3200 894 sententiam
3262 850 3440 892 suam
3500 832 3729 892 conﬁr-

321 925 492 968 mare
548 907 860 989 videntur.
925 911 1079 968 Nam
1137 909 1443 969 confessio
1499 909 1639 984 ista,
1701 919 1931 987 prater
1987 907 2611 989 quosdam-magicae
2671 913 2818 971 artis
2875 915 3134 975 effectus
3185 913 3467 973 fabulam
3542 913 3727 973 redo-

319 988 1049 1072 lentes,_complectitur
1090 991 1291 1072 etiam
1348 989 1604 1072 longam
1661 988 2047 1072 magicarum
2106 992 2336 1052 artium
2395 988 2910 1071 descriptionem,
2972 1000 3033 1054 et
3090 993 3433 1072 exquisitas
3487 1010 3560 1052 ac
3616 993 3729 1053 fri-

316 1069 497 1151 gidas
551 1067 953 1151 densingulis
1000 1069 1562 1151 vitiorumiformis
1619 1069 1960 1151 ambages,
2037 1089 2178 1148 quae
2235 1074 2550 1132 curiosum
2601 1067 2828 1150 _magis
2896 1067 3428 1151 animum-quam
3487 1074 3730 1150 peccati

315 1148 533 1232 dolore
592 1147 885 1208 affectum
938 1149 1240 1232 indicant.
1302 1149 1424 1209 Sed
1476 1147 2072 1232 quamvisdubitet’
2121 1159 2333 1211 utrum
2394 1153 2455 1211 id
2515 1172 2675 1228 opus
2732 1147 2811 1212 sit
2865 1172 3008 1214 vere
3065 1147 3373 1232 genuihus
3432 1147 3729 1232 Gypriani

315 1229 500 1311 fetus,
552 1235 732 1306 putat
785 1235 996 1311 tamen
1044 1230 1227 1311 illius
1257 1230 1728 1291 conversionem
1776 1230 2006 1290 fabulis
2054 1249 2179 1292 non
2228 1251 2359 1293 esse
2410 1232 2867 1305 ascribendam,
2922 1229 3163 1302 necfsi
3210 1234 3351 1311 quis
3400 1229 3725 1311 egregium

315 1308 485 1370 istud
545 1308 839 1390 martyris
896 1309 1130 1390 factum
1178 1309 1458 1386 elegerit,
1511 1311 1576 1369 in
1635 1329 1761 1389 quo
1808 1312 2093 1372 ornando
2142 1317 2204 1373 et
2249 1312 2692 1390 ampliﬁcando
2740 1313 3115 1382 elaboraret,
3166 1308 3399 1375 idcirco
3448 1308 3723 1375 historiae

317 1406 631 1471 summam
688 1389 750 1448 in
805 1389 1221 1471 suspicionem
1280 1392 1626 1450 vocandam
1659 1410 1675 1465 ;
1737 1409 1881 1451 cum
1956 1391 2301 1468 praesertim
2363 1389 2642 1471 scriptor
2706 1392 2811 1453 ille
2869 1396 2958 1453 uti
3016 1392 3291 1470 potuerit
3348 1392 3721 1471 antiquiori-

317 1468 436 1529 bus
492 1468 933 1550 monumentis,
995 1488 1135 1548 quae
1199 1471 1555 1550 «Cypriani
1613 1476 1676 1531 et
1728 1472 1989 1533 Justinus
2048 1476 2290 1544 Acta,»
2355 1478 2423 1531 ut
2474 1468 2703 1550 legitur
2758 1473 2873 1533 sub
2932 1468 3120 1534 finem
3178 1471 3375 1532 libelli
3431 1468 3519 1532 de
3568 1473 3726 1533 utri-

317 1566 517 1630 usque
575 1548 888 1630 passione,
950 1572 980 1605 «
1030 1550 1110 1609 ab
1168 1548 1371 1611 initio'
1404 1568 1600 1629 usque
1654 1551 1718 1609 in
1777 1551 1967 1611 ﬁnem
2028 1552 2261 1630 scripta
2318 1548 2749 1613 continebant.
2802 1574 2831 1609 ι)

398 1628 503 1689 IV.
566 1629 673 1688 His
746 1628 938 1707 igitur
1008 1631 1429 1691 monumentis
1494 1628 1719 1708 cuique
1789 1638 2074 1692 constare
2134 1628 2320 1692 debet
2375 1650 2518 1692 vere
2575 1632 2883 1693 exstitisse
2936 1633 3321 1711 Cyprianum
3377 1630 3720 1691 Antioche-

319 1726 497 1771 num.
554 1711 757 1790 Tanta
811 1716 874 1770 et
929 1713 1055 1769 tam
1114 1712 1442 1789 perspicua
1500 1711 1618 1771 hac
1674 1711 1751 1771 de
1807 1731 1875 1771 re
1931 1717 2266 1789 supersunt
2323 1713 2718 1783 testimonia,
2796 1718 2866 1773 ut
2922 1730 2996 1773 ea
3049 1712 3144 1771 vir
3218 1712 3493 1790 prudens
3548 1711 3722 1771 nullo

323 1790 510 1871 modo
565 1788 820 1871 rejicere
877 1790 1094 1867 possit.
1156 1788 1333 1851 Unde
1388 1791 1650 1863 eruditi,
1714 1810 1786 1851 ac
1844 1788 2157 1870 praecipue
2212 1792 2646 1853 Tillemontius
2699 1792 2851 1871 (44)
2908 1797 2970 1852 et
3026 1794 3096 1852 D.
3156 1788 3531 1851 Prudentius
3586 1792 3719 1852 Ma-

317 1888 429 1950 ran
480 1868 630 1948 (45),
680 1875 933 1930 censent
982 1870 1140 1929 duos
1188 1871 1663 1949 distinguendos
1708 1868 1861 1931 esse
1898 1868 2261 1950 Cyprianos,
2314 1873 2580 1933 alterum
2630 1868 3209 1950 Garthaginensem,
3259 1871 3723 1931 Antiochenum

318 1949 635 2030 alterum;
699 1968 967 2027 quorum
1024 1952 1262 2029 primus
1321 1951 1574 2029 quidem
1636 1949 2004 2029 martyrium
2059 1952 2437 2030 Carthagine
2494 1952 2706 2024 subiit,
2764 1949 2930 2013 anno
2989 1953 3126 2025 258,
3196 1951 3438 2011 decimo
3496 1957 3721 2011 octavo

317 2028 631 2091 Kalendas
687 2030 970 2090 Octobris
1026 2028 1160 2091 sub
1229 2028 1560 2093 Valeriano
1618 2036 1680 2091 et
1737 2028 2017 2093 Gallieno
2094 2028 2522 2111 principibus;
2604 2033 2763 2092 alter
2815 2050 2965 2093 vero
3041 2031 3459 2103 Nicomediae,
3544 2037 3721 2092 sexto

318 2111 527 2191 Nonas
581 2111 866 2191 Octobris
899 2112 1073 2191 anni
1131 2113 1287 2184 304,
1358 2112 1473 2171 sub
1529 2111 1914 2172 Diocletiano
1972 2119 2035 2171 et
2090 2114 2469 2173 Maximiano
2524 2112 3050 2191 imperatoribus,
3129 2122 3198 2170 ut
3258 2117 3522 2171 testatur
3592 2113 3721 2171 Eu-

315 2189 518 2271 docia,
574 2190 676 2271 cui
726 2190 955 2271 hacin
1004 2210 1092 2261 re,
1150 2192 1552 2271 utrobservat
1598 2191 2055 2261 Tillemontius,
2102 2194 2304 2271 major
2348 2189 2832 2265 debetur—ﬁdes,
2888 2210 3078 2271 quam
3129 2191 3429 2269 Gregorio
3476 2197 3716 2259 nostro,

314 2268 421 2348 qui
481 2293 511 2324 «
559 2270 675 2352 sub
731 2270 915 2352 Decio
969 2294 995 2326 »
1057 2270 1439 2348 Cyprianum
1498 2272 1813 2332 exsulasse
1870 2272 2085 2332 scribit
2142 2268 2228 2352 (n.
2291 2275 2410 2352 14).
2473 2274 2735 2351 Insuper
2792 2268 3278 2345 Antiochenum,
3336 2276 3556 2349 utpote
3616 2271 3724 2352 qui

313 2354 475 2432 esset
529 2349 947 2410 Orientalibus
1007 2352 1247 2424 notior,
1308 2358 1371 2411 et
1421 2352 1702 2432 Gregorii
1754 2349 2160 2432 temporibus
2196 2349 2498 2422 vicinior,
2559 2349 2641 2412 inv
2682 2354 2800 2413 hac
2863 2354 3149 2413 oratione
3206 2352 3534 2412 laudatum
3589 2351 3721 2410 exi-

311 2429 687 2501 stimamus;
740 2436 895 2489 437
935 2436 1122 2508 atque
1171 2450 1313 2491 cum
1359 2431 1761 2492 Tillemontio
1811 2429 1988 2493 et'D.
2026 2432 2363 2493 Prudentio
2413 2432 2630 2493 Maran
2680 2434 2964 2493 modeste
3014 2434 3285 2492 fatemur
3337 2432 3435 2491 hic
3483 2449 3723 2491 errasse

311 2510 700 2591 Gregorium,
754 2511 1101 2591 quiplura
1156 2511 1568 2585 Antiocheno,
1620 2531 1761 2590 quas
1820 2513 1899 2571 ad
1956 2513 2509 2591 Carthaginensem
2567 2515 2959 2591 spectabant,
3019 2513 3108 2572 ita
3163 2512 3467 2582 retulerit,
3524 2517 3591 2591 ut
3646 2529 3723 2570 ex

309 2588 555 2649 duobus
608 2588 934 2668 Cyprianis
990 2610 1184 2650 unum
1240 2591 1604 2653 eﬂ‘ormasse
1642 2588 1969 2653 'videatur.
2021 2594 2155 2664 Quo
2196 2588 2424 2653 'autem
2484 2588 2667 2669 pacto
2724 2594 2787 2653 in
2845 2594 3014 2653 hunc
3071 2610 3348 2654 errorem
3407 2590 3722 2661 inciderit,

312 2670 471 2753 mira
520 2671 987 2753 resAest_;_Anisi
1027 2673 1225 2753 forte,
1280 2678 1351 2732 ut
1405 2673 1492 2732 ait
1548 2674 1620 2731 D.
1680 2674 2053 2733 Prudentius
2114 2674 2329 2734 Maran
2386 2673 2552 2753 (46),
2641 2697 2671 2729 ‹‹
2718 2674 2855 2734 [Περ
2911 2673 3092 2732 nobis
3149 2671 3723 2753 illiusgexcusandi

313 2748 471 2831 ratio
530 2749 926 2811 verisimilior
984 2751 1291 2825 videatur,
1343 2770 1570 2830 nempe
1627 2770 1767 2811 cum
1818 2754 1905 2813 eis
1951 2771 2166 2813 recens
2214 2748 2555 2814 admodum
2604 2771 2746 2813 cum
2796 2753 2870 2813 iis
2920 2771 3078 2831 quos
3124 2751 3474 2831 alloquitur
3506 2751 3721 2831 inter-

311 2830 559 2911 cederet
612 2831 1040 2903 consuetudo,
1100 2841 1162 2893 et
1218 2837 1362 2910 post
1416 2834 1657 2911 aliquot
1712 2833 1953 2893 dierum
2014 2852 2330 2894 sucessum
2388 2840 2802 2910 attemperate
2861 2830 2957 2893 ad,
2996 2834 3203 2911 ipsum
3262 2830 3426 2893 diem
3489 2830 3718 2891 festum

312 2909 624 3049 rediissetl,
658 2917 754 3050 but
806 2911 940 2991 ipse
998 2909 1288 2990 testatur,
1350 2909 1831 2991 satis‘proclive
1888 2913 2005 2973 fuit
2058 2914 2123 2971 in
2180 2919 2309 2974 tam
2369 2914 2649 2991 angustis
2704 2914 2783 2973 ad
2844 2932 2939 2972 res
2999 2909 3291 2973 accurate
3349 2911 3723 2973 ediscendas

315 2989 535 3050 spatiis
616 3008 654 3049 a
699 2991 719 3050 i
773 2996 836 3050 et
892 3010 1192 3050 errare.»

315 2989 535 3052 spatiis
590 2990 719 3050 labi
773 2989 851 3051 et
892 3010 1125 3052 errare.
1163 3013 1192 3049 δ)

394 3008 535 3051 atus
590 3008 719 3050 iam
773 3008 836 3051 et
892 3010 1192 3052 errare.»

347 3008 464 3129 pV.
536 3068 845 3131 Caeterum
906 3071 1005 3132 hic
1061 3090 1235 3132 error
1288 3070 1446 3132 nihil
1502 3071 1579 3131 de
1633 3070 1812 3132 istius
1871 3072 2174 3132 orationis
2231 3072 2417 3132 laude
2477 3072 2771 3132 detrahit.
2830 3073 2899 3132 In
2960 3090 3034 3132 ea
3091 3070 3258 3147 viget
3316 3069 3422 3128 illa
3481 3069 3719 3146 ingenii

312 3146 403 3231 vis
480 3154 540 3209 et
612 3151 945 3222 facundia,
1024 3171 1165 3230 qua:
1237 3151 1302 3211 in
1377 3151 1618 3212 castoris
1691 3152 2081 3212 orationibus
2140 3153 2493 3231 suspicitur.
2555 3152 2849 3230 Cypriani
2905 3170 2977 3211 ac
3033 3146 3298 3231 Justinie
3356 3166 3454 3208 res
3511 3154 3722 3231 gestas

312 3228 538 3310 mirum
594 3230 659 3290 in
716 3232 971 3291 modum
1030 3228 1285 3292 exhibet
1340 3249 1413 3292 ac
1468 3232 1872 3310 prosequitur
1942 3239 2156 3292 orator
2208 3228 2335 3300 ;_et
2383 3228 2741 3292 auditorum
2801 3237 3037 3291 mentes
3090 3232 3172 3291 ad
3224 3230 3485 3310 illorum
3535 3229 3723 3310 simul

308 3308 787 3371 admirationem
847 3318 907 3372 et
962 3312 1375 3373 imitationem
1435 3308 1758 3390 provocat.
1808 3313 2097 3373 Notanda
2152 3331 2403 3390 quoque
2460 3319 2552 3373 est
2608 3313 2717 3372 illa
2777 3312 3080 3390 praeclara
3135 3310 3423 3383 Justinm,
3473 3309 3537 3369 in
3587 3309 3723 3390 ipso

314 3390 679 3472 tentationis
736 3392 1117 3463 discrimine,
1178 3392 1257 3452 ad
1314 3389 1647 3471 Deiparam
1703 3392 2022 3469 Virginem
2080 3389 2392 3453 invocatio
2452 3393 2536 3472 (η.
2600 3393 2723 3472 tl),
2779 3389 2950 3470 qua,
3015 3414 3045 3447 «
3097 3396 3167 3451 ut
3220 3392 3409 3467 Virgo
3467 3389 3720 3472 pericli-

318 3470 478 3530 tanti
551 3471 774 3549 virgini
851 3490 1036 3549 opem
1093 3474 1323 3544 ferret,
1384 3492 1414 3528 ι)
1500 3472 1744 3532 orabat.
1804 3473 2039 3533 Nullibi
2096 3473 2302 3543 enim,
2378 3470 2603 3551 quarto
2661 3470 2897 3533 scilicet
2953 3472 3224 3542 saeculo,
3306 3476 3451 3551 tam,
3494 3470 3723 3529 diserte

318 3554 573 3629 tamque
627 3552 956 3631 perspicue
1008 3570 1198 3630 quam
1247 3552 1311 3611 in
1367 3552 1489 3612 ista
1538 3553 1842 3626 oratione,
1894 3554 2094 3613 beatae
2146 3550 2413 3630 virginis
2452 3554 2662 3614 Mariae
2712 3552 3015 3613 auxilium
3064 3570 3137 3611 ac
3196 3550 3501 3631 protectio
3548 3567 3723 3631 com-

322 3629 674 3712 mendatur.
737 3629 1043 3693 Fatentes’
1085 3632 1474 3693 adversarios
1530 3632 1859 3693 habemus.
1919 3634 2191 3694 Clericus
2255 3629 2437 3712 "ipse,
2523 3636 2627 3711 qui
2707 3652 2873 3711 sape
2948 3632 3314 3712 Gregorium
3390 3629 3721 3712 rhetoricas

321 3709 484 3791 plus
536 3729 717 3790 aequo
790 3712 1122 3772 indulsisse
1194 3717 1573 3791 conquestus
1644 3720 1784 3783 est,
1869 3713 1950 3772 ad
2028 3709 2308 3774 solitum_
2356 3732 2481 3773 non
2546 3709 2741 3773 ausus
2798 3709 3155 3789 confugere
3230 3710 3718 3791 diverticulum,

320 3787 410 3871 ait
465 3787 682 3869 (47)’;
774 3816 803 3848 (ί
867 3793 1051 3853 Nulla
1107 3792 1208 3852 hic
1265 3787 1355 3852 in'
1387 3792 1592 3852 verbis
1652 3793 1961 3870 Gregorii,
2028 3793 2133 3852 ubi
2192 3794 2575 3871 Cyprianum
2633 3794 2913 3867 invocat,
2975 3787 3035 3851 et
3082 3790 3351 3871 Justinas
3411 3788 3474 3847 in
3529 3787 3723 3848 Maria

318 3869 672 3931 invocanda
728 3872 1003 3933 studium
1057 3872 1384 3951 exprimit,
1443 3873 1647 3941 nulla,
1707 3869 2002 3951 inquam,
2063 3869 2390 3932 rhetoricae
2448 3872 2679 3948 ﬁgura,
2741 3872 2907 3931 nulla
2970 3870 3135 3951 ﬁctio
3194 3876 3316 3951 est,
3350 3873 3595 3951 contra
3649 3885 3724 3951 ac

317 3951 562 4027 putavit
615 3970 778 4012 unus
832 3971 865 4012 e
924 3947 1181 4027 nostris,
1245 3952 1485 4013 Gaveus
1541 3947 1814 4013 nomine.
1866 3975 1896 4007 »
1975 3953 2108 4023 Quo
2165 3959 2373 4012 autem
2431 3947 2627 4025 anno,
2690 3970 2891 4027 quove
2948 3951 3009 4009 in
3067 3950 3204 4009 loco
3262 3947 3480 4008 habita
3533 3947 3724 4007 fuerit

316 4026 453 4089 haec
513 4033 757 4105 oratio,
831 4034 1051 4105 facile,
1126 4026 1262 4094 tum
1320 4051 1397 4093 ex
1453 4032 1712 4093 diversis
1767 4032 2003 4106 titulis,
2078 4039 2211 4093 tum
2269 4052 2345 4091 ex
2402 4026 2725 4092 orationis,
2759 4031 2917 4092 serie
2973 4029 3268 4107 colligere
3322 4034 3437 4089 est.
3497 4026 3723 4088 Mirum

311 4128 460 4170 sane
526 4111 772 4172 videtur
827 4113 1107 4173 Nicetam
1166 4112 1455 4173 Nazianzi
1512 4112 1747 4174 dictam
1807 4113 2215 4174 existimasse.
2276 4114 2531 4172 Constat
2587 4111 2751 4171 enim
2811 4110 3182 4189 Gregorium
3255 4129 3285 4167 α
3332 4108 3605 4189 ὺιέξνθῐιιΔ
3644 4124 3721 4167 ac

310 4195 696 4273 recentem,»
758 4211 899 4253 cum
953 4194 1047 4265 iis,
1110 4212 1269 4271 quos
1325 4193 1691 4272 alloquitur,
1759 4216 1789 4249 «
1832 4211 1927 4254 cor

2107 4193 2345 4253 1dinem
2394 4215 2423 4247 ν)
2486 4192 2804 4264 habuisse,
2869 4185 3101 4273 βρᾶχεῖα
3130 4197 3404 4273 cev-665m,
3465 4185 3724 4273 utipse

312 4270 595 4352 loquitur
645 4272 742 4352 (n.
800 4276 913 4351 2),
974 4293 1048 4335 ac
1105 4266 1369 4352 proinde
1426 4266 1828 4334 Nazianzenis
1880 4273 2239 4335 nullatenus
2302 4273 2633 4333 convenire
2690 4266 2915 4350 posse.
2954 4266 3023 4352 Id
3080 4288 3228 4352 vero
3281 4266 3723 4329 Constantino-

311 4351 611 4429 politanis
657 4350 952 4430 apprime
1009 4350 1319 4430 congruit.
1382 4354 1616 4415 Deinde
1672 4353 2030 4431 Theologus
2088 4355 2251 4413 hanc
2309 4353 2662 4414 orationem
2717 4356 2901 4412 vocat
2960 4351 3045 4431 (n.
3112 4350 3208 4431 19)
3249 4372 3309 4431 _«
3350 4366 3721 4431 sermonum

312 4449 567 4526 suorum
648 4428 1041 4526 primitias,»
1120 4428 1216 4526 ut.
1262 4434 1661 4526 signiﬁc‘et‘a
1717 4452 1782 4494 se
1837 4428 1985 4526 tunc
2052 4435 2323 4514 primum
2384 4440 2670 4494 sanctum
2726 4428 3064 4526 martyrem
3113 4428 3389 4523 laudari.
3449 4428 3719 4492 Conclu-

312 4510 590 4571 dendum
646 4510 841 4590 igitur
896 4510 1442 4593 Constantinopoli
1498 4514 1780 4576 habitam
1838 4510 2074 4590 fuisse;
2110 4521 2191 4589 et,
2255 4521 2563 4593 quantum
2621 4532 2698 4574 ex
2753 4512 2935 4572 dictis
2988 4510 3297 4590 conjicere
3361 4526 3721 4589 possumus,

311 4609 524 4652 mense
579 4593 832 4654 Octobri
890 4595 1039 4654 anni
1098 4597 1240 4655 379.

385 4721 502 4865 (44)
530 4723 594 4778 Τ.
630 4724 695 4779 ν.
731 4741 787 4796 p.
821 4725 925 4779 329
954 4729 1011 4781 et
1037 4725 1163 4780 719.

410 4794 479 4848 45
535 4796 596 4849 In
628 4812 775 4852 nova
804 4798 895 4852 ed.
930 4799 1097 4869 Cypr.
1124 4797 1321 4854 Carth.
1356 4813 1413 4868 p.
1446 4813 1637 4853 xxxvn
1666 4800 1723 4853 et
1752 4812 1962 4854 cxxxn.

2148 4727 2261 4869 (46)
2298 4727 2427 4783 Vita
2467 4726 2755 4799 Cypriani,
2872 4738 3107 4780 xxxvm.

1490 4813 1637 4852 xxvn
1666 4800 1723 4853 et
1752 4812 1962 4854 cxxxn.
2146 4798 2236 4869 (47
2294 4799 2437 4854 Bibl.
2470 4800 2626 4853 univ.
2660 4801 2702 4853 t.
2736 4797 2781 4852 X
2836 4796 2935 4867 III,
2968 4813 3024 4869 p.
3059 4796 3107 4850 12

410 4794 497 4864 45)
535 4796 596 4849 In
628 4794 775 4852 nova
804 4798 895 4852 ed.
930 4799 1097 4870 Cypr.
1124 4797 1321 4854 Carth.
1356 4813 1413 4868 p.
1446 4813 1637 4853 xxxvn
1666 4800 1723 4853 et
1752 4812 1962 4854 cxxxn.
2146 4794 2259 4869 (47)
2294 4799 2437 4854 Bibl.
2470 4794 2626 4853 u'n'iv.
2660 4801 2702 4853 t.
2736 4794 2935 4867 XVIII,
2968 4813 3024 4869 p.
3059 4794 3180 4850 121.

800 5030 1201 5126 ΛΟΓΟΣ
1263 5003 1481 5123 KA‘.

2437 5004 2900 5100 ORATIO
2968 5000 3273 5096 XXIV
3312 5014 3365 5092 ⁸.

313 5161 416 5238 Εἰς
484 5161 575 5238 τὸν
652 5162 805 5238 ἄγων
1063 5161 1432 5238 ἱερομάρτιξρα
1506 5164 1836 5238 Κυπριανὸνμ,
1915 5163 1930 5217 ἐ

2113 5183 2140 5221 η
2174 5165 2394 5221 laudem
2425 5164 2477 5219 S.
2513 5167 2776 5235 martyris
2811 5164 3252 5238 Cypriani,_cun_z
3278 5158 3545 5238 postridie
3577 5158 3730 5213 illius

391 5232 562 5375 ᾒγροῦ
640 5232 773 5306 μέτὰ
851 5232 979 5307 plani
1046 5232 1143 5304 τῆξ
1190 5232 1197 5235 ’
1243 5232 1426 5307 {ivstae
1512 5232 1721 5310 ὴμὲραν
1808 5232 1969 5289 ἐπαγ-ὲ

437 5325 653 5365 κοντος,

1965 5267 1969 5276 ι
2219 5239 2478 5293 solemnis
2506 5232 2783 5293 mimoriaz
2812 5232 2949 5291 rare
2980 5236 3231 5290 rediz'sset
3274 5232 3582 5300 Gregorius.

437 5325 653 5365 κοντος,

398 5394 474 5447 A'.
512 5398 720 5466 Μιδεροῦ
768 5396 1069 5469 Κυπριανὸς
1120 5392 1368 5470 διέφυγεν
1417 5394 1601 5466 ἡμᾶς·
1656 5393 1699 5447 ὥ
1740 5400 1842 5463 τῆς
1876 5398 1969 5465 ζη-

2150 5401 2196 5451 I.
2228 5397 2551 5468 Cyprianus
2576 5399 2693 5453 fere
2720 5414 2824 5452 nos
2847 5396 3077 5466 effugit:
3103 5411 3135 5449 o
3168 5392 3372 5463 ingens
3403 5388 3725 5443 damnum‘

393 5500 501 5579 (48)
533 5498 625 5579 Ei:
653 5500 743 5579 τὸν
778 5500 949 5579 ἃγιογ,
985 5508 1091 5579 etc.
1126 5499 1337 5579 Varius
1368 5500 1427 5579 i_n
1458 5501 1635 5579 v_ariis
1673 5502 1971 5579 codicibus

2111 5499 2455 5579 ιάρςῑυροιηὲξ
2506 5499 2980 5579 dgfpoﬁj-r‘rto-tra‘tg,’
3023 5496 3156 5579 μετίὶ
3204 5494 3302 5579 τὴν
3364 5487 3572 5579 ἡμὲρὶακξ
3632 5494 3728 5579 τῇς

321 5558 536 5645 legitur
567 5558 746 5644 hujus
786 5558 1064 5645 orationis
1114 5572 1341 5645 titulus.
1377 5573 1436 5645 In
1469 5573 1608 5645 Reg.
1645 5590 1676 5627 a
1709 5591 1721 5629 :
1756 5572 1848 5634 Εἰς
1879 5573 1938 5627 τὸ

2086 5558 2486 5645 ξινὲίαέηᾸΙὶέῐδ
2516 5558 2653 5645 Πὲς.
2687 5574 2826 5627 230?
2862 5589 2873 5626 :
2910 5558 3519 5645 Λῦγὸςῃξπιτάφιοξκάῖ
3545 5558 3630 5645 ἐγ.
3672 5574 3693 5592 ⁶

324 5590 536 5642 legitur
567 5590 746 5644 DUJUS
786 5590 1064 5630 orationis
1114 5590 1341 5627 titulus.
1377 5590 1436 5626 1n
1470 5590 1550 5628 rte
1597 5616 1608 5628 .
1645 5590 1676 5627 8.
1709 5591 1721 5629 :
1756 5590 1848 5634 mc
1879 5595 1939 5627 το

324 5642 479 5729 ἅγιιον
540 5644 866 5729 Κυτξριανὸν,
894 5645 956 5729 ,ἐξ
1003 5646 1174 5729 ἐγροῦ
1224 5590 1704 5729 ξπανήὲφνκῗὶθε.
1739 5647 1829 5729 d‘:

2107 5590 2291 5632 ινειας.
2330 5590 2486 5628 Alter
2518 5590 2593 5627 ne
2644 5616 2653 5627 .
2687 5590 2826 5627 zsuz
2862 5590 2873 5626 :
2910 5590 3083 5641 Λογος
3122 5590 3397 5639 επιταφιυς
3434 5590 3519 5614 και
3553 5590 3630 5632 ιτ.
3680 5590 3689 5592 ε

2107 5716 2128 5729 ν
2153 5644 2419 5729 (ρ)¹Α1ἱθε
2450 5591 2644 5729 XVI}?
2678 5644 2813 5729 Quae
2857 5640 3152 5729 anteme/1
3181 5642 3324 5703 erat,
3360 5649 3516 5691 nunc
3543 5633 3633 5689 34.
3660 5662 3724 5673 -

331 5664 479 5715 ιγιον
542 5664 866 5775 ιωῖτέιανον,
906 5664 956 5718 εξ
1003 5664 1174 5720 αγρου
1224 5664 1529 5713 ιπανηκων.
1564 5664 1704 5718 neg.
1739 5664 1774 5700 α
1817 5664 1829 5702 :
1878 5664 1948 5699 m.

331 5714 578 5789 μάρτυρα
682 5716 961 5791 υπριανόν.
1010 5718 1149 5791 Reg.
1201 5715 1279 5789 ph
1324 5733 1340 5777 ;
1390 5714 1487 5781 Εἷς
1536 5716 1834 5793 Κυπριανὸν
1882 5718 1944 5773 τὸ

1483 5664 1529 5701 ν.
1564 5664 1704 5718 ηδε.
1739 5664 1774 5700 (1
1817 5664 1829 5702 Ζ
1878 5664 1970 5708 ιιις
2153 5664 2228 5729 (α)
2262 5664 2419 5699 Α1188
2451 5664 2643 5701 Λνιιι.
2678 5664 2813 5727 υυςθ
2857 5664 3052 5723 autem
3084 5666 3100 5691 Δ

1483 5737 1487 5778 :
1536 5716 1834 5793 Κυπριανὸν
1882 5718 1974 5773 τὸν
2082 5716 2292 5774 Habita
2322 5732 2521 5772 mense
2551 5716 2782 5772 Octobri
2811 5730 2947 5769 anni
2977 5711 3100 5766 379.
