4094 6212
381 387 529 453 1171

1619 385 1683 445 S.
1735 386 2104 447 GREGORII
2147 386 2535 447 THEOLOGI

3638 397 3797 456 H72

381 526 560 597 idque
588 542 691 581 vos
721 522 881 597 passi
907 522 1073 580 estis.
1126 520 1223 593 qui
1258 537 1392 578 eum
1452 520 1717 575 omnium
1779 518 2029 575 maxime

2151 517 2310 591 μίαςέ
2357 518 2446 573 xui
2499 520 2653 591 ὑμεῖς
2702 518 3018 596 ἠνέσχεσθε,
3067 522 3119 576 οἱ
3171 520 3379 578 πάντων
3436 522 3652 597 μᾶλλον
3700 528 3798 581 τὸν

384 614 704 684 suSpicitis,
739 613 1073 683 annuisque
1122 610 1443 666 honoribus
1494 625 1559 664 ac
1610 607 1859 680 publicis
1894 625 2028 664 con-

382 704 651 759 ventibus
679 702 1005 759 celebratis.
1041 701 1193 757 438
1225 700 1568 771 Cyprianus,
1623 697 1884 768 inquam,
1934 713 2030 751 cu-

376 792 593 863 jus,vel
622 791 851 847 etiamsi
873 791 1091 862 alioqui
1114 789 1422 846 oblivionis
1447 788 1582 841 vitio
1606 786 2028 852 laboraremus,

386 881 731 936 meminisse
763 886 956 937 tamen
988 895 1225 935 necesse
1254 878 1480 943 fuerat;
1515 876 1806 947 siquidem
1825 873 2028 946 Optimi

387 968 763 1039 potissimum
792 968 902 1022 viri
937 968 1220 1022 memoria
1250 964 1478 1021 colendi
1512 968 1669 1033 sunt,
1704 963 2029 1033 iique,quo-

389 1073 521 1111 rum
558 1056 895 1111 meminisse
917 1071 1030 1109 non
1051 1056 1223 1109 modo
1256 1054 1416 1125 pium
1442 1053 1655 1119 est,sed
1679 1052 1857 1107 etiam
1893 1050 2031 1105 utile

390 1163 456 1201 ac
488 1148 876 1200 fructuosum.
913 1148 1127 1200 Verum
1182 1143 1291 1197 hoc
1322 1141 1583 1197 debitum
1644 1157 1776 1195 cum
1839 1140 2033 1194 fenore

390 1234 825 1303 dissolvamus;
858 1234 906 1289 si
939 1238 1135 1289 tamen
1168 1249 1337 1303 pares
1369 1231 1451 1285 rei
1510 1228 1816 1284 facultates
1854 1227 2029 1284 hahe-

392 1341 548 1391 mus,
582 1340 647 1378 ac
677 1341 790 1380 non
824 1339 1019 1378 rerum
1068 1322 1334 1376 omnium
1364 1324 1622 1392 egestate
1678 1323 1735 1373 et
1791 1316 2036 1389 penuria

392 1413 819 1471 conﬂictamur.
853 1413 1013 1477 Quod
1038 1411 1089 1466 si
1138 1410 1313 1466 etiam
1372 1408 1689 1463 admodum
1748 1423 2034 1478 pauperes

391 1502 780 1566 inveniamur,
814 1516 929 1555 non
961 1499 1185 1564 dubito,
1219 1498 1359 1569 quin
1389 1497 1474 1553 vir
1511 1496 1629 1566 ille,
1664 1500 1727 1550 ut
1754 1498 1810 1550 in
1844 1495 2031 1550 omni-

391 1593 504 1647 bus
536 1591 712 1647 rebus
741 1588 923 1644 animi
956 1587 1365 1659 magnitudine
1405 1602 1472 1641 ac
1504 1584 1792 1639 modestia
1823 1585 2033 1655 praedi-

393 1686 513 1749 tus,
545 1684 672 1733 tum
704 1680 914 1733 nostra:
945 1693 1143 1745 morae,
1174 1683 1301 1730 tum
1334 1673 1562 1744 inopiae,
1611 1672 1778 1728 facile
1835 1672 1912 1727 sit
1942 1688 2034 1727 ve-

396 1769 556 1824 niam
587 1769 873 1834 daturus;
905 1765 1079 1821 modo
1110 1765 1217 1819 hoc
1248 1763 1484 1818 nomine
1513 1762 1733 1834 gratias
1766 1764 1876 1818 Deo
1909 1779 2039 1834 aga-

2139 604 2305 679 ἄνδρα
2333 608 2718 679 Θαυμάζοντες,
2752 608 2841 662 xui
2872 615 2990 671 ταῖς
3026 607 3096 664 δι’
3143 608 3291 673 ἔτους
3337 617 3605 684 τιμῶντες
3656 613 3801 669 Exsi-

2138 715 2224 749 vov
2269 701 2454 767 τιμαῖς
2500 717 2558 750 τε
2606 697 2695 750 καὶ
2735 697 3111 773 πανηγύρεσιί
3176 702 3477 772 Κυπριανός
3512 706 3644 771 (49),
3707 702 3798 771 οὗ,

2138 784 2227 837 xui
2283 788 2397 846 τοῖς
2445 782 2624 838 τᾶλλα
2677 784 3033 858 ἐπιλήσμοσι,
3102 795 3405 859 μεμνῆσθαι
3463 794 3570 843 τῶν
3637 792 3803 867 ἀναγ-

2139 871 2339 927 καίων⁸
2405 871 2551 949 εἶ’περ
2600 878 2704 928 τῶν
2779 874 3010 947 ἀρίστων
3075 876 3309 948 μάλιστα
3364 881 3792 950 μνημονευτὲον,

2138 962 2228 1015 xui
2260 962 2331 1015 ὢν
2388 962 2451 1015 τὸ
2500 964 2801 1034 μεμνῆσθαι
2841 962 2989 1018 ὅσιόν
3038 985 3096 1019 τε
3144 965 3283 1036 ὁμοῦ
3328 967 3417 1019 καὶ
3477 967 3791 1043 ὠφέλιμον.

2141 1049 2297 1105 Ἀλλ’
2328 1047 2616 1123 ἀποδῶμεν
2646 1050 2736 1105 σὺν
2769 1052 2917 1123 τόκῳ
2947 1052 3008 1106 τὸ
3039 1053 3223 1128 χρέος,
3278 1054 3336 1108 ἃν
3390 1054 3490 1129 ἄρα
3532 1063 3799 1111 τοσοῦτον

2142 1138 2490 1214 εὐποροῦντες
2519 1142 2630 1212 (50)
2663 1144 2936 1218 φανῶμεν,
2968 1140 3113 1196 ἀλλὰ
3148 1144 3221 1215 μή
3265 1142 3436 1197 πάντα
3498 1146 3647 1215 ὦμεν
3707 1146 3795 1199 ἐν-

2143 1225 2282 1289 δεεῖς
2309 1249 2366 1283 τε
2396 1229 2484 1282 καὶ
2515 1228 2758 1299 πένητες.
2792 1235 2891 1284 "Av
2951 1227 3007 1284 δὲ
3062 1231 3149 1285 xui
3202 1231 3320 1286 λίαν
3381 1233 3626 1301 πένητες.
3688 1233 3801 1288 οἷδ’

2143 1316 2223 1370 ὅτι
2258 1317 2619 1390 συγγνώσεται
2651 1320 2784 1389 ἡμῖν
2812 1318 2902 1371 καὶ
2932 1324 3029 1381 τῆς
3085 1320 3451 1394 ὑπερημερίας
3503 1324 3640 1393 (51),
3700 1324 3797 1377 xui

2139 1413 2238 1475 τῆς
2268 1406 2472 1475 πενίας,
2507 1406 2618 1461 ἐπεὶ
2668 1408 2756 1460 καὶ
2786 1413 2959 1461 πᾶντα
3014 1406 3405 1484 μεγαλόψυχος
3460 1412 3486 1464 ὀ
3520 1412 3659 1485 ἀνὴρ
3699 1413 3795 1466 xui

2143 1492 2439 1572 φιλόσοφος
2465 1513 2477 1527 ⁸
2515 1494 2676 1566 μόνον
2712 1494 2792 1562 ἂν,
2827 1494 2910 1549 ὅτι
2948 1497 3022 1567 μὴ
3057 1495 3300 1575 διέφυγεν
3351 1501 3522 1570 ἡμᾶς,
3572 1500 3803 1575 εὐχαρι-

2145 1586 2452 1657 στήσωμεν.
2503 1583 3001 1659 Εὐχαριστήσωμεν
3042 1588 3153 1657 (52)
3213 1584 3306 1640 δέ·
3350 1586 3439 1642 xui
3485 1590 3587 1664 γὰρ
3623 1589 3798 1661 ἄξιον.

2144 1674 2393 1748 Ἀρκτὲον
2447 1670 2503 1727 δὲ
2550 1672 2745 1745 οὕτως,
2791 1676 2864 1734 ώς
2915 1673 2990 1735 εἰς
3035 1674 3202 1729 καλὸν
3254 1676 3378 1747 ὑμῖν
3426 1676 3801 1750 ἐπανήκομεν,

2146 1762 2235 1817 καὶ
2281 1760 2475 1824 καλοῖς
2529 1761 2746 1836 μὲτροις
2797 1766 2955 1819 Θεοῦ.
3003 1767 3099 1817 τοῦ
3148 1764 3321 1819 πάντα
3370 1763 3421 1819 ἂν
3452 1769 3673 1839 σταθμῷ
3702 1770 3800 1822 καὶ

398 1857 715 1928 mus,quod
749 1855 1034 1910 memoria
1063 1853 1252 1925 ipsius
1281 1870 1349 1907 ex
1377 1852 1591 1907 animis
1622 1851 1838 1906 nostris
1860 1851 2029 1906 haud

2152 1851 2334 1925 μέτρῳ
2384 1848 2723 1925 διορίζοντός
2770 1870 2827 1904 τε
2874 1851 2963 1905 xui
3011 1848 3394 1918 διευθύνοντος,
3437 1854 3493 1907 ἐκ
3524 1862 3626 1922 τῆς
3659 1858 3800 1924 ἡσυ-

399 1962 697 2019 quaquam
728 1944 1016 2014 effugerit.
1057 1946 1202 1997 Vere
1240 1941 1459 2012 gratias
1508 1944 1622 1994 Deo
1656 1956 1899 2011 agamus
1935 1958 1947 1995 :
1981 1941 2038 1995 id

390 2034 546 2092 enim
579 2050 807 2104 aequum
839 2037 965 2100 est;
999 2036 1172 2102 atque
1204 2035 1268 2085 ut
1297 2030 1432 2085 hinc
1462 2029 1694 2084 initium
1728 2029 2037 2099 ducamus,

390 2140 569 2196 quam
602 2122 929 2186 commode,
981 2118 1357 2191 pulchrisque
1406 2117 1502 2173 Dei
1562 2117 1879 2184 mensuris,
1937 2116 2038 2188 qui

2150 1939 2276 2015 χίας
2322 1938 2408 1993 ἐπὶ
2453 1939 2545 1993 τὸν
2593 1938 2777 2013 λόγον,
2837 1938 2896 1993 ἐκ
2942 1947 3043 2009 τῆς
3089 1943 3502 2018 φιλομάρτυρος
3536 1947 3651 2016 (53)
3708 1944 3803 1998 ἰπὶ

2153 2027 2449 2103 μάρτυρας,
2484 2029 2542 2081 ἔκ
2570 2034 2669 2096 τῆς
2714 2035 3027 2100 σωματικῆς
3073 2029 3305 2092 ἀνισεως
3349 2030 3435 2085 ἐπὶ
3480 2033 3579 2099 τήν
3641 2054 3809 2087 πνευ-

2153 2138 2256 2189 ματ
2267 2118 2381 2184 ικὴν
2415 2115 2666 2172 ἑστίασιν.

387 2212 588 2269 omnia
628 2228 762 2267 cum
820 2210 1076 2282 pondere
1131 2212 1188 2264 et
1244 2207 1884 2263 mensura‘constituit
1915 2223 1979 2262 ac
2013 2208 2352 2263 moderatur
2372 2208 2434 2278 ¹²,
2467 2209 2536 2262 ad
2588 2223 2688 2262 vos
2747 2207 3048 2278 rediimus,
3106 2225 3139 2264 a
3186 2208 3415 2265 silentio
3471 2216 3529 2266 et
3584 2211 3807 2267 solitu-

386 2301 522 2358 dine
579 2301 652 2357 ad
712 2315 1065 2365 sermonem,
1099 2314 1134 2354 a
1163 2302 1489 2370 martyrum
1545 2296 1808 2352 studiosa
1853 2297 1924 2351 ad
1974 2301 2278 2369 martyres,
2313 2315 2347 2353 a
2394 2314 2669 2368 corporea
2719 2294 3072 2353 relaxatione
3128 2299 3199 2354 ad
3259 2299 3590 2375 spirituales
3649 2317 3806 2373 epu-

383 2391 472 2447 las
496 2392 508 2447 ι

459 2479 528 2535 ΙΙ.
563 2477 1051 2535 Desiderabamus
1083 2492 1206 2545 vos,
1238 2491 1271 2531 ο
1318 2474 1445 2541 ﬁlii,
1476 2479 1534 2529 et
1589 2473 1714 2545 pari
1761 2473 2034 2529 desiderii

384 2569 593 2624 aﬂ‘ectu
625 2583 660 2621 a
688 2565 854 2621 vobis
876 2564 1291 2636 expetebamur
1316 2588 1331 2630 ς
1363 2563 1420 2617 id
1444 2562 1602 2617 enim
1625 2562 1771 2617 mihi
1792 2578 2033 2633 persua-

382 2656 513 2712 deo.
545 2654 752 2709 Videte
784 2653 1011 2724 paterni
1041 2652 1221 2708 animi
1245 2652 1557 2706 candorem
1582 2669 1595 2717 ;
1631 2668 1767 2706 nam
1792 2656 1848 2706 et
1877 2651 2033 2721 quod

390 2759 587 2799 meum
616 2746 704 2797 est
735 2759 928 2809 narro,
962 2747 1019 2796 et
1047 2745 1237 2796 vestro
1270 2756 1409 2811 erga
1458 2756 1550 2794 me
1581 2738 1811 2795 aﬂ‘ectui
1866 2740 2030 2794 testi-

385 2832 649 2887 monium
687 2831 935 2902 praebeo,
962 2834 1136 2901 atque
1167 2828 1452 2884 hactenus
1483 2829 1634 2884 inter
1665 2845 1769 2883 nos
1800 2829 2030 2899 disjun-

382 2920 480 2984 cti,
515 2923 581 2974 ut
612 2919 969 2974 desiderium
1000 2922 1265 2973 nostrum
1289 2917 1567 2987 utrinque
1598 2933 1933 2988 agnoscere,
1965 2935 2031 2972 ac

378 3009 510 3081 ipsa
544 3008 804 3064 locorum
834 3006 1115 3062 distantia
1132 3005 2028 3077 etintervallo,quemadmodum

382 3099 639 3170 pictores
673 3095 923 3166 tabulas,
956 3095 1253 3167 explorare
1284 3111 1615 3167 possemus,
1650 3112 1856 3150 rursus
1888 3111 2031 3150 con-

384 3188 675 3242 venimus.
709 3187 895 3250 Quam
950 3200 1202 3255 magnus
1236 3185 1527 3240 memoriae
1588 3185 1769 3239 fomes
1801 3188 1908 3251 est,
1943 3184 2029 3240 vel

380 3275 575 3330 brevis
624 3275 945 3329 amicorum
1006 3272 1374 3328 familiaritas
1428 3278 1486 3328 et
1542 3275 1923 3343 consuetudo,
1959 3275 2029 3328 iis

384 3362 589 3433 utique
620 3362 719 3433 qui
750 3362 1013 3416 moribus
1062 3366 1201 3416 sunt
1255 3362 1323 3417 ad
1382 3362 1701 3417 amandum
1735 3363 2028 3433 propensi,

385 3452 605 3522 quique
635 3449 736 3504 Dei
762 3465 899 3520 erga
928 3465 1112 3520 genus
1144 3449 1470 3504 humanum
1503 3466 1761 3505 amorem
1793 3450 2029 3507 imitan-

383 3538 522 3595 turl
557 3538 769 3604 Quidni
801 3542 1161 3604 autem,cum
1192 3536 1537 3609 Christi,qui
1570 3545 1805 3610 propter
1827 3556 1935 3595 nos
1956 3540 2026 3595 ad

386 3627 637 3683 formam
673 3642 861 3699 usque
912 3625 1182 3681 servilem
1233 3627 1496 3698 seipsum
1540 3628 1877 3697 exinanivit,
1910 3635 1966 3684 et
1998 3647 2030 3685 a

382 3716 718 3773 ccelestibus
747 3714 972 3771 alienos
992 3722 1049 3771 et
1075 3715 1414 3788 peregrinos
1456 3717 1529 3771 ad
1561 3733 1624 3772 se
1654 3715 1906 3789 collegit,
1940 3719 2027 3773 di-

380 3806 637 3879 scipulos
668 3822 775 3860 nos
806 3805 1205 3878 proﬁteamur,
1238 3803 1466 3875 quidni,
1509 3805 1771 3877 inquam,
1824 3811 2028 3863 mutuo

2214 2473 2289 2529 B'.
2336 2473 2653 2546 Εποθοῦμεν
2716 2474 2873 2546 ὑμᾶς,
2917 2473 2963 2526 ὦ
3022 2473 3197 2544 τέκνα,
3255 2474 3343 2527 καὶ
3371 2480 3375 2483 ’
3403 2475 3805 2547 ἀντιπεθούμε-

2144 2563 2209 2616 ϐα
2261 2567 2377 2623 τοῖς
2434 2561 2571 2625 ἴσοις
2622 2563 2841 2637 μέτροις
2893 2564 3047 2635 (54)·
3110 2562 3367 2634 πείθομαι
3428 2563 3547 2638 γάρ.
3607 2570 3805 2638 Ὁρᾶτε

2142 2650 2346 2725 πατρὸς
2378 2650 2797 2726 εὐγνωμοσύνην
2827 2671 2838 2682 ·
2870 2651 2961 2705 xui
3006 2651 3069 2705 τὸ
3118 2650 3353 2722 ἐμαυτοῦ
3403 2650 3571 2725 λέγω,
3604 2654 3698 2707 xui
3731 2655 3802 2707 τὸ

2144 2739 2399 2816 ὑμέτερον
2437 2743 2713 2814 μαρτυρῶ,
2765 2740 2853 2793 καὶ
2880 2743 3136 2794 τοσοῦτον
3183 2738 3582 2817 διαζευχθέντες
3613 2741 3801 2810 ἀκλή-

2142 2827 2279 2896 λωο,
2312 2827 2435 2882 ὅσον
2468 2828 2557 2882 τὸν
2602 2828 2772 2891 πόθον
2827 2828 3086 2903 γνωρίσαι
3111 2831 3197 2883 καὶ
3232 2827 3520 2902 δοκιμάσαι
3548 2835 3617 2903 τῇ
3652 2832 3799 2884 ἀπο-

2142 2915 2343 2985 στάσει,
2375 2919 2609 2990 καθάπερ
2642 2919 2693 2971 oi
2726 2919 3002 2995 ζωγράφοι
3206 2919 3332 2979 τοὺς
3380 2918 3629 2985 πίνακας,
3682 2921 3797 2973 πά·-

2143 3005 2227 3060 λιν
2262 3005 2623 3078 συνήλθομεν.
2674 3007 2761 3067 Ὠς
2814 3007 2951 3080 μέγα
3002 3009 3224 3079 μνήμης
3277 3006 3607 3083 ἐμπύρευμα
3657 3012 3795 3080 (56),

2139 3095 2226 3149 καὶ
2272 3096 2505 3170 βραχεῖα
2547 3097 2801 3165 συνήθεια
2849 3094 3022 3172 φίλων
3068 3098 3197 3168 (57),
3249 3103 3365 3158 τοῖς
3411 3118 3469 3151 τε
3517 3098 3793 3172 ἀγαπητι-

2138 3189 2255 3246 κοῖς
2286 3184 2376 3237 τὸν
2408 3184 2629 3257 τρόπον,
2662 3184 2749 3238 καὶ
2773 3189 2905 3238 Θεοῦ
2940 3184 3300 3256 μιμουμένοις
3332 3185 3739 3262 φιλανθρωπίαν
3769 3190 3780 3242 ἓ

2060 3256 2101 3322 C
2140 3277 2263 3335 Πῶς
2297 3270 2354 3327 δὶ
2385 3256 2485 3327 οὐκ
2510 3270 2840 3345 ἐμέλλομεν,
2874 3274 2929 3326 oi
2981 3278 3213 3349 Χριστοῦ
3266 3256 3542 3346 (tuen-cui;
3569 3280 3667 3328 τοῦ
3701 3296 3791 3328 xs-

2139 3363 2396 3423 νωθὲντος
2430 3360 2499 3416 δι’
2529 3364 2675 3434 ἡμᾶς
2719 3360 2883 3437 μέχρι
2923 3359 3123 3417 δούλου
3176 3369 3413 3438 μορφῆς,
3463 3362 3553 3415 xui
3603 3362 3791 3432 ξένους

2139 3445 2296 3511 ὄντας
2320 3455 2427 3505 τῶν
2483 3450 2741 3525 οὐρανίων
2792 3450 2924 3524 πρὸς
2973 3450 3157 3504 ἑαυτὸν
3209 3451 3619 3526 συναγαγόντος,
3667 3450 3793 3514 ἀνθ-

2140 3540 2340 3612 ἑξεσθαῖ
2388 3560 2444 3593 τε
2491 3539 2577 3594 καὶ
2628 3538 2958 3615 περιέξεσθαι
3007 3537 3295 3609 ἀλλήλων,
3366 3540 3457 3593 xui
3522 3542 3787 3613 τηρήσειν

2136 3632 2236 3697 τὴν
2267 3623 2493 3698 ἑνότητα
2520 3634 2615 3683 τοῦ
2646 3628 2952 3701 πνεύματος
2976 3627 3026 3683 ἑν
3054 3632 3135 3699 τῷ
3175 3625 3455 3699 συνδεσμῷ
3492 3631 3593 3697 τῆς
3643 3628 3794 3703 εἰρή-

2137 3738 2257 3788 νης,
2371 3718 2541 3791 νόμου
2584 3717 2672 3773 καὶ
2719 3720 3014 3795 προφητῶν
3063 3715 3173 3771 ἔστι
3215 3719 3536 3793 μυστήριον,
3570 3715 3669 3770 εἴτ’
3698 3717 3794 3770 οὖν

2136 3810 2248 3879 (58)
2277 3806 2594 3885 κεφάλαιον.

386 3908 606 3966 amoris
637 3910 943 3980 complexu
974 3908 1127 3965 inter
1158 3925 1264 3965 nos
1296 3909 1671 3979 haereremus,
1704 3912 2063 3983 spiritusque
2094 3914 2379 3969 unitatem
2422 3914 2483 3969 in
2511 3912 2744 3969 vinculo
2774 3912 2937 3985 pacis
2961 3913 3026 3982 13,
3058 3930 3181 3983 quae
3214 3912 3359 3985 legis
3388 3916 3446 3966 et
3474 3910 3798 3983 propheta-

382 4016 515 4055 rum
547 3999 916 4072 mysterium,
948 4015 1051 4054 seu
1083 4004 1259 4070 caput
1288 4005 1396 4069 est,
1429 4001 1844 4057 servaremus?

456 4089 556 4144 Ill.
589 4089 721 4143 Jam
755 4088 936 4158 igitur
964 4087 1073 4143 hoc
1104 4104 1289 4143 unum
1321 4094 1378 4143 et
1398 4088 1655 4160 primum
1679 4090 2028 4146 beneﬁcium

390 4176 703 4242 habemus,
737 4177 890 4247 quod
925 4176 1037 4247 ipsi
1086 4192 1263 4247 quam
1314 4176 1615 4233 celerrime
1673 4180 1743 4234 ad
1794 4185 2033 4235 mutuos

384 4263 690 4334 amplexus
719 4265 1104 4319 accurrimue.
1137 4265 1334 4336 Neque
1374 4266 1530 4321 enim
1586 4265 1746 4323 zelus
1804 4284 2028 4324 moram

376 4351 637 4424 patitur;
672 4353 971 4425 totiusque
1002 4354 1130 4409 vitae
1188 4353 1375 4410 instar
1412 4360 1502 4411 est
1550 4356 1727 4412 unius
1784 4357 2024 4413 dieculae

2151 4355 2265 4419 ἕλος
2294 4360 2475 4431 ἡμὲρα
2509 4358 2606 4431 μία
2632 4343 2749 4420 τοῖς
2782 4354 2937 4431 πόθῳ
2980 4359 3297 4429 κάμνουσιν.
3345 4354 3599 4428 Δεύτερον
3651 4351 3728 4423 δὲ,
3763 4354 3793 4408 ’ὁ

398 4554 399 4557 η
447 4496 493 4532 ¹²
527 4496 663 4569 Sap.
695 4513 773 4569 ιι,
803 4498 893 4554 21.
973 4497 1016 4533 ⁸³
1046 4498 1259 4572 Ephes.
1289 4516 1366 4569 IV,
1393 4501 1446 4556 3.

378 4637 759 4717 κῶμιαστικὸς.
781 4638 855 4700 εἷς
881 4639 1029 4717 τοὺςΔ
1052 4642 1237 4717 ἁγίους
1275 4644 1576 4717 Κυπριανὸν
1607 4644 1697 4699 xui
1732 4645 2023 4715 Ἰουστίνην

379 4707 507 4792 τοῦς
565 4707 897 4792 φιλοσόφους
945 4711 1034 4766 xui
1089 4707 1405 4792 μάρτυραςξ
1435 4740 1463 4767 ‹‹
1518 4717 1712 4774 Oratio
1742 4707 2029 4792 funebris

381 4788 437 4864 et
467 4784 813 4864 panegyrica
852 4784 913 4864 in
963 4784 1196 4842 sanctos
1228 4784 1578 4864 Cyprianum
1629 4797 1693 4864 et
1730 4791 2028 4864 Justinam

380 4854 764 4934 philosophos
810 4860 867 4910 et
916 4864 1217 4934 martyres.
1244 4854 1289 4908 »ν
1307 4854 1431 4915 Par.
1461 4878 1474 4917 :
1509 4860 1607 4934 Eiq
1648 4861 1707 4914 τὸ
1748 4862 1896 4934 ἅγιον
1932 4868 2030 4934 Κυε

377 4924 627 5005 πριανόᾼνέ
656 4927 973 5005 Νἱοθῐειειίη
1011 4924 1313 5005 Comment.
1338 4950 1358 4988 :
1384 4932 1530 4985 Μετά
1560 4936 1688 5005 γοῦν
1712 4924 1850 5005 ’μίαν
1884 4932 2025 5004 ἡμέ-

379 5003 623 5087 ρανὶτῆς
676 4999 774 5083 10:0
839 4998 1111 5123 μάρτυρος
1171 5002 1397 5072 μνήμης
1459 4998 2026 5077 παραγενόμενος,ν’τὸ

379 5087 545 5123 παοον
581 5088 655 5123 εις
704 5069 861 5122 αυτὸν
933 5072 1177 5123 γκώιιιον
1228 5071 1547 5123 unum“-
1586 5098 1612 5123 «
1645 5076 1925 5123 Postridie
1954 5077 2024 5123 il-

376 5066 655 5151 ξπαρὸνξῖς
704 5066 861 5122 αὐτὸν
907 5066 1180 5151 ἐγκώμιον
1228 5066 1547 5151 ἰξὲφῶνησεί
1586 5066 1925 5130 «(Postridie
1954 5077 2024 5131 il-

375 5139 673 5215 liusdiei,
709 5158 821 5213 quo
881 5139 1152 5215 martyris
1213 5139 1686 5203 commemoratio
1744 5147 2021 5202 celebrari

375 5211 803 5290 solebat,_rure_
827 5211 1112 5286 reversus,
1147 5216 1296 5272 hanc
1328 5220 1386 5272 in
1420 5219 1604 5290 ipsius
1632 5218 1859 5273 laudem
1894 5236 2021 5274 ora-

373 5284 593 5338 tionem
627 5283 853 5338 habuit.
881 5308 903 5337 ι

445 5354 555 5425 (49)
585 5348 912 5427 Κυπριανός.
950 5356 1043 5411 Sic
1075 5356 1214 5429 Reg.
1249 5358 1348 5429 ph,
1381 5359 1551 5415 Coisl.
1585 5363 1638 5429 2,
1672 5363 1778 5415 etc.
1815 5360 1876 5414 In
1905 5360 2019 5427 ed.,

375 5424 704 5479 Κυποιανόν.

426 5444 530 5480 υπο
540 5444 616 5479 ιαν
625 5444 681 5479 ον
692 5468 704 5480 .

468 5444 982 5571 Ξῧῗέἷζτοροῦντες.
1026 5497 1117 5571 Sic
1168 5500 1345 5571 chg.
1400 5500 1665 5571 bmyph.
1697 5500 1868 5556 Coisl.
1908 5503 1931 5555 1
1968 5510 2022 5556 et

376 5566 432 5634 2,
460 5566 591 5623 Bas.
631 5569 709 5622 ita
739 5566 914 5623 etiam
949 5570 1177 5624 videtur
1217 5566 1426 5640 legisse
1456 5566 1677 5626 Billius.
1719 5576 1776 5626 In
1811 5576 1898 5627 eri.
1936 5573 2016 5626 εὐ-

379 5655 723 5711 φρονουντες.

449 5709 564 5779 (51)
590 5714 765 5785 Υπερη
778 5706 982 5781 μιρίας.
1019 5733 1046 5762 (ι
1078 5714 1643 5773 Procrastinationis.
1674 5738 1701 5765 »

2210 4092 2282 4148 I".
2314 4093 2408 4145 Ἕν
2445 4091 2538 4164 μὶν
2588 4088 2654 4158 δὴ
2700 4095 2863 4146 τοῦτο
2904 4093 3001 4159 τῆς
3053 4088 3356 4164 εὐεργεσίας
3400 4088 3487 4142 καὶ
3546 4092 3794 4162 πρῶτον,

2136 4179 2199 4233 τὸ
2231 4179 2305 4241 ὡς
2336 4180 2567 4255 τάχιστοι
2610 4178 2978 4254 προσδραμεῖν
3028 4178 3301 4247 ἀλλήλοις
3345 4178 3434 4231 xui
3464 4178 3797 4251 περιπτύξα-

2140 4270 2280 4323 σθαι.
2316 4268 2456 4325 Οὐδὶ
2484 4271 2586 4343 γὰρ
2619 4273 2770 4347 φάρει
2797 4271 2897 4337 τὴν
2931 4262 3204 4336 ἀναϐολὴν
3243 4268 3271 4320 ὁ
3307 4264 3473 4334 ζῆλος
3498 4284 3511 4297 °
3545 4265 3637 4319 xui
3674 4264 3793 4339 βέος

3763 4354 3786 4371 ῃ

2210 4652 2320 4720 (52)
2354 4647 3077 4723 Εὐχαριστήσωμενέβθθεῐ
3107 4648 3164 4702 in
3207 4646 3475 4723 pluribus
3506 4646 3679 4699 codd.

2211 4667 2320 4720 (DZ)
2355 4667 2873 4776 αυξαριστησωμεν.
2909 4667 3077 4703 ueesr.
3107 4667 3164 4702 in
3207 4667 3475 4717 pluribus
3506 4667 3679 4699 couu.

2211 4722 2322 4796 (53)
2366 4726 2435 4772 Φι
2480 4719 2808 4796 ομᾴρτυρος.
2862 4721 3021 4796 Piam
3083 4720 3398 4791 quamdam
3459 4722 3789 4772 matronam

2139 4792 2464 4863 intelligere
2493 4792 3073 4863 videturGregorius.

2208 4858 2475 4936 (54)’⁵Γοῖς
2509 4860 2641 4924 ἴσοις
2678 4858 3080 4937 μέτροιξσΗαξο
3109 4862 3323 4917 desunt
3361 4858 3631 4937 inRegg.
3667 4859 3787 4925 bm,

2136 4930 2237 5007 ph',
2275 4930 2422 5001 Por.,
2458 4930 2798 5007 casteris'que
2830 4935 3085 5007 melioris
3117 4937 3263 5007 notae
3295 4930 3463 5007 codd.

2208 4998 2319 5075 (55)
2355 4998 2599 5079 Καθάπερ
2648 4998 2718 5061 οἷ’
2750 5004 3057 5081 ζωγρᾴφοι,
3097 5024 3117 5051 ι
3156 5002 3547 5081 Ut__pictores,
3581 4998 3787 5081 inquit

2136 5070 2382 5141 Nicetes,
2419 5097 2486 5133 ex
2522 5070 2823 5134 intervallo
2851 5070 3085 5133 tabulas
3138 5070 3349 5129 melius
3398 5070 3782 5142 perspiciunt.

2133 5156 2304 5217 atque
2336 5152 2689 5220 expendunt,
2716 5166 2891 5221 quam
2926 5151 2972 5205 si
3008 5148 3244 5221 propius
3276 5145 3618 5199 intueantur
3652 5160 3665 5195 :
3692 5143 3781 5221 psic

2136 5229 2378 5276 mutuus
2409 5238 2572 5277 amor
2620 5219 2982 5292 sejunctione
3015 5219 3243 5285 melius,
3276 5232 3454 5285 quam
3504 5220 3778 5285 perpetua

2132 5294 2259 5345 vitae
2291 5293 2713 5348 consuetudine
2743 5294 3091 5364 exploratur.
3122 5312 3150 5340 ››

2203 5363 2721 5447 (56)]Εμπύρευμα.
2754 5354 2970 5435 Regius
3012 5368 3203 5435 Cypr.,
3243 5354 3587 5429 ἐμπόρευμα,
3625 5379 3648 5404 ι
3682 5372 3775 5410 ne-

2130 5442 2390 5505 gotiatio.
2420 5458 2447 5485 ››

2130 5508 2313 5631 ϐἀ(5ἷ)
2348 5507 2607 5574 Συνήθεια
2655 5502 2852 5580 φίλων.
2887 5506 2979 5560 Sic
3021 5505 3155 5575 Reg.
3190 5518 3241 5557 a.
3277 5503 3447 5555 Deest
3494 5494 3669 5571 φίλων
3720 5496 3773 5551 in

2130 5593 2219 5631 ea.

2200 5650 2309 5721 (58)
2340 5648 2668 5721 Μυστήριον,
2695 5643 2791 5721 εἴτ’
2821 5646 2931 5704 οὖν.
2958 5646 3095 5721 llaec
3134 5645 3349 5721 desunt
3396 5640 3458 5721 in
3506 5638 3688 5712 Regg.
3719 5655 3769 5709 e,

2130 5735 2180 5787 ο,
2209 5717 2271 5793 (1,
2292 5717 2424 5792 ὀω,
2456 5717 2629 5778 Coisl.
2654 5717 2712 5792 2,
2742 5718 2838 5776 Or.
2877 5722 2925 5792 1,
2958 5718 3109 5790 Par.,
3137 5717 3343 5783 Oxon.,
3374 5717 3485 5768 etc.
