4094 6212
290 411 447 469 1173

1154 408 1446 469 ORATIO
1496 407 1806 468 XXIV.—
1845 408 1918 466 IN
1963 408 2291 468 LAUDEM
2337 407 2397 466 S.
2449 409 2845 469 CYPItIANI.

3553 416 3708 477 11ἶᾶ

287 537 376 594 καί
414 536 691 612 μέγιστον,
723 537 785 592 τὸ
822 559 896 611 μη
927 537 1152 593 κατόπιν
1183 539 1293 611 (59)
1326 540 1518 613 ἑορτῆς
1548 535 1946 611 δραμεῖν,μηδὶ

2060 539 2317 611 spatium
2350 540 2636 597 desiderio
2661 541 3082 601 laborantibus.
3108 544 3365 602 Alterum
3389 550 3500 617 est,
3532 547 3709 621 idque

285 626 573 703 μαρτύρων
658 627 1039 702 μυσταγωγίας
1110 626 1527 701 ἀπολειφθῆναι,
1587 628 1674 680 καὶ
1722 633 1820 695 τῆς
1881 625 1932 680 ἐν

280 719 459 772 τεῦθεν
514 714 874 790 ἐγγινομένης
926 718 1061 786 ἡμῖν
1110 722 1316 791 τρυφῆς
1369 735 1426 769 τε
1472 715 1559 768 καὶ
1606 713 1935 788 ἀναψύξεως.

289 806 434 880 Ἐγὼ
465 805 568 879 γὰρ
596 803 777 859 τᾶλλα
811 803 903 876 μὲν
938 801 1206 876 ὁμολογῶ
1251 804 1450 865 παντὸς
1497 803 1629 856 εἶναι
1678 805 1938 866 νωθέστε-

286 915 416 967 ροςο
447 893 536 947 καὶ
592 892 765 946 πάντα
807 892 971 946 πόθον
1025 893 1410 963 ἀπεσεισάμην,
1458 891 1548 967 ἀφ’
1605 889 1667 945 οὗ
1723 896 1938 965 Χριστῷ

283 984 671 1054 συνεταξάμην,
728 982 817 1035 καὶ
873 978 1022 1035 οὐδὲν
1085 982 1227 1053 αἱρεῖ
1286 1001 1351 1052 με
1404 985 1512 1034 τῶν
1571 978 1670 1033 ὅσα
1735 980 1939 1054 τερπνὰ

283 1078 403 1134 τοῖς
434 1069 625 1132 ἄλλοις
676 1071 763 1124 καὶ
810 1066 1277 1144 περισπούδαστα·
1328 1068 1388 1121 οὐ
1431 1067 1673 1128 πλοῦτος
1718 1069 1745 1121 ὁ
1788 1068 1936 1121 κάτω

284 1160 583 1236 συρόμενος
632 1159 721 1213 καὶ
778 1157 1262 1234 περιτρεπόμενος,
1325 1155 1385 1210 οὐ
1438 1156 1668 1231 γαστρὸς
1718 1154 1933 1227 ἡδοναὶ,

281 1250 370 1305 καὶ
422 1249 588 1324 κόρος
637 1248 815 1322 πατὴρ
870 1242 1101 1322 ὕϐρεως,
1159 1246 1258 1301 οὐκ
1308 1243 1465 1313 ἐσθὴς
1510 1243 1728 1318 μαλακή
1761 1265 1819 1299 τε
1848 1246 1933 1298 καὶ

277 1337 657 1413 περιρρέουσα,
718 1335 779 1390 οὐ
839 1334 1007 1399 λίθων
1072 1332 1339 1411 διαύγειαι
1397 1333 1486 1388 καὶ
1544 1334 1783 1409 χάριτες,
1838 1333 1937 1388 οὐκ

274 1428 412 1495 ἀκοὴ
449 1423 805 1501 γοητεύουσα,
834 1423 933 1478 οὐκ
962 1418 1227 1499 ὄσφρησις
1259 1421 1653 1491 ικθηλύνουσα,
1708 1423 1769 1477 οὑ
1802 1422 1933 1497 κρό-

276 1537 361 1571 τοι
397 1512 588 1587 δήμων
646 1514 734 1568 καὶ
783 1511 1019 1588 θεάτρων
1075 1512 1439 1584 ἐκμαίνοντες,
1483 1512 1556 1565 ὧν
1603 1509 1772 1566 πάλαι
1820 1516 1936 1573 τοῖς

283 1603 643 1680 βουλομένοις
693 1604 1214 1677 παρεχωρήσαμεν·
1277 1600 1386 1675 οὐχ
1442 1599 1539 1654 ὅσα
1584 1602 1682 1668 τῆς
1710 1600 1934 1675 πρώτης

276 1694 512 1768 γεύσεως
546 1693 660 1765 (64))
689 1694 875 1763 ἡμῶν,
910 1690 960 1759 ἐξ
1002 1692 1069 1757 ἧς
1116 1687 1511 1762 ἀπολώλαμεν,
1562 1685 1749 1764 ἔκγονα
1775 1708 1786 1719 '
1836 1688 1935 1744 ἀλ-

240 1790 241 1797 “
277 1781 349 1837 λὰ
377 1781 467 1835 καὶ
499 1778 719 1847 πολλὴν
758 1778 1005 1849 εὐήθειαν
1039 1780 1435 1853 καταγινώσκω
1464 1782 1572 1832 τῶν
1622 1784 1932 1851 κρατεῖσθαι

278 1871 494 1931 τούτοις
540 1868 912 1943 ἀνεχομένων,
962 1868 1051 1921 καὶ
1100 1869 1161 1921 τὸ
1208 1874 1307 1935 τῆς
1357 1870 1543 1941 ψυχῆς
1574 1866 1785 1941 εὐγενὲς
1819 1865 1931 1921 δια-

283 1960 517 2038 φθείρειν
550 1962 616 2031 τῇ
648 1957 769 2032 περὶ
802 1961 967 2011 ταῦτα
1022 1955 1437 2031 μικροπρεπείᾳ,
1488 1954 1577 2009 καὶ
1628 1957 1701 2017 ὡς
1749 1955 1940 2010 ἑστῶσι

291 2049 725 2122 προστιθεμένων
805 2052 921 2108 τοῖς
1001 2045 1307 2123 φεύγουσιν.
1388 2043 1628 2099 Ἐκείνου
1707 2042 1762 2098 δὲ
1820 2044 1936 2100 λίαν

287 2136 581 2207 ἀπλήστως
616 2134 729 2210 ἔχω
759 2134 848 2188 καὶ
906 2133 1257 2209 περιέχομαι,
1292 2134 1381 2187 καὶ
1410 2137 1507 2187 τοῦ
1538 2133 1743 2194 πάθους
1774 2132 1938 2205 ἐμαυ-

280 2227 371 2282 τὸν
426 2223 808 2299 ἀποδέχομαι·
867 2222 1152 2298 μαρτύρων
1198 2228 1384 2295 τιμαῖς
1430 2222 1815 2297 ἐπιτὲρπομαι,
1849 2222 1938 2277 καὶ

286 2313 537 2384 ἀθλητῶν
592 2312 811 2386 α’ίμασιν
875 2310 1291 2387 ἐπαγάλλομαι·
1347 2309 1435 2367 καί
1493 2309 1680 2366 ἄλλων
1735 2311 1827 2384 μὶν
1888 2313 1938 2365 o't

286 2404 449 2458 ἆθλοι
503 2403 591 2458 καὶ
638 2403 700 2456 τὸ
754 2407 990 2477 κρατεῖν,
1045 2401 1168 2473 ἐμοὶ
1201 2398 1257 2455 δὲ
1287 2402 1337 2454 οἱ
1369 2400 1639 2478 στέφανοι.
1671 2405 1936 2455 Τοσοῦτον

286 2494 626 2568 προαρπάζω
658 2492 756 2559 τὴν
788 2491 1077 2563 εὐκοσμίαν
1108 2491 1242 2563 (61),
1273 2489 1363 2543 καὶ
1410 2488 1583 2551 οὕτως
1633 2489 1937 2561 οἰκειοῦμαι

287 2582 355 2637 τὰ
382 2581 783 2656 κατορθώματα
809 2580 821 2635 Ξ

2049 629 2393 698 maximum,
2420 631 2573 701 quod
2600 647 2715 686 non
2742 638 2870 702 post
2902 632 3115 689 festum
3150 637 3528 704 accessimus,
3553 638 3705 693 439

2048 719 2377 789 seriusque,
2399 736 2575 790 quam
2598 726 2660 775 ut
2677 727 2997 794 martyrum
3023 724 3204 779 sacris
3226 728 3508 780 interesse
3531 744 3707 798 quea-

2048 824 2202 873 mus,
2254 824 2439 878 eoque
2496 809 2923 865 oblectamento
2981 812 3281 885 animique
3333 814 3706 881 jucunditate

2047 895 2182 961 frui,
2210 913 2335 964 quae
2368 897 2503 950 hinc
2535 899 2703 952 nobis
2731 910 3121 969 comparetur.
3152 901 3290 957 Nam
3326 904 3550 957 caeteris
3582 903 3708 973 qui—

2047 986 2175 1037 dem
2212 985 2267 1037 in
2302 987 2476 1039 rebus
2511 1003 2603 1040 me
2647 989 2854 1055 quovis
2903 988 3139 1043 homine
3187 991 3518 1061 segniorem
3576 1008 3704 1046 esse

2047 1088 2161 1125 non
2220 1071 2481 1138 inficior;
2532 1090 2761 1128 omnem
2797 1076 2948 1130 enim
2985 1078 3362 1149 cupiditatem
3397 1079 3603 1149 abjeci,
3638 1097 3706 1135 ex

2046 1176 2160 1231 quo
2186 1160 2416 1213 Christo
2451 1177 2661 1215 nomen
2697 1164 2848 1231 dedi,
2874 1181 3063 1236 neque
3096 1183 3163 1220 ex
3193 1167 3470 1223 omnibus
3503 1169 3699 1235 rebus,

2047 1264 2173 1319 quae
2226 1248 2357 1303 aliis
2379 1249 2658 1319 jucundae
2691 1255 2867 1322 atque
2897 1255 3228 1324 expetendae
3260 1255 3442 1310 videri
3489 1256 3701 1327 solent,

2046 1336 2165 1391 ulla
2196 1341 2431 1404 teneor;
2469 1354 2580 1392 non
2616 1339 2826 1409 opibus
2860 1358 2985 1411 quas
3020 1341 3183 1396 ﬂuxa:
3207 1347 3262 1397 et
3282 1345 3512 1399 caducae
3539 1351 3698 1413 sunt,

2045 1441 2108 1480 ac
2141 1443 2380 1481 sursum
2413 1427 2805 1499 deorsumque
2843 1430 3171 1497 volvuntur,
3208 1448 3322 1486 non
3354 1434 3571 1488 ventris
3602 1451 3701 1489 vo-

2045 1514 2393 1586 luptatibus,
2427 1533 2535 1571 non
2560 1516 2885 1585 saturitate,
2912 1534 3037 1588 qua:
3060 1518 3364 1573 libidinem
3388 1520 3558 1592 parit,
3583 1538 3699 1576 non

2044 1609 2202 1658 veste
2226 1604 2387 1660 molli
2410 1611 2465 1659 et
2486 1604 2813 1673 dilﬂuente,
2841 1623 2954 1660 non
2990 1622 3359 1677 gemmarum
3391 1607 3702 1679 splendore

2045 1698 2102 1746 et
2131 1693 2339 1763 gratia,
2376 1710 2487 1746 non
2543 1694 2745 1747 auditu
2798 1695 3124 1766 praestigias
3176 1696 3532 1766 oﬁ'undente,
3586 1716 3702 1755 non

2045 1779 2258 1835 olfactu
2311 1782 2575 1835 animum
2628 1782 3020 1850 eﬂ'eminante,
3054 1800 3168 1837 non
3203 1784 3358 1855 vulgi
3392 1801 3457 1839 ac
3490 1786 3703 1840 theatri

2049 1869 2378 1941 plausibus,
2415 1870 2509 1941 qui
2546 1872 2797 1924 furorem
2833 1872 3105 1940 excitant,
3154 1888 3300 1943 quos
3343 1874 3703 1945 jampridem

2048 1958 2141 2025 iis,
2176 1958 2272 2029 qui
2307 1960 2434 2026 ejus
2468 1962 2545 2011 rei
2578 1959 2863 2013 desiderio
2896 1959 3254 2024 afﬁciuntur,
3288 1961 3441 2015 haud
3493 1978 3703 2034 grava-

2047 2048 2148 2101 tim
2200 2046 2568 2118 reliquimus,
2622 2065 2737 2102 non
2769 2050 3021 2120 denique
3047 2049 3139 2103 his
3171 2050 3447 2107 omnibus
3478 2068 3605 2123 qua:
3636 2068 3703 2107 ex

2048 2137 2237 2208 primo
2271 2135 2368 2190 illo
2400 2141 2598 2208 gustu,
2626 2138 2726 2208 qui
2761 2138 2928 2193 nobis
2960 2138 3262 2194 interitum
3295 2140 3704 2213 attulit,origi-

2051 2243 2179 2279 nem
2216 2229 2517 2280 traxerunt
2554 2244 2565 2281 :
2601 2226 2742 2297 quin
2777 2228 2970 2298 potius
3001 2245 3213 2300 magna
3243 2245 3342 2284 eos
3371 2228 3430 2284 in
3472 2229 3703 2285 stolidi-

2048 2319 2165 2368 tate
2192 2313 2409 2369 versari
2441 2314 2732 2379 existimo,
2768 2320 2865 2386 qui
2899 2316 2970 2370 ab
3004 2317 3343 2387 bujusmodi
3374 2319 3548 2373 rebus
3580 2335 3707 2375 sese

2048 2402 2195 2456 vinci
2229 2403 2558 2473 patiuntur,
2584 2420 2650 2458 ac
2685 2404 2779 2457 vili
2815 2411 2871 2458 et
2900 2405 3137 2461 sordido
3170 2406 3321 2460 circa
3353 2423 3451 2460 eas
3510 2408 3704 2461 studio

2049 2491 2416 2547 nobilitatem
2450 2494 2658 2545 animae
2682 2493 2969 2560 inﬁciunt,
2988 2493 3271 2565 fluxisque
3290 2502 3345 2548 et
3375 2496 3703 2566 fugacibus;

2048 2580 2221 2649 quasi
2270 2582 2448 2635 certis
2498 2586 2555 2634 et
2601 2580 2934 2648 stabilibus,
2971 2587 3127 2637 totos
3158 2599 3219 2637 se
3250 2584 3548 2638 addicunt.
3587 2589 3702 2639 Hu-

288 2671 390 2741 jus
421 2687 554 2726 vero
586 2670 665 2724 rei
710 2667 1044 2739 inexplebili
1093 2668 1349 2739 quadam
1399 2666 1672 2721 aviditate
1718 2670 1939 2734 teneor,
1974 2682 2077 2720 nec
2128 2668 2198 2721 ab
2247 2683 2314 2722 ea
2363 2684 2620 2738 unquam
2675 2668 2865 2722 divelli
2920 2686 3183 2740 possum,
3219 2670 3478 2742 mihique
3525 2671 3702 2727 etiam

287 2759 445 2814 hunc
478 2757 748 2812 atl'ectum
779 2756 976 2811 inesse
1020 2754 1185 2810 facile
1233 2754 1453 2826 patior;
1502 2758 1822 2826 martyrum
1872 2754 2194 2810 honoribus
2244 2756 2522 2819 oblector,
2554 2755 2818 2826 pugilum
2869 2758 3177 2813 cruoribus
3229 2759 3492 2829 exsulto;
3527 2766 3703 2833 atque

288 2847 540 2903 aliorum
573 2846 809 2918 quidem
844 2845 1164 2900 certamina
1204 2848 1261 2899 et
1306 2843 1558 2897 victoria:
1590 2848 1750 2911 sunt,
1784 2859 2010 2897 coronae
2042 2848 2235 2898 autem
2270 2858 2431 2898 meae.
2466 2844 2663 2915 Usque
2711 2861 2776 2899 eo
2824 2845 3071 2917 gloriam
3123 2847 3272 2903 hanc
3322 2850 3613 2921 praeripio,
3644 2854 3704 2906 et

286 2951 489 2992 eorum
521 2935 751 3008 egregia
785 2934 1041 2989 facinora
1073 2950 1201 2988 mea
1229 2948 1357 2988 esse
1386 2931 1537 2986 duco
1565 2930 1578 2985 l

362 3031 432 3081 A'.
458 3029 592 3077 Πᾶσι
642 3024 735 3095 μὲν
788 3018 853 3091 δὴ
911 3020 1138 3098 μάρτυσι
1179 3019 1627 3095 πανηγυριστέον,
1660 3019 1748 3072 καὶ
1780 3024 1936 3073 πᾶσιν
1972 3021 2014 3089 ρ

292 3112 570 3167 ἀνοικτέον
618 3110 855 3184 ἑτοίμως
903 3111 992 3164 καὶ
1040 3107 1314 3185 γλῶσσαν,
1362 3108 1452 3162 καὶ
1485 3109 1672 3178 ἀκοὴν,
1703 3108 1791 3161 καὶ
1824 3105 1939 3161 διά-

287 3224 462 3268 νοιαν,
520 3202 609 3256 καὶ
666 3199 921 3276 λέγοντάς
980 3220 1030 3253 τι
1087 3197 1385 3273 προθύμως
1433 3197 1557 3273 περὶ
1617 3196 1790 3251 αὐτῶν
1849 3196 1936 3250 καὶ

287 3291 606 3358 ἀκούοντας,
663 3290 752 3344 καὶ
801 3291 974 3343 πάντα
1022 3287 1230 3343 ἐλάττω
1287 3285 1608 3358 νομίζοντας
1661 3292 1759 3354 τῆς
1807 3284 1939 3340 ὲκεί-

286 3403 391 3436 νων
452 3378 759 3450 ἀθλήσεως.
820 3377 917 3432 Καὶ
959 3378 1061 3453 γὰρ
1111 3377 1284 3438 οὕτως
1332 3374 1470 3449 ἔχει,
1502 3372 1728 3430 πολλῶν
1762 3372 1933 3429 ὄντων

288 3471 424 3540 ἡμῖν
477 3468 552 3528 εἰς
601 3464 824 3541 ὁδηγίαν
875 3470 971 3520 τοῦ
1029 3464 1339 3539 κρείττονος
1394 3464 1530 3537 (62),
1583 3464 1672 3516 καὶ
1712 3460 1937 3518 πολλῶν

282 3561 392 3612 τῶν
450 3556 585 3629 πρὸς
645 3556 838 3629 ἀρετὴν
890 3552 1298 3625 παιδευμάτων,
1350 3548 1516 3628 λὸγου
1567 3555 1699 3624 (63),
1738 3551 1933 3624 νόμου,

284 3650 607 3723 προφητῶν,
671 3642 1013 3714 ἀποστόλων,
1072 3643 1247 3696 αὐτῶν
1302 3645 1410 3695 τῶν
1473 3644 1709 3715 Χριστοῦ
1760 3642 1934 3711 παθη-

287 3733 490 3807 μάτων,
522 3737 618 3786 τοῦ
648 3733 870 3803 πρώτου
912 3731 1183 3807 μάρτυρος
1232 3729 1319 3784 ἐπὶ
1367 3731 1455 3783 τὸν
1506 3728 1733 3803 σταυρὸν
1781 3728 1934 3784 ἀνελο

282 3822 490 3892 θόντος,
523 3822 663 3895 κάμὲ
696 3820 1106 3898 συναγαγόντος,
1147 3817 1239 3873 *ἱνα
1268 3816 1605 3893 προσηλώσῃ
1645 3818 1744 3885 τὴν
1794 3817 1932 3889 ἐμὴν

277 3910 566 3987 ἁμαρτίαν,
625 3910 715 3965 καὶ
771 3910 862 3965 τὸν
916 3904 1036 3987 ὅφιν
1098 3902 1455 3983 θριαμϐεύσῃ,
1514 3904 1601 3961 καί
1652 3906 1715 3960 τὸ
1773 3904 1931 3976 ξύλον

276 4000 494 4074 ἁγιάσῃ,
543 4000 633 4054 καὶ
678 4001 778 4069 τὴν
831 3997 1034 4067 ἡδονὴν
1083 3997 1298 4071 νικήσῃ,
1349 3995 1439 4049 καὶ
1483 3996 1574 4049 τὸν
1606 3991 1782 4067 Ἀδὰμ
1812 3996 1934 4049 ἀνα-

276 4090 445 4162 σώσῃ,
494 4088 583 4142 καὶ
632 4088 730 4156 τὴν
777 4087 957 4141 εἷλκόνα
1005 4090 1268 4141 πεσοῦσαν
1317 4083 1740 4153 ἀνακαλέσηται·
1802 4105 1928 4138 τοσ-

277 4176 451 4231 ούτων
503 4172 670 4231 ὄντων
722 4178 855 4248 ἡμῖν
905 4175 995 4230 καὶ
1025 4174 1313 4244 τοιούτων,
1347 4171 1501 4229 οὐδὲν
1535 4170 1758 4227 ἔλαττον
1793 4175 1927 4245 ἡμῖν

276 4266 352 4327 εἷς
407 4264 777 4341 παιδαγωγίαν
837 4268 948 4338 (64)
1027 4264 1078 4317 οἷ
1150 4264 1437 4338 μάρτυρες,
1497 4260 1929 4333 ὁλοκαυτώματα

277 4352 494 4431 λογικὰ,
529 4354 741 4427 θύματα
796 4353 998 4421 τέλεια,
1056 4353 1360 4429 προσφοραὶ
1421 4349 1624 4419 δεκταὶ,
1662 4357 1761 4420 τῆς
1796 4349 1928 4419 ἀλη-

272 4443 418 4505 θείας
462 4443 807 4520 κηρύγματα,
855 4446 952 4496 τοῦ
999 4439 1231 4514 ψεύδους
1280 4438 1705 4512 στηλιτεύματα,
1750 4439 1925 4512 νόμου

274 4532 697 4607 συμπλήρωσις,
728 4536 825 4586 τοῦ
855 4553 917 4607 γε
948 4535 1329 4603 πνευματικῶς
1370 4531 1681 4602 νοουμένου,
1712 4526 1926 4597 πλάνης

272 4622 587 4689 κατάλυσις,
648 4621 833 4683 κακίας
897 4619 1161 4697 διωγμὸς,
1207 4619 1471 4694 ἁμαρτίας
1523 4616 1925 4691 κατακλυσμὸς,

270 4711 481 4784 κόσμου
511 4710 799 4787 καθάρσιον
815 4754 825 4767 .

346 4891 419 4945 E’.
457 4888 530 4943 Σὺ
563 4886 619 4943 δέ
681 4909 795 4960 μοι,
857 4886 1146 4961 Κυπριανὶ,
1207 4884 1268 4940 τό
1317 4883 1649 4957 τιμιώτατόν
1710 4903 1803 4956 μοι
1835 4881 1924 4936 καὶ

270 4983 499 5053 πρᾶγμα
528 4977 616 5031 καὶ
648 4971 841 5049 ὄνομα,
873 4975 1040 5030 πλέον
1072 4975 1106 5043 ἢ
1132 4974 1269 5030 κατὰ
1295 4972 1421 5035 τοὺς
1471 4972 1674 5035 ἄλλους
1723 4970 1927 5048 μάρτυ-

276 5087 371 5143 ρας
426 5065 645 5144 (φθόνος
688 5066 792 5141 γὰρ
850 5061 1026 5126 οὐδεὶς
1080 5064 1227 5140 παρᾶ
1280 5062 1567 5139 μαρτύρων
1618 5061 1925 5136 μάρτυσιν)⁶

349 5311 460 5382 (59)
489 5308 557 5363 Τὸ
594 5306 959 5382 μὴγκατόπιν,
980 5312 1089 5362 etc.
1127 5307 1243 5361 Ηοο
1282 5305 1588 5377 proverbio
1631 5306 1929 5373 notantur,

277 5381 375 5454 qui
410 5379 602 5457 serius
630 5381 699 5435 ad
732 5379 1142 5457 remaliquam
1178 5382 1515 5457 occurrunt.
1618 5446 1645 5457 _
1737 5446 1748 5457 ο

348 5455 463 5522 (60)
498 5451 755 5511 Γεύσεως.
789 5451 947 5507 Colb.
980 5446 1030 5515 ί,
1058 5447 1311 5523 ῥεύσεως,
1336 5470 1364 5498 ‹‹
1393 5450 1584 5519 prima
1613 5446 1931 5523 ﬂugionew

281 5518 561 5580 nimirum
597 5528 827 5595 peccato
851 5518 1140 5593 originali,
1170 5538 1237 5575 ex
1259 5536 1374 5591 quo
1396 5518 1489 5575 tot
1521 5518 1673 5574 mala
1696 5518 1931 5588 ﬂuxere,

282 5598 575 5671 terrisque
606 5597 940 5671 incubuere.
1349 5662 1363 5671 _
1442 5660 1457 5671 ,
1640 5661 1655 5671 ,
1758 5660 1774 5671 ,
1853 5659 1864 5671 ,

350 5660 827 5739 (61)Ἐύκοσμίαν.
889 5666 1067 5739 Begg:
1127 5679 1180 5728 a,
1232 5678 1286 5734 ο,
1333 5662 1390 5729 (1,
1442 5660 1565 5732 bm,
1624 5660 1931 5717 duodecim

350 5678 463 5739 (61)
504 5678 827 5739 Εὐκοσμίαν.
889 5678 1067 5806 Ῐξθεὲ.
1127 5679 1143 5716 ε

285 5739 471 5811 Colb.,
503 5740 598 5798 Or.
633 5742 686 5813 1,
716 5744 850 5811 etc.,
883 5730 1005 5791 ευδο
1044 5732 1143 5789 ίαν.

2126 3021 2222 3077 IV.
2263 3022 2535 3077 Omnium
2569 3023 2808 3094 quidem
2842 3029 3165 3097 martyrum
3219 3027 3500 3081 memoria
3550 3026 3700 3082 cele-

2050 3110 2273 3165 branda
2325 3116 2431 3177 est,
2481 3111 2896 3182 omnibusque,
2946 3118 3003 3167 et
3049 3112 3283 3184 lingua,
3334 3120 3391 3168 et
3420 3133 3613 3185 aui-cs,
3645 3122 3703 3171 et

2050 3205 2274 3254 mentes
2308 3205 2574 3271 prompte
2606 3202 2950 3270 aperiendae,
2985 3207 3050 3256 ut
3079 3202 3148 3256 de
3187 3219 3387 3257 eorum
3424 3202 3701 3260 laudibus

2049 3288 2297 3343 libenter
2343 3290 2561 3358 aliquid
2615 3289 2875 3343 dicamus
2917 3297 2975 3344 et
3022 3290 3353 3349 audiamus.
3387 3292 3700 3361 omniaque

2048 3376 2163 3431 alia
2192 3394 2393 3432 eorum
2428 3377 2846 3432 certaminibus
2879 3378 3151 3434 inferiora
3182 3395 3310 3435 esse
3331 3397 3699 3438 censeamus.

2046 3465 2170 3520 Non
2203 3482 2333 3520 cum
2369 3466 2552 3519 multa
2585 3483 2687 3519 nos
2716 3467 2782 3519 ad
2822 3467 3077 3521 melioris
3125 3467 3254 3522 vita
3298 3470 3558 3525 studium
3593 3471 3701 3525 du-

2047 3557 2201 3621 cant,
2262 3559 2439 3625 atque
2499 3554 2567 3607 ad
2603 3553 2873 3607 virtutem
2897 3554 3187 3623 erudiant,
3226 3557 3392 3620 ratio,
3425 3557 3535 3625 lex,
3570 3576 3700 3629 pro-

2048 3642 2254 3711 phetae,
2286 3641 2555 3713 apostoli,
2588 3642 2798 3697 Christi
2843 3644 3698 3717 cruciatus,Christi,inquam,

2045 3730 2219 3801 primi
2252 3731 2544 3802 martyris,
2581 3731 2679 3801 qui
2714 3748 2944 3786 cruci-m
2973 3735 3332 3803 conscendit,
3371 3752 3575 3805 meque
3608 3751 3699 3790 se-

2044 3835 2177 3873 cum
2210 3820 2397 3884 duxit,
2435 3824 2496 3873 ut
2528 3825 2829 3890 peccatum
2864 3837 3060 3875 meum
3096 3823 3378 3894 attigerat,
3400 3829 3454 3877 et
3484 3824 3554 3879 de
3586 3840 3703 3879 ser-

2045 3912 2215 3978 pente
2247 3907 2655 3977 triumpharet,
2689 3912 2744 3960 et
2775 3907 3144 3963 sanctitatem
3178 3908 3334 3978 ligno
3367 3910 3614 3975 afferret,
3646 3914 3703 3966 et

2043 3994 2399 4066 voluptatem
2450 3996 2724 4057 vinceret.
2756 4001 2812 4050 et
2846 3997 3129 4050 Adamum
3165 3997 3364 4067 primae
3396 3998 3701 4054 incolumi-

2040 4086 2145 4139 tati
2182 4085 2533 4152 restitueret,
2568 4101 2633 4139 ac
2685 4084 3017 4155 prolapsam
3075 4084 3395 4157 imaginem
3455 4087 3703 4159 erigeret

2042 4179 2215 4243 atque
2239 4174 2621 4228 instauraret:
2638 4189 2773 4228 cum
2797 4178 2903 4238 tot,
2921 4173 3163 4242 inquam
3183 4177 3463 4245 tantaque
3486 4174 3699 4229 habea~

2039 4279 2198 4327 mus,
2231 4280 2345 4316 non
2381 4262 2578 4317 minus
2609 4268 2803 4316 tamen
2838 4266 2909 4316 ad
2942 4261 3115 4315 vitam
3178 4267 3329 4316 recte
3384 4262 3699 4318 instituen-

2037 4353 2172 4406 dam
2236 4352 2406 4405 nohis
2451 4350 2727 4405 utilitatis
2756 4350 3009 4405 atterunt
3040 4353 3343 4422 martyres,
3378 4350 3499 4405 haec
3533 4352 3697 4408 holo-

2038 4450 2238 4495 causta
2272 4440 2494 4495 ratione
2553 4439 2818 4510 praedita,
2879 4438 3125 4493 victimae
3190 4440 3475 4510 pertectze,
3536 4441 3697 4497 obla-

2035 4531 2223 4585 tiones
2285 4530 2398 4583 Deo
2455 4533 2634 4599 gratae
2690 4532 2744 4583 et
2788 4531 3058 4599 acceptae,
3090 4527 3350 4583 veritatis
3383 4532 3693 4600 preconia,

2036 4618 2326 4673 mendacii
2360 4618 2514 4672 440
2546 4617 2990 4688 proscissionee,
3022 4615 3189 4688 legis,
3223 4633 3350 4687 quae
3408 4618 3694 4689 spirituali

2036 4708 2209 4762 modo
2267 4706 2636 4776 intelligitur,
2670 4704 2938 4776 expletio,
2970 4704 3185 4760 erroris
3214 4706 3537 4778 oppressio,
3566 4708 3696 4763 vitii

2034 4796 2361 4855 insectatio,
2392 4796 2612 4863 peccati
2643 4794 2952 4858 diluvium,
2988 4794 3193 4849 mundi
3222 4794 3516 4852 lustratio.

2108 4884 2170 4939 V.
2204 4885 2352 4938 Tum
2388 4888 2449 4938 tu
2487 4882 2652 4948 mihi,
2681 4882 2984 4953 Cypriane,
3020 4887 3076 4937 et
3106 4899 3167 4938 re
3200 4888 3257 4938 et
3287 4884 3525 4940 nomine
3552 4885 3693 4941 cha-

2036 4971 2291 5042 rissime,
2324 4988 2502 5041 supra
2533 4976 2768 5026 caeteros
2822 4976 3108 5043 martyres
3166 4972 3551 5031 celebrandus
3604 4992 3695 5032 oo-

2035 5061 2227 5118 ourris
2284 5061 2410 5133 (nec
2437 5060 2593 5115 enim
2630 5060 2941 5116 verendum
2975 5065 3084 5130 est,
3118 5078 3191 5118 ne
3220 5066 3506 5137 martyres
3537 5080 3693 5122 mar-

2114 5304 2221 5373 (62)
2257 5302 2345 5363 Εἷς
2402 5300 2625 5377 ὁδηγίαν
2684 5306 2779 5356 τοῦ
2832 5301 3162 5377 κρείττονος,
3199 5326 3226 5355 ι(
3267 5305 3400 5368 Quae
3455 5321 3561 5359 nos
3617 5304 3687 5360 ad

2042 5373 2224 5430 Deum
2259 5373 2554 5443 vitamque
2590 5373 2884 5429 meliorem
2921 5376 3208 5431 ducant.»
3242 5377 3566 5444 Utrumque
3596 5391 3690 5430 so-

2043 5453 2143 5501 nat
2176 5465 2278 5500 vox
2310 5444 2525 5518 οδηγῖα.

2114 5520 2226 5589 (63)
2262 5516 2456 5591 Λόγου.
2493 5519 2661 5591 Deest
2690 5517 2747 5571 iu
2778 5517 2956 5591 Oxon.

2116 5585 2229 5661 (64)
2275 5585 2673 5661 ΙΙαίδαγωγίαν.
2711 5611 2737 5637 ‹‹
2773 5590 2854 5643 Ad
2905 5587 3356 5652 institutionem,
3387 5608 3414 5635 ))
3466 5586 3690 5645 scilicet

2041 5664 2164 5717 tam
2199 5662 2328 5718 fidei
2362 5680 2540 5733 quam
2573 5676 2823 5716 morum.
