4094 6212
470 416 624 479 H75

1716 415 1779 476 S.
1830 415 2199 475 GREGORII
2245 413 2637 475 THEOLOGI

3724 418 3865 483 1176

467 550 694 622 tyribus
724 545 1066 616 invideant),
1099 548 1269 617 atque
1299 548 1357 600 et
1406 544 1620 603 virtute
1676 550 1779 603 tua
1834 548 2117 618 majorem

2235 544 2325 599 καὶ
2356 549 2451 599 σοῦ
2502 542 2867 623 διαφερόντως
2913 543 3160 617 ἤττημαί
3205 567 3264 601 τε
3312 553 3412 616 τῆς
3442 547 3659 623 ἀρετῆς,
3689 548 3775 603 καὶ

467 638 527 693 in
560 638 797 693 modum
830 634 1073 705 afﬁcior,
1097 639 1153 690 et
1184 635 1463 691 memoria
1494 652 1737 708 recreor,
1761 654 1825 692 ac
1850 654 1963 708 prae
1986 654 2123 710 gau-

466 726 563 783 dio
594 726 759 796 quasi
792 724 1129 798 lymphatus
1161 725 1332 795 feror,
1364 729 1422 780 et
1452 726 1885 797 quodammodo
1918 727 1977 781 in
2026 743 2122 781 eo-

467 817 600 872 dem
633 820 825 870 tecum
859 814 1137 885 martyrio
1160 830 1374 881 versor,
1393 814 1909 887 dimicationisque
1930 815 2123 870 socius

465 911 524 962 et
553 905 847 977 particeps
879 919 1033 971 sum,
1067 920 1133 957 ac
1161 905 1319 958 totus
1350 904 1421 957 ad
1453 908 1509 959 te
1540 908 1774 961 transeo
1808 922 1820 958 :
1855 905 1973 961 sive
2028 921 2121 960 me

466 994 573 1049 tibi
631 995 898 1049 doctrina
949 996 1006 1049 et
1035 992 1369 1063 eloquentia
1400 993 1687 1061 conciliet,
1720 1011 1837 1065 qua
1864 999 1925 1049 tu
1958 998 2119 1049 tanto

465 1082 724 1155 reliquos
758 1080 1033 1137 mortales
1065 1082 1353 1152 anteibas,
1380 1087 1599 1153 quanto
1631 1083 1851 1137 ratione
1883 1082 2122 1154 praedita

471 1172 664 1227 brutis
698 1171 1097 1227 animantibus
1121 1173 1399 1242 praestant
1430 1170 1517 1242 (ﬁt
1546 1171 1723 1238 enim,
1758 1171 1954 1227 nescio
2005 1188 2120 1243 quo

468 1265 889 1335 pacto,ut,non
922 1260 1117 1315 minus
1146 1259 1298 1314 inter
1327 1260 1565 1330 eos,qui
1598 1261 1778 1315 studii
1813 1261 2118 1331 cujusdam

466 1354 642 1423 atque
699 1350 954 1405 instituti
1011 1348 1246 1404 nomine
1300 1348 1455 1403 inter
1502 1366 1563 1404 se
1594 1349 1912 1419 conjuncti,
1944 1365 2121 1420 quam

467 1439 567 1512 qui
598 1439 905 1495 afﬁnitatis
935 1442 989 1493 et
1016 1437 1548 1509 consanguinitatis
1578 1437 1810 1494 vinculo
1855 1438 2009 1493 inter
2060 1455 2123 1493 se

465 1528 715 1585 devincti
774 1530 931 1596 sunt,
994 1543 1159 1583 amor
1202 1526 1542 1599 coalescat);
1578 1527 1687 1582 sivi
1718 1528 1775 1582 id
1807 1528 2121 1597 repentinae

464 1622 521 1674 et
551 1616 884 1673 admirabili
918 1615 1230 1671 mutationi
1260 1619 1401 1683 tum,
1424 1632 1552 1687 quae
1584 1616 1699 1670 vim
1732 1632 1965 1672 omnem
1998 1632 2122 1671 ora-

463 1707 643 1763 tionis
673 1706 915 1775 excedit,
949 1704 1227 1777 omnique
1258 1703 1522 1776 exemplo
1582 1704 1952 1776 praestantior
2008 1708 2120 1771 est,

463 1795 753 1867 assignari
803 1794 1030 1850 debeat.
1066 1793 1211 1848 Nam
1246 1792 1330 1848 sol
1364 1792 1539 1848 etiam
1571 1798 1704 1865 post
1735 1794 1972 1861 nubem,
2006 1810 2123 1864 qua

463 1885 628 1956 prius
660 1881 1421 1952 obducebatur,jucundior
1452 1879 1757 1948 illucescit;
1780 1885 1836 1935 et
1866 1898 1965 1935 ver
1992 1886 2124 1952 post

2235 636 2425 708 μνήμῃ
2452 634 2805 711 κουφίζομαι,
2838 634 2926 689 καὶ
2960 633 3139 710 ὥσπερ
3186 634 3369 697 ἔνθους
3412 636 3497 714 ὑφ’
3540 634 3740 705 ἡδονῆς
3786 640 3863 713 γέ-

2230 744 2412 797 νομαι,
2443 723 2533 778 καί
2561 745 2681 777 τινα
2731 723 2931 799 τρόπον
2974 722 3186 796 σύνειμί
3230 746 3289 779 τε
3334 728 3402 798 τῇ
3457 726 3745 801 μαρτυρίᾳ,
3785 729 3863 780 καὶ

2229 817 2470 867 κοινωνῶ
2498 819 2596 883 τῆς
2632 809 2936 882 ἀθλήσεως,
2967 813 3055 866 καὶ
3098 811 3228 874 ’ὀλος
3442 815 3577 889 πρὸς
3636 816 3694 869 σὶ
3756 837 3866 888 μετ-

2232 901 2519 974 ανίσταμαι
2545 920 2557 933 ·
2595 902 2740 977 τάχα
2775 902 2867 974 μὲν
2902 898 2992 954 διὰ
3018 902 3115 969 τήν
3148 906 3255 955 τῶν
3282 901 3459 977 λόγων
3493 902 3867 971 οἷκείωσιν,οἷς

2229 996 2487 1045 τοσοῦτον
2531 995 2638 1045 τῶν
2697 989 2883 1045 ἀλλων
2936 989 3196 1065 ἐκράτεις,
3245 990 3367 1045 ὅσον
3416 992 3481 1045 τά
3530 989 3736 1064 λογικά
3778 1001 3868 1060 τῆς

2229 1079 2437 1155 ἀλόγου
2482 1079 2691 1157 φύσεως
2744 1078 3165 1155 (συνεισέρχεται
3230 1080 3355 1153 γάρ,
3408 1079 3505 1133 οὐκ
3548 1077 3654 1133 οἷδ’
3702 1080 3865 1151 ὅπως,

2230 1166 2455 1246 φίλτρον
2482 1174 2598 1230 τοῖς
2628 1168 2764 1222 κατά
2790 1190 2844 1223 τι
2902 1165 3347 1240 συναπτομὲνοις,
3398 1168 3505 1243 οὐχ
3553 1170 3717 1235 ἧττον
3764 1175 3869 1230 τοῖς

2230 1256 2450 1319 λοιποῖς
2496 1258 2832 1333 πράγμασιν,
2880 1256 2915 1325 ἢ
2964 1261 3081 1318 τοῖς
3111 1256 3235 1330 περὶ
3259 1256 3568 1331 ἀγχιστείαν
3601 1256 3866 1331 αἳματος)⁸

2227 1347 2373 1421 τάχα
2421 1343 2479 1400 δὲ
2526 1343 2613 1400 διὰ
2659 1345 2721 1400 τὸ
2767 1351 2867 1415 τῆς
2924 1338 3235 1417 μεταϐολῆς
3285 1344 3474 1419 ἁθρόον
3506 1366 3563 1399 τε
3588 1347 3682 1398 καὶ
3715 1347 3867 1421 παρά-

2231 1432 2407 1505 δοξον,
2441 1434 2471 1490 8
2499 1440 2741 1511 κρεῖττον
2918 1432 3088 1507 λόγου
3119 1434 3209 1488 καὶ
3241 1433 3702 1509 παραδείγματος.
3734 1438 3867 1489 Ἐπεὶ

2228 1522 2403 1599 γλυκὺ
2438 1524 2531 1597 μὲν
2580 1523 2740 1593 ἣλιος
2793 1523 2925 1596 μετά
2952 1522 3133 1601 νέφος,
3167 1522 3211 1594 ᾧ
3239 1521 3375 1584 τέως
3401 1523 3828 1579 συνεκαλύπτετο
3854 1544 3866 1555 ⁸

2230 1611 2456 1689 γλύκιον
2516 1610 2574 1667 δὲ
2627 1614 2689 1667 τὸ
2748 1609 2864 1687 ἔαρ,
2921 1611 3003 1666 ὅτι
3067 1611 3201 1683 μετὰ
3252 1616 3529 1687 χειμῶνος
3558 1615 3864 1690 κατήφειαν

2231 1700 2401 1772 ἡδίων
2438 1699 2496 1756 δὲ
2528 1699 2792 1774 μειδιῶσα
2830 1699 3071 1776 γαλήνη,
3121 1700 3209 1755 καὶ
3260 1699 3500 1755 θάλασσα
3547 1699 3864 1775 ἠπλωμένη,

2229 1792 2320 1846 καὶ
2352 1796 2468 1852 ταῖς
2492 1791 2677 1853 ἀκταῖς
2718 1789 3125 1863 προσπαίζουσα
3157 1789 3289 1862 μετὰ
3317 1789 3637 1862 πνευμάτων
3678 1791 3863 1860 στάσιν,

2305 1880 2320 1901 κ
2372 1877 2454 1934 ’δν
2744 1881 2752 1893 ⁸
2824 1877 2849 1913 ,Γ
2936 1899 2965 1911 ,-

2231 1900 2320 1933 και
2354 1901 2398 1933 ω
2441 1899 2615 1933 ινοντα
2644 1881 2759 1953 (67)
2786 1899 3023 1951 κδματα.

462 1972 677 2028 hiemis
706 1971 1005 2026 tristitiam
1038 1969 1271 2025 dulcius
1300 1972 1421 2038 est;
1454 1970 1687 2025 suavior
1714 1969 1888 2024 etiam
1922 1975 2163 2041 apparet
2194 1969 2392 2026 ridens
2418 1969 2837 2042 tranquillitas,
2866 1973 2924 2025 et
2951 1984 3272 2041 expansum
3304 1984 3369 2024 ac
3400 1973 3676 2040 pacatum
3704 1985 3871 2030 mare,

464 2077 621 2128 cum,
655 2064 788 2132 post
816 2062 1115 2116 ventorum
1147 2058 1495 2129 tumultum,
1523 2061 1580 2114 et
1606 2061 2001 2114 tumescentes
2032 2063 2264 2127 ﬂuctus,
2294 2058 2593 2114 littoribus
2624 2058 2853 2115 alludit.

526 2149 622 2205 VI.
659 2149 759 2205 [lic
784 2148 1129 2221 Cyprianus,
1161 2164 1193 2203 ο
1223 2147 1330 2202 viri
1361 2151 1450 2216 (ut
1500 2151 1557 2202 et
1613 2146 1714 2218 qui
1773 2146 1984 2215 nostis,
2044 2164 2112 2203 ex

2295 2148 2355 2216 ζ’.
2389 2146 2557 2209 Οὗτος
2589 2146 2910 2222 Κυπριανὸς,
2946 2145 2990 2199 ὦ
3023 2141 3205 2220 ἄνδρες
3246 2142 3353 2215 (ἕνα
3400 2145 3451 2198 οἱ
3502 2146 3595 2217 μὲν
3651 2143 3865 2211 εἰδότες,

456 2238 587 2311 ipsa
616 2238 1176 2294 commemoratione
1207 2238 1491 2307 majorem
1522 2236 1884 2308 voluptatem
1916 2236 2113 2309 capia-

457 2327 556 2396 tis,
590 2333 644 2382 et
676 2326 776 2399 qui
808 2326 1110 2399 ignoratis,
1138 2326 1443 2381 historiam
1477 2326 1741 2381 omnium
1778 2331 2114 2382 nostrarum

461 2415 1275 2489 pulcherrimam,communc
1306 2415 1775 2471 Christianorum
1808 2416 2007 2485 decus,
2029 2420 2114 2471 at-

457 2522 567 2577 que
589 2510 1001 2561 ornamentum
1027 2504 1310 2575 discetis),
1335 2504 1452 2571 hic,
1477 2504 1742 2575 inquam,
1768 2506 2114 2578 Cyprianus,

458 2611 743 2667 magnum
774 2594 1071 2666 quondam
1102 2593 1674 2666 Carthaginensium,
1711 2611 1865 2649 nunc
1919 2598 2115 2650 autem

456 2684 639 2740 totius
670 2682 829 2738 orbis
862 2699 1095 2750 nomen,
1116 2682 1327 2754 opibus
1359 2682 1737 2753 conspicuus,
1759 2683 2018 2754 potentia
2047 2683 2117 2738 i1-

458 2770 911 2843 lustris,genere
942 2769 1136 2825 clarus
1167 2771 1484 2841 (siquidem
1505 2770 1827 2826 maximum
1847 2771 2119 2828 nobilita-

459 2860 537 2915 tis
566 2864 981 2932 argumentum
1014 2864 1468 2925 est,senatorem
1492 2876 1640 2927 esse,
1659 2860 2119 2932 primariamque

462 2948 523 3004 in
555 2964 620 3004 eo
651 2948 854 3004 ordine
880 2949 1079 3004 sedem
1110 2948 1413 3020 obtinere),
1435 2949 1541 3004 flos
1571 2950 2123 3020 juventutis,elabo-

465 3042 660 3095 ratum
711 3042 931 3094 naturas
989 3055 1160 3111 opus,
1221 3037 1495 3093 doctrina:
1550 3037 1937 3110 principatus,
1997 3044 2119 3093 tam

460 3127 902 3201 philosophicas,
924 3143 1103 3199 quam
1135 3127 1395 3198 cujusvis
1425 3127 1668 3183 alterius
1698 3127 1927 3199 generis
1953 3127 2122 3183 disci-

462 3216 656 3289 plinae,
688 3216 864 3288 idque
895 3232 1249 3289 quacunque
1280 3220 1443 3288 parte
1474 3232 1572 3273 eas
1604 3221 1868 3289 spectare
1926 3215 2118 3272 volue-

463 3305 567 3372 ris;
592 3306 735 3360 adeo
792 3310 856 3360 ut
888 3306 945 3360 in
978 3323 1065 3377 eo,
1082 3310 1139 3361 et
1168 3304 1463 3361 variarum
1495 3306 1711 3361 artium
1739 3306 1994 3380 cognitio
2020 3306 2125 3360 mi-

463 3394 705 3450 rabilior
735 3399 910 3464 esset,
931 3412 1107 3466 quam
1139 3396 1510 3469 singularum
1541 3401 1741 3452 exacta
1784 3401 1840 3451 et
1871 3397 2123 3467 perfecta

463 3482 733 3550 scientia,
764 3488 821 3539 et
851 3500 1058 3539 sursus
1090 3484 1459 3556 singularum
1489 3486 1779 3557 exquisita
1816 3490 1874 3540 et
1931 3486 2122 3541 modis

2225 2232 2415 2305 ἡδίους
2448 2235 2675 2310 γένησθε
2725 2238 2832 2306 (68)
2876 2238 2945 2308 τῇ
2979 2234 3305 2307 ὑπομνήσει,
3368 2235 3418 2287 oi
3451 2231 3509 2288 δὲ
3539 2235 3869 2309 ἀγνοοῦντες,

2230 2324 2438 2399 μάθητε
2465 2324 2528 2379 τὸ
2553 2323 2846 2380 κάλλιστον
2878 2328 2985 2378 τῶν
3019 2324 3300 2399 ἡμετέρων
3354 2321 3740 2397 διηγημάτων,
3786 2324 3865 2378 καὶ

2224 2416 2322 2484 τήν
2353 2415 2541 2482 κοινὴν
2576 2417 2910 2488 Χριστιανῶν
2944 2412 3305 2491 φιλοτιμίαν),
3350 2412 3505 2473 οὗτος
3552 2412 3775 2481 ἐκεῖνος,
3818 2414 3871 2467 τὸ

2230 2504 2365 2580 μέγα
2409 2504 2540 2557 ποτε
2584 2499 2976 2578 Καρχηδονίων
3028 2498 3219 2574 ὄνομα,
3272 2506 3360 2555 νῦν
3408 2499 3463 2555 δὲ
3493 2508 3593 2570 τῆς
3628 2502 3868 2575 οἰκουμέ-

2224 2613 2321 2663 νης
2383 2591 2617 2661 ἀπάσης,
2677 2592 2704 2646 ὁ
2761 2589 2990 2665 πλούτῳ
3038 2591 3363 2667 περιφανὴς,
3422 2590 3512 2644 καὶ
3597 2588 3866 2660 δυναστεία

2224 2676 2613 2757 περίϐλεπτος,
2644 2679 2733 2734 καὶ
2786 2679 2927 2755 γένει
2976 2699 3253 2755 γνωριμος
3300 2674 3379 2751 (εἷ’
3398 2700 3459 2753 γε
3494 2681 3749 2753 μέγιστον
3800 2679 3868 2739 εἷς

2227 2769 2493 2844 εὐγενείας
2517 2766 2811 2841 ἀπόδειξιν,
2864 2766 3171 2844 συγκλήτου
3226 2766 3429 2841 βουλῆς
3482 2770 3736 2839 μετουσία
3791 2768 3869 2821 καὶ

2226 2856 2531 2935 προεδρία),
2578 2859 2642 2913 τὸ
2704 2864 2801 2927 τῆς
2850 2857 3104 2927 νεότητος
3157 2856 3338 2923 ἄνθος,
3394 2856 3457 2910 τὸ
3513 2864 3613 2925 τῆς
3666 2858 3865 2934 φύσεως

2228 2947 2451 3023 ἄγαλμα
2506 2948 2639 3019 (69),
2687 2946 2749 3000 τὸ
2801 2950 2907 3000 τῶν
2966 2944 3144 3021 λόγων
3189 2944 3409 3019 κράτος,
3459 2950 3565 2999 τῶν
3630 2968 3688 3000 τε
3741 2948 3864 3000 κατά

2229 3034 2579 3114 φιλοσοφίαν,
2631 3033 2719 3089 καὶ
2753 3032 2869 3089 ὅσοι
2899 3041 2999 3104 τῆς
3031 3031 3208 3103 ἄλλης
3241 3032 3594 3104 παιδεύσεως,
3626 3038 3716 3089 καὶ
3751 3035 3865 3090 τού-

2226 3148 2332 3182 των
2367 3121 2394 3179 ὅ
2432 3123 2620 3201 βυύλει
2656 3124 2840 3200 μέρος
2885 3123 2959 3186 ὡς
2997 3122 3206 3198 μᾶλλον
3246 3124 3339 3196 μὲν
3370 3124 3433 3178 τὸ
3466 3124 3720 3179 ποικίλον
3751 3125 3783 3192 ἣ
3816 3124 3872 3177 τὸ

2230 3213 2390 3291 ἄκρον
2425 3214 2476 3269 ἐν
2511 3214 2716 3286 ἑκάστῳ
2746 3214 3127 3286 Θαυμάζεσθαι,
3164 3212 3376 3285 μᾶλλον
3408 3210 3466 3267 δὶ
3496 3214 3557 3267 τὸ
3590 3212 3866 3287 εὐδόκιμον

2230 3306 2281 3360 ἰν
2315 3305 2525 3375 ἑκάστῳ
2554 3310 2653 3373 τῆς
2683 3303 2805 3376 περὶ
2836 3302 3007 3356 πάντα
3035 3301 3380 3374 πολυμαθίας
3419 3305 3554 3376 (70)·
3582 3301 3741 3371 ἢ,“ἰνα
3771 3300 3872 3356 διέ-

2231 3392 2313 3450 λω
2345 3394 2689 3470 σαφέστερον,
2719 3395 2826 3446 τῶν
2866 3392 2957 3466 μὲν
2985 3396 3063 3463 τῷ
3094 3390 3476 3463 ποικίλῳ,τῶν
3511 3388 3570 3446 δὲ
3598 3396 3679 3463 τῷ
3710 3393 3869 3465 ἄκρῳ,

2232 3482 2341 3537 ἔστι
2375 3479 2432 3536 δὶ
2462 3479 2535 3535 ὦν
2565 3482 2919 3559 ἀμφοτέροις,
2949 3486 3078 3535 πᾶσι
3110 3478 3167 3534 δὲ
3196 3477 3408 3534 πάντων
3452 3479 3685 3555 ἐκράτει.

462 3571 741 3629 omnibus
775 3571 1044 3628 absoluta
1076 3572 1365 3644 perceptio
1397 3573 1530 3646 plus
1561 3574 1967 3630 admirationis
1998 3574 2257 3642 haberet,
2289 3590 2468 3646 quam
2498 3573 2790 3628 variarum
2834 3572 3050 3627 artium
3081 3570 3321 3627 collecta
3352 3570 3595 3626 scientia
3624 3588 3638 3624 :
3674 3570 3784 3635 vel,
3813 3575 3870 3625 ut

464 3661 740 3734 apertiori
772 3661 1146 3718 distinctione
1193 3663 1315 3719 haec
1362 3663 1666 3735 explicem,
1700 3664 1847 3720 alios
1900 3663 2234 3736 multiplici,
2268 3662 2414 3719 alios
2464 3662 2755 3735 profunda
2796 3677 2994 3718 rerum
3049 3660 3401 3733 cognitione,
3433 3660 3581 3716 alios
3630 3667 3875 3733 utraque

468 3749 663 3817 laude,
692 3766 896 3807 omnes
928 3755 1123 3806 autem
1154 3750 1393 3807 omnino
1425 3756 1746 3824 superaret.

538 3859 686 3912 441
722 3857 844 3913 VII.
876 3858 954 3912 Ac
984 3858 1375 3913 eruditionem
1407 3858 1645 3930 quidem
1676 3857 1812 3914 libri
1841 3858 1954 3930 ipsi
1999 3862 2119 3914 tes-

2302 3861 2371 3913 Z'.
2406 3857 2529 3911 Τῶν
2591 3855 2686 3928 μὲν
2743 3850 2832 3908 οὗν
2889 3852 3065 3928 λόγων
3123 3852 3211 3907 καὶ
3267 3853 3319 3907 οἱ
3378 3852 3532 3929 λόγοι
3596 3871 3876 3925 μαρτυρες,

465 3948 688 4017 tantur,
714 3963 859 4017 quos
890 3946 987 4002 ille
1017 3946 1349 4019 complures
1380 3950 1437 4003 et
1466 3947 1792 4004 luculentos
1823 3965 1925 4020 pro
1958 3947 2127 4004 nobis

469 4034 835 4107 conscripsit,
895 4040 1279 4109 posteaquam
1339 4035 1466 4105 Dei,
1522 4038 1624 4108 qui
1654 4037 1853 4093 omnia
1881 4037 2038 4102 facit,
2070 4040 2126 4091 et

470 4128 663 4179 mutat
697 4126 766 4191 ιι,
800 4125 1183 4197 benignitate,
1218 4125 1543 4182 doctrinam
1577 4142 1745 4182 suam
1794 4126 1853 4180 in
1913 4125 2124 4181 melius

469 4212 792 4285 transtulit,
812 4218 988 4285 atque
1019 4213 1401 4270 stoliditatem
1433 4214 1643 4271 rationi
1675 4215 1946 4286 subjecit.
1968 4214 2126 4278 Qum-

471 4317 605 4356 nam
633 4307 827 4357 autem
861 4302 997 4358 hinc
1032 4302 1171 4357 mihi
1208 4304 1333 4374 jam
1392 4303 1609 4360 dicenti
1670 4304 1817 4359 ratio
1872 4304 2125 4360 tenenda

471 4386 567 4457 sit,
601 4394 659 4444 et
688 4405 803 4460 quo
837 4408 929 4447 me
959 4396 1204 4459 vertam,
1238 4391 1413 4464 plane
1441 4392 1701 4448 incertus
1732 4410 1885 4449 sum.
1909 4391 2126 4448 Vereor

470 4478 652 4543 enim,
676 4494 747 4533 ne
777 4480 955 4535 nimis
986 4480 1229 4552 longum
1262 4497 1326 4536 ac
1374 4498 1617 4554 prorsus
1649 4481 2123 4553 intempestivum

470 4581 803 4623 sermonem
860 4569 1130 4636 habeam,
1158 4570 1208 4625 si
1240 4569 1512 4643 Cypriani
1542 4570 1741 4626 omnia
1766 4586 2124 4626 commemo-

469 4655 655 4710 randa
684 4672 1032 4729 suscepero;
1063 4664 1120 4714 et
1148 4675 1376 4727 rursus,
1409 4676 1481 4716 ne
1537 4660 1791 4716 maximo
1845 4676 1964 4727 eos,
2025 4659 2124 4731 qui

471 4743 709 4811 adsunt,
766 4745 1114 4803 detrimento
1170 4747 1470 4817 mulctem,
1518 4749 1568 4805 si
1600 4749 1741 4822 quid
1774 4748 2123 4821 praeteriero.

474 4832 542 4890 Ut
566 4831 749 4906 igitur
778 4834 1039 4892 medium
1071 4837 1409 4908 quemdam,
1440 4837 1594 4896 inter
1622 4839 1905 4911 temporis
1936 4838 2123 4895 brevi-

542 4966 586 5003 “
610 4970 789 5025 Amos
819 4986 874 5035 ν,
911 4970 967 5025 8.

534 5109 646 5253 (65)
677 5108 861 5171 ’¹Ολος.
894 5111 958 5167 In
991 5112 1310 5182 nonnullis,
1345 5111 1513 5177 ὅλως.

556 5182 646 5253 66)
676 5183 741 5235 Ὃ
766 5186 1029 5253 κρεῖττον.
1068 5186 1162 5242 Sic
1195 5190 1373 5253 Regg.
1403 5205 1455 5253 a,
1481 5205 1511 5243 ο

534 5182 646 5254 (66)
676 5183 741 5235 Ὃ
766 5186 1029 5257 κρεῖττον.
1068 5186 1162 5242 Sic
1195 5190 1373 5259 Regg.
1403 5205 1455 5256 a,
1481 5205 1531 5243 c.
1556 5188 1617 5257 d,
1639 5188 1739 5261 ph,
1765 5192 1871 5244 etc.
1906 5188 1967 5242 In
2000 5188 2116 5256 ed.,

459 5250 785 5326 κρείττων.-
2006 5325 2014 5326 ί

491 5322 968 5448 ;(67)’9.8tvov1a.
1023 5328 1316 5399 Interpres
1372 5327 1603 5383 videtur
1650 5328 1889 5401 legisse,
1943 5325 2115 5382 οἰδαί-

523 5417 638 5448 ντα.

456 5414 638 5453 νοντα.

532 5468 649 5609 (68)
679 5466 924 5537 Γὲνησθι.
962 5468 1161 5537 Savil.,
1193 5466 1451 5543 γένοισθε.

553 5539 623 5593 69
674 5541 781 5607 Τῆς
812 5538 1022 5609 φύσεως
1070 5537 1310 5609 ἄγαλμα.
1345 5541 1451 5595 Ver

553 5537 644 5609 69)
674 5538 1022 5617 Τῆς-φύσεως
1070 5537 1669 5617 ἄγαλ’μα.-νθι·ηειοιι1ιι
1721 5541 1923 5615 lingua
1972 5543 2115 5597 dici-

464 5622 599 5663 mus
632 5626 645 5664 :
674 5632 701 5661 «
734 5610 1183 5667 Chénf-d'cnuv're
1216 5614 1285 5666 de
1316 5610 1372 5666 la
1403 5618 1628 5668 nature.
1658 5636 1684 5664 »

539 5682 650 5756 (7_0)
689 5679 1119 5756 _Ho)\up._20iaq._
1144 5684 1234 5738 Sic
1262 5754 1271 5756 _
1301 5682 1498 5756 plures
1564 5686 1732 5741 codd.
1802 5686 1863 5741 In
1935 5686 2111 5756 Regg.

468 5763 520 5815 c,
570 5750 639 5817 d,‘
689 5750 811 5822 bm,
869 5750 971 5827 ph,
1028 5750 1419 5829 πολυμαθίίας.
1476 5756 1541 5814 In
1598 5758 1713 5829 ed.,
1763 5750 2111 5833 φιλομαθῶιξ,

2240 3942 2338 4007 οὕς
2364 3941 2610 4005 πολλοὺς
2660 3942 2749 3998 καὶ
2800 3940 3089 4017 λαμπροὺς
3140 3940 3338 4002 ἐκεῖνος
3370 3941 3501 4013 ὑπὲρ
3530 3943 3691 4014 ἡμῶν
3742 3960 3881 3994 κάτε-

2234 4028 2457 4107 6άλετο,
2488 4029 2674 4102 ἐπειδή
2736 4052 2798 4107 γε
2850 4033 3144 4106 μετήνεγκε
3191 4034 3324 4086 Θεοῦ
3374 4029 3763 4108 φιλανθρωπιᾳ
3791 4032 3877 4097 τὴν

2232 4120 2534 4194 παίδευσιν,
2598 4125 2698 4196 τ,οὖ
2754 4124 3041 4182 ποιοῦντος
3085 4121 3151 4174 τὰ
3197 4119 3369 4173 πάντα
3413 4119 3501 4173 καὶ
3558 4119 3879 4191 μετασκευά-

2235 4217 2441 4281 ζοντος,
2474 4211 2611 4288 πρὸς
2639 4209 2702 4265 τὰ
2740 4209 2952 4285 βέλτιον
2982 4210 3115 4282 (71),
3166 4209 3362 4279 καὶτῷ
3411 4206 3567 4280 λόγῳ
3616 4209 3719 4276 τήν
3757 4207 3880 4261 ἆλσο

2232 4300 2354 4377 γίαν
2388 4300 2670 4357 ὐπὲκλινεν
2695 4318 2708 4332 ⁸
2760 4299 2823 4354 τὸ
2872 4297 2931 4353 δὶ
2977 4298 3235 4365 ἐντεῦθεν,
3290 4297 3389 4351 οὐκ
3418 4295 3521 4351 οἷδ’
3556 4296 3713 4357 ὅπως
3745 4298 3881 4371 χεήο

2233 4411 2415 4464 σωμαι
2445 4393 2579 4463 (72),
2629 4394 2708 4461 τῷ
2762 4386 2916 4463 λόγῳ
2963 4387 3051 4442 καὶ
3084 4387 3162 4441 τίς
3210 4388 3475 4461 γένωμαι’
3525 4390 3643 4447 πῶς
3681 4386 3776 4457 μὶν
3813 4384 3879 4456 μή

2238 4480 2441 4555 μακρὸν
2478 4477 2739 4533 ἀποτείνω
2772 4476 2955 4551 λόγον,
3008 4476 3097 4531 καὶ
3147 4474 3425 4537 παντελῶς
3479 4474 3578 4547 ἔξω
3625 4479 3733 4529 τοῦ
3775 4495 3884 4526 και-

2236 4573 2355 4646 ροῦ,
2387 4568 2598 4623 πάντων
2625 4571 2730 4621 τῶν
2765 4570 3071 4640 Κυπριανοῦ
3108 4564 3476 4638 μεμνημένος·
3529 4567 3649 4624 πῶς
3710 4560 3769 4617 δὲ
3816 4561 3879 4633 μὴ

2231 4658 2299 4713 τὰ
2344 4658 2572 4732 μέγιστα
2621 4656 2887 4729 ζημιώσω
2933 4655 3059 4715 τοὺς
3105 4653 3375 4729 παρόντας
3420 4657 3539 4713 τοῖς
3592 4650 3883 4721 σιωπωμὶο

2232 4767 2371 4808 νοις.
2431 4749 2527 4801 "lv‘
2576 4743 2666 4800 οὖν
2704 4742 2870 4817 μέσην
2927 4739 3131 4817 βαδίσω
3160 4745 3255 4795 τοῦ
3285 4744 3498 4813 καιροῦ,
3533 4739 3623 4792 καὶ
3655 4744 3764 4794 τοῦ
3792 4738 3879 4792 πό-

2235 4836 2330 4890 θου
2355 4838 2459 4891 τῶν
2488 4828 2819 4902 ἀκουόντων,
2870 4830 3016 4886 οὓτω
3076 4850 3169 4903 μοι
3219 4826 3367 4884 δοκεῖ
3412 4826 3686 4897 ποιητέον
3741 4828 3877 4882 εἶναι·

2229 5136 2259 5165 ‹‹
2292 5112 2553 5169 discendi
2585 5110 2901 5184 copiditas.
2930 5130 2952 5160 ι
3159 5179 3193 5184 _
3284 5182 3290 5184 ,
3334 5178 3346 5184 _
3557 5177 3569 5184 ,
3778 5175 3811 5184 ..

2302 5186 2413 5257 (71)
2457 5184 2596 5256 Πρὸς
2654 5175 2715 5257 τὸ
2775 5178 3014 5257 βέλτιον.
3076 5201 3102 5232 α
3159 5178 3492 5257 Doctrinam
3554 5177 3616 5257 ig
3681 5175 3873 5255 melius

2229 5248 2556 5311 transtulit.
2582 5278 2609 5307 υ
2635 5255 2725 5311 Sic
2748 5248 3090 5325 vertendum
3115 5252 3547 5325 existimamus.
3572 5248 3709 5325 Haec
3736 5248 3868 5325 enirn

2226 5330 2401 5382 verba
2432 5328 2739 5383 referimus
2771 5326 2843 5380 ad
2897 5323 3213 5395 μετήνεγκε,
3246 5323 3401 5395 quod
3434 5322 3717 5395 superius
3748 5319 3870 5389 legi-

2226 5404 2340 5455 tur.
2390 5399 2593 5455 Billius
2642 5402 2840 5453 autem
2888 5393 2955 5451 ea
3005 5393 3181 5449 refert
3237 5393 3310 5448 ad
3372 5393 3865 5463 μετασκευάζοντος,

2272 5471 2497 5525 uamvis
2528 5472 2589 5526 in
2622 5469 2902 5542 propheta
2930 5469 3109 5521 Amos
3155 5481 3269 5519 non
3301 5460 3644 5535 occurrant,
3671 5470 3730 5519 et
3756 5460 3863 5516 red-

2227 5487 2497 5594 2uamv13
2528 5488 2589 5526 ιιι
2622 5487 2902 5542 ριόριιθιει
2930 5487 3109 5521 ames
3155 5487 3269 5519 non
3301 5487 3367 5521 oc

2269 5543 2331 5596 it.
2368 5566 2393 5589 ‹‹
2431 5549 2604 5612 atque
2637 5544 2697 5597 in
2729 5539 2940 5596 melius
2973 5542 3315 5612 commutat.
3342 5559 3369 5585 ››

2297 5607 2769 5687 (72))(ῥήσωμαι.
2838 5612 3017 5682 Regg.
3081 5608 3138 5677 ὁ,
3197 5608 3296 5680 ph,
3357 5612 3413 5664 et
3476 5607 3577 5663 Or.
3640 5608 3686 5674 ί,
3745 5620 3861 5671 ιρι·

2224 5703 2410 5756 σομαι.
