4094 6212
487 350 642 408 1179
1724 344 1791 404 S.
1839 342 2209 403 GBEGORII
2257 343 2653 404 THEOLOGI
3742 355 3875 417 1180

484 480 731 551 patricio
763 495 971 552 genere
1003 476 1543 549 nala,honestisque
1577 475 1834 532 mrribus
1868 475 2127 548 przedita.

2254 472 2513 543 Ἀκούετε,
2571 475 2848 551 παρθένοι,
2909 477 2998 531 καὶ
3060 477 3505 555 συναγάλλεσθε,
3571 481 3783 555 μᾶλλον
3835 482 3879 540 δέ

483 570 714 634 Audite,
771 568 1048 639 virgines.
1107 584 1172 623 ac
1215 566 1392 621 simul
1438 566 1744 632 exsultate,
1804 565 1922 620 imo
1952 564 2126 619 etiam

2237 560 2325 616 καί
2375 567 2478 616 τῶν
2540 563 2642 618 ὑπὸ
2703 565 2861 639 ζυγὸν
2925 565 3045 621 ὅσαι
3103 569 3378 645 σώφρονές
3426 572 3601 625 τεκαὶ
3653 571 3877 649 φιλοσώ-

484 674 845 729 quaecunque
876 656 1219 728 pudicitiam
1258 656 1313 710 in
1349 655 1809 720 matrimonio,et
1839 654 2129 727 pudicitiae

2254 671 2431 727 ρρονες
2465 654 2599 723 (76)*
2634 653 2814 706 κοινὸν
2863 654 2968 729 γάρ
3027 656 3359 733 ἀμφοτέραις
3408 656 3783 731 καλλώπισμα
3826 664 3875 717 τὸ

489 752 753 803 amantes
776 746 996 800 colitis:
1021 763 1153 801 nam
1180 745 1446 817 utrisque
1468 746 1765 800 communi
1788 749 2130 799 ornamento

485 843 568 890 est
600 836 714 890 ista
746 835 1022 890 narratio.
1062 833 1240 905 Virgo
1289 834 1406 887 haec
1438 835 1623 887 forma
1670 838 1794 888 erat
1847 848 2130 903 perquam

479 925 707 979 liberali
739 929 796 979 et
824 925 1077 995 egregia.
1122 922 1365 978 Accinat
1397 921 1533 976 huic
1567 922 1869 977 nobiscum
1905 920 2080 975 David
2116 936 2129 974 :

491 1014 677 1069 Omnis
718 1015 895 1083 gloria
944 1014 1082 1082 ﬁliae
1134 1014 1278 1080 regis
1308 1013 1373 1066 ab
1426 1013 1574 1066 intus
1622 1011 1683 1079 “,
1740 1026 1872 1065 vera
1920 1008 2133 1063 Christi

485 1120 721 1175 Sponsa,
758 1102 1133 1174 pulchritudo
1169 1101 1489 1166 recondita,
1541 1100 1670 1154 viva
1701 1103 1916 1165 statua,
1950 1098 2134 1153 dona-

486 1194 637 1248 rium
669 1191 988 1263 sacrilegas
1022 1207 1232 1244 manus
1266 1206 1379 1244 non
1413 1193 1701 1257 metuens,
1738 1188 1936 1242 fanum
1969 1187 2136 1242 inac-

489 1297 741 1345 cessum,
796 1280 1002 1334 hortus
1060 1278 1393 1345 conclusus,
1456 1278 1583 1332 fons
1638 1277 1905 1348 signatus
1966 1275 2010 1311 1⁸
2047 1276 2138 1347 (ut

491 1371 762 1425 Salomon
795 1384 1026 1440 quoque
1056 1368 1273 1437 aliquid
1318 1367 1430 1438 ipsi
1465 1367 1733 1436 accinat),
1766 1365 1875 1420 soli
1908 1365 2135 1420 Christo

492 1462 740 1512 servata.
774 1460 1017 1527 Magnus
1047 1455 1389 1528 Cyprianus,
1447 1455 1620 1517 unde,
1655 1459 1711 1509 et
1768 1471 1883 1526 quo
1940 1454 2134 1523 modo,

491 1548 643 1600 haud
674 1546 814 1615 scio,
865 1545 1043 1616 hujus
1074 1544 1316 1615 virginis
1364 1544 1522 1598 omni
1556 1560 1622 1597 ex
1671 1548 1832 1614 parte
1877 1547 2038 1606 tutae,
2071 1559 2137 1597 ac

491 1651 722 1689 morum
756 1635 1036 1706 gravitate
1075 1633 1327 1705 praedita;
1360 1648 1557 1687 amore
1616 1637 1818 1703 captus
1850 1636 1955 1687 est.
1989 1631 2135 1686 Nam

486 1740 760 1796 procaces
807 1728 864 1778 et
913 1722 1062 1777 avidi
1112 1721 1285 1791 oculi,
1339 1739 1405 1776 ea
1435 1723 1634 1792 etiam,
1668 1738 1794 1792 quae
1854 1720 2137 1792 attingere

2242 736 2511 815 διήγημα.
2568 740 2665 794 Καὶ
2724 743 2758 810 ἡ
2820 741 3085 816 παρθένος
3146 744 3291 814 καλὴ
3347 750 3427 818 τῷ
3482 745 3611 801 εἷ’δει
3666 745 3873 824 σφόδρα·

2242 826 2560 903 προσᾳδὲτω
2605 828 2772 904 ταύτῃ
2829 833 2947 903 μεθ’
2995 835 3155 905 ἡμῶν
3190 836 3217 888 6
3249 836 3390 897 θεῖος
3442 831 3631 905 Δαϐὶδ,
3679 842 3874 909 Πᾶσαὴ

2245 915 2416 989 δόξα,
2472 916 2643 993 λέγων
2681 962 2695 988 ,
2753 926 2853 989 τῆς
2911 922 3173 998 θυγατρὸς
3246 927 3342 977 τοῦ
3423 923 3690 998 βασιλέως
3764 925 3875 982 ἔσω-

2245 1018 2379 1077 θεν,
2438 1006 2625 1081 νύμφη
2686 1010 2922 1083 Χριστοῦ
2998 1011 3244 1085 γνησία,
3304 1010 3513 1075 κάλλος
3583 1014 3874 1085 ἀπόθετον,

2245 1093 2467 1171 ἄγαλμα
2514 1091 2789 1172 ἔμψυχον,
2839 1098 3093 1172 ἀνάθημα
3150 1099 3372 1173 ἄσυλον,
3429 1102 3657 1175 τέμενος
3715 1103 3877 1159 ἆνεπὲ-

2245 1180 2407 1239 ϐατον
2445 1229 2458 1252 ,
2517 1187 2695 1254 κῆπος
2765 1185 3200 1260 κεκλεισμένος,
3258 1191 3412 1264 πηγή
3495 1190 3875 1268 ἐσφραγισμὲνη

2244 1271 2584 1348 (προσᾳδέτω
2638 1273 2741 1349 γάρ
2788 1296 2841 1329 τι
2871 1275 2960 1329 καὶ
2997 1275 3310 1351 Σολομὼν),
3365 1278 3519 1352 μόνῳ
3549 1282 3766 1354 Χριστῷ
3789 1302 3879 1350 τη-

2246 1361 2509 1437 ρουμένη.
2549 1362 2760 1432 Ταύτης
2794 1363 2821 1417 6
2856 1364 3021 1440 μέγας
3077 1362 3202 1433 ἥλω
3261 1368 3584 1443 Κυπριανὸς,
3645 1368 3747 1423 οὐκ
3796 1367 3882 1423 οἷδ’

2246 1451 2365 1515 ὅθεν
2391 1451 2479 1507 καὶ
2513 1451 2685 1522 ὅπως,
2718 1459 2817 1521 τῆς
2850 1454 3017 1508 πάντα
3047 1455 3324 1533 ἀσφαλοῦς
3362 1455 3450 1509 καὶ
3484 1457 3719 1528 κοσμίας
3767 1460 3883 1531 (77).

2247 1540 2495 1595 Ψαύουσι
2523 1542 2624 1617 γὰρ
2658 1540 2938 1619 ὀφθαλμοὶ
2987 1540 3174 1618 λίχνοι
3206 1543 3295 1597 καὶ
3336 1547 3445 1598 τῶν
3494 1545 3801 1618 ἀψαύστων,
3829 1549 3882 1601 τὸ

2248 1625 2675 1707 προχειρότατον
2710 1630 2954 1706 ὀργάνων
3018 1634 3129 1705 (78)
3178 1631 3267 1686 καὶ
3300 1631 3737 1702 ἀπληστότατον.
3802 1637 3886 1692 Καὶ

2246 1717 2353 1793 οὐχ
2381 1716 2505 1787 ἥλω
2540 1718 2727 1790 μόνον,
2760 1717 2907 1773 ἀλλᾶ
2951 1718 3040 1773 καὶ
3083 1718 3294 1795 ἐπείρα.
3326 1727 3389 1774 Ὠ
3416 1728 3518 1791 τῆς
3551 1722 3818 1795 εὐηθείας,
3848 1724 3886 1778 εἰ

485 1815 647 1868 nefas
702 1816 810 1877 est,
879 1811 1196 1883 attingunt,
1256 1827 1539 1882 organum
1602 1826 1813 1881 nempe
1868 1809 2134 1864 omnium

2254 1807 2446 1877 ταύτην
2509 1806 2763 1879 συλήσειν
2808 1806 3031 1879 ἤλπιζε,
3085 1808 3297 1882 μᾶλλον
3358 1807 3415 1865 δὲ
3460 1817 3559 1881 τῆς
3618 1812 3887 1888 ἀναισχυν·

486 1901 996 1972 promptissimum
1047 1904 1223 1971 atque
1274 1898 1705 1955 avidissimum.
1756 1898 1869 1953 Nec
1902 1902 2135 1953 tantum

2254 1897 2359 1959 τίας
2419 1901 2515 1951 τοῦ
2569 1896 2636 1951 τὰ
2690 1901 2918 1952 τοιαῦτα
2965 1896 3290 1971 τολμῶντός
3318 1920 3376 1953 τε
3407 1899 3497 1953 καὶ
3535 1900 3751 1973 τολμᾷν
3781 1900 3884 1956 πεί-

487 1995 691 2060 captus
720 1994 827 2054 est,
861 1989 962 2043 sed
997 1990 1124 2059 ejus
1176 2004 1410 2060 quoque
1464 1987 1803 2059 pudicitiam
1854 1987 2133 2043 tentabat.

485 2081 528 2134 Ο
561 2079 919 2152 singularem
953 2077 1345 2145 stultitiam,si
1371 2077 1609 2148 quidem
1636 2077 1894 2131 futurum
1931 2093 2135 2148 spera-

484 2171 603 2237 bat,
640 2172 703 2224 ut
733 2185 859 2223 eam
894 2168 1188 2239 diriperet,
1221 2166 1310 2222 vel
1344 2167 1563 2237 potius,
1595 2182 1626 2222 0
1651 2166 1945 2235 ingentem
1976 2165 2136 2221 illius

488 2257 938 2329 impudentiam,
973 2256 1072 2328 qui
1126 2272 1217 2311 res
1268 2255 1609 2327 hujusmodi
1657 2256 1930 2321 audebat,
1964 2259 2137 2326 atque

488 2349 557 2401 ad
591 2347 925 2401 audendum
961 2345 1335 2418 impellebat!
1372 2344 1471 2399 Ille
1501 2344 1670 2399 etiam
1704 2344 1762 2399 in
1797 2344 2135 2417 paradisum

490 2439 769 2491 adversus
801 2453 958 2504 eum,
1018 2434 1118 2507 qui
1152 2435 1378 2506 primus
1425 2435 1655 2490 efﬁctus
1704 2438 1812 2505 est,
1864 2435 1934 2489 ab
1967 2433 2135 2488 initio

486 2525 722 2596 irrepsit
752 2526 796 2560 ¹⁹
829 2541 842 2578 :
877 2528 934 2578 et
965 2523 1195 2579 medius
1226 2523 1380 2577 inter
1411 2523 1646 2596 angelos
1671 2527 1808 2590 stat,
1828 2522 2039 2578 Jobum
2064 2523 2133 2577 ad

491 2615 814 2668 cruciatum
848 2613 1201 2684 desposcens
1234 2612 1278 2654 ²ο
1311 2628 1324 2666 :
1360 2629 1425 2666 ac
1475 2616 1765 2683 postremo
1819 2611 2134 2667 Dominum

494 2703 712 2774 ipsum,
745 2702 841 2772 qui
873 2718 1009 2756 eum
1059 2716 1451 2773 oppressurus
1482 2705 1539 2755 et
1591 2706 1775 2756 morte
1821 2701 2136 2755 affecturua

492 2795 635 2860 erat,
668 2790 884 2846 adoriri
918 2807 1028 2845 non
1057 2790 1618 2861 dubitat,eique,qui
1652 2789 1798 2844 nulli
1828 2789 2135 2845 tentationi

490 2879 777 2935 obnoxius
812 2884 919 2947 est,
967 2880 1348 2935 tentationem
1409 2880 1677 2935 admovet
1732 2881 1775 2915 ²¹
1832 2879 2135 2951 (quoniam

2247 1988 2472 2049 θοντοςί
2526 1988 2762 2047 Ἐκεῖνος
2818 1986 2907 2041 καὶ
2955 1986 3030 2049 είς
3072 1988 3162 2041 τὸν
3213 1985 3536 2063 παράδεισον
3581 1989 3671 2044 ἀπ’
3722 1990 3886 2067 ἀρχῆς

2244 2073 2449 2151 παρέδυ
2478 2078 2588 2147 (79)
2620 2074 2754 2130 κατᾶ
2799 2080 2897 2130 τοῦ
2946 2076 3166 2152 πρώτου
3217 2076 3559 2149 πλάσματος·
3609 2080 3700 2132 καί
3744 2080 3890 2151 μὲσος

2245 2162 2492 2239 ἀγγέλων
2533 2162 2745 2219 ’ίσταται
2790 2164 2881 2218 τὸν
2936 2159 3063 2220 Ἰὼϐ
3112 2164 3427 2236 ἐξαιτήσων·
3459 2166 3550 2221 καὶ
3596 2168 3658 2222 τὸ
3708 2167 3889 2223 τελευ-

2246 2259 2418 2321 ταῖον,
2450 2253 2565 2308 κατ’
2614 2253 2779 2308 αὐτοῦ
2822 2251 3009 2325 τολμᾷ
3060 2258 3156 2307 τοῦ
3201 2256 3494 2327 Δεσπότου,
3522 2260 3619 2310 τοῦ
3664 2255 3893 2311 καταλύ-

2249 2364 2436 2405 σοντος
2498 2346 2610 2417 (80)
2667 2341 2827 2397 αὐτὸν
2884 2343 2975 2396 καὶ
3037 2344 3440 2406 θανατώσοντος
3473 2387 3488 2412 ,
3544 2344 3632 2398 καὶ
3714 2350 3892 2419 πεῖραν

2246 2432 2507 2506 προσάγει
2552 2437 2630 2504 τῷ
2677 2432 2986 2507 ἆπειράστῳ
3037 2430 3244 2505 (ἐπειδή
3279 2430 3526 2508 δεύτερον
3584 2430 3770 2507 Ἀδὰμ
3799 2432 3896 2489 εἶδε

2244 2526 2340 2577 τοῦ
2398 2526 2531 2576 Θεοῦ
2587 2521 2650 2575 τὸ
2707 2520 3079 2599 φαινόμενον),
3139 2521 3215 2583 ὡς
3272 2521 3362 2576 καὶ
3413 2527 3603 2576 τοῦτον
3658 2543 3898 2578 καταπα-

2247 2608 2470 2667 λαίσων.
2506 2608 2719 2685 ’Πγνόει
2751 2612 2878 2685 γὰρ,
2912 2608 2996 2664 ὅτι
3044 2616 3411 2685 περιπεσεῖται
3458 2610 3697 2683 θεότητι,
3735 2633 3897 2687 προσ⁸

2246 2697 2470 2775 δραμών
2503 2699 2907 2774 ἆνθρωπότητι.
2942 2698 3010 2756 Τί
3060 2696 3151 2754 οὖν
3201 2699 3530 2773 θαυμαστὸν,
3581 2700 3627 2754 εἰ
3674 2701 3771 2755 καὶ
3814 2698 3894 2755 διὰ

2246 2792 2561 2865 Κυπριανοῦ
2589 2794 2838 2863 πειρᾶται
2885 2794 2986 2859 τῆς
3037 2786 3190 2865 ἅγίας
3235 2791 3349 2862 (81)
3397 2792 3602 2865 ψυχῆς,
3655 2789 3753 2843 καὶ
3804 2793 3898 2844 τοῦ

2248 2876 2517 2955 ἆνεπάφου
2550 2878 2801 2950 σώματος
2830 2896 2843 2946 ;

492 2969 764 3037 alterum,
797 2968 856 3022 in
905 2974 1142 3024 externa
1199 2968 1299 3024 Dei
1362 2970 1525 3039 facie,
1558 2970 1711 3025 443
1761 2970 2052 3024 Adamum
2102 2968 2379 3040 videbat),
2413 2967 2581 3041 quasi
2628 2970 2821 3039 ipsum
2872 2984 3106 3040 quoque
3155 2972 3559 3041 superaturos.
3591 2965 3901 3025 Nesciebat

490 3060 645 3114 enim
681 3059 799 3113 fore
830 3063 893 3113 ut
923 3058 1351 3113 humanitatem
1404 3074 1736 3131 aggressus,
1772 3060 1829 3114 in
1862 3058 2221 3114 divinitatem
2264 3058 2564 3114 incideret.
2599 3057 2741 3123 Quid
2794 3058 2978 3130 igitur
3029 3057 3266 3126 mirum,
3301 3058 3349 3113 si
3399 3058 3526 3130 ipse
3571 3059 3756 3115 etiam
3804 3074 3901 3130 per

487 3149 840 3220 Cyprianum
872 3152 1131 3203 sanctam
1165 3147 1445 3215 animam,
1477 3152 1651 3219 atque
1682 3148 1965 3203 intactum
1997 3164 2206 3220 corpus
2238 3146 2619 3219 aggreditur?

566 3238 629 3290 Χ.
687 3240 967 3292 Caeterum
1028 3240 1151 3308 ipse
1209 3237 1443 3308 quidem
1490 3253 1617 3292 eam
1667 3236 2038 3301 sollicitabat,
2072 3254 2137 3293 ac
2168 3239 2210 3304 C

494 3342 598 3397 pro
631 3325 855 3392 lenone,
887 3342 1001 3381 non
1019 3324 1212 3381 vetula
1242 3326 1493 3397 quadam
1550 3326 1894 3382 muliercula
1923 3327 1994 3381 ad
2026 3325 2136 3381 hu-

489 3412 755 3484 jusmodi
789 3430 881 3468 res
900 3413 1238 3480 idonea,sed
1264 3413 1524 3468 daemone
1546 3414 1801 3484 quodam
1824 3429 2135 3483 corporum

495 3519 559 3555 ac
590 3500 909 3574 voluptatis
941 3507 1196 3568 amante,
1221 3501 1426 3556 utitur.
1462 3501 1727 3557 Rebelles
1760 3501 2052 3573 siquidem
2084 3506 2141 3557 et

498 3591 706 3646 invidae
729 3594 1048 3662 potestates
1065 3590 1134 3645 ad
1154 3590 1615 3661 obeundahujus
1636 3590 1866 3663 generis
1882 3590 2141 3646 ministe-

493 3681 579 3736 ria
611 3680 825 3737 celeres
856 3696 983 3736 esse
1014 3678 1224 3750 solent,
1250 3679 1469 3735 multos
1501 3680 1781 3735 nimirum
1806 3680 1986 3736 ruinae
2022 3698 2139 3735 suae

497 3771 687 3825 socios
718 3773 1063 3841 quaerentes.
1114 3769 1300 3839 Hujus
1350 3786 1521 3842 porro
1572 3769 1839 3826 lenocinii
1894 3786 2139 3836 merces,

492 3861 740 3915 victima
774 3868 823 3915 el
857 3859 1142 3914 libamina
1185 3864 1369 3926 erant,
1422 3858 1677 3915 afﬁnitas
1732 3876 1819 3931 ea,
1870 3876 1995 3930 quae
2039 3875 2143 3930 per

498 3950 844 4020 sanguinem
881 3954 938 4004 et
971 3948 1391 4004 sacriﬁciorum
1443 3948 1703 4004 nidorem
1736 3966 1866 4004 cum
1901 3965 1966 4004 eo
1999 3965 2139 4004 con-

498 4038 769 4093 trahitur.
803 4038 1003 4093 Talem
1035 4037 1192 4093 enim
1224 4038 1297 4093 iis
1345 4038 1670 4093 mercedem
1707 4038 1879 4110 pendi
1911 4042 2140 4111 oporte-

499 4127 727 4198 bat,qui
757 4127 1100 4197 hujusmodi
1127 4126 1407 4181 beneficia
1435 4125 1917 4182 contulis’sentdtt
1949 4126 2143 4199 puella

498 4215 676 4270 simul
708 4222 881 4287 atque
908 4215 1128 4271 malum
1162 4215 1470 4288 persensit,
1494 4220 1552 4271 et
1582 4216 1827 4271 insidias
1858 4216 2143 4271 intellexit

498 4307 676 4376 (pura
715 4306 930 4361 etenim
985 4323 1051 4361 ac
1096 4305 1302 4360 divina
1351 4304 1558 4360 animae
1624 4306 1840 4361 diaboli
1899 4306 2141 4361 technas

498 4394 797 4449 celerrime
828 4394 1293 4466 deprehendunt,
1328 4395 1655 4465 quamlibet
1708 4395 1927 4467 alioqui
1957 4396 2140 4453 versi-

496 4482 668 4555 pellis
700 4482 796 4538 ille
828 4486 922 4549 sit,
984 4488 1156 4555 atque
1188 4484 1246 4538 in
1303 4484 1613 4539 conatibus
1671 4484 1795 4538 suis
1848 4486 2045 4539 varius
2077 4502 2142 4540 ac

496 4570 846 4643 multiplex),
877 4572 1017 4643 quid
1054 4574 1209 4643 facit,
1244 4578 1299 4627 et
1330 4573 1469 4643 quid
1504 4574 1785 4628 adversus
1815 4574 1936 4627 vitii
1970 4575 2141 4645 opiﬁ-

494 4675 621 4715 cem
653 4658 894 4715 molitur
914 4661 941 4714 ?
969 4663 1295 4733 Desperatis
1318 4662 1592 4717 omnibus
1609 4660 1738 4717 aliis
1769 4663 2142 4733 remediis,ad

494 4748 679 4803 Deum
713 4749 994 4820 confugit,
1030 4756 1200 4822 atque
1231 4751 1512 4806 adversus
1544 4751 1945 4807 detestabilem
1979 4769 2143 4808 amc—

496 4853 617 4891 rem
655 4853 936 4907 sponsum
962 4854 1137 4894 suum
1166 4843 1477 4911 patronum
1500 4855 1567 4893 ac
1590 4840 1952 4896 defensorem
1977 4858 2146 4897 assu-

2326 3238 2377 3292 I’.
2413 3232 2566 3302 Πλήν
2600 3234 2628 3289 6
2662 3234 2758 3307 μὶν
2808 3232 3017 3310 ἐπείρα,
3049 3232 3138 3288 καὶ
3191 3238 3507 3308 προαγωγῷ
3556 3241 3791 3309 χρῆται,
3841 3233 3897 3287 οὗ

2246 3322 2450 3399 γυναίῳ
2504 3323 2605 3378 τινὶ
2664 3320 2884 3395 παλαιῷ
2938 3327 3044 3377 τῶν
3105 3324 3240 3396 πρὸς
3298 3327 3467 3377 ταῦτα
3522 3320 3849 3394 ἐπιτηδείων
3883 3368 3896 3395 ,

2248 3411 2394 3467 ἀλλὰ
2443 3410 2717 3486 δαιμόνων
2762 3410 2867 3467 τινί
2912 3416 3020 3467 τῶν
3070 3411 3475 3489 φιλοσωμάτων
3526 3411 3618 3466 καὶ
3669 3410 3903 3490 φιληδό-

2247 3521 2375 3556 νων’
2409 3499 2596 3569 ἐπειδὴ
2639 3505 2857 3575 ταχεῖαι
2894 3501 3031 3575 πρὸς
3076 3501 3176 3569 τὴν
3221 3503 3326 3554 τῶν
3377 3499 3640 3554 τοιούτων
3700 3501 3903 3575 ὑπηρεο

2250 3589 2365 3645 σίαν
2394 3592 2448 3645 αἱ
2487 3589 2840 3645 ἀποστατικαὶ
2891 3586 3146 3662 δυνάμεις
3196 3588 3283 3643 καὶ
3333 3587 3603 3667 φθονεραῖ,
3654 3588 3906 3651 πολλοὺς

2249 3679 2546 3742 κοινωνοὺς
2580 3683 2833 3749 ζητοῦσαι
2883 3683 2980 3732 τοῦ
3028 3679 3346 3751 πτώματος.
3380 3677 3481 3735 Καὶ
3510 3680 3538 3733 6
3585 3680 3783 3753 μισθὸς
3816 3685 3905 3747 τῆς

2249 3768 2616 3847 προαγωγίας,
2676 3767 2852 3823 θυσίαι
2908 3790 2967 3823 τε
3020 3767 3110 3822 καὶ
3165 3769 3277 3841 (82)
3335 3765 3582 3836 σπονδαὶ,
3613 3767 3710 3822 καὶ
3766 3771 3802 3838 ἡ
3845 3766 3909 3823 δι’

2250 3859 2495 3932 αἱμάτων
2545 3858 2634 3913 καὶ
2683 3857 2903 3929 κνίσσης
2961 3855 3251 3919 οἴκείωσις·
3307 3855 3592 3919 τοιούτους
3642 3857 3755 3932 γὰρ
3809 3854 3907 3911 ἔδει

2255 3948 2479 4022 μισθοὺς
2530 3950 2662 4003 εἷναι
2722 3952 2839 4010 τοῖς
2896 3947 2963 4002 τὰ
3004 3951 3226 4001 τοιαῦτα
3283 3947 3704 4023 χαριζομένοις.
3746 3952 3809 4001 Ἦ
3859 3942 3911 4000 δὲ

2252 4038 2327 4099 ὡς
2358 4034 2553 4110 ᾔσθετο
2592 4041 2687 4093 τοῦ
2734 4041 2928 4108 κακοῦ,
2977 4033 3065 4090 καὶ
3112 4036 3210 4104 τὴν
3259 4029 3561 4103 ἂπιϐουλήν
3612 4034 3761 4110 ἔγνω
3800 4040 3910 4106 (τι⁸

2252 4126 2476 4203 χύτεραι
2530 4126 2633 4202 γὰρ
2687 4128 2743 4181 αἱ
2799 4125 3028 4201 καθαραὶ
3082 4124 3254 4200 ψυχαὶ
3311 4124 3399 4179 καὶ
3459 4121 3725 4186 θεοειδεῖς
3781 4124 3911 4199 πρὸς

2251 4218 2421 4290 θήραν
2458 4221 2554 4271 τοῦ
2599 4215 2966 4292 ἐνεργοῦντος,
3021 4212 3116 4270 κᾶν
3169 4212 3250 4268 ὅτι
3305 4212 3540 4287 μάλιστα
3590 4215 3912 4287 σοφιστικὸς

2250 4305 2287 4382 ᾗ
2330 4305 2418 4360 καὶ
2476 4304 2730 4368 ποικίλος
2782 4308 2882 4375 τήν
2940 4303 3328 4379 ἐπιχείρησιν),
3381 4303 3433 4356 τί
3496 4308 3669 4371 ποιεῖ,
3723 4304 3820 4358 καὶ
3865 4302 3911 4355 τί

2250 4395 2627 4470 ἀντιτεχνᾶται
2686 4395 2765 4467 τῷ
2823 4391 3147 4469 δημιουργῷ
3210 4399 3309 4463 τῆς
3362 4390 3551 4453 κακίας
3609 4409 3625 4461 ;
3690 4393 3911 4448 Πάντων

2252 4485 2561 4559 ἀπογνοῦσα
2618 4487 2724 4538 τῶν
2784 4480 2995 4549 ἄλλων,
3060 4481 3147 4536 ἐπὶ
3200 4481 3291 4535 τὸν
3350 4479 3478 4535 Θεδν
3534 4482 3911 4559 καταφεύγει,

2253 4572 2343 4627 καὶ
2376 4572 2682 4648 προστάτην
2713 4576 2949 4627 ποιεῖται
3002 4569 3139 4625 κατὰ
3184 4574 3281 4624 τοῦ
3336 4574 3570 4643 μισητοῦ
3592 4570 3780 4625 πόθου
3811 4574 3916 4643 (83)

2254 4664 2344 4718 τὸν
2379 4664 2571 4732 ἒαυνῆς
2612 4661 2867 4739 νυμφίον,
2912 4664 2971 4725 ’ὸς
3023 4661 3113 4716 καὶ
3166 4660 3447 4715 Σωσάνναν
3498 4659 3801 4737 ἆρρύσατο,
3832 4662 3909 4715 καὶ

2257 4751 2459 4809 Θέκλαν
2516 4749 2766 4808 διέσωσεν
2798 4770 2813 4784 '
2873 4752 2973 4820 τὴν
3036 4750 3131 4823 μὲν
3185 4749 3291 4805 ἀπὸ
3340 4752 3547 4823 πικρῶν
3606 4746 3910 4825 πρεσϐυτὲ-

2258 4862 2364 4919 ρων
2400 4843 2533 4915 (84),
2592 4843 2691 4911 τὴν
2751 4838 2810 4896 δὲ
2866 4840 2973 4895 ἀπὸ
3001 4838 3261 4917 τυράννου
3320 4845 3665 4916 μνηστῆρος,
3703 4840 3802 4895 καὶ
3831 4861 3910 4894 τυ·

567 5036 608 5071 ”
640 5034 789 5092 Psal.
822 5052 973 5107 χειν,
1011 5037 1093 5094 14.
1174 5037 1217 5075 η
1247 5037 1414 5093 Cant.
1446 5054 1522 5108 IV,
1556 5039 1642 5095 12.
1723 5039 1768 5077 ¹⁹
1799 5039 1941 5095 Gen.
1974 5057 2058 5113 ιιι,
2091 5042 2138 5096 4.

2254 5042 2266 5078 ⁵
2292 5040 2400 5099 Job
2431 5058 2470 5113 ι,
2499 5042 2536 5097 6
2568 5056 2700 5115 sqq.
2776 5040 2820 5077 ’ί
2851 5039 3061 5097 Matth.
3094 5056 3173 5106 Iv,
3205 5039 3233 5097 1
3265 5054 3397 5111 sqq.

704 5256 771 5329 ’ζ’-ε
803 5250 892 5329 xui
926 5252 1355 5329 φιλοσώφρονες.
1390 5252 1529 5329 Haec
1574 5254 1787 5310 desunt
1817 5254 1877 5310 in
1908 5254 2047 5327 Reg.
2082 5255 2139 5311 d.

564 5326 677 5391 (77)
711 5322 974 5397 Κοσμίας.
1010 5322 1236 5397 ΒΘε.’ὲ1,
1268 5325 1487 5397 ταμίας,

567 5397 679 5467 (78)
715 5391 1003 5470 Ὀργάνων.
1062 5391 1283 5469 ῐῖοεξο,
1314 5391 1420 5450 τῶν
1476 5394 1742 5471 ὀργάνων.
1778 5397 1928 5463 Pan,
1981 5391 2142 5473 ὄργα-

495 5485 607 5520 νον.

565 5537 678 5607 (79)
710 5534 937 5610 Παρὲδυ.
973 5538 1109 5629 Reg.
1146 5555 1193 5593 c.
1225 5534 1419 5593 εἰσεδυ.

571 5610 680 5629 tOl'\\
725 5609 770 5629 m
808 5606 833 5616 ’⁸
1022 5607 1041 5629 ἵ
1350 5611 1405 5629 (19

568 5606 681 5684 (80)
883 5606 1298 5684 καταλύσοντος.
1349 5611 1443 5667 Sie
1492 5613 1626 5681 Reg.
1680 5611 1800 5684 bm,
1847 5616 1903 5669 et
1949 5612 2044 5668 0r.
2088 5614 2139 5668 1.

499 5679 670 5733 Deest
694 5681 790 5731 τοῦ
822 5681 881 5736 in
912 5682 1049 5738 edit.

2322 5256 2434 5329 (81)
2463 5252 2673 5329 'Ayiac.
2708 5255 2847 5328 Reg.
2868 5271 2935 5329 _c,
2966 5253 3147 5329 addit,
3180 5250 3410 5329 ἐκείνης,

2324 5320 2434 5397 (82)
2465 5320 2653 5381 Θυσίαι
2693 5345 2752 5379 τε
2788 5320 2897 5393 καί,
2931 5331 3037 5381 etc.
3075 5320 3253 5397 Regg.
3287 5320 3348 5394 ει,
3373 5320 3648 5397 (1,,θυσίαι
3687 5322 3903 5379 σπονδαὶ

2252 5395 2602 5478 δι”αἱμάτων
2623 5397 2710 5452 καὶ
2748 5398 3060 5478 κνίσσηςλι(
3093 5395 3224 5478 ιλιιῖ
3256 5395 3564 5452 cruoribus
3592 5402 3657 5451 et
3691 5397 3901 5454 sacriﬁ-

2252 5468 2474 5527 ciorum
2511 5471 2710 5528 uidore
2740 5472 2807 5526 ﬁt
2838 5468 3185 5526 conciliatio.
3217 5488 3245 5515 »

2323 5544 2432 5613 (83)
2466 5542 2662 5597 Πύθου.
2697 5543 2791 5598 Sic
2822 5543 3001 5615 Regg.
3027 5558 3081 5610 a,
3113 5556 3163 5611 ο,
3196 5539 3254 5610 d,
3287 5538 3407 5606 bm,
3432 5536 3533 5609 ph,
3563 5536 3728 5608 Jes.,
3752 5540 3899 5595 Com~

2251 5614 2390 5679 bef.,
2418 5612 2533 5671 etc.
2570 5617 2630 5670 In
2661 5615 2775 5681 ed..
2812 5612 2998 5669 πόθόν.

2322 5676 2431 5759 (84)
2472 5686 2608 5743 Ἀπὸ
2661 5676 2871 5765 πικρῶν
2927 5676 3323 5761 πρεσϐυτέρων.
3375 5678 3508 5738 Bill.
3536 5695 3597 5737 :«
3656 5697 3693 5741 ο
3748 5680 3900 5739 savis
