4094 6212
270 403 403 466 1181

1109 396 1397 458 ORATIO
1441 389 1865 454 XXIV.—IN
1909 390 2237 452 LAUDEM
2283 391 2347 452 S.
2395 394 2790 458 CYPRIANI.

3499 402 3658 462 1182

268 532 650 612 ραννικωτὲρας
713 529 915 605 μητρός
1150 525 1278 580 Τίνα
1332 528 1558 590 τοῦτον;
1637 521 1892 612 Χριστὸν,

2014 521 2141 612 mit,
2164 522 2270 612 qui
2302 527 2358 578 et
2386 525 2713 583 Susannam
2760 529 2968 587 mortis
3002 532 3258 604 periculo
3289 532 3572 603 liberavit,
3605 540 3660 590 et

267 609 316 686 64
365 623 452 677 καὶ
500 621 798 693 πνεύμασιν
851 618 1095 690 ἐπιτιμᾷ,
1140 615 1228 669 καὶ
1276 613 1516 691 κουφίζει
1572 609 1896 686 βαπτιζομέ-

265 733 394 779 νους,
426 710 514 764 καὶ
548 707 757 777 πεζεύει
787 705 1046 781 πέλαγος,
1077 705 1163 759 καί
1198 703 1439 776 λεγεῶνα
1467 699 1786 772 πνευμάτων
1817 703 1895 769 τῷ

269 803 402 876 βυθῷ
461 796 684 852 δίδωσι·
739 795 828 850 καὶ
887 795 1066 870 ῥύεται
1129 793 1220 865 μὲν
1284 792 1333 845 ἐν
1409 788 1615 844 λάκκου
1690 786 1892 842 δίκαιον

268 875 440 945 λέουσι
471 888 796 960 προτεθέντα
830 884 1016 960 βορὰν,
1046 881 1134 936 καὶ
1165 885 1364 956 χειρῶν
1396 880 1601 932 ἐκτάσει
1632 879 1744 950 (86)
1767 875 1894 936 τοὺς

267 981 423 1051 θῆρας
455 978 745 1045 νικήσαντα
771 995 782 1005 ·
814 973 990 1048 ῥύεται
1027 969 1084 1025 δὲ
1133 971 1234 1024 ὑπὸ
1285 971 1486 1038 κήτους
1529 965 1896 1028 καταποθέντα

260 1065 457 1142 φυγάδα
480 1065 790 1141 προφήτην,
819 1061 912 1116 κάν
944 1066 1058 1121 τοῖς
1089 1057 1429 1132 σπλάγχνοις
1450 1058 1549 1125 τὴν
1569 1056 1744 1109 πίστιν
1779 1052 1893 1108 δια-

263 1141 560 1226 σωσοὶμενον
591 1171 602 1184 ·
636 1152 793 1220 σώζει
823 1148 879 1205 δέ
912 1148 1226 1224 ’Δσσυρίους
1252 1149 1363 1219 (87)
1394 1145 1445 1199 ἐν
1475 1143 1643 1222 φλογὶ
1674 1141 1892 1214 παῖδας,

262 1242 466 1319 ἀγγέλῳ
495 1244 594 1309 τὴν
625 1241 794 1315 πυρὰν
828 1238 1152 1313 καταψύξας,
1185 1236 1272 1291 καὶ
1305 1241 1420 1297 τοῖς
1451 1233 1594 1310 τρισὶ
1625 1232 1893 1308 παραζεύ-

263 1336 344 1404 ξας
367 1332 456 1387 τὸν
493 1331 763 1406 τέταρτον.

2006 610 2278 666 Theclam
2307 615 2591 682 servavit;
2626 617 2786 672 illam
2839 637 2873 674 a
2922 621 3087 675 saevis
3115 622 3471 688 senioribus,
3507 622 3656 678 hanc

2007 716 2038 752 a
2070 705 2315 770 tyranno
2347 701 2533 771 ipsius
2569 723 2758 776 proco,
2802 713 2857 763 et
2907 725 2940 762 a
2988 716 3172 765 matre
3217 711 3408 766 adhuc
3439 713 3652 767 crude-

2005 787 2155 843 liori.
2190 790 2368 852 Quem
2405 793 2639 849 tandem
2676 795 2829 851 hunc
2852 814 3134 868 sponsum
3155 799 3182 854 Ἰ
3206 799 3525 869 Christum,
3548 800 3649 872 qui

2004 881 2060 931 et
2089 877 2332 948 spiritus
2363 881 2642 953 increpat,
2677 891 2730 938 et
2763 902 2880 955 eos,
2915 887 3014 956 qui
3056 893 3415 960 mergantur,
3448 889 3646 945 suble-

2004 971 2096 1020 vat
2127 967 2194 1036 π,
2229 971 2286 1022 et
2316 969 2560 1040 pedibus
2610 990 2769 1028 mare
2819 981 3087 1047 peragrat
3137 979 3203 1048 ³³,
3236 981 3292 1032 et
3329 977 3644 1048 spirituum

2004 1054 2290 1127 legionem
2322 1057 2381 1111 in
2415 1061 2767 1129 profundum
2805 1063 2984 1118 mittit
3013 1065 3075 1130 “,
3099 1066 3316 1138 quippe
3347 1067 3648 1137 etjustum

2003 1143 2188 1199 virum
2223 1162 2254 1199 e
2285 1145 2410 1200 lacu
2441 1147 2633 1220 eripit,
2668 1149 2934 1207 leonibus
2957 1154 3014 1207 in
3043 1169 3233 1208 eseam
3267 1155 3558 1225 objectum
3581 1156 3652 1223 2⁵,

2003 1250 2069 1288 ac
2110 1251 2212 1305 per
2262 1251 2545 1290 manuum
2591 1241 2988 1296 extensionem
3034 1243 3336 1298 victoriam
3396 1245 3468 1299 de
3514 1244 3652 1300 feris

2005 1327 2406 1391 consecutum,
2439 1330 2496 1379 et
2527 1325 2838 1398 fugitivum
2871 1329 3212 1400 prophetam
3244 1347 3278 1385 a
3321 1335 3444 1387 ceto
3482 1349 3648 1388 vora-

262 1429 398 1488 tum,
431 1422 488 1476 in
522 1420 781 1493 ipsisque
814 1417 1134 1474 visceribus
1183 1417 1357 1471 ﬁdem
1404 1414 1691 1485 integram
1747 1415 2095 1476 servantem,
2131 1410 2339 1467 liberat
2361 1414 2427 1479 2⁸,
2459 1419 2516 1469 et
2548 1414 2603 1468 in
2637 1417 2873 1485 Assyria
2923 1433 3136 1489 pueros
3189 1419 3339 1475 inter
3387 1419 3655 1476 ﬂammas

260 1511 575 1568 incolumes
606 1514 816 1572 servat,
848 1507 1085 1562 ﬂamma
1116 1505 1393 1559 nimirum
1429 1520 1531 1575 per
1559 1500 1835 1573 angelum
1869 1499 2224 1572 refrigerata,
2259 1518 2324 1556 ac
2351 1507 2557 1573 quarto
2589 1505 2778 1560 tribus
2809 1505 2927 1562 illis
2955 1508 3229 1578 adjuncto
3251 1509 3315 1562 ³⁷.

326 1601 631 1654 ΙΑ’.Ταῦτα
687 1597 776 1650 καὶ
837 1593 1010 1648 πλείω
1068 1591 1274 1646 τούτων
1331 1589 1752 1667 ἐπιφημίζουσα,
1807 1586 1895 1641 καὶ

261 1688 350 1755 τήν
421 1685 687 1761 Παρθένον
776 1682 985 1754 Μαρίαν
1062 1683 1175 1754 (88)
1243 1679 1553 1734 ἱκετεύουσα
1627 1678 1898 1752 βοηθῆσαι

263 1775 500 1848 παρθένῳ
561 1771 955 1844 κινδυνευούσῃ,
1013 1771 1074 1825 τὸ
1129 1776 1228 1838 τῆς
1278 1767 1527 1836 νηστείας
1568 1765 1655 1819 καὶ
1688 1785 1898 1840 χαμευ-

262 1865 367 1926 νίας
422 1858 793 1940 προϐάλλεται
850 1859 1168 1938 φάρμακον·
1231 1859 1372 1929 ὁμοῦ
1434 1857 1528 1928 μὲν
1581 1855 1643 1908 τὸ
1693 1852 1899 1916 κάλλος

2075 1587 2162 1643 ΧΙ.
2200 1589 2352 1657 Hac,
2385 1597 2560 1662 atque
2592 1592 2681 1648 his
2715 1593 2883 1665 plura
2933 1612 3424 1665 commemorans,
3458 1597 3657 1670 Virgi-

2007 1693 2260 1749 nemque
2290 1679 2530 1734 Mariam
2564 1682 2810 1753 supplex
2841 1684 3176 1754 obsecrans,
3212 1689 3275 1740 ut
3304 1685 3661 1758 periclitanti

2007 1765 2218 1838 virgini
2241 1784 2408 1839 opem
2443 1769 2845 1841 ferret,jejunii
2868 1777 2924 1828 et
2955 1773 3312 1828 chameuniae
3335 1773 3653 1846 pharmaco

2010 1871 2138 1910 sese
2169 1857 2533 1925 communit;
2566 1862 2688 1915 tum
2713 1861 3045 1931 quidem,ut
3067 1862 3264 1917 formae
3288 1868 3650 1919 venustatem

269 1953 592 2027 μαραίνουσα
633 1951 706 2012 ὡς
750 1945 1065 2019 ἐπίϐουλον,
1114 1947 1184 2000 ’ἶν’
1236 1946 1517 2018 ὑποσπάσῃ
1559 1950 1658 2013 τῆς
1691 1941 1897 2021 φλογὸς

2014 1949 2285 2016 tanquam
2342 1946 2709 2013 insidiosam,
2756 1951 3118 2019 obscuraret,
3167 1952 3362 2022 sicque
3404 1952 3654 2008 ﬂammae

262 2044 352 2111 τήν
394 2043 556 2111 ὓλην,
585 2040 674 2094 καὶ
724 2037 1001 2109 δαπανήσῃ
1054 2037 1118 2090 τὸ
1165 2040 1272 2090 τῶν
1325 2036 1506 2088 παθῶν
1543 2031 1897 2104 ὑπέκκαυμα·

264 2134 398 2204 ὁμοῖν
430 2129 487 2185 δὲ
531 2131 624 2184 τὸν
657 2128 784 2183 Θεὸν
812 2126 1105 2198 ἱλεουμένη
1142 2123 1230 2178 διὰ
1256 2131 1355 2192 τῆς
1386 2124 1621 2184 πίστεως
1668 2119 1759 2175 καί
1788 2123 1901 2193 (89)

262 2219 343 2276 διὰ
365 2227 466 2290 τῆς
496 2219 906 2278 ταπεινώσεως·
945 2213 1121 2270 οὐδενὶ
1165 2215 1266 2290 γὰρ
1318 2211 1461 2267 οὕτω
1510 2215 1616 2266 τῶν
1664 2212 1901 2280 πάντων,

259 2312 328 2372 ὡς
375 2307 730 2378 κακοπαθείᾳ,
784 2304 1128 2378 θεραπεύεται
1175 2303 1302 2363 Θεὸς
1357 2303 1490 2374 (90),
1542 2300 1629 2354 καὶ
1680 2297 1899 2374 δάκρυσι

256 2397 315 2452 τὸ
362 2394 744 2473 φιλάνθρωπον
808 2389 1159 2448 ἀντιδίδοται.
1230 2393 1452 2452 Ποθεῖτε
1503 2387 1570 2440 τὰ
1601 2387 1744 2456 ἑξῆς,
1799 2383 1902 2440 οἶδ’

259 2486 357 2555 ὅτι,
405 2489 502 2540 τοῦ
553 2483 915 2559 διηγήματος.
970 2483 1263 2556 ’Δγωνιᾶτε
1315 2477 1417 2551 γὰρ
1470 2477 1601 2549 ὑπὲρ
1633 2478 1731 2544 τῆς
1761 2494 1900 2549 παρ-

253 2575 421 2642 θένου,
480 2573 570 2627 καὶ
624 2576 726 2626 τοῦ
775 2569 1000 2646 ἐραστοῦ
1045 2565 1101 2622 δὲ
1143 2567 1254 2642 οὐχ
1295 2567 1484 2635 ἧττον,
1520 2566 1594 2638 μὴ
1630 2565 1704 2626 εἷς
1739 2564 1898 2618 κακὸν

256 2663 579 2742 ἀμφοτέροις
612 2662 638 2716 6
669 2661 836 2724 πόθος
871 2658 1075 2728 ἔληξεν.
1121 2655 1302 2712 Ἀλλά
1352 2657 1612 2730 θαρσεῖτε.
1667 2653 1902 2714 Πίστεως

253 2755 351 2829 γὰρ
385 2754 412 2806 6
454 2752 620 2812 πόθος
669 2749 923 2823 πρόξενος
971 2747 1210 2823 γίνεται·
1275 2746 1364 2799 καὶ
1415 2743 1676 2819 παρθένον
1731 2743 1903 2813 ἑαυτῷ

257 2841 565 2916 μνηστεύων
625 2840 654 2894 6
726 2837 973 2914 ἐραστὴς,
1048 2836 1150 2889 ὑπὸ
1213 2837 1446 2910 Χριστοῦ
1511 2831 1898 2904 μνηστεύεται·

252 2930 338 2984 καῖ
450 2931 565 3002 ,μὲν
612 2933 719 2982 τῶν
770 2926 953 2988 πόθων
1003 2926 1114 2997 (91)
1163 2921 1297 3001 φλὸξ
1337 2916 1742 2992 ἀποσϐέννυται,
1775 2923 1808 2990 ἡ
1846 2917 1903 2974 δὲ

251 3022 347 3086 τῆς
380 3016 637 3087 ἀληθείας
688 3014 998 3070 ἀνάπτεται.
1058 3017 1180 3072 Πῶς
1224 3011 1310 3065 καὶ
1364 3011 1482 3065 τίνα
1512 3006 1752 3081 τρὸπον;
1786 3011 1900 3063 Ἐν-

256 3107 420 3163 ταῦθά
467 3128 557 3176 μοι
603 3107 664 3160 τὸ
714 3109 811 3159 τοῦ
864 3106 977 3175 (92)
1026 3100 1372 3176 διηγήματος
1415 3097 1656 3168 ἥδιστον.
1702 3104 1837 3169 Νικᾷ
1866 3102 1899 3168 ἡ

254 3195 533 3271 παρθένος,
588 3200 791 3248 νικᾶται
853 3193 880 3246 ὁ
933 3190 1163 3263 δαίμων.
1213 3191 1268 3244 Ὁ
1317 3189 1608 3264 πειραστὴς
1657 3187 1901 3260 πρόσεισι

257 3290 333 3358 τῷ
393 3285 610 3360 ἐραστῇ,
669 3280 998 3353 καταμηνύει
1059 3281 1157 3348 τὴν
1215 3282 1418 3347 ἧτταν·
1478 3283 1900 3354 περιφρονεῖται.

254 3372 601 3449 Δυσχεραίνει
675 3378 775 3439 τῆς
855 3367 1188 3443 ὑπεροψίας·
1261 3366 1512 3440 ἀμύνεται
1577 3367 1667 3420 τὸν
1739 3367 1895 3442 ὑπερ-

247 3464 444 3531 όπτην.
498 3463 561 3517 Ἠ
613 3457 788 3533 ἄμυνα
837 3456 894 3512 δὲ
941 3458 1066 3526 τίς;
1105 3457 1194 3518 Εἰς
1227 3456 1383 3511 αὐτὸν
1419 3456 1756 3524 εἶσοικίζεται
1787 3458 1897 3528 (93)

243 3553 336 3608 τὸν
369 3551 503 3611 τέως
535 3549 885 3625 θεραπευτὴν,
927 3546 1016 3600 ’ίνα
1064 3550 1214 3616 κακῴ
1259 3546 1322 3599 τὸ
1367 3546 1528 3599 κακὸν
1577 3544 1895 3618 ἐκκρουσθῇ,

245 3640 337 3696 καὶ
370 3637 540 3694 λύσσα
597 3637 801 3706 λύσσης
850 3634 990 3709 ’ίαμα
1047 3634 1284 3711 γένηται.
1347 3640 1453 3702 Τῆς
1501 3634 1768 3708 παρθένου
1805 3634 1898 3706 μὶν

248 3728 636 3805 ἀποκρούεται,
668 3725 907 3802 καθάπερ
953 3746 1004 3780 τι
1058 3722 1365 3798 μηχάνημα
1415 3722 1634 3796 τείχους
1691 3721 1898 3796 ὀχυροῦ

245 3818 336 3873 καὶ
367 3816 635 3894 γενναίου,
697 3814 866 3889 λόγου
918 3813 1090 3890 φυγὰς
1146 3811 1236 3864 καὶ
1298 3808 1567 3880 δεήσεως·
1628 3815 1707 3881 τῷ
1762 3808 1897 3882 πέμ-

248 3911 410 3981 ψαντι
445 3903 502 3959 δὲ
557 3901 940 3979 προσπαλαίει,
1003 3899 1070 3976 (ὥ
1119 3905 1214 3954 τοῦ
1265 3899 1537 3972 θαύματος
1565 3900 1602 3971 1)
1646 3899 1780 3974 πρὸς
1809 3899 1900 3952 τὸν

251 3996 494 4072 βαλόντα
534 3993 698 4050 πάλιν
760 3991 1132 4068 ἅναστραφεὶς,
1181 3987 1271 4044 καῖ
1321 3987 1655 4064 συμπνίγων,
1717 3983 1897 4063 ὥσπερ

240 4086 370 4141 τινὰ
402 4082 582 4139 Σαοὺλ
615 4080 882 4156 δεύτερον.

2015 2035 2318 2090 materiam
2356 2036 2746 2107 subtraheret,
2779 2055 2844 2093 ac
2891 2038 3121 2094 libidini
3175 2041 3467 2096 formitem
3504 2045 3660 2097 444

2011 2122 2345 2179 absumeret
2373 2141 2385 2191 ;
2419 2127 2544 2180 tum
2575 2142 2708 2181 vero
2743 2132 2804 2181 ut
2835 2144 2937 2200 per
2967 2128 3139 2184 fidem
3173 2133 3230 2184 et
3261 2128 3659 2185 humilitatem

2011 2212 2328 2284 propitium
2378 2213 2489 2268 sibi
2538 2219 2717 2269 Deum
2751 2217 3033 2273 redderet.
3071 2217 3270 2289 Neque
3315 2219 3470 2274 enim
3507 2220 3660 2274 Deus

2011 2299 2125 2354 ulla
2157 2317 2214 2356 re
2246 2301 2504 2372 perinde,
2535 2306 2709 2375 atque
2740 2304 3070 2361 voluntaria
3115 2306 3373 2378 corporis
3403 2306 3655 2362 afﬂicta-

2007 2389 2187 2455 tione,
2220 2390 2584 2460 conciliatur,
2618 2392 3008 2466 lacrymisque
3053 2395 3455 2451 misericordia
3482 2395 3652 2452 vicis-

2010 2478 2121 2534 sim
2155 2479 2393 2550 rependi
2425 2479 2592 2538 solet.
2625 2482 2748 2536 Non
2780 2488 2867 2538 est
2897 2483 3050 2554 apud
3086 2500 3177 2539 me
3209 2483 3478 2551 dubium,
3512 2485 3654 2555 quin

2009 2565 2294 2639 reliquam
2326 2568 2504 2640 hujus
2535 2569 2794 2626 historia:
2825 2576 3047 2642 partem
3082 2572 3246 2627 avide
3286 2573 3657 2644 exspectetis.

2009 2656 2339 2728 Trepidatis
2369 2675 2642 2730 namque,
2675 2665 2732 2715 et
2763 2660 2917 2715 anxii
2947 2663 3088 2716 estis
3136 2678 3240 2732 pro
3271 2661 3514 2734 virgine,
3549 2677 3654 2718 nec

2011 2746 2208 2801 minus
2240 2763 2342 2817 pro
2374 2747 2559 2818 ipsius
2592 2754 2847 2817 amante,
2877 2765 2950 2804 ne
2980 2749 3244 2821 utrisque
3273 2751 3496 2805 malum
3529 2754 3655 2806 tan-

2010 2834 2143 2888 dem
2175 2839 2232 2888 et
2267 2836 2558 2891 funestum
2593 2837 2767 2892 finem
2801 2837 2894 2892 hic
2925 2855 3090 2893 amor
3121 2839 3407 2895 habuerit.
3441 2839 3656 2894 Verum

2010 2922 2162 2978 bono
2194 2923 2390 2979 animo
2421 2928 2626 2989 estote,
2662 2926 2851 2980 Fidem
2903 2927 3061 2982 enim
3113 2926 3207 2982 hic
3257 2945 3421 2984 amor
3462 2929 3654 2984 conci-

2011 3011 2115 3066 liat
2161 3029 2173 3066 :
2231 3029 2294 3066 ac
2345 3014 2483 3067 dum
2540 3031 2749 3084 procus
2798 3015 3041 3087 virginis
3091 3017 3324 3088 nuptias
3370 3017 3576 3085 ambit,
3622 3035 3656 3072 a

2011 3101 2239 3156 Christo
2270 3101 2394 3173 ipse
2416 3102 2830 3174 despondetur,
2859 3109 3052 3175 atque,
3077 3106 3361 3160 exstincta
3390 3104 3656 3161 libidinis

2012 3190 2273 3256 ﬂamma,
2325 3190 2584 3244 veritatis
2634 3192 2807 3246 ardor
2853 3191 3156 3248 excitatur.
3206 3195 3328 3259 Quo
3379 3199 3546 3265 pacto
3594 3195 3652 3250 id

2018 3278 2312 3344 acciderit,
2336 3279 2636 3349 quaeritis?
2658 3280 2896 3351 Hicjam
2923 3282 3433 3353 injucundissima
3463 3300 3659 3339 narra-

2016 3367 2192 3423 tionis
2224 3373 2386 3439 parte
2416 3385 2630 3424 versor.
2663 3369 2836 3442 Virgo
2864 3376 3124 3442 superat,
3155 3373 3378 3428 daemon
3410 3388 3659 3444 supera-

2007 3461 2124 3512 tur.
2156 3457 2430 3513 Tentator
2461 3457 2529 3512 ad
2581 3464 2874 3516 amantem
2925 3460 3171 3529 accedit,
3219 3478 3400 3534 seque
3452 3477 3660 3518 succu-

2007 3546 2208 3601 buisse
2245 3546 2484 3602 indicat.
2538 3548 2739 3620 Itaque
2789 3549 2860 3604 ab
2909 3565 2975 3604 eo
3024 3550 3438 3606 contemnitur.
3473 3549 3657 3613 Quam

2008 3650 2129 3689 rem
2188 3635 2428 3708 indigne
2485 3636 2724 3708 ferens,
2803 3643 3263 3710 contemptorem
3329 3638 3660 3694 ulciscitur.

2006 3721 2280 3786 Quaenam
2313 3732 2507 3781 autem
2539 3726 2658 3781 haec
2716 3725 2860 3782 ultio
2911 3728 3043 3783 est?
3093 3733 3154 3782 In
3205 3743 3339 3782 eum
3370 3728 3590 3798 ipsum,
3624 3743 3660 3782 a

2009 3829 2123 3883 quo
2174 3816 2308 3868 ante
2351 3814 2671 3880 colebatur,
2721 3814 3041 3888 immigrat,
3094 3820 3158 3870 ut
3229 3816 3450 3871 malum
3499 3815 3656 3870 malo

2006 3903 2431 3968 extruderctur,
2465 3919 2529 3957 ac
2578 3903 2757 3958 furori
2806 3905 2965 3959 furor
3015 3904 3366 3960 medicinam
3402 3903 3655 3959 aﬂ‘erret.

2006 3992 2052 4045 A
2081 3991 2304 4061 virgine
2333 3991 2591 4062 quidem,
2629 4009 2740 4047 non
2792 4010 2962 4048 secus
3018 4011 3083 4049 ac
3129 3992 3336 4048 beilica
3384 3992 3654 4065 quaedam

2009 4079 2282 4134 machina
2313 4098 2345 4134 ιι
2374 4082 2543 4135 firmo
2565 4086 2621 4136 et
2640 4082 2832 4138 valido
2856 4082 3661 4156 muro,repellitur,sermone

239 4175 527 4230 nimirum
558 4179 615 4228 et
648 4173 916 4244 precibus
950 4173 1216 4242 fugatus;
1251 4185 1380 4224 cum
1414 4185 1479 4224 eo
1511 4172 1725 4238 autem,
1760 4185 1791 4223 a
1823 4185 1937 4240 quo
1991 4168 2211 4224 missus
2245 4169 2451 4236 fuerat,
2483 4169 2850 4226 colluctatur.
2883 4171 2927 4227 Ο
2959 4188 3080 4226 rem
3123 4171 3332 4226 miram
3384 4174 3441 4224 et
3490 4168 3660 4224 inau-

239 4263 465 4320 ditam!
500 4262 583 4317 Ad
617 4278 774 4329 eum,
805 4279 839 4316 a
869 4277 983 4332 quo
1016 4259 1111 4314 teli
1147 4259 1459 4330 cujusdam
1492 4259 1675 4313 instar
1696 4260 1891 4329 jactus
1925 4260 2131 4327 fuerat,
2165 4258 2358 4326 rediit,
2389 4259 2721 4332 ipsumque,
2750 4260 2907 4316 velut
2940 4260 3188 4316 alterum
3221 4258 3477 4325 Saulem,
3512 4275 3661 4330 prte-

236 4353 474 4409 focabat
499 4352 563 4406 ³⁸.

310 4441 411 4494 ΙΒ’.
472 4438 532 4492 Τί
591 4435 680 4491 οὖν
728 4437 755 4490 ὁ
814 4437 996 4513 ἄφρων
1062 4433 1290 4510 ἐραστὴς
1349 4433 1438 4488 καὶ
1496 4435 1725 4510 σώφρων
1780 4433 1889 4488 ἐπί-

2066 4436 2183 4491 ΧΙΙ.
2218 4435 2363 4501 Quid
2397 4435 2490 4491 hic
2522 4436 2700 4508 igitur
2731 4438 2972 4494 demens
3003 4436 3101 4492 ille
3133 4441 3379 4504 amator,
3414 4441 3470 4492 et
3517 4453 3656 4507 pru-

236 4526 498 4600 ληπτος;
531 4531 692 4597 Ζητεῖ
733 4529 830 4580 τοῦ
861 4523 1026 4579 κακοῦ
1064 4524 1163 4592 τὴν
1198 4521 1370 4591 Λύσιν,
1404 4521 1657 4597 εὑρίσκει·
1719 4522 1891 4597 εὐμή-

2002 4525 2145 4581 dens
2177 4524 2514 4596 arreptitius
2533 4524 2560 4579 ?
2583 4525 2716 4580 Mali
2741 4524 3146 4597 depulsionem
3178 4523 3471 4596 quaerit,et
3495 4523 3655 4580 inve-

313 4617 363 4670 ”
393 4635 600 4691 Matth.
629 4650 747 4689 xvu
779 4633 879 4702 t7;
912 4633 1206 4705 Lguctvm,
1237 4632 1328 4685 24.
1385 4631 1448 4705 μ²μ³
1481 4631 1684 4686 Matth.
1718 4647 1834 4697 xxv,
1865 4632 1911 4686 2.‘

2033 4631 2081 4666 ²⁸
2117 4631 2292 4686 Marc.
2326 4647 2381 4699 ν,
2418 4632 2501 4687 13.
2581 4632 2626 4666 ³⁸
2651 4631 2798 4688 Dan.
2829 4649 2942 4698 xw,
2975 4632 3063 4687 30.
3141 4632 3186 4667 ⁸⁵
3215 4632 3346 4688 Jon.
3375 4647 3436 4698 ιι,
3457 4633 3493 4686 2
3522 4649 3664 4705 sqq.

229 4710 281 4744 ³⁷
317 4708 464 4764 Dan.
500 4723 586 4772 m,
616 4706 685 4761 33
714 4721 846 4776 sqq.
924 4703 970 4737 ²³
1002 4704 1023 4759 Ι
1053 4704 1192 4775 Reg.
1225 4719 1340 4771 xvr,
1373 4702 1458 4756 14.

227 4815 664 4886 presbyteris.»
690 4813 879 4870 Minus
911 4811 1148 4886 quidem
1181 4816 1353 4878 recte,
1377 4825 1510 4886 cum
1541 4808 1737 4865 Daniel
1772 4809 1896 4881 ipse

225 4882 363 4952 xm,
396 4882 484 4955 lit,
518 4904 637 4954 eos,
675 4903 790 4941 non
815 4908 841 4936 ‹‹
876 4882 1266 4956 presbyteros,
1296 4905 1315 4931 ι
1354 4882 1456 4938 sed
1489 4904 1518 4932 ‹‹
1545 4897 1716 4937 senes
1739 4903 1766 4930 »
1799 4898 1895 4952 ap-

274 4957 440 5014 ellet.

226 4976 551 5099 Ρθέἑὲςοίζαὶ
584 5025 1045 5100 τυραννικωτέρας
1100 5021 1327 5100 μητρρς.
1376 5025 1469 5081 Sic
1519 5029 1655 5100 Reg.
1691 5041 1743 5100 a,
1776 5027 1894 5100 tres

219 5068 424 5166 (Zoili):
460 5068 746 5170 -Hervarg.,
796 5068 977 5154 Oxon':
1022 5068 1184 5168 aprdd
1214 5068 1488 5178 l'M‘ontac.
1533 5068 1664 5178 Optate
1697 5068 1892 5178 _i:ectio

219 5174 464 5247 optima
507 5166 754 5237 videtur,
790 5166 1112 5247 omnesque
1155 5169 1337 5247 nodos
1370 5168 1661 5247 expendit.
1697 5166 1893 5247 l‘jeque

218 5238 396 5298 enim
447 5259 478 5298 a
524 5267 551 5292 «
594 5247 776 5313 patre,
806 5267 826 5291 ι
863 5242 961 5298 sed
995 5238 1034 5296 εἰ
1058 5265 1084 5290 ‹‹
1120 5245 1302 5313 matre
1336 5262 1363 5289 »
1397 5238 1658 5313 vexatam
1712 5238 1894 5313 fuisse

218 5313 516 5370 Theciam
542 5307 831 5370 narratlir.
859 5316 921 5368 in
945 5310 1162 5377 ed.,xai
1183 5309 1641 5384 τυραννικωτέρου
1663 5307 1890 5379 πατρός,

218 5409 250 5435 α
293 5391 549 5464 et‘patre
581 5385 768 5464 magis
799 5385 1120 5464 tyrannico.
1149 5405 1188 5464 ii
1395 5453 1416 5464 Λ
1506 5455 1530 5464 υ
1628 5448 1641 5464 ,
1768 5449 1778 5464 '

455 5448 929 5528 Χειρῶεθῖκτάσει.
979 5457 1113 5526 Reg.
1151 5455 1347 5528 Cypra,
1393 5453 1570 5528 θηρῶν
1625 5448 1888 5528 ἐκστάσει,

219 5549 251 5577 ‹‹
291 5525 637 5583 belluarum
687 5535 1002 5603 stuperet»
1034 5525 1186 5603 ilice
1220 5525 1408 5603 lectio,
1453 5525 1587 5603 licet
1637 5538 1784 5603 noova
1816 5526 1892 5603 ει

217 5599 582 5670 singularis,
617 5593 822 5655 melior
867 5598 1044 5653 videri
1098 5601 1304 5667 potest.
1341 5594 1538 5649 Daniel
1588 5593 1888 5670 enimrdi-

214 5669 464 5749 cen’dus
513 5677 605 5749 est
643 5672 850 5749 vicisse
897 5671 1114 5749 leones,
1146 5683 1260 5749 non
1294 5689 1322 5716 «
1357 5683 1641 5749 manuum
1692 5669 1887 5749 exten-

211 5743 421 5814 tione,
449 5765 479 5794 »
511 5743 681 5815 cujus
714 5741 876 5801 nulla
911 5741 979 5800 ﬁt
1019 5738 1265 5808 mentio,
1295 5761 1322 5790 (ι
1357 5738 1591 5801 incussa
1617 5736 1888 5795 leonibus

2004 4809 2342 4865 reverentia.
2373 4831 2402 4858 »

2076 4882 2186 4950 (87)
2219 4879 2559 4953 Ἀσσυρίους.
2610 4881 2958 4954 Ιιοεθηάυῐηγ
2995 4881 3209 4954 potius,
3239 4875 3544 4954 Ἐϐραίους.
3591 4882 3658 4937 Hi

2003 4954 2217 5008 etenim
2263 4951 2435 5026 pueri,
2479 4969 2610 5026 vere
2657 4951 2715 5007 iu
2765 4951 3011 5026 Assyria
3050 4969 3085 5008 a
3131 4951 3368 5009 ﬂamma
3426 4952 3656 5010 liberati

2003 5029 2172 5088 sunt;
2207 5026 2305 5077 sed
2341 5023 2561 5079 Hebraei
2593 5029 2779 5080 erant.

2215 5093 2441 5168 Μαρίαν.
2477 5095 2619 5168 Vide
2651 5095 2938 5168 monitum
2972 5113 3029 5168 nA.

2096 5097 2183 5164 88)
2215 5097 2441 5168 Μαρίαν.
2477 5097 2619 5151 Vide
2651 5097 2938 5152 monitum
2972 5113 3029 5150 n.
3061 5097 3119 5149 5.

2073 5097 2180 5237 (89)
2215 5165 2310 5218 Διά
2337 5172 2436 5235 τῆς
2463 5165 2694 5230 πίστεως
2724 5166 2836 5223 καί.
2870 5168 2962 5225 Sic
2995 5165 3157 5223 Colb.
3187 5165 3356 5222 codd.
3389 5169 3520 5222 Hac
3552 5167 3649 5222 de-

2002 5243 2140 5294 sunt
2169 5238 2226 5292 in
2258 5239 2350 5294 ed.

2071 5310 2181 5381 (90)
2214 5309 2557 5383 Κακοπαθείᾳ
2587 5309 2950 5383 ,θεραπεύεται
2988 5307 3151 5383 Θεόςᾼ.
3207 5309 3386 5380 Regg.
3431 5325 3484 5383 ᾳ,
3530 5308 3649 5375 bm,

2002 5374 2112 5455 ph,
2133 5374 2553 5455 annonaeiq._Et
2585 5374 2849 5455 Reggtia,
2885 5401 2935 5450 c,
2968 5382 3024 5455 d,
3058 5381 3185 5442 Θεὸς
3221 5374 3589 5455 θεραπεύεται.

2089 5453 2178 5522 91)
2213 5451 2420 5515 Μόθων.
2456 5453 2519 5508 In
2549 5451 2871 5516 nonnullis,
2901 5454 3108 5509 παθῶν.

2089 5458 2178 5522 91)
2213 5458 2420 5515 Μόθων.
2456 5458 2519 5508 In
2549 5458 2871 5516 nonnullis,
2901 5458 3108 5509 παθῶν.

2030 5458 2180 5647 diti?)
2200 5522 2289 5647 ἔρ
2315 5527 2432 5580 τοῦ.
2467 5525 2559 5580 Sic
2590 5525 2768 5598 Regg.
2803 5542 2852 5592 ο,
2887 5527 2944 5594 d,
2975 5526 3098 5591 bm,
3125 5523 3220 5578 Or.
3254 5522 3304 5585 1,
3335 5524 3443 5575 etc.
3471 5517 3647 5574 Deest

2200 5597 2388 5759 είξέτὸνκ
2414 5664 2774 5759 είσοικίζεὲαι.
2810 5668 2903 5723 Sic
2935 5667 3110 5739 Regg.
3144 5678 3194 5730 ο,
3229 5662 3288 5730 d,
3319 5659 3418 5733 ph,
3451 5661 3548 5718 Or.
3586 5661 3725 5759 Lm.r

1991 5737 2208 5808 _In‘ed.,
2241 5738 2427 5794 ἑαυτὸν
2459 5737 2820 5808 εὶσοικίζεται.
