4094 6212
432 377 588 438 1183
1673 377 1735 436 S.
1785 378 2092 437 GREGOR

2205 377 2594 437 THEOLOGI
3683 377 3845 437 1184

431 508 536 563 nit.
577 507 916 580 Ingeniosus
947 506 1103 562 enirn
1135 524 1200 562 ac
1233 507 1416 564 solers
1447 524 1574 564 esse
1608 509 1775 578 solet,
1803 509 2074 581 quisquis

2205 527 2352 581 (ανον
2407 507 2507 582 γὰρ
2566 507 2701 560 ἅπαν
2757 508 2816 560 τὸ
2872 505 3214 577 πιεζόμενον.
3261 506 3351 568 Τίς
3411 507 3445 574 ἡ
3482 503 3679 574 λύσις;
3716 494 3846 562 Ἐπῖ

432 598 739 670 premitur.
791 599 1066 662 Quaenam
1114 602 1306 652 autem
1353 598 1677 669 depellendi
1741 599 1876 654 mali
1933 599 2078 654 ratio

2205 597 2277 650 τὸν
2333 603 2432 664 τῆς
2507 596 2771 671 παρθένου
2843 594 3164 672 καταφεύγει
3228 595 3379 666 Θεὸν,
3439 593 3618 669 ὥσπερ
3662 594 3846 648 Σαοὺλ

431 686 546 742 fuit
567 687 593 740 ?
622 687 705 741 Ad
736 686 980 740 Justinzn
1040 685 1244 752 Deum,
1291 688 1808 757 quemadmodum,
1840 688 1974 742 Saul
2007 689 2077 743 ad

2205 685 2275 738 ἐπὶ
2307 686 2403 753 τήν
2437 685 2654 759 κινύραν
2685 687 2795 756 (94)
2841 688 2938 738 τοῦ
2972 679 3136 738 Δαεὶδ
3167 683 3255 737 καὶ
3288 683 3352 737 τα
3381 682 3698 755 κρούσματα
3735 687 3845 756 (95)

443 776 674 832 Davidis
706 776 989 830 citharam
1015 776 1339 846 fidiumque
1364 775 1568 847 pulsus
1592 778 1654 843 9°,
1681 777 1977 848 confugit:
2008 778 2078 832 ad

2205 773 2430 846 τρόσεισι
2460 779 2539 846 τῷ
2569 773 2770 844 ταύτης
2805 774 3029 844 Ποιμένι
3075 776 3186 844 (96)
3213 793 3224 804 °
3277 773 3604 846 καθαίρεται,
3656 773 3842 847 ὥσπερ

437 865 616 935 hujus
652 864 946 919 Pastorem
999 881 1060 919 se
1119 865 1377 932 confert;
1429 870 1624 936 atque,
1660 871 1723 921 ut
1753 883 1950 921 amore
1981 883 2082 938 per

2205 867 2284 917 ιοῦ
2315 862 2484 926 πόθου
2517 859 2606 916 διὰ
2634 869 2733 930 τῆς
2764 861 3010 935 πληγῆς,
3043 861 3186 916 οὓτω
3233 866 3328 915 τοῦ
3377 865 3623 934 πονηροῦ
3671 862 3842 915 πνεό-

438 958 734 1024 acceptam
788 953 1041 1024 plagam,
1097 954 1180 1008 ita
1224 953 1375 1008 malo
1428 955 1633 1024 spiritu
1683 972 1784 1027 per
1815 955 1988 1010 ﬁdem
2023 956 2081 1009 in

2205 972 2362 1011 uno:
2395 948 2482 1004 διὰ
2528 950 2628 1024 τῇς
2688 951 2762 1012 εἰς
2811 950 3039 1025 Χριστὸν
3072 949 3302 1010 πίστεως
3329 968 3340 980 °
3379 949 3717 1021 μετατίθεται
3748 951 3850 1004 τὸν

438 1043 736 1098 Christum
782 1047 1085 1113 purgatur,
1150 1059 1524 1115 amoremque
1579 1049 1921 1099 commutat.
1972 1044 2079 1099 Diu

434 1138 634 1187 tamen
693 1132 1003 1202 episcopus
1054 1131 1165 1203 ipsi
1219 1133 1393 1187 fidem
1458 1133 1774 1204 abrogavit,
1828 1149 2080 1204 eumque

436 1220 672 1292 repulit.
728 1220 1078 1276 Incredibile
1125 1222 1304 1288 enim,
1361 1239 1426 1276 ac
1477 1221 1742 1276 miraculi
1791 1222 1980 1278 simile
2028 1223 2080 1278 ei

432 1310 763 1379 videbatur,
795 1310 1146 1381 Cyprianum
1178 1309 1492 1382 aliquando
1526 1311 1678 1365 inter
1721 1310 2082 1366 Christianos

434 1399 846 1454 ascribendum
871 1415 1017 1462 esse,
1042 1399 1271 1454 etiamsi
1295 1415 1497 1454 omnes
1521 1399 1788 1454 homines
1813 1401 1882 1454 ad
1908 1401 2081 1455 fidem

432 1487 818 1559 pervenirent.
843 1489 913 1542 At
946 1504 1140 1543 revera
1162 1492 1426 1543 mutatus
1449 1493 1593 1557 erat,
1614 1493 1669 1543 et
1701 1489 2082 1560 perspicuum

435 1576 778 1632 mutationis
811 1581 1224 1646 argumentum
1259 1577 1396 1632 edit.
1427 1577 1682 1648 Magicos
1713 1578 1869 1632 enim
1901 1577 2082 1633 libros

440 1663 670 1736 publice
704 1665 994 1735 proponit,
1023 1681 1088 1719 ac
1112 1665 1181 1719 de
1214 1663 1373 1735 pravi
1401 1665 1658 1720 thesauri
1685 1665 2084 1722 imbecillitate

432 1752 802 1824 triumphum
836 1753 955 1824 agit
987 1769 1000 1808 :
1027 1754 1344 1809 amentiam
1377 1755 1677 1826 praedicat,
1698 1756 1992 1828 ingentem
2018 1774 2085 1813 ex

2191 1039 2356 1092 πόθον
2379 1059 2390 1070 ·
2454 1039 2540 1093 1πῖ
2589 1038 2732 1093 πολὺ
2766 1039 2860 1111 μὶν
2897 1037 3293 1110 ἀπιστούμενος
3323 1037 3411 1092 καὶ
3442 1037 3845 1110 ἀποπεμπόμε-

2190 1147 2301 1190 νος⁶
2363 1129 2451 1182 καὶ
2503 1129 2603 1203 γὰρ
2657 1125 2829 1182 ἐδόκει
2879 1127 2942 1181 τὸ
2993 1133 3214 1201 πρᾶγμα
3261 1131 3366 1181 τῶν
3416 1126 3652 1180 ἀπίστων
3707 1127 3845 1181 εἶναι

2190 1216 2280 1272 καὶ
2335 1217 2672 1290 θαυμασίων,
2722 1216 3024 1290 Κυπριανὸν
3079 1215 3130 1270 ἐν
3202 1222 3544 1291 Χριπιανοῖς
3601 1216 3845 1291 ἀριθμη-

2193 1307 2350 1375 θῆναί
2382 1327 2536 1376 ποτε,
2569 1305 2614 1360 εἷ’
2661 1306 2749 1360 καὶ
2799 1305 2994 1366 πάντες
3043 1306 3317 1380 ἄνθρωποι
3345 1323 3359 1340 ·
3406 1303 3744 1376 μετατίθεται
3797 1303 3849 1359 δ’

2193 1394 2308 1466 οὗν,
2366 1395 2454 1448 καὶ
2514 1397 2625 1467 (97)
2696 1390 2968 1464 ἀπόδειξις
3045 1400 3145 1462 τῆς
3218 1390 3525 1466 μεταϐολῆς
3583 1393 3842 1467 ἐναργής.

2193 1484 2486 1558 Προτίθησι
2523 1481 2763 1555 δημοσίᾳ
2789 1483 2885 1544 τὰς
2914 1483 3174 1558 γοητικὰς
3206 1477 3432 1557 βίϐλους
3461 1501 3471 1512 ·
3524 1477 3843 1558 θριαμϐεύει

2192 1577 2287 1627 τοῦ
2317 1577 2561 1644 πονηροῦ
2610 1574 2880 1646 θησαυροῦ
2927 1572 3027 1639 τήν
3077 1571 3343 1625 ἀσθένειαν
3373 1590 3385 1602 ⁸
3439 1571 3694 1643 κηρύσσει
3746 1572 3843 1638 τὴν

2194 1658 2399 1729 ἄνοιαν,
2451 1660 2706 1734 λαμπρὰν
2765 1660 2815 1731 ἐξ
2869 1660 3044 1715 αὐτῶν
3101 1658 3238 1735 αἶ’ρει
3292 1662 3392 1728 τήν
3449 1659 3648 1736 φλόγα,
3707 1681 3846 1734 πυρ-

2196 1749 2404 1822 δαπανᾷ
2453 1752 2550 1820 τὴν
2613 1751 2818 1826 μακράν
2879 1748 3110 1820 ἀπάτην,
3164 1750 3199 1817 ἢ
3263 1754 3360 1822 μιᾷ
3421 1747 3585 1825 φλογὶ
3647 1751 3845 1824 σαρκὸς

436 1841 554 1897 illis
585 1843 886 1897 ﬂammam
918 1843 1148 1908 excitat,
1181 1847 1238 1898 et
1281 1843 1620 1899 diuturnam
1671 1845 2082 1916 imposturam,

2205 1841 2293 1895 οὐκ
2337 1839 2606 1914 ἐπήμυνεν
2635 1859 2647 1872 ·
2707 1839 2989 1917 ἀφίσταται
3046 1839 3152 1893 τῶν
3201 1835 3498 1910 δαιμόνων,
3549 1838 3842 1892 οἰκειοῦται

2205 1935 2299 1949 Αοο
2388 1932 2450 1949 νη
2547 1936 2574 1946 ~
2713 1930 2724 1949 Ι
2907 1930 2918 1949 Ι
2969 1929 3035 1949 πη
3163 1927 3249 1949 nx‘,
3342 1926 3539 1949 ,’,',,,
3671 1948 3676 1949 γ
3778 1931 3829 1949 1”

437 1947 564 2002 quae
599 1947 672 1985 ne
706 1931 807 1984 uni
838 1931 1076 2001 quidem
1110 1931 1303 1986 carnis
1333 1932 1582 1986 flammae
1615 1948 1784 2004 opem
1818 1935 1966 1990 475
2002 1935 2085 1989 af-

437 2020 588 2075 ferre
618 2024 906 2090 potuerat,
943 2021 1073 2092 igne
1118 2020 1375 2074 absumit
1405 2038 1417 2075 :
1453 2039 1485 2074 a
1530 2022 1894 2077 daemonibus
1928 2039 2086 2078 sece-

439 2109 544 2174 dit,
570 2108 688 2163 Deo
712 2110 1074 2180 adjungitur.
1100 2109 1142 2164 Ο
1167 2110 1475 2164 mirificam
1501 2110 1692 2181 gratiae
1724 2113 2042 2181 potentiam
2071 2113 2083 2166 l

443 2198 552 2254 Per
581 2197 916 2269 improbum
948 2215 1203 2254 amorem
1227 2215 1292 2252 ac
1318 2199 1615 2269 spiritum,
1642 2201 1820 2254 Deum
1848 2200 2087 2268 invenit,

439 2290 496 2340 et
526 2302 690 2340 sacra
733 2286 884 2340 sacri
938 2286 1129 2358 gregis
1177 2288 1300 2341 ovis
1348 2288 1620 2358 efficitur,
1664 2294 1841 2360 atque
1889 2289 2091 2354 etiam.

441 2375 939 2446 quemadmodum
993 2392 1026 2430 a
1073 2376 1326 2446 quodam
1360 2377 1576 2448 accepi,
1611 2377 1880 2446 aedituus,
1913 2378 2092 2450 idque

447 2463 649 2518 multis
685 2479 917 2534 quoque
939 2465 1209 2535 precibus
1234 2465 1303 2519 ab
1328 2482 1393 2520 eo
1417 2466 1717 2533 adhibitis,
1744 2471 1806 2521 ut
1836 2467 1906 2522 ad
1935 2468 2090 2539 prio-

445 2552 526 2607 ris
557 2552 894 2623 arrogantim
928 2554 1333 2624 purgationem
1365 2553 1757 2610 humilitatem
1779 2562 2090 2612 exerceret.

444 2639 650 2695 Pastor
701 2640 910 2696 deinde
965 2645 1212 2709 creatur,
1249 2659 1313 2696 ac
1370 2648 1672 2715 pastorum
1731 2645 1988 2716 Optimus
2040 2651 2096 2702 et

444 2727 919 2799 probatissimus.
951 2730 1150 2801 Neque
1181 2730 1334 2786 enim
1380 2732 1818 2805 Carthaginensi
1867 2737 2092 2789 tantum

445 2815 734 2882 Ecclesiae,
770 2833 876 2872 nec
905 2818 1128 2885 Africis,
1163 2820 1233 2873 ab
1267 2835 1352 2886 eo,
1387 2825 1444 2876 et
1485 2827 1720 2893 propter
1749 2839 1883 2877 eum
1915 2823 2093 2878 etiam

446 2921 606 2960 nunc
665 2905 832 2960 clara:
890 2911 945 2962 et
1002 2907 1233 2973 celebri,
1290 2910 1621 2980 praeﬁcitur,
1655 2927 1857 2965 verum
1915 2912 2092 2966 etiam

2198 1935 2331 2001 Θεῷ.
2388 1932 2452 1984 ’Ὠ
2508 1936 2610 1998 τῆς
2653 1930 2918 2005 χάριτοςί
2969 1929 3109 1997 ’Ὁση
3160 1927 3288 1982 Θεὸν
3337 1926 3566 2001 εὑρίσκει
3619 1931 3842 2000 πονηρῷ

2196 2020 2348 2092 πόθῳ
2377 2019 2465 2073 καὶ
2517 2018 2809 2091 πνεύματι,
2854 2011 3126 2093 πρόϐατον
3175 2016 3318 2091 ἱερὸν
3369 2023 3468 2085 τῆς
3509 2018 3658 2090 ἱερᾶς
3704 2017 3840 2090 γίνε-

2196 2129 2281 2163 ται
2331 2108 2595 2180 ποίμνης,
2645 2107 2718 2168 ὡς
2763 2105 2819 2160 δὶ
2867 2106 2971 2181 ἐγώ
3012 2126 3160 2166 τινος
3209 2103 3439 2174 ἤκουσα,
3504 2105 3592 2158 καὶ
3649 2105 3844 2159 νεωκόο

2199 2218 2290 2274 ρος
2325 2200 2457 2271 (98),
2492 2195 2677 2250 πολλὰ
2707 2193 2939 2265 δεηθεὶς,
2966 2191 3058 2248 ’ίνα
3107 2192 3450 2271 φιλοσοφήσῃ
3491 2195 3554 2248 τὸ
3597 2196 3844 2248 ταπεινὸν

2200 2287 2276 2349 εἷς
2310 2288 2565 2359 κάθαρσιν
2596 2292 2696 2354 τῆς
2736 2284 2999 2359 προτέρας
3049 2282 3385 2352 ἅλαζονείας.
3433 2285 3562 2337 Εἶτα
3617 2286 3842 2354 ποιμὴν,

2199 2376 2286 2430 καὶ
2319 2374 2594 2448 ποιμένων
2629 2375 2656 2428 ὁ
2687 2371 2971 2450 κράτιστός
2993 2393 3050 2427 τε
3081 2375 3195 2445 (99)
3225 2371 3312 2426 καὶ
3346 2370 3747 2444 δοκιμώτατος.
3774 2372 3845 2428 Οὐ

2200 2466 2303 2542 γὰρ
2335 2472 2434 2534 τῆς
2466 2461 2858 2539 Καρχηδονίων
2881 2461 3264 2538 προκαθέζεται
3303 2461 3466 2533 μόνον
3500 2461 3847 2531 Ἐκκλησίας,

2201 2553 2325 2608 οὐδὲ
2354 2561 2454 2623 τῆς
2566 2552 2771 2607 ἐκείνου
2819 2552 2906 2606 καὶ
2959 2549 3027 2606 δι’
3075 2550 3276 2605 ἐκεῖνον
3318 2545 3650 2625 περιϐοήτου
3689 2550 3846 2624 μέχρι

2201 2648 2289 2696 νῦν
2324 2646 2400 2715 (1)
2433 2644 2717 2719 Ἀφρικῆς,
2752 2639 2897 2696 ἀλλὰ
2924 2641 3327 2709 καὶπάσηςτῆς
3352 2638 3625 2714 ἑσπερίου,
3660 2637 3849 2713 σχεδὸν

2204 2731 2260 2787 δὲ
2291 2733 2379 2787 καὶ
2419 2738 2518 2800 τῆς
2565 2731 2700 2802 ἑῴας
2751 2732 2828 2802 (2)
2878 2729 3065 2800 αὐτῆς,
3108 2729 3286 2782 νοτίου
3316 2730 3391 2800 (3)
3419 2749 3476 2781 τε
3503 2726 3591 2780 καὶ
3631 2727 3846 2802 βορείου

2203 2821 2433 2892 λήξεως,
2467 2819 2544 2896 ἐφ’
2577 2819 2675 2874 ὅσα
2730 2819 2936 2881 ἐκεῖνος
2985 2819 3122 2887 ἦλθε
3168 2821 3247 2889 τῷ
3291 2816 3546 2890 θαύματι.
3582 2816 3743 2873 Οὕτω
3777 2818 3851 2888 (4)

2206 2910 2506 2982 Κυπριανὸς
2539 2910 2572 2978 ἡ
2584 2906 2804 2984 μέτερος
2836 2907 3063 2982 γίνεται.

445 2993 707 3050 occiduis
737 2995 1013 3052 omnibus
1047 2997 1404 3069 regionibus,
1441 3015 1504 3054 ac
1535 3015 1711 3072 prope
1744 2999 1921 3055 etiam
1953 2999 2218 3056 orientali
2267 2999 2449 3062 omni.
2483 3004 2660 3070 atque
2702 2997 2944 3053 australi
2972 3001 3028 3052 et
3064 2994 3507 3069 septentrionali
3539 3011 3673 3063 ore,
3709 3011 3852 3066 quo-

447 3099 679 3156 cunque
710 3085 870 3140 illius
901 3086 1056 3140 fama
1086 3090 1143 3141 et
1172 3087 1480 3144 admiratio
1516 3095 1827 3162 pervagata
1855 3094 1962 3145 est.
1995 3090 2088 3146 Sic
2117 3089 2438 3162 Cyprianus
2471 3093 2668 3144 noster
2695 3087 2965 3142 efficitur.

521 3171 668 3227 XIII.
703 3172 831 3227 Haec
866 3174 1168 3246 signorum
1202 3181 1257 3230 et
1291 3177 1688 3249 prodigiorum
1721 3179 1873 3233 Deus
1906 3179 2044 3234 facit
2077 3197 2089 3234 :

2275 3178 2372 3232 II".
2432 3175 2606 3230 Ταῦτά
2663 3177 2691 3230 ὁ
2749 3179 2856 3229 τῶν
2915 3171 3154 3246 σημείων
3215 3172 3304 3226 καὶ
3341 3176 3449 3226 τῶν
3479 3174 3557 3244 (5)
3612 3173 3851 3246 τεράτων

453 3258 596 3326 haec,
628 3260 893 3331 inquam,
928 3261 1044 3332 ille,
1096 3265 1193 3333 qui
1240 3264 1584 3336 Josepbum,
1612 3266 1814 3338 iniquo
1847 3268 2092 3322 fratrum

455 3347 673 3402 scelere
702 3350 1024 3414 venditum,
1059 3352 1118 3405 in
1165 3352 1472 3424 ZEgyptum
1527 3356 1693 3409 duxit
1742 3357 1807 3425 ³ο,
1839 3360 1897 3410 et
1927 3357 1987 3410 in
2019 3357 2097 3411 fe-

447 3436 609 3490 mina
638 3437 957 3507 exploravit
1000 3440 1067 3508 3',
1101 3444 1158 3494 et
1206 3441 1482 3496 frumenti
1529 3443 1835 3514 largitione
1885 3444 2100 3499 nobili-

445 3523 612 3588 tavit,
673 3529 730 3579 et
787 3525 845 3579 in
908 3528 1271 3583 somniorum
1320 3531 1563 3585 scientia
1611 3532 1879 3600 erudivit,
1931 3541 1991 3586 ut
2040 3533 2098 3587 in

451 3616 646 3669 extera
703 3613 937 3686 regione
997 3617 1170 3672 fidem
1229 3622 1282 3672 et
1343 3619 1747 3675 auctoritatem
1789 3620 2098 3689 obtineret,

451 3706 626 3773 atque
683 3719 717 3758 a
776 3703 1076 3760 Pharaone
1125 3706 1344 3762 honore
1417 3708 1768 3776 afficeretur,
1821 3714 2102 3782 paterque

449 3791 840 3847 maximarum
890 3793 1122 3849 illarum
1177 3797 1478 3868 copiarum
1529 3797 1691 3854 fieret
1746 3800 1811 3866 ³³,
1867 3803 2104 3871 propter

459 3896 605 3952 quas
633 3882 913 3954 Egyptus
940 3885 1234 3939 cruciatur
1258 3887 1323 3948 ³2,
1355 3903 1514 3942 mare
1545 3888 1834 3943 scinditur
1861 3889 2103 3960 3‘,panis

455 3968 644 4024 instar
673 3969 904 4042 pluviae,
925 3973 1192 4029 funditur
1221 3976 1286 4041 ³³,
1309 3975 1447 4031 solis
1472 3993 1679 4032 cursus
1712 3977 2013 4032 inhibetur
2035 3979 2100 4048 ³⁸,

449 4058 742 4130 promissa
776 4065 932 4115 terra
974 4079 1075 4134 per
1125 4067 1340 4119 sortem
1396 4064 1775 4120 distribuitur
1802 4067 1865 4120 ³⁷.
1900 4067 2104 4121 Divina

452 4148 608 4202 enim
629 4149 918 4220 sapientia
937 4168 1284 4223 magnarum
1301 4169 1494 4208 rerum
1515 4155 1897 4211 fundamenta
1920 4156 2104 4211 multo

450 4240 586 4290 ante
610 4238 828 4306 jacere,
860 4257 926 4295 ac
971 4242 1266 4297 contraria
1315 4259 1415 4312 per
1466 4245 1760 4300 contraria
1793 4262 2106 4317 procurare

451 4324 629 4390 novit,
663 4332 725 4381 ut
780 4330 1063 4398 majorem
1113 4331 1204 4385 sui
1255 4332 1704 4389 admirationem
1756 4334 2104 4390 mortalibus

2205 3264 2357 3326 Θεός’
2414 3269 2603 3330 ταῦτα,
2663 3265 2690 3318 ὁ
2737 3263 2828 3317 τὸν
2887 3263 3091 3340 Ἰωσὴφ
3154 3262 3368 3337 ἀγαγὼν
3438 3261 3513 3321 εἷς
3585 3259 3857 3334 Αἴγυπτον

2212 3350 2376 3407 ὢνιον
2411 3350 2777 3429 διὰςάδελφῶν
2812 3349 3086 3426 ἐπηρείας,
3121 3350 3208 3404 καὶ
3259 3349 3308 3404 ἐν
3357 3350 3569 3425 γυναικὶ
3623 3347 3856 3420 δοκιμα-

2211 3463 2326 3514 σας,
2376 3442 2464 3495 καὶ
2516 3441 2565 3495 ἐν
2603 3438 2880 3511 σιτοδοσίᾳ
2927 3442 3002 3513 (6)
3055 3437 3300 3509 δοξάσας,
3350 3437 3441 3492 καί
3488 3438 3540 3491 ἐν
3588 3437 3855 3498 ἐνυπνίοις

2210 3531 2432 3608 σοφίσας
2481 3533 2579 3603 (7),
2631 3528 2701 3583 ⁹ίν⁹
2748 3529 2835 3583 ἰπὶ
2881 3530 3034 3599 ξὲνης
3082 3529 3478 3600 πιστευθῇ,καῖ
3521 3528 3623 3581 ὑπὸ
3655 3527 3856 3600 Φαραὼ

2207 3622 2440 3692 τιμηθῇ,
2487 3620 2576 3673 καὶ
2625 3619 2804 3692 πατὴρ
2855 3618 3079 3692 γένηται
3123 3615 3346 3671 πολλῶν
3383 3613 3662 3691 μυριάδων
3699 3614 3765 3669 δι’
3798 3616 3854 3675 ἃς

2212 3707 2488 3784 Αἴγυπτος
2581 3706 2938 3780 βασανίζεται,
3016 3705 3255 3768 Θάλασσα
3329 3704 3607 3776 τέμνεται,
3696 3706 3854 3776 ἄρτος

2215 3797 2385 3865 ὕεται,
2413 3797 2579 3866 ἥλιος
2606 3795 2840 3867 ἵσταται,
2873 3802 2941 3872 γῆ
2976 3796 3070 3864 ἑῆς
3125 3793 3448 3870 ἐπαγγελίας
3497 3791 3856 3868 κληροδοτεῖ-

2213 3908 2322 3944 ται.
2367 3886 2495 3943 Οἵδε
2525 3887 2628 3962 γὰρ
2677 3881 2956 3961 πόρῥωθεν
2996 3878 3429 3938 καταϐάλλεσθαι
3458 3887 3566 3937 τῶν
3604 3880 3858 3956 μεγάλων

2210 3975 2547 4052 πραγμάτων
2613 3978 2648 4044 ἡ
2719 3974 2880 4052 σοφία
2953 3973 3047 4036 τὰς
3108 3974 3406 4042 ὑποθὲσεις,
3459 3971 3548 4025 καὶ
3603 3969 3693 4024 διὰ
3748 3976 3855 4024 τῶν

2213 4065 2464 4121 ἐναντίων
2519 4067 2593 4137 (8)
2635 4065 2703 4118 τὰ
2743 4061 2954 4118 ἐναντία
3007 4061 3434 4134 οἰκονομεῖσθαι,
3478 4058 3572 4113 ’ἱνα
3595 4059 3687 4113 καὶ
3722 4058 3864 4131 μᾶλα

2214 4154 2308 4211 λον
2345 4153 2706 4227 θαυμάζηται.
2760 4153 3011 4228 Ἀπόχρη
3065 4153 3140 4224 (9)
3171 4151 3260 4205 καὶ
3289 4155 3454 4204 ταῦτα
3482 4154 3592 4204 τῶν
3619 4154 3719 4204 τοῦ
3750 4153 3858 4220 (10‘)

2215 4247 2524 4316 Κυπριανοῦ
2572 4240 2756 4297 καλῶν
2809 4242 2885 4304 εἷς
2940 4242 3135 4316 μέτρον
3173 4239 3442 4316 εὐφημίης
3471 4237 3862 4307 τελειωτάτης.

2214 4338 2319 4388 Νῦν
2379 4331 2437 4387 δὶ
2481 4333 2715 4387 τοσαῦτά
2769 4331 2878 4386 ἰστι
2949 4331 3018 4384 τὰ
3077 4329 3377 4402 λειπόμενα
3450 4330 3541 4382 καὶ
3612 4331 3862 4392 τοιαῦτα,

524 4441 569 4476 ²⁹
599 4441 620 4498 Ι
653 4441 800 4523 Reg.
823 4461 937 4523 xvi,
1138 4448 1184 4482 ³ο
1213 4447 1353 4523 Gen.
1387 4466 1602 4517 xxxvn,
1643 4451 1713 4505 28
1759 4466 1890 4523 sqq.
1968 4452 2011 4487 εί
2045 4451 2187 4507 Gen.
2220 4468 2412 4518 xxxxx,
2442 4452 2477 4505 7
2507 4467 2640 4523 sqq.
2716 4450 2762 4485 "
2791 4453 3094 4523 Gen._xm,
3148 4448 3216 4502 40
3262 4463 3392 4523 sqq.
3467 4446 3512 4480 ⁸³
3545 4446 3725 4502 Exod.
3759 4463 3864 4512 vn,

453 4512 520 4567 17
551 4529 684 4584 sqq.
740 4512 808 4550 ’⁸⁸
839 4516 1010 4572 Exod.
1049 4535 1164 4585 xxv,
1197 4521 1260 4574 21
1301 4537 1428 4592 sqq.
1505 4523 1552 4556 ⁸⁸
1582 4512 1757 4578 Exod.
1795 4512 1911 4590 in,
1947 4524 2012 4577 14
2042 4539 2092 4593 sc

2252 4525 2296 4559 ³⁸
2324 4512 2442 4579 Jos.
2473 4540 2528 4590 x,
2561 4512 2632 4577 12
2659 4537 2792 4594 sqq.
2867 4521 2909 4555 ³⁷
2938 4520 3060 4576 Jos.
3083 4512 3216 4586 'xm,
3254 4521 3277 4574 1
3311 4512 3478 4591 seqq.

522 4626 637 4698 (94)
665 4627 922 4712 βινύραν.
954 4654 982 4682 ‹‹
1015 4633 1333 4692 Citharam.
1366 4660 1384 4684 ο
1423 4637 1516 4693 Sic
1565 4654 1768 4696 omnes
1820 4639 1988 4694 codd.
2033 4638 2092 4693 In

2207 4635 2360 4691 Οὕτω
2418 4637 2589 4712 πρὸς,
2625 4635 2856 4708 Χριστὸν
2918 4631 3274 4712 μετατίθεται..
3326 4655 3354 4712 (ξ
3403 4632 3498 4712 Sic
3558 4634 3632 4688 ad
3689 4633 3857 4712 Chri-

450 4698 842 4772 θάέικιθάραῦο

522 4769 633 4857 (95)
666 4769 1012 4846 Κροόσματα.
1064 4776 1242 4849 Regg.
1277 4795 1329 4846 a,
1365 4779 1422 4847 d,
1455 4780 1625 4835 Coisl.
1661 4783 1712 4848 1,
1760 4781 1910 4849 Par.,
1961 4785 2096 4852 etc.,

451 4859 584 4913 κρου
594 4861 751 4910 ματα.

527 4912 640 4984 (96)
674 4913 918 4985 Ποιμένι.
956 4938 983 4967 ‹‹
1006 4920 1284 4985 Pastori,»
1323 4921 1600 4979 nimirum
1625 4945 1653 4972 «
1677 4925 1954 4981 Anthimo
1983 4927 2097 4980 An-

453 4983 732 5064 tiochense
752 4983 1033 5064 Ecclesiae
1065 4983 1358 5064 episcbpo.
1389 5017 1409 5046 ι

523 5056 630 5138 (97)
664 5055 761 5110 Καί
798 5061 964 5116 Deest
1010 5062 1068 5116 in
1098 5055 1297 5136 'Regg.
1333 5082 1384 5136 a,
1419 5066 1539 5131 bm,
1573 5065 1672 5138 ph.
1703 5066 1886 5138 Aitiin
1920 5068 2014 5124 0r.
2046 5069 2097 5138 1,

451 5124 539 5178 καὶ
572 5124 628 5193 ἡζ

521 5200 630 5270 (98)
662 5199 972 5276 Νεωκόρος.
1007 5227 1033 5254 ‹‹
1070 5204 1334 5262 Minister
1379 5207 1662 5279 templum
1715 5223 1984 5266 everrens
2032 5227 2097 5265 ac

453 5285 595 5341 repu
608 5289 799 5344 rgans.
824 5296 852 5323 ››

525 5343 1032 5434 (Θθγρῗκράῖιστός
1073 5365 1151 5434 τε,
1193 5351 1300 5434 etc.
1336 5347 1668 5434 Regg.“bm,
1702 5350 1800 5434 ph,
1833 5351 2008 5407 Coisl.
2045 5356 2096 5419 2,

456 5411 638 5490 Orsi,
677 5411 824 5490 Pari,
859 5415 888 5468 ὅ
916 5435 965 5468 τι
997 5417 1280 5490 κράτιστόν
1311 5438 1370 5490 τε
1400 5411 1491 5472 κδαῖ
1525 5411 1920 5490 δοκιμῶτατον.

631 5485 813 5574 θὶξξὲχρι
995 5485 1133 5574 Reg.
1268 5487 1430 5563 μέχρι
1463 5494 1556 5543 τοῦ
1596 5485 1709 5546 νῦν.

531 5559 602 5630 (ξ)
631 5558 819 5630 Ὲῲας.
855 5560 991 5630 Reg.
1029 5558 1146 5624 bm,
1185 5558 1278 5614 Em.

529 5627 606 5766 (3)
642 5629 856 5717 Νρτίου.
893 5627 1068 5715 Ηέβε.
1107 5633 1234 5715 bm,
1263 5632 1361 5704 ph,
1394 5633 1629 5692 νοσείου.

555 5697 585 5748 4
638 5701 810 5756 Ουτω.
856 5703 920 5758 In
969 5720 1088 5760 ima
1136 5721 1313 5763 unius
1359 5705 1516 5765 Colb.
1569 5724 1629 5766 De

555 5697 606 5766 4)
638 5697 810 5756 Οὕτω.
856 5703 920 5758 In
969 5697 1088 5760 ﬁﬁa
1136 5697 1313 5763 unius
1347 5697 1516 5765 'Colb.
1569 5707 1784 5780 pagina
1837 5708 2098 5781 legitur:

2209 4715 2365 4766 stum
2398 4704 2783 4776 transfertur;
2817 4730 2846 4759 »
2879 4704 2982 4763 seu
3027 4707 3104 4762 sit
3146 4705 3306 4761 varia
3335 4704 3526 4769 lectio,
3563 4721 3670 4761 seu
3703 4704 3858 4778 glos-

2209 4797 2640 4937 sfgilkai‘zaw.
2690 4849 2785 4908 Sio
2833 4849 3011 4921 Regg.
3063 4848 3182 4919 bm,
3233 4845 3312 4920 ph
3343 4850 3402 4903 et
3429 4846 3526 4904 Or.
3585 4848 3640 4902 1.
3693 4846 3860 4904 Deest

2207 4928 2314 4978 τῶν
2348 4925 2407 4978 in
2439 4923 2530 4978 ed.

2244 4997 2356 5080 ,(6)
2387 4989 2694 5064 Σιτοδοσίᾳ.
2726 4991 2867 5064 Reg.
2918 5008 2952 5049 ο.
2999 4994 3056 5048 et
3100 4990 3244 5061 168.,
3286 4984 3547 5060 σιτοδείᾳ,
3598 5010 3630 5040 α
3683 5006 3858 5064 penu-

2303 5110 2314 5121 ,
2351 5088 2365 5115 )

2213 5085 2357 5210 Γιῗῖ)
2389 5137 2474 5210 Ἑν
2537 5132 2798 5195 ἐνυπνίοις
2831 5130 3116 5210 Δσοφίσας.Δ
3147 5131 3394 5210 Billius__:
3421 5153 3448 5180 «
3482 5145 3587 5210 p‘er
3637 5131 3855 5210 insom-

2209 5203 2381 5265 niaf»
2412 5209 2535 5282 Non
2571 5213 2743 5282 recte.
2776 5206 2880 5282 Hic
2926 5203 3243 5282 siquidem,
3269 5204 3466 5282 agitur
3495 5203 3577 5282 de
3599 5205 3855 5282 somnio-

2210 5298 2341 5336 rum
2383 5280 2648 5346 scientia,
2680 5296 2797 5350 qua
2825 5276 3039 5350 Joseph
3089 5276 3329 5350 edoctus
3376 5281 3486 5340 est,
3522 5280 3587 5330 ut
3636 5276 3856 5330 somnia

2211 5371 2318 5409 sua
2349 5348 2717 5423 intelligeret,
2747 5356 2805 5406 et
2836 5349 3087 5423 aliorum
3114 5348 3619 5423 interpretaretur.

2281 5427 2358 5495 (8)
2391 5423 2488 5475 Διά
2531 5417 2638 5475 ἰῶν
2689 5421 2962 5495 ἐναντίων,
2995 5425 3103 5475 etc.
3140 5417 3303 5495 «Pei-
3349 5417 3718 5495 cpn_traria,_»
3746 5421 3847 5495 etc.

2209 5487 2301 5550 Sic
2331 5487 2547 5565 Josepn
2589 5510 2690 5566 per
2720 5493 3056 5549 servitutem
3090 5495 3145 5546 et
3177 5491 3561 5563 ignominiam
3611 5491 3683 5544 ad
3731 5487 3846 5559 glo-

2213 5568 2358 5621 riam
2391 5567 2671 5621 pervenit.

2282 5639 2357 5784 (9)
2391 5633 2672 5724 Ἀπόχρηι.
2704 5635 2918 5718 Gloss.,
2946 5633 3125 5764 ᾲῗκεῖ.
3392 5705 3421 5717 _
3497 5703 3510 5716 .

2307 5711 2396 5781 10)
2423 5713 2537 5763 Των
2567 5729 2710 5766 του..
2743 5709 2836 5767 Slc
2865 5711 2994 5765 C018
3021 5749 3035 5764 .
3069 5707 3122 5763 1.
3153 5704 3328 5763 Deest
3357 5723 3462 5758 των
3493 5721 3510 5760 1

2307 5704 2396 5781 10)
2423 5704 2710 5766 Τῶντὲοῧ..
2743 5709 2836 5767 Sic
2865 5704 3035 5765 Coisl.
3069 5707 3122 5763 1.
3153 5704 3328 5763 Deest
3357 5705 3462 5758 τῶν
3493 5704 3557 5761 in
3585 5704 3675 5760 ed.
