4094 6212
276 394 438 457 1185

1139 395 1434 456 ORATIO
1478 392 1791 455 XXIV.—
1818 390 1898 453 ΙΝ
1943 391 2271 455 LAUDEM
2317 395 2383 454 S.
2430 395 2833 457 CYPRIANI.

3537 402 3695 471 1188

275 528 413 583 ὥστε
443 527 609 582 εἶκαὶ
646 523 815 599 μηδὲν
861 525 1009 597 αὐτῷ
1063 530 1168 581 τῶν
1221 526 1631 601 προειρημένων
1684 526 1926 599 ὑπῆρχεν

2040 526 2267 582 excitet.
2319 527 2633 582 Sufﬁciunt
2680 528 2917 599 quidem
2971 528 3093 584 haec
3142 546 3371 602 quoque
3418 532 3693 605 Cypriani

273 618 349 680 εἷς
411 616 651 684 ἔπαινον,
703 614 937 691 ἐξαρκεῖν
993 620 1109 677 τοῖς
1153 614 1275 685 έξῆς
1323 619 1468 685 νικᾷν
1522 614 1778 676 ἃπαντας.
1813 615 1928 667 Ἵνα

270 707 373 782 γὰρ
403 705 471 760 τὰ
503 704 553 759 έν
588 703 735 777 μέσῳ
777 704 1047 776 συντέμω,
1101 705 1201 772 τήν
1255 708 1361 757 τῶν
1412 704 1718 779 χρημάτων
1768 722 1926 778 περι-

274 795 558 874 φρόνησιν,
588 795 687 862 τήν
718 797 816 848 τοῦ
844 793 1015 871 τύφου
1047 791 1365 862 κατάλυσιν,
1394 794 1494 861 τὴν
1534 796 1630 846 τοῦ
1674 792 1927 864 σώματος

272 881 646 959 παιδαγωγίαν
690 882 780 937 καὶ
828 881 1169 958 καθαρότητα
1230 885 1338 936 τῶν
1404 882 1681 957 προτέρων
1737 881 1922 955 ὁρμῶν

275 972 595 1043 ἀντίπαλον,
651 971 714 1026 τὸ
763 970 886 1046 περὶ
936 971 1036 1039 τήν
1088 969 1283 1039 ἐσθῆτα
1331 968 1630 1047 φιλόσοφον
1686 971 1819 1041 (11),
1862 967 1925 1022 τὸ

274 1063 399 1137 περὶ
428 1061 525 1123 τὰς
559 1058 812 1130 ἐντεύξεις
847 1057 1060 1133 ὑψηλόν
1091 1078 1149 1113 τε
1179 1060 1319 1131 ὁμοῦ
1367 1058 1457 1113 καὶ
1508 1055 1923 1135 φιλάνθρωπον,

275 1151 352 1213 ὡς
408 1147 521 1204 ἴσον
567 1151 683 1222 (12)
725 1148 949 1224 ἀπέχειν
1000 1145 1268 1210 εὐτελείας
1314 1148 1404 1203 καὶ
1472 1144 1777 1209 αὐθαδείας·
1826 1147 1923 1208 τὰς

276 1236 593 1314 χαμευνίας,
640 1237 737 1299 τὰς
766 1234 1086 1313 ἀγρυπνίας,
1117 1235 1178 1299 ὅς
1208 1238 1343 1310 (13),
1393 1236 1570 1291 καίτοι
1602 1240 1706 1290 τῶν
1736 1234 1924 1290 τοιού-

274 1349 382 1383 των
445 1326 724 1401 ὀψιμαθὴς
784 1324 882 1395 ὥν,
939 1326 1077 1380 κατά
1125 1324 1269 1382 πολὺ
1340 1329 1446 1379 τῶν
1504 1322 1923 1402 προειληφότων

274 1415 523 1492 ἐκράτει·
579 1416 679 1484 τῆν
728 1414 853 1487 περὶ
904 1412 1109 1489 λόγους
1158 1413 1500 1492 φιλοτιμίαν,
1561 1412 1612 1484 ἐξ
1670 1414 1744 1468 ὧν
1789 1415 1921 1482 ἦθος

275 1508 412 1560 ἅπαν
444 1501 742 1575 ἐπαίδευσε,
788 1503 879 1558 καὶ
929 1500 1220 1578 δογμάτων
1268 1500 1616 1558 ἀπαιδευσίαν
1668 1501 1919 1579 έκάθηρε,

272 1593 361 1650 καὶ
412 1591 620 1668 ἀνδρῶν
686 1591 835 1669 βίους
898 1591 1186 1665 ἐκόσμησε,
1246 1592 1336 1648 καὶ
1391 1594 1490 1661 τῆς
1545 1592 1782 1668 ἀρχικῆς
1829 1590 1919 1646 καὶ

281 1681 575 1759 βασιλικῆς
603 1679 831 1758 Τριάδος
872 1681 970 1749 τήν
1020 1680 1248 1750 θεότητα
1306 1681 1673 1753 τεμνομένην,
1720 1677 1832 1735 ἔστι
1862 1677 1920 1735 δέ

274 1773 358 1849 ὑφ’
415 1772 488 1825 ὧν
538 1771 629 1826 καὶ
688 1768 1173 1848 συναλειφομένην,
1237 1770 1312 1832 εἰς
1368 1770 1430 1824 τὸ
1482 1769 1711 1844 ἀρχαῖον
1758 1769 1916 1824 ἐπαν-

272 1864 490 1936 ἢγαγεν,
525 1860 577 1915 έν
610 1859 760 1936 ὅροις
796 1860 980 1932 μείνας
1011 1854 1263 1921 εὐσεϐοῦς
1285 1860 1529 1921 ένώσεώς
1561 1880 1617 1913 τε
1646 1858 1735 1913 καὶ
1766 1879 1919 1913 συνα-

278 1953 609 2027 ριθμῆσεως⁸
640 1948 730 2003 ἳνα
759 1953 925 2003 ταῦτα
963 1947 1170 2003 συνέλω
1229 1945 1318 2002 διὰ
1362 1949 1460 2016 τὴν
1521 1947 1801 2025 ἀμετρίαν,
1853 1952 1922 2022 τῇ

274 2044 371 2095 τοῦ
406 2038 528 2115 βίου
562 2038 853 2093 καταλύσει
887 2035 1274 2114 συγκαταλύσω
1303 2039 1395 2092 τὸν
1427 2036 1610 2113 λόγον.

1890 1908 2002 1973 έΒ

2035 614 2245 670 decora
2277 614 2349 670 ad
2382 632 2589 671 omnes
2620 617 3060 686 perfectissimae
3089 617 3451 676 laudationis
3486 637 3691 677 nume-

2036 718 2132 758 ros
2162 703 2497 776 explendos.
2532 705 2697 760 Nunc
2748 711 2943 761 autem
2977 710 3061 761 tot
3107 710 3388 779 tantaque
3436 709 3579 764 mihi
3612 710 3696 765 di-

2036 793 2223 848 cenda
2252 800 2573 865 supersunt
2595 799 2660 849 ut
2689 794 2864 849 etiam
2900 795 2947 849 si
2980 795 3127 850 nihil
3148 813 3510 868 eorum,quae
3532 799 3695 871 prius

2034 888 2493 938 commemorata
2522 889 2683 950 sunt,
2716 883 2829 955 ipsi
2862 885 2932 939 ad
2969 884 3203 941 laudem
3237 888 3694 959 suppeteret,hie

2034 973 2254 1038 tamen,
2304 988 2434 1043 quae
2483 977 2835 1044 sequuntur,
2887 990 3089 1029 omnes
3139 991 3417 1047 superare
3473 984 3689 1048 posset.

2032 1058 2203 1129 Nam,
2223 1064 2289 1114 ut
2318 1060 2513 1116 media
2541 1061 2823 1127 incidam,
2848 1063 3232 1133 pecuniarum
3266 1070 3690 1137 contemptum,

2032 1145 2220 1204 fastus
2248 1149 3043 1221 compressionem,corporis
3075 1152 3461 1210 frenationem
3494 1159 3552 1210 et
3580 1172 3688 1227 pu-

2032 1235 2264 1292 ritatem
2297 1254 2430 1293 cum
2463 1237 2755 1310 prioribus
2789 1238 3209 1310 cupiditatibus
3240 1246 3692 1314 pugnantem,in

2032 1325 2254 1381 vestitu
2289 1325 2745 1399 philosophiam,
2780 1327 2837 1381 in
2889 1330 3303 1400 congressibus
3352 1332 3695 1402 gravitatem

2030 1430 2165 1470 cum
2196 1414 2565 1473 humanitate
2595 1417 2993 1487 conjunctam,
3020 1418 3146 1488 pari
3179 1418 3482 1477 intervallo
3505 1438 3539 1475 a
3569 1420 3694 1476 vili-

2029 1507 2149 1559 tate
2180 1508 2354 1575 atque
2384 1504 2719 1577 arrogantia
2761 1510 3065 1573 remotam,
3100 1505 3483 1563 chameuniae
3529 1512 3587 1563 et
3614 1508 3695 1565 vi-

2027 1592 2443 1664 gilias,quibus
2474 1593 2814 1664 homo,licet
2833 1594 3174 1665 hujusmodi
3198 1612 3394 1651 rerum
3426 1597 3691 1654 studium

2027 1697 2156 1737 sero
2189 1682 2515 1753 ingressus,
2546 1699 2644 1739 eos
2670 1687 2885 1753 tamen,
2914 1684 3015 1755 qui
3046 1684 3267 1755 priores
3297 1684 3407 1741 hoc
3436 1686 3565 1742 vitae
3598 1703 3693 1760 ge-

2029 1788 2141 1827 nus
2173 1770 2425 1843 amplexi
2456 1773 2709 1839 fuerant,
2731 1771 2986 1827 multum
3017 1772 3300 1843 facileque
3331 1776 3483 1830 446
3511 1793 3689 1849 supe—

2030 1861 2197 1915 rabat
2214 1877 2228 1928 ;
2246 1864 2309 1915 ut
2321 1860 2496 1916 etiam
2515 1860 2789 1916 doctrinas
2805 1861 3029 1932 copiam
3048 1867 3104 1917 et
3119 1862 3444 1919 ubertatem
3459 1865 3662 1921 sileam
3677 1910 3692 1936 ,

2036 1965 2151 2021 qua
2206 1954 2264 2005 et
2321 1949 2588 2005 omnium
2648 1965 2839 2005 mores
2896 1950 3191 2019 instruxit,
3236 1955 3293 2006 et
3349 1953 3690 2025 dogmatum

2035 2038 2327 2094 inscitiam
2387 2038 2651 2106 sustulit,
2684 2043 2740 2093 et
2794 2039 3085 2093 clarorum
3142 2039 3448 2096 hominum
3508 2043 3689 2100 vitam

277 2130 595 2198 exornavit,
627 2134 684 2184 et
734 2128 1017 2201 principis
1065 2145 1132 2183 ac
1180 2128 1349 2201 regis:
1398 2128 1696 2184 Trinitatis
1752 2127 2139 2194 divinitatem,
2173 2144 2349 2197 quam
2408 2127 2675 2183 nonnulli
2733 2126 3097 2197 scindebant,
3131 2128 3397 2184 nonnulli
3456 2147 3692 2189 rursum

280 2218 723 2286 contrahebant,
756 2219 827 2273 ad
858 2223 1110 2273 veterem
1163 2222 1381 2273 statum
1414 2216 1661 2287 reduxit,
1694 2217 1800 2288 pias
1831 2216 2100 2272 videlicet
2146 2216 2383 2272 unionis
2413 2220 2469 2272 et
2498 2216 3036 2272 connumerationis
3083 2216 3300 2273 ﬁnibus
3347 2235 3476 2275 sese
3505 2222 3691 2276 conti-

280 2324 426 2363 nens
461 2323 474 2364 :
509 2311 574 2361 ut
602 2306 746 2374 haec,
777 2305 1041 2379 inquam,
1075 2305 1295 2377 omnia,
1329 2322 1400 2360 ne
1430 2307 1669 2362 modum
1704 2306 1886 2361 oratio
1916 2305 2175 2372 excedat,
2203 2305 2565 2377 contraham,
2600 2321 2717 2360 una
2748 2320 2881 2361 cum
2912 2305 3038 2360 vita
3070 2304 3258 2378 ipsius
3289 2305 3424 2377 fine,
3454 2307 3689 2364 dicendi

280 2395 456 2450 ﬁnem
491 2394 719 2450 faciam.

349 2484 447 2540 IA’.
481 2482 761 2554 Ἐμαίνιτο
820 2483 938 2537 καθ’
997 2484 1158 2555 ἡμῶν
1205 2479 1389 2544 Δέκιος
1448 2483 1582 2555 (14),
1629 2480 1719 2537 καὶ
1748 2481 1920 2543 πάσας

278 2568 423 2633 ἰδέας
482 2570 757 2627 κολάσεων
804 2568 1030 2643 ἒπενόει,
1090 2570 1180 2626 καὶ
1236 2572 1303 2626 τά
1346 2571 1439 2643 μὶν
1466 2567 1575 2640 ἤδη
1610 2577 1788 2645 παρῆν
1814 2574 1923 2624 τῶν

277 2658 490 2731 δεινῶν,
537 2660 604 2714 τά
652 2657 709 2714 δὶ
757 2656 986 2733 ἔμελλεν
1014 2678 1027 2691 ·
1072 2658 1187 2714 ἴσον
1239 2657 1296 2715 δὲ
1339 2659 1619 2735 ἀγώνισμα
1664 2665 1920 2731 ποιεῖται,

277 2749 366 2804 καὶ
424 2748 777 2824 Χριστιανοὺς
825 2749 991 2817 ἑλεῖν,
1038 2748 1126 2803 καὶ
1182 2747 1310 2811 τοὺς
1360 2750 1463 2824 ηρὸ
1493 2750 1657 2803 αὑτοῦ
1689 2745 1921 2810 διώκτας

280 2833 627 2913 ὑπερϐαλεῖν,
692 2836 902 2911 μᾶλλον
959 2835 1035 2907 δὲ,
1094 2838 1128 2907 ἢ
1187 2836 1544 2913 Χριστιανοὺς
1601 2837 1825 2908 πάντας,

282 2926 586 3002 Κυπριανόν
623 2926 785 2999 μόνον
839 2924 978 2980 ἑλεῖν
1025 2946 1086 2979 τε
1130 2925 1217 2980 καὶ
1262 2927 1725 3001 παραστήσασθαι.
1776 2928 1924 2997 Ὅσῳ

279 3016 379 3091 γὰρ
440 3009 683 3086 εὐσεϐείᾳ
737 3035 795 3069 τε
844 3014 933 3069 καὶ
991 3012 1117 3086 δόξῃ
1174 3012 1441 3092 διαφέρειν
1494 3015 1583 3069 τὸν
1618 3012 1784 3089 ἄνδρα
1814 3013 1923 3090 έγί-

282 3126 475 3176 νωσκε,
533 3104 777 3177 τοσούτῳ
833 3106 945 3178 (15)
998 3104 1088 3159 καὶ
1135 3106 1234 3173 τήν
1283 3104 1437 3175 νίκην
1486 3106 1652 3177 ἑαυῐῷ
1694 3125 1926 3181 περιφα-

282 3196 526 3270 νεστέραν
592 3195 734 3271 έώρα
788 3194 878 3249 καὶ
937 3193 1341 3271 λαμπροτέραν,
1402 3195 1447 3250 εἰ
1502 3194 1696 3250 τούτου
1724 3197 1926 3271 κρατή-

285 3302 443 3339 σειεν.
491 3282 743 3338 Ἐκείνως
805 3284 915 3356 (16)
981 3283 1073 3355 μὲν
1120 3284 1223 3358 γάρ
1256 3286 1586 3359 Χριστιανῶν
1619 3282 1783 3355 μόνον
1814 3286 1922 3355 (17)

2100 2481 2241 2537 XIV.
2277 2482 2528 2537 Furebat
2581 2481 2860 2537 adversus
2921 2498 3027 2537 nos
3086 2481 3316 2547 Decius,
3371 2482 3687 2556 omniaque

2030 2575 2456 2627 tormentorum
2506 2587 2721 2643 genera
2779 2571 3182 2643 conquirebat,
3216 2588 3281 2627 ac
3341 2572 3690 2644 gravissima

2031 2676 2273 2732 quasque
2304 2659 2592 2732 supplicia
2623 2660 2836 2731 partim
2860 2661 2986 2731 jam
3020 2660 3326 2731 inferebat,
3369 2662 3580 2734 partim
3611 2665 3694 2719 in-

2030 2751 2331 2815 tentabat;
2366 2749 2488 2820 pari
2522 2750 2697 2804 etiam
2743 2750 3112 2804 contentione
3138 2748 3198 2804 in
3242 2755 3555 2822 utrumque
3585 2751 3688 2807 ho-

2032 2854 2164 2892 rum
2197 2838 2594 2905 incumbebat,
2629 2844 2694 2892 ut
2731 2844 2789 2893 et
2819 2838 3180 2894 Christianos
3229 2838 3603 2911 opprimeret,
3636 2845 3691 2896 et

2035 2926 2257 2998 priores
2288 2944 2491 2982 omnes
2541 2933 2943 2999 persecutores
2973 2928 3315 2983 crudelitate
3364 2934 3688 3000 superaret,

2033 3015 2151 3071 imo
2167 3016 2455 3087 potius,ut
2473 3015 2560 3071 vel
2586 3015 2947 3072 Christianos
2974 3032 3199 3087 omnes,
3214 3016 3298 3072 vel
3335 3016 3687 3089 Cyprianum

2035 3122 2219 3160 unum
2242 3105 2515 3174 vinceret,
2548 3110 2724 3177 atque
2746 3106 2802 3159 in
2826 3110 3171 3177 potestatem
3197 3106 3502 3177 redigeret.
3535 3107 3682 3162 Nam

2033 3198 2252 3266 quanto
2283 3194 2449 3249 illum
2480 3194 2689 3265 pietate
2720 3200 2775 3250 et
2804 3194 2991 3266 gloria
3021 3194 3263 3266 reliquis
3288 3199 3561 3265 praestare
3594 3196 3682 3250 in-

2034 3283 2354 3356 telligebat,
2382 3287 2543 3339 tanto
2573 3300 2805 3354 quoque
2854 3283 3156 3339 clariorem
3201 3288 3259 3339 et
3308 3283 3687 3340 illustriorem

808 3341 820 3356 κ
898 3341 911 3356 ι
981 3341 991 3355 .
1134 3341 1205 3358 ..
1304 3341 1313 3359 .
1619 3341 1629 3355 .
1818 3341 1828 3355 η
1910 3341 1919 3355 .

279 3369 543 3447 ὑπάρχειν
598 3376 831 3448 κρατεῖν,
895 3370 1038 3426 οὕτω
1096 3368 1153 3426 δὲ
1208 3371 1296 3426 καὶ
1351 3370 1673 3449 φιλοσοφίας
1733 3370 1922 3448 αὐτῆς,

2036 3371 2148 3427 sibi
2179 3372 2478 3427 victoriam
2513 3373 2631 3427 fore
2664 3372 3067 3445 perspiciebat,
3105 3373 3154 3428 si
3185 3389 3320 3428 eum
3357 3373 3685 3429 devicisset.

277 3461 368 3515 καὶ
426 3458 627 3536 λόγων.
688 3459 787 3515 Καὶ
846 3460 943 3529 τὴν
1002 3458 1252 3536 γλῶσσαν
1311 3457 1580 3537 περιελεῖν
1630 3460 1922 3537 πρότορον,

280 3549 396 3604 εἶτα
447 3548 692 3625 ἀφώνους
742 3549 1035 3625 ἀπαγαγεῖν
1083 3551 1194 3624 (18)
1241 3551 1331 3604 καὶ
1381 3548 1619 3625 ἀλόγους
1664 3548 1792 3611 τοὺς
1836 3548 1924 3604 ὑπ’

279 3636 491 3709 ὶκείνης
528 3636 924 3714 έρειδομένους,
983 3638 1206 3713 ἀρίστης
1266 3641 1397 3694 εἶναι
1447 3639 1771 3716 στρατηγίας
1804 3637 1926 3693 ἐνό-

287 3731 458 3799 μιζεν·
493 3726 593 3781 ούκ
624 3724 805 3801 ὁρθὼσ
847 3727 964 3798 μὶν,
1016 3724 1141 3781 οὐδὲ
1189 3723 1418 3789 εὐσεϐῶς
1462 3733 1629 3782 ταῦτα
1678 3724 1924 3782 διανοού-

287 3834 468 3886 μενος,
528 3813 590 3869 ού
642 3815 749 3888 μὴν
799 3815 1130 3869 παντάπασιν
1178 3812 1504 3890 ἀλογίστως,
1554 3815 1689 3891 πρός
1738 3836 1798 3891 γε
1824 3817 1923 3885 τήν

284 3904 479 3957 ἑαυτοῦ
515 3903 777 3979 βούλησιν
809 3903 900 3959 καὶ
932 3902 1290 3980 ἐπιχείρησινσ
1329 3902 1493 3975 ἔδειξε
1524 3902 1580 3959 δὲ
1626 3905 1689 3959 τὸ
1747 3902 1925 3981 ἔργον.

284 3989 506 4061 Ἐπειδὴ
563 3993 667 4069 γάρ
727 3994 930 4048 ἅπασαν
992 3987 1309 4069 προσϐολήν
1358 4013 1416 4047 τε
1472 3993 1562 4048 καὶ
1611 3997 1799 4067 πεῖραν
1844 3993 1930 4047 ἀν-

284 4078 485 4157 δρικῶς
543 4102 601 4136 τε
656 4081 745 4136 καὶ
803 4081 1061 4157 γενναίως
1119 4081 1559 4155 ἀποσεισάμενος,
1619 4082 1799 4157 ὥσπερ
1844 4102 1928 4144 τις

285 4170 455 4245 πέτρα
528 4169 793 4246 παράλιος
870 4172 984 4246 (19)
1055 4172 1310 4243 κυμάτων
1378 4168 1701 4247 έπιδρομάςς
1771 4171 1929 4234 τέλος

287 4257 495 4334 έξορίαν
550 4260 637 4313 ὑπ’
686 4258 849 4313 αὑτοῦ
898 4259 1312 4334 κατακρίνεται·
1364 4258 1425 4313 ού
1472 4261 1534 4314 τὸ
1579 4262 1696 4314 καθ’
1744 4260 1928 4316 ἑαυτὸν

288 4345 522 4423 ἔστερξεν
576 4350 602 4402 ὁ
656 4346 934 4423 γεννάδας,
986 4346 1110 4403 οὐδὲ
1166 4348 1351 4424 ἠγάπα
1405 4349 1737 4423 σωζόμενος·
1808 4348 1934 4406 οὖδὶ

287 4436 579 4515 ἀσφάλειαν
627 4439 706 4509 τῷ
754 4439 965 4511 σώματι
1016 4436 1227 4510 μᾶλλον
1276 4439 1374 4505 τὴν
1415 4437 1634 4511 ἀτιμίαν
1668 4434 1933 4512 ἐνόμιζεν,

288 4526 323 4593 ἢ
381 4528 567 4601 ψυχῆς
632 4523 876 4581 κίνδυνον
935 4527 1033 4595 τὴν
1100 4524 1357 4601 ἡσυχίαν,
1410 4524 1499 4581 καί
1556 4529 1619 4582 τὸ
1674 4534 1932 4605 περιορᾷν

2036 3460 2136 3516 Illo
2190 3461 2345 3516 enim
2402 3461 2576 3516 modo
2633 3462 2876 3532 putabat
2931 3478 2993 3517 se
3049 3462 3325 3533 perficere
3382 3478 3575 3534 posse,
3628 3468 3695 3519 ut

2032 3549 2397 3606 Christianos
2425 3551 2716 3619 vinceret;
2751 3550 2858 3605 hac
2889 3556 3084 3606 autem
3131 3550 3373 3620 ratione,
3404 3557 3466 3606 ut
3497 3551 3689 3623 philo-

2034 3638 2303 3710 sophiam
2330 3656 2566 3711 quoque
2598 3640 2786 3711 ipsam
2819 3644 2875 3694 et
2904 3640 3231 3695 doctrinam
3263 3640 3686 3712 exstingueret-

2041 3727 2218 3783 Porro
2242 3727 2505 3800 linguam
2536 3729 2700 3800 prius
2732 3733 3054 3799 amputare,
3082 3734 3257 3799 atque
3287 3729 3370 3783 ita
3400 3734 3596 3784 mutos
3636 3732 3692 3783 et

2036 3815 2300 3887 elingues
2352 3833 2474 3885 eos,
2521 3819 2622 3887 qui
2671 3817 2742 3871 ab
2794 3832 2863 3871 ea
2913 3816 3326 3882 fulciebantur,
3379 3817 3688 3885 abducere,

2036 3904 2538 3978 praestantissimae
2557 3906 2863 3974 cujusdam
2885 3904 3155 3960 militaris
3172 3905 3399 3961 astutiae
3417 3922 3544 3961 esse
3562 3922 3691 3961 cen-

2037 3995 2234 4062 sebat;
2270 4010 2384 4049 non
2415 3999 2569 4049 recte
2601 3994 2836 4066 quidem
2864 3994 2959 4049 ille
2989 4010 3093 4048 nec
3126 3994 3218 4065 pie
3250 3995 3369 4049 hazc
3401 3993 3686 4066 cogitans,

2039 4101 2154 4139 non
2184 4088 2379 4139 tamen
2410 4084 2648 4138 omnino
2678 4088 2895 4139 temere
2925 4088 2980 4139 et
3019 4083 3366 4151 inconsulte,
3402 4088 3686 4155 quantum

2038 4173 2273 4245 quidem
2306 4173 2377 4228 ad
2407 4173 2596 4243 ipsius
2626 4172 2935 4227 consilium
2967 4177 3024 4228 et
3054 4177 3328 4228 conatum
3381 4172 3690 4241 attinebat,

2041 4262 2541 4334 quemadmodum
2590 4277 2681 4317 res
2711 4260 2840 4333 ipsa
2878 4262 3207 4319 declaravit.
3240 4259 3387 4317 Nam
3438 4278 3596 4328 cum,
3630 4267 3695 4317 ut

2041 4350 2319 4422 scepulus
2350 4350 2591 4420 quidam
2636 4350 3003 4406 incursantes
3050 4349 3286 4421 ﬂuctus,
3319 4350 3403 4406 sic
3443 4349 3541 4405 ille
3581 4351 3694 4405 im-

2044 4444 2215 4512 petus
2244 4456 2448 4495 omnes
2474 4445 2532 4494 et
2559 4438 2821 4495 assultus
2866 4456 3077 4511 magno
3109 4444 3464 4513 strenueque
3495 4439 3693 4494 animo

2044 4527 2467 4601 propulsasset,
2500 4544 2567 4583 ac
2617 4527 2853 4583 tandem
2887 4529 2959 4583 ab
3008 4544 3073 4583 eo
3116 4528 3175 4581 in
3227 4526 3499 4583 exsilium
3530 4532 3696 4584 actus

287 4614 417 4676 τοὺς
466 4611 669 4676 ἄλλους
714 4620 790 4686 τῷ
836 4619 1009 4688 καιρῷ
1053 4617 1162 4688 (20)
1192 4612 1621 4687 κινδυνεύοντας,
1653 4615 1752 4671 ούκ
1781 4613 1934 4680 ὅιτος

2044 4616 2687 4688 esset,haudquaquam
2725 4617 2780 4672 in
2813 4616 3038 4688 privata
3066 4615 3256 4673 salute
3286 4632 3396 4673 sua
3424 4617 3511 4672 vir
3531 4634 3699 4688 egre-

288 4706 386 4758 τοῖ’)
417 4697 921 4778 παιδοτριϐοὖντος,
972 4702 1061 4757 καὶ
1110 4703 1249 4777 πρὸς
1299 4703 1391 4758 τὸν
1434 4703 1619 4779 ἀγῶνα
1650 4704 1938 4782 θαρῥύνον-

2048 4707 2180 4779 gius
2211 4704 2639 4776 acquiescebat,
2675 4709 2775 4761 aut
2794 4705 3064 4776 praeclare
3091 4722 3289 4763 secum
3314 4706 3408 4780 agi
3430 4707 3697 4780 putabat,

285 4811 402 4852 τος.
450 4790 526 4847 Ού
574 4792 677 4867 γὰρ
730 4794 920 4867 μικρὸν
968 4790 1220 4847 δύνασθαι
1258 4793 1348 4848 καὶ
1384 4790 1550 4869 λόγον
1581 4794 1656 4857 εἷς
1688 4792 1936 4872 ἀνδρείας

2047 4795 2202 4867 quod
2235 4793 2354 4849 vita
2381 4792 2496 4865 ipsi
2522 4798 2718 4867 erepta
2748 4811 2863 4849 non
2909 4794 3138 4866 fuisset,
3170 4812 3277 4853 nec
3325 4796 3697 4853 securitatem

288 4882 606 4955 προσθήκην
663 4886 779 4941 τοῖς
838 4878 1233 4955 ἀποδυομένοις
1287 4883 1424 4957 πρὸς
1488 4883 1553 4939 τὸ
1607 4890 1707 4954 τῆς
1739 4884 1937 4961 ἀρετῆς

2047 4883 2308 4956 corporis
2339 4882 2534 4955 potius
2554 4882 2705 4939 hanc
2724 4883 3130 4955 ignominiam,
3161 4901 3339 4956 quam
3362 4885 3567 4942 animai
3594 4902 3701 4960 pe-

294 4965 529 5023 στάδιον·
2049 4972 2300 5030 riculum
2350 4972 2856 5043 interpretabatur,
2891 4972 2942 5029 si
2990 4974 3106 5029 otio
3137 4978 3193 5030 et
3241 4973 3473 5031 silentio
3502 4973 3702 5031 indul-

365 5151 475 5289 (11)
509 5146 838 5227 Φιλόσοφον.
872 5153 1042 5208 Coisl.
1078 5153 1129 5218 1,
1164 5149 1479 5230 φιλότιμον.

391 5223 476 5289 12)
508 5222 595 5283 Ὡς
620 5220 761 5279 οίσον.
798 5224 891 5278 Sic
926 5225 1044 5278 Duo
1074 5225 1248 5281 Coisl.
1286 5227 1346 5280 In
1376 5228 1491 5289 ed.,
1524 5224 1601 5286 ὡς
1624 5220 1783 5280 τίσων.

2050 5171 2175 5211 cem
2236 5153 2419 5224 Colb.,
2486 5152 2660 5209 Coisl.
2732 5155 2783 5223 1,
2845 5154 2998 5224 Par.,
3069 5159 3177 5212 etc.
3247 5155 3311 5214 In
3379 5157 3497 5223 ed.,
3560 5152 3701 5209 ἐκεῖ·

2052 5244 2162 5285 νος.

391 5220 476 5293 12)
508 5222 595 5283 Ὡς
620 5220 761 5279 οίσον.
798 5224 891 5278 Sic
926 5225 1044 5278 Duo
1074 5220 1248 5281 Coi'sl.
1286 5220 1491 5292 In'ed.,
1524 5224 1601 5286 ὡς
1624 5220 1783 5280 'iawv.
2052 5244 2162 5285 νος.

368 5291 481 5366 (13)
502 5295 617 5370 Ὣς..
644 5295 911 5370 Fortasse
932 5294 1241 5370 legendum
1264 5296 1359 5365 sit,
1382 5294 1486 5359 αῖς,
1510 5314 1719 5369 nempe
1741 5315 1946 5370 χαμευ-

2125 5298 2237 5370 (17)
2268 5291 2472 5370 Μόνον.
2508 5295 2690 5370 Ηθεεε
2720 5313 2775 5370 a,
2808 5313 2838 5353 ο
2867 5300 2925 5353 et
2953 5298 3048 5352 Or.
3082 5300 3134 5363 1,
3158 5295 3358 5369 μόνων.

295 5361 1105 5440 νίαιςκαὶίἀγρυπνίαις.Εβιτ.
1189 5437 1199 5440 _
1345 5361 1390 5440 ’μ
1503 5438 1515 5440 _
1591 5361 1668 5440 μ’
1738 5361 1833 5440 ,ηί

2060 5436 2072 5440 _
2125 5361 2236 5439 (18)
2270 5361 2772 5440 Ἀπαγαγεῖνῖᾟίό
2821 5370 2939 5424 fere
2995 5361 3198 5425 omnes
3255 5369 3421 5426 codd.
3472 5367 3533 5423 In
3582 5365 3699 5435 ed.,

370 5437 483 5512 (jfi)
514 5436 721 5512 ᾼέκιὸς.
754 5438 878 5494 Non
912 5438 1021 5492 sub
1073 5437 1397 5512 Decio,‘sed
1429 5438 1539 5493 sub
1588 5437 1946 5512 Diocletiano

2056 5436 2184 5492 έπαν
2192 5436 2434 5512 αγαγεῖνς

300 5512 359 5562 et
378 5504 741 5566 Maximiano
772 5526 983 5582 passus
1007 5512 1097 5565 est
1115 5508 1457 5581 Cyprianus,
1482 5526 1635 5565 anno
1657 5510 1780 5564 304.
1804 5509 1946 5567 Vide

300 5579 582 5663 Horitas,
619 5583 758 5663 η-,ιι-
830 5656 864 5663 _
1041 5650 1055 5663 .
1179 5650 1264 5663 ,η
1308 5649 1373 5663 ..
1442 5652 1453 5663 .
1646 5652 1674 5663 -

2127 5512 2219 5652 (19
2240 5504 2249 5512 ’
2272 5504 2568 5583 Πάράλιος.
2604 5509 2743 5583 Reg.
2773 5526 2822 5566 ο.
2857 5509 3037 5577 addit,
3070 5504 3306 5569 πολλάς.

2054 5652 2091 5663 η
2270 5584 2539 5663 Καιρῴης(
2569 5582 2855 5663 Tempore
2888 5580 3305 5663 persecutionis

295 5579 582 5648 Monitum,
619 5599 683 5652 n.
710 5579 787 5638 11f
1043 5650 1053 5652 μ
1308 5649 1317 5652 Α
1360 5650 1371 5652 _

2127 5579 2241 5652 (20)
2270 5579 2471 5651 Καιρῷ.
2510 5602 2539 5631 α
2569 5579 2855 5652 Tempore
2888 5580 3328 5652 persecutionis,
3354 5600 3382 5628 »
3414 5593 3551 5636 cum
3582 5579 3701 5638 sci-

395 5654 480 5726 15)
509 5650 795 5726 Toao_61¢p.
830 5656 966 5726 Reg.
1002 5650 1098 5723 ph.
1141 5654 1197 5707 et
1224 5649 1398 5708 Coisl.
1434 5652 1483 5726 _1,
1513 5652 1767 5726 τοσοῦτο.
1866 5724 1878 5726 _

2054 5649 2191 5709 licet
2218 5649 2277 5709 in
2309 5649 2670 5711 Christianos
2702 5649 2927 5712 saeviret
2956 5651 3293 5726 imperator.

396 5722 483 5798 16)
523 5722 796 5787 Ἐκιίνωξ.
843 5722 938 5781 Sic
983 5726 1162 5797 Regg.
1212 5740 1267 5795 ι,
1315 5739 1367 5797 c,
1419 5723 1477 5780 d.
1526 5723 1646 5794 bm,
1694 5722 1796 5798 ph,
1848 5724 1947 5781 de-
