4094 6212
256 411 416 475 1189

1116 401 1405 465 ORATIO
1447 392 1657 460 XXIV.
1692 426 1768 441 ~—
1796 394 1875 457 ΙΝ
1923 394 2244 458 LAUDEM
2294 390 2352 454 S.
2405 392 2803 456 CYPRIANI.

3509 400 3666 458 1190

259 543 508 617 μίζεται;
567 540 653 600 Ὠς
714 535 918 610 δαψιλῆ
990 534 1077 589 καὶ
1132 531 1467 611 φιλότιμονί
1530 526 1742 603 Μάρτυς
1803 526 1957 617 icti}

2056 526 2402 597 ppetendam
2439 526 2791 597 impellebat.
2822 528 3127 592 Quodnam
3160 532 3355 583 autem
3380 528 3559 600 hujus
3584 532 3666 586 rei

256 615 414 687 πᾶσιν
476 630 556 691 οἷς
610 629 932 703 προέπεμψε
982 623 1206 700 γίνεται,
1286 620 1421 697 ξίφει
1497 619 1596 687 τὴν
1664 615 1905 693 κεφαλὴν

255 719 485 795 τμηθεὶς
544 720 658 791 (32)
713 715 803 770 καὶ
874 718 993 775 ταῖς
1070 709 1309 771 πολλαῖς
1387 706 1640 783 βασάνοις
1711 704 1910 774 ταύτην

260 808 535 877 ἐπιτίθησι
582 807 681 874 τὴν
744 806 857 878 (33)
912 798 1198 877 κορωνίδα.
1261 797 1415 853 Οὕτω
1478 799 1690 870 Χριστῷ
1744 814 1912 869 προσ-

262 898 469 974 άγεται,
522 893 665 950 οὕτω
736 893 872 968 πρὸς
930 891 1157 965 Χριστὸν
1235 886 1595 960 μετατιθεται,
1655 884 1682 937 6
1739 881 1915 943 πολὺς

265 971 320 1042 ἐν
370 981 606 1055 ἀσεϐείᾳ,
653 983 742 1037 καὶ
800 979 997 1036 αλείων
1065 978 1117 1032 ὲν
1184 971 1426 1046 εὐσεϐείᾳ
1494 972 1824 1048 Κυπριανὸς,
1887 971 1915 1023 6

270 1075 435 1152 μέγας
464 1073 553 1129 καὶ
588 1070 820 1136 διώκτης
848 1069 935 1124 xui
977 1066 1323 1145 στεφανίτης,
1386 1064 1427 1152 6r
1463 1064 1561 1130 τὴν
1610 1055 1917 1152 μεταϐολὴν

266 1147 376 1240 otii
403 1167 564 1233 ἧττον
598 1158 632 1230 ἤ
664 1160 760 1227 τήν
791 1159 985 1234 ἀρετὴν
1019 1153 1334 1229 θαυμάσιος.
1367 1151 1439 1206 Οὐ
1470 1152 1569 1227 γὰρ
1602 1148 1743 1204 οὕτω
1779 1147 1918 1240 μέγα

264 1236 433 1309 τύπον
468 1251 673 1327 ἀγαφοῦ
705 1245 1087 1315 διασώσασθαι,
1115 1244 1189 1306 ὡς
1219 1243 1282 1298 τὸ
1306 1246 1701 1312 καινοτομῆσαι
1735 1236 1917 1302 θεοσέ-

267 1338 439 1397 ὅειαν.
470 1324 540 1395 T6
575 1324 667 1411 μὲν
701 1336 804 1411 γὰρ
836 1342 937 1405 τῆς
972 1333 1257 1404 συνηθείας
1288 1334 1422 1405 (34),
1478 1330 1542 1383 τὸ
1574 1327 1631 1382 δὲ
1683 1330 1781 1396 τῆς
1832 1324 1915 1380 εὖ·

268 1428 509 1491 δουλίας·
539 1427 629 1483 καὶ
659 1428 719 1481 τὸ
755 1426 849 1498 μὲν
879 1429 986 1479 τῶν
1020 1420 1255 1483 πολλοῖς
1312 1418 1685 1495 ὑπαρχόντων,
1735 1420 1831 1470 τοῦ
1863 1412 1919 1469 δὶ

272 1519 437 1594 ὀλίγα
463 1518 529 1572 τα
559 1512 977 1591 παραδείγματα

2016 615 2323 687 praemium
2356 615 2508 670 448
2540 615 2723 670 tulit?
2773 616 2954 679 Quam
2990 617 3289 688 copiosum
3323 623 3497 690 atque
3528 638 3663 691 pro-

2024 704 2263 759 fusum!
2317 704 2455 759 Post
2501 720 2599 759 eos
2649 704 2801 759 enim
2848 722 3075 776 omnes,
3109 723 3257 777 quos
3288 708 3668 781 praemiserat,

2024 793 2232 865 capitis
2263 793 2705 849 obtruncatione
2741 794 3001 866 martyrii
3025 796 3281 865 palmam
3305 797 3671 868 adipiscitur,

2026 882 2347 954 multisque
2379 882 2682 937 tormentis
2726 882 2876 937 hanc
2908 883 3241 939 coronidsm
3275 885 3544 957 imponit.
3580 888 3673 943 Sic

2025 970 2253 1024 Christo
2276 970 2627 1039 olfertur,sic
2650 972 2718 1025 ad
2744 972 3039 1027 Christum
3069 974 3283 1045 migrat
3303 974 3397 1029 ille
3424 993 3672 1048 magnus

2026 1058 2085 1113 in
2118 1058 2437 1130 impietate,
2471 1061 2658 1129 major
2688 1065 2883 1115 autem
2938 1062 2995 1116 in
3056 1063 3267 1133 pietate
3300 1064 3622 1137 Cyprianus
3657 1084 3670 1134 ;

2026 1146 2145 1216 ille,
2178 1146 2443 1217 inquam,
2470 1163 2719 1217 magnus
2750 1153 2875 1202 tum
2912 1156 3267 1219 persecutor,
3292 1158 3417 1207 tum
3452 1154 3670 1222 victor;

2028 1252 2142 1290 non
2177 1235 2369 1290 minus
2392 1236 2462 1290 ob
2494 1236 2621 1289 vita:
2654 1238 3063 1303 mutationem,
3088 1257 3263 1309 quam
3298 1242 3368 1296 ob
3404 1243 3674 1298 virtutem

2028 1325 2411 1381 admirandus
2464 1324 2662 1395 Neque
2694 1325 2849 1379 enim
2883 1331 3001 1380 tam
3037 1326 3297 1398 amplum
3330 1347 3395 1385 ac
3440 1332 3676 1402 praecla-

2030 1431 2160 1469 rum
2192 1418 2282 1468 est
2325 1413 2461 1469 boni
2498 1413 2743 1468 formam
2779 1413 3133 1469 incolumem
3179 1434 3463 1489 servasse,
3498 1436 3675 1490 quam

2030 1507 2255 1558 mutata
2289 1501 2414 1557 vitae
2451 1503 2674 1557 ratione
2717 1503 2980 1557 animum
3016 1504 3087 1559 ad
3134 1504 3365 1575 pietatis
3413 1510 3678 1564 studium

268 1590 607 1666 contulisse.
641 1590 794 1661 Illud
826 1603 982 1659 enim
1014 1598 1457 1657 consuetudinis
1495 1603 1603 1669 est,
1636 1596 1745 1653 hoc
1776 1593 1941 1668 probi
1972 1597 2030 1649 et
2060 1591 2366 1665 prudentis
2407 1590 2671 1659 consilii;
2704 1590 2848 1647 illud
2881 1592 3156 1663 frequens
3186 1611 3251 1649 ac
3284 1594 3538 1668 vulgare,
3572 1596 3681 1654 hoc

270 1698 383 1755 rari
417 1695 655 1753 omnino
686 1691 956 1764 exempli.

348 1787 439 1842 IZ'.
493 1780 649 1838 Ἀλλ’
710 1780 821 1835 οἷον
882 1776 949 1848 δὴ
1007 1779 1223 1832 κάκεῖνο
1278 1781 1385 1831 τῶν
1444 1774 1649 1829 ἐκείνου
1709 1771 1957 1844 θαυμά-]

2096 1770 2265 1826 XVII.
2298 1770 2430 1825 Jam
2464 1769 2635 1842 quale
2668 1769 2812 1826 illud
2845 1788 3075 1843 quoque
3108 1773 3296 1844 ipsius
3328 1774 3679 1834 miraculum

271 1893 417 1943 των;
468 1871 679 1947 Μικρὸν
884 1866 960 1922 ἔτι
1009 1871 1088 1938 τῷ
1136 1866 1291 1942 λόγῳ
1334 1864 1922 1941 προσκαρτερήσωμεν,

271 1962 359 2017 ’ίνα
416 1960 495 2034 τῷ
554 1959 768 2031 ἀθλητῇ
828 1957 1204 2033 χαρισώμεθα.
1264 1954 1497 2024 Τοιαύτη
1569 1954 1661 2026 μὲν
1833 1956 1925 2007 τοῦ

281 2050 473 2125 ἀνδρὸς
534 2047 806 2119 πολιτεία,
838 2050 1084 2107 τοιοῦτος
1118 2043 1175 2099 δὲ
1207 2046 1234 2098 6
1263 2052 1362 2113 τῆς
1393 2042 1677 2113 ἀθλήσεως
1703 2042 1926 2117 τρόπος.

281 2140 433 2198 Ἐπεὶ
484 2137 542 2194 δὶ
596 2136 852 2192 καταλύει
894 2136 983 2189 τὸν
1039 2135 1155 2209 βίον
1208 2133 1274 2207 (εἰ
1324 2134 1478 2206 θέμις
1537 2137 1699 2187 τοῦτο
1734 2131 1925 2186 εἰπεῖν.

283 2228 429 2285 ἀλλὰ
492 2229 568 2301 μὴ
626 2227 761 2300 πρὸς
806 2224 933 2280 Θεὸν
984 2221 1249 2297 ἐκδημίαν
1297 2223 1555 2295 ὀνομάσαι
1613 2223 1675 2276 τὸ
1728 2220 1931 2275 ἐκείνου

285 2324 530 2393 πρᾶγμα,
588 2312 625 2383 ἤ
684 2313 855 2367 πόθου
910 2310 1216 2387 πλήρωσιν,
1271 2309 1307 2379 ἤ
1382 2308 1595 2383 δεσμῶν
1660 2308 1836 2377 λύσιν,
1895 2307 1930 2377 ἧ

292 2408 490 2481 βάρους
573 2401 881 2475 διάζευξιν),
967 2399 1458 2475 Θαυματουργεῖταί
1532 2421 1582 2454 τι
1670 2398 1936 2453 κάνταῦθα

285 2497 391 2547 τῶν
450 2488 865 2567 προειληφότων
917 2485 1080 2561 ἄξιον·
1130 2488 1194 2542 τὸ
1256 2488 1349 2561 μὲν
1415 2483 1589 2561 ὄνομα
1618 2487 1761 2543 πολὺ
1794 2487 1938 2560 παρὰ

288 2589 415 2637 πᾶσι
476 2582 805 2653 Κυπριανοῦ,
862 2578 950 2632 καὶ
1008 2576 1069 2631 οὐ
1131 2582 1474 2651 Χριστιανοῖς
1553 2576 1740 2650 μόνον,
1795 2573 1940 2630 ἀλλὰ

291 2670 379 2726 xui
436 2674 553 2730 τοῖς
611 2668 709 2736 τήν
772 2665 1006 2721 ἐναντίαν
1224 2669 1360 2739 ἡμῖν
1387 2668 1740 2741 τεταγμένοις
1788 2668 1938 2738 (πᾶσι

292 2759 396 2831 γὰρ
448 2755 654 2828 ὁμοίως
702 2756 818 2825 (38)
872 2752 935 2807 τὸ
993 2752 1158 2806 καλὸν
1196 2751 1522 2827 αἷδὲσιμονγ
1576 2754 1638 2808 τὸ
1670 2758 1827 2826 σῶμα
1885 2749 1943 2806 δὶ

297 2844 491 2921 ἀφανὶς
547 2844 614 2911 ἦν
674 2844 808 2914 (39),
860 2840 951 2895 καὶ
1001 2842 1029 2896 6
1077 2842 1344 2916 θησαυρὸς
1394 2841 1540 2917 ποιρά
1586 2863 1693 2897 τινι
1740 2840 1944 2916 γυναίῳ

296 2939 403 2989 τῶν
466 2937 677 3007 θερμῶνν
738 2930 813 2992 εἰς
869 2925 1159 3001 εὐσέϐειαν,
1210 2930 1297 2984 xui
1345 2935 1506 2985 τοῦτο
1558 2930 1645 2984 ἐπὶ
1698 2929 1941 3006 μακρόν·

305 3023 404 3078 οὐκ
461 3019 562 3077 οἶδ’
636 3023 743 3095 (40)
813 3017 918 3075 εἷ’τε
972 3024 1241 3092 τιμῶντος
1295 3024 1392 3074 τοῦ
1447 3025 1577 3074 θεοῦ
1628 3022 1726 3088 τὴν
1787 3017 1946 3096 φιλὸ-

308 3124 424 3176 θεον
482 3112 615 3183 (41),
700 3110 788 3163 καὶ
866 3106 955 3162 διὰ
1010 3113 1173 3163 τοῦτο
1222 3111 1622 3185 περιεχομένην
1684 3112 1793 3181 (42)
1851 3112 1947 3162 τοῦ

315 3200 610 3275 μάρτυρος,
670 3196 773 3252 εἶίτε
828 3199 918 3253 τὸν
982 3194 1147 3261 πόθον
1207 3200 1365 3271 ἡμῶν
1440 3200 1830 3273 γυμνάζοντος,
1906 3197 1951 3252 εί

316 3292 390 3363 μὴ
452 3290 711 3366 φέροιμεν
775 3286 1154 3361 ζημιούμενοι,
1214 3287 1303 3341 καὶ
1364 3292 1472 3342 τῶν
1534 3287 1702 3362 ἁγίων
1764 3286 1953 3360 λειψά-

312 3400 419 3434 νων
448 3376 928 3452 ἀποστερούμενοι.
990 3377 1135 3432 Ἐπεὶ
1187 3375 1243 3432 δὲ
1292 3378 1389 3432 οὐκ
1437 3378 1700 3453 ἠνέσχετο
1731 3378 1793 3432 τὸ
1823 3378 1953 3431 πάν-

309 3489 418 3522 των
479 3467 669 3542 ἀγαθὸν
730 3462 862 3519 ἴδιον
925 3466 1149 3535 ποιῆσαί
1203 3488 1350 3529 τινος
1412 3469 1439 3522 6
1495 3471 1601 3522 τῶν
1665 3465 1949 3542 μαρτύρων

310 3556 458 3624 θεὸς,
516 3552 640 3609 οὐδὲ
695 3554 756 3608 τὸ
809 3553 991 3608 κοινὸν
1051 3558 1323 3626 ζημιῶσαι
1400 3560 1468 3629 τῇ
1542 3556 1675 3628 πρὸς
1741 3554 1949 3624 ἐκείνην

305 3645 514 3719 χάριτι,
570 3641 883 3715 δημοσιεόει
939 3642 1000 3697 τὸ
1060 3648 1219 3715 σῶμα
1273 3642 1341 3698 δι’
1386 3645 1802 3718 ἀποκαλύψεως,
1861 3645 1950 3698 καὶ

301 3734 502 3803 ταύτην
586 3733 788 3809 γυναίῳ
846 3731 952 3787 τινὶ
1014 3735 1125 3805 (43)
1192 3738 1298 3787 τῶν
1373 3734 1534 3803 ἀξίων
1605 3735 1706 3802 τὴν
1780 3735 1948 3806 τιμήν

298 3824 683 3893 καταθέμενοςο
758 3818 833 3873 ’ίν’
912 3820 1205 3895 ἆγιασθῶσι
1283 3821 1371 3875 καὶ
1443 3826 1712 3896 γυναῖκες,
1770 3820 1949 3895 ὥσπερ

296 3911 385 3965 τὸν
454 3910 683 3982 Χριστὸν
732 3910 823 3963 καὶ
874 3913 1123 3964 τεκοῦσαι
1182 3911 1291 3982 (44)
1340 3909 1627 3984 ⁴πρότερον,
1687 3910 1777 3963 xui
1831 3916 1951 3973 τοῖς

305 4004 571 4073 μαθηταῖς
631 3997 1021 4073 ἀπαγγείλασαι
1094 3999 1226 4071 μετά
1280 3999 1379 4066 τὴν
1437 3998 1495 4053 ἐκ
1549 4003 1748 4075 νεκρῶν
1825 4000 1949 4053 ἀνά-

303 4109 506 4157 στασιν,
568 4086 710 4140 οὕτω
768 4086 855 4141 καὶ
912 4091 1002 4141 νῦν
1061 4087 1387 4162 Κυπριανὸν,
1446 4090 1480 4157 ἡ
1551 4087 1645 4159 μὶν
1696 4084 1949 4163 παραδεί-

300 4180 449 4249 ξασα,
526 4178 561 4245 ἡ
637 4173 693 4230 δὲ
768 4173 1079 4252 παραδοῦσα
1147 4177 1209 4230 τὸ
1265 4177 1445 4231 κοινὸν
1507 4172 1724 4254 ὄφελος.
1784 4182 1951 4231 Τοῦτο

294 4269 403 4319 τῶν
466 4263 670 4318 ἐκείνου
724 4262 907 4319 καλῶν
959 4266 1019 4318 τὸ
1064 4264 1394 4320 τελευταῖον.
1442 4264 1624 4325 Οὕτως
1654 4265 1728 4327 εἰς
1783 4264 1940 4337 μέσον

298 4350 517 4427 ἔρχεται
578 4352 605 4405 6
652 4356 749 4406 τοῦ
803 4355 876 4425 μή
937 4352 1119 4417 λαθεῖν
1174 4356 1289 4428 (45)
1320 4353 1487 4425 ἄξιος,
1519 4354 1607 4408 καὶ
1640 4354 1701 4408 οὐ
1733 4375 1948 4430 συγχω-

302 4448 470 4515 ρεῖται
503 4439 868 4518 φιλοσοφῆσαι
900 4444 998 4511 τήν
1032 4444 1220 4497 ἑαυτοῦ
1251 4443 1486 4512 κλοπὴν,
1520 4441 1704 4512 ἐπειδὴ
1730 4444 1946 4499 καὶτῶν

2035 1860 2171 1916 est?
2202 1859 2411 1915 Parum
2447 1860 2601 1914 enim
2634 1859 2825 1915 adhuc
2860 1862 2915 1914 in
2956 1862 3060 1916 hac
3094 1863 3358 1919 oratione
3408 1864 3682 1921 immora-

2036 1949 2251 2014 bimur,
2287 1954 2413 2003 uta
2464 1954 2715 2020 martyre
2771 1951 3017 2021 gratiam
3076 1953 3360 2007 ineamus.
3417 1953 3546 2008 Haec
3577 1956 3689 2010 fuit

2037 2039 2226 2110 ipsius
2258 2037 2384 2092 vita:
2410 2039 2575 2104 ratio,
2600 2038 2692 2091 hic
2721 2040 3118 2095 dimicationis
3154 2041 3379 2097 modus.
3414 2042 3555 2097 Cum
3584 2061 3685 2098 au.

2039 2133 2155 2182 tem
2197 2132 2517 2181 extremum
2567 2127 2691 2180 ViiiB
2743 2129 2895 2182 diem
2948 2130 3162 2200 egisset
3210 2130 3279 2200 (si
3331 2136 3526 2187 tamen
3580 2133 3688 2188 hoc

2040 2217 2214 2271 verbo
2248 2216 2328 2270 uti
2362 2217 2447 2271 fas
2476 2221 2583 2282 est,
2619 2234 2682 2271 ac
2713 2234 2826 2271 non
2874 2218 3067 2287 potius
3102 2236 3192 2273 res
3232 2236 3318 2288 ea,
3349 2221 3433 2275 vel
3467 2221 3685 2277 disces-

2044 2322 2145 2361 sus
2178 2305 2246 2359 ad
2281 2305 2484 2373 Deum,
2522 2304 2602 2359 vel
2636 2306 2911 2361 desiderii
2961 2306 3256 2375 cumulus,
3306 2308 3392 2363 vel
3428 2310 3685 2365 vinculo-

2044 2412 2175 2449 rum
2209 2394 2442 2461 solutio,
2491 2394 2577 2449 vel
2628 2395 2821 2449 oneris
2870 2396 3137 2451 excussio
3181 2398 3525 2469 appellanda
3557 2400 3689 2471 est),

2046 2484 2140 2539 hic
2189 2501 2420 2557 quoque
2471 2484 2715 2555 dignum
2767 2484 2893 2539 vitae
2953 2485 3326 2542 sanctissime
3382 2494 3691 2545 transactis

2050 2573 2397 2629 miraculum
2438 2574 2797 2643 designatur.
2848 2574 2992 2629 Nam
3043 2592 3381 2646 quanquam
3423 2578 3695 2650 Cypriani

2051 2678 2259 2717 nomen
2295 2662 2449 2733 apud
2481 2678 2705 2731 omnes,
2732 2678 2845 2717 non
2881 2664 3051 2718 modo
3082 2665 3463 2736 Christianos,
3495 2684 3692 2722 verum

2051 2752 2223 2807 etiam
2272 2768 2391 2816 eos,
2426 2750 2525 2822 qui
2552 2751 2804 2806 adversae
2838 2751 3046 2807 classis
3077 2757 3263 2822 erant,
3298 2752 3695 2812 clarissimum

2053 2859 2119 2898 ac
2150 2840 2593 2896 celeberrimum
2627 2845 2781 2895 esset
2810 2841 3019 2911 (virtus
3043 2842 3197 2895 enim
3224 2843 3499 2899 omnibus
3531 2846 3696 2899 simi-

2054 2931 2188 2985 liter
2211 2929 2564 2984 venerationi
2597 2930 2703 2999 est)
2731 2947 2742 2983 :
2779 2946 2992 2999 corpus
3022 2937 3215 2985 tamen
3251 2931 3484 2998 latebat,
3518 2940 3695 3006 atque

2056 3020 2150 3074 hic
2194 3018 2506 3073 thesaurus
2554 3019 2707 3089 apud
2762 3019 3064 3075 mulierem
3118 3021 3430 3090 quamdam
3483 3024 3697 3093 pietate

2062 3108 2340 3163 fervidam
2404 3107 2826 3174 occultaliatur,
2897 3108 3070 3179 idque
3124 3109 3502 3180 perdiuturna
3562 3118 3704 3167 tem-

2064 3213 2237 3269 pore;
2271 3196 2389 3250 sive
2417 3196 2571 3267 quod
2603 3196 2756 3251 Deus
2795 3197 2900 3251 hac
2934 3198 3154 3253 ratione
3186 3198 3339 3269 piam
3374 3207 3703 3257 matronam

2062 3286 2280 3341 honore
2319 3285 2471 3340 afﬁci
2520 3284 2711 3350 vellet,
2761 3302 2826 3339 ac
2876 3293 3181 3357 propterea
3240 3287 3340 3343 illa
3389 3296 3705 3361 martyrem

2061 3374 2362 3446 complexu
2410 3389 2518 3429 suo
2566 3378 2820 3440 teneret;
2873 3375 2993 3430 sive
3046 3376 3220 3431 etiam
3255 3383 3319 3431 ut
3348 3378 3705 3435 desiderium

2063 3467 2327 3519 nostrum
2363 3467 2672 3527 exerceret,
2706 3479 2843 3517 num
2879 3464 3103 3519 scilicet
3140 3465 3247 3520 hoc
3278 3467 3493 3521 damno
3524 3484 3704 3539 ange-

2060 3571 2277 3623 remur,
2309 3554 2630 3623 acerbeque
2662 3553 2945 3608 ferremus
2995 3572 3099 3609 nos
3147 3558 3537 3612 sacrosanctis
3572 3559 3705 3613 reli-

2061 3643 2214 3713 quiis
2245 3640 2476 3714 privari.
2512 3646 2585 3695 At
2617 3658 2747 3697 vero
2798 3648 3179 3713 posteaquam
3230 3644 3327 3701 ille
3380 3653 3704 3717 martyrum

2060 3732 2215 3793 Deus
2262 3748 2573 3785 commune
2621 3732 2885 3785 omnium
2936 3733 3155 3786 bonum
3210 3735 3385 3788 alicui
3440 3736 3707 3804 privatim

2061 3820 2395 3889 concedere,
2428 3836 2493 3873 a3
2536 3818 2820 3889 singulari
2854 3837 2987 3890 erga
3026 3820 3183 3875 illam
3217 3822 3424 3893 gratia,
3462 3823 3711 3893 publicis

2061 3909 2386 3965 commodis
2417 3908 2836 3962 detrimentum
2870 3909 3075 3963 afferre
3117 3910 3358 3965 minime
3406 3912 3709 3979 sustinuit,

2060 4016 2163 4071 per
2194 3996 2604 4053 revelationem
2637 4014 2853 4068 corpus
2886 3998 2941 4051 in
2976 3997 3165 4053 lucem
3188 4000 3329 4068 edit,
3354 4006 3525 4071 atque
3558 4000 3713 4056 hunc

2062 4106 2267 4143 rursus
2298 4086 2577 4141 honorem
2612 4086 2805 4157 probae
2839 4085 3069 4141 cuidam
3106 4088 3333 4143 mulieri
3365 4090 3617 4153 confert;
3653 4092 3716 4144 ut

2061 4177 2335 4233 mulieres
2370 4191 2607 4246 quoque
2638 4192 2703 4230 ex
2737 4192 2803 4230 eo
2836 4176 3294 4247 sanctiﬁcentur,
3331 4178 3485 4249 quod
3519 4195 3717 4248 quem-

2060 4266 2377 4320 admodum
2412 4263 2715 4318 Christum
2750 4268 2881 4318 ante
2926 4271 3299 4336 pepererunt,
3336 4268 3718 4321 resurrectio-

2060 4355 2269 4426 nisque
2304 4352 2500 4425 ipsius
2536 4354 2809 4406 nuntium
2839 4353 3147 4424 discipulis
3179 4354 3501 4409 attulerunt
3537 4356 3603 4421 '9,
3637 4356 3718 4410 ita

2059 4460 2217 4499 nunc
2268 4442 2450 4497 etiam
2503 4439 2878 4512 Cyprianum,
2917 4441 3025 4495 hoc
3075 4449 3162 4496 est
3218 4442 3517 4512 publicum
3563 4443 3721 4498 orbis

300 4529 389 4584 ἐπὶ
418 4535 535 4591 τοῖς
568 4530 777 4602 σώμασι
810 4536 985 4604 τιμῶν
1018 4532 1277 4607 κρείσσων
1306 4534 1417 4605 (46)
1448 4530 1647 4593 ἐκεῖνος
1685 4533 1773 4587 xui
1807 4533 1945 4607 ὕψη-

2056 4534 2302 4598 bonum,
2342 4530 2523 4585 altera
2576 4529 2815 4600 quidem
2868 4529 3169 4597 indicavit,
3202 4531 3382 4587 altera
3424 4549 3556 4588 vero
3602 4537 3719 4588 tra-

303 4616 545 4691 λότερος.

373 4718 418 4752 ³³
448 4718 585 4773 Luc.
620 4735 771 4785 xx1v,
804 4719 857 4773 9.

375 4815 492 4955 (32)
519 4813 773 4884 ΤμηΟείς.
810 4816 981 4871 Coisl.
1015 4819 1069 4884 2,
1102 4816 1458 4888 ἀποτμηθείς.

378 4887 470 4953 (33
523 4887 652 4953 Τήν.
688 4886 863 4941 Deest
894 4889 951 4943 in
986 4889 1241 4955 quinque
1273 4890 1449 4955 Regg.

378 4886 492 4961 (33)
523 4886 863 4961 ΤςήνηΒρεξεῐ
894 4889 951 4943 in
986 4886 1449 4961 quinque—Begu,

380 4957 596 5037 (34).Τὸ“
624 4956 848 5037 μεν-γαρ
870 4965 978 5037 ’τῆς
1003 4956 1311 5029 συνηθείας.
1348 4956 1780 5037 «(Huiusmodi
1801 4962 1959 5017 enim

307 5028 829 5104 virtutisbabitus
870 5030 1043 5103 longa
1090 5028 1515 5089 cOnsuetudine
1561 5032 1907 5104 acquiritur,
1936 5056 1956 5083 ι

309 5099 421 5161 vel,
450 5122 476 5147 α
509 5099 564 5153 id
599 5117 911 5155 commune
956 5099 1068 5171 ewst,
1100 5122 1214 5159 non
1268 5122 1463 5159 rarum
1497 5108 1554 5159 et
1584 5099 1905 5160 insuetum;
1934 5126 1961 5154 ››

312 5173 407 5228 Sic
438 5171 673 5225 Graecus
706 5174 1015 5230 interpres.

383 5241 601 5319 (amre:
633 5240 1075 5319 παραδείγματα.
1125 5247 1219 5302 Sic
1268 5247 1446 5319 Regg.
1490 5263 1543 5313 a,
1579 5263 1629 5313 ο,
1664 5247 1722 5312 d,
1758 5246 1853 5301 bm
1908 5250 1966 5302 et

314 5313 587 5368 undecim
622 5313 777 5370 Colb.
820 5313 1008 5373 Inred.
1046 5319 1210 5372 deest
1238 5318 1323 5372 τά.

383 5386 496 5461 (36)
525 5384 752 5461 Μικρὸν.
780 5390 872 5445 Sic
903 5390 1100 5460 plures
1134 5390 1336 5461 Regg.,
1359 5387 1533 5443 Coisl.
1562 5389 1611 5455 1,
1636 5391 1729 5443 0r.
1756 5387 1808 5454 1,
1833 5388 1962 5443 Par.

314 5455 525 5531 Ined”
563 5455 789 5531 μακρόν,
825 5486 851 5511 ‹‹
888 5455 1163 5517 multum.
1193 5455 1219 5509 ἠ

386 5525 500 5615 (37)
558 5525 826 5592 Καί’τοῖς
882 5532 980 5600 τήν
1041 5530 1300 5586 ἐναντίαν.
1362 5529 1533 5586 Coisl.
1592 5530 1646 5599 2,
1702 5528 1793 5582 xui
1851 5533 1967 5591 τοῖς

318 5595 603 5658 ἐναντίοις.

415 5671 508 5747 ἓξ)
535 5669 790 5747 Ὡμοίῳς.
823 5675 1084 5747 Βθθεῑίὶη
1118 5673 1405 5747 pluribus.

416 5740 508 5818 39)
539 5740 766 5823 Ἀφανές
795 5747 883 5817 ἦν.
916 5746 1045 5805 Bill.
1073 5763 1085 5804 :
1110 5740 1139 5798 ἆ
1171 5746 1487 5803 obscurum
1518 5749 1660 5803 erat.
1691 5767 1720 5797 ››

2058 4622 2224 4678 didit.
2259 4620 2388 4675 Haec
2415 4619 2658 4673 laudum
2693 4617 2853 4674 illius
2899 4625 3198 4690 postrema
3229 4625 3336 4677 est.
3373 4621 3466 4677 Sic
3495 4622 3551 4676 in
3599 4636 3718 4676 me-

2143 4812 2396 4943 (4Ο)ἑ)ὐκ
2428 4810 2552 4870 οἶδ’.
2587 4814 2751 4869 Haud
2796 4815 2937 4870 scio.
2966 4839 2993 4865 »
3026 4815 3154 4872 Hinc
3186 4817 3401 4873 desunt
3442 4818 3500 4873 in
3543 4815 3727 4889 pluri-

2143 4907 2233 4943 )UB
2316 4903 2442 4943 δερ.

2069 4890 2233 4945 ribus
2267 4890 2442 4945 R322.

2166 4907 2233 4944 us
2268 4903 2442 5011 negg.

2286 4964 2361 5036 ‘1’:
2384 4957 2570 5011 .ὁΘεον.
2607 4957 2667 5036 in
2701 4958 3078 5036 quibusdam,
3113 4956 3494 5036 φιλόχριστον.

2166 4963 2227 5015 41
2286 4963 2570 5011 Φιλόθεον.
2607 4963 2667 5011 In
2701 4963 3078 5029 quibusdam,
3113 4963 3494 5036 φιλόχριστον.

2142 4963 2254 5101 (42)
2321 5026 2742 5105 Περιεχομένην.
2826 5030 2889 5084 In
2971 5031 3308 5103 nonnullis,
3386 5028 3723 5108 περισχομᾶ·

2070 5123 2191 5156 νην.

2103 5124 2256 5244 nam
2290 5168 2494 5245 Γυναίῳ
2521 5189 2647 5245 τινι.
2683 5173 2775 5226 Sic
2806 5174 2984 5245 Regg.
3022 5190 3073 5240 a,
3108 5191 3157 5242 c,
3191 5175 3249 5239 d,
3282 5176 3381 5230 bm
3434 5181 3491 5230 et
3539 5174 3635 5229 Or.
3670 5176 3723 5229 1.

2074 5242 2243 5301 Deest
2271 5243 2375 5296 τινί
2407 5242 2462 5295 in
2493 5242 2582 5296 ed.
2608 5246 2887 5297 Caeterum
2910 5242 3259 5301 '«TRuffinam
3291 5268 3317 5296 ››
3341 5246 3539 5300 dicunt
3578 5245 3728 5299 hanc

2074 5318 2378 5372 mulierem
2413 5319 2586 5383 atque
2616 5314 2903 5388 e_Claudii
2936 5318 3305 5388 imperatoris
3338 5331 3563 5388 genere.

2146 5390 2256 5459 (44)
2294 5390 2571 5463 Τεκςῦσαι.
2640 5386 2827 5463 Forte,
2856 5457 2865 5463 _
2895 5384 3209 5463 τρέχουσαι,
3270 5384 3377 5455 vel,
3448 5384 3723 5463 εὑροῦσαι,

2076 5483 2103 5510 ‹‹
2142 5454 2267 5528 quas
2328 5459 2547 5528 priores
2606 5456 2676 5510 ad
2737 5454 3032 5515 Christum
3091 5454 3561 5525 cucurrerunt,»
3610 5454 3722 5524 vel,

2076 5554 2105 5581 «
2139 5530 2432 5586 Christum
2467 5530 2830 5583 invenerunt.
2860 5553 2885 5578 ››

2147 5603 2259 5674 (45)
2294 5604 2558 5674 Λαθεῖνηκ
2589 5600 2769 5674 Quem
2806 5602 3047 5674 dignum
3082 5619 3193 5657 non
3229 5604 3351 5655 erat
3382 5598 3443 5653 in
3475 5598 3723 5655 obscuro

2076 5672 2274 5732 latere.
2306 5695 2333 5722 »
2356 5672 2629 5727 Mendose
2663 5672 2718 5725 in
2751 5673 2841 5727 ed.
2878 5677 3086 5735 παθεῖν.

2149 5747 2263 5821 (46)
2294 5742 2586 5824 Κρείσσων.
2621 5741 2761 5818 Reg.
2794 5760 2846 5815 ο,
2878 5745 3041 5800 addit
3074 5741 3190 5818 μέν.
