4094 6212
454 324 594 384 1191

1691 312 1756 373 S.
1805 306 2177 373 GREGOHII
2221 313 2616 376 THEOLOGI

3702 316 3830 383 1192

448 460 612 514 dium
647 452 858 525 prodit,
890 449 1042 505 449
1076 445 1176 519 qui
1206 446 1485 517 indignus
1517 448 1661 511 erat,
1694 449 1758 499 ut
1787 444 1846 498 in
1878 444 2123 499 obscuro
2154 445 2398 516 jaceret,
2430 463 2535 501 nec
2566 448 2659 503 sui
2692 446 2914 504 furtum
2945 448 3193 505 tolerare
3222 449 3455 521 sinitur,
3490 452 3831 524 quandoqui-

448 549 583 604 dem
613 543 706 600 his
737 538 1080 608 honoribus,
1111 535 1328 609 quibus
1355 551 1599 607 corpora
1628 532 1780 589 affici
1812 532 2020 600 solent,
2051 532 2177 604 ipse
2207 534 2575 605 praestantior
2604 552 2670 591 ac
2700 535 3009 593 sublimior
3038 542 3181 593 erat.

519 634 715 693 XVIII.
749 635 880 686 Haec
911 632 1073 699 sunt,
1107 644 1233 698 quas
1264 624 1511 681 dicenda
1548 623 1889 690 habuimus,
1919 626 2094 694 atque
2123 624 2178 690 Α

450 725 608 781 haud
657 722 778 778 scio
807 737 881 776 an
932 717 1102 791 plura
1139 716 1331 771 dicere
1361 730 1510 785 opus
1540 712 1637 768 sit.
1673 712 1869 783 Neque
1917 711 2097 777 enim,

453 812 684 872 etiamsi
712 809 1031 867 orationem
1065 807 1125 861 in
1157 804 1399 876 longum
1432 800 1904 874 produxerimus,
1939 800 2102 871 quid-

453 919 633 976 quam
661 906 860 957 tamen
896 898 1101 954 aﬂerre
1132 910 1443 968 queamus,
1494 892 1651 963 quod
1684 889 1844 945 illius
1875 889 2100 945 virtuti-

450 996 564 1049 bus
593 994 651 1047 et
678 985 1313 1056 existimationi,quam
1333 983 1405 1038 de
1432 997 1496 1037 eo
1528 980 1937 1051 unusquisque
1957 994 2099 1033 con-

451 1081 623 1155 cepit,
656 1079 777 1136 ulla
806 1093 874 1134 ex
904 1080 1067 1149 parte
1097 1072 1467 1145 respondeat.
1520 1071 1709 1141 Atque
1757 1068 1877 1124 haec
1923 1067 2098 1123 etiam

451 1189 519 1229 eo
551 1168 960 1237 disseruimus,
992 1168 1060 1219 ut
1088 1162 1352 1218 debitum
1404 1158 1489 1214 illi
1542 1157 1782 1214 honoris
1810 1156 2096 1213 tributum

452 1266 751 1330 utcunque
779 1253 1262 1329 persolveremus.
1297 1252 1572 1305 Vestrum
1605 1251 1695 1303 est
1721 1247 1848 1318 jam
1874 1262 1940 1302 ea
1971 1262 2099 1317 quas

451 1350 775 1422 supersunt
795 1362 830 1399 a
849 1339 1289 1411 vobismetipsis
1316 1339 1726 1410 adjungere,ut
1749 1333 2099 1391 nonnullum

452 1435 567 1508 ipsi
616 1447 849 1505 quoque
898 1426 1139 1500 martyri
1189 1442 1408 1481 munus
1457 1423 1733 1493 offeratis,
1764 1424 2097 1477 daemonum

452 1524 733 1581 nimirum
787 1516 1248 1590 oppressionem,
1283 1513 1621 1569 morborum
1669 1510 2096 1582 depulsionem,

451 1614 784 1668 futurarum
807 1622 1001 1662 rerum
1016 1601 1595 1676 praenotionem;quae
1619 1599 1856 1671 quidem
1877 1598 2094 1669 omnia,

448 1703 536 1759 vel
575 1700 689 1773 ipsi
738 1699 961 1753 cineres
1008 1691 1300 1766 Cypriani,
1349 1691 1523 1745 modo
1573 1688 1728 1745 adsit
1775 1688 1941 1755 fides,
1973 1688 2096 1743 efﬁ-

453 1793 633 1857 ciunt,
654 1784 1154 1860 quemadmodum
1180 1785 1416 1849 norunt,
1442 1778 1541 1850 qui
1562 1778 1743 1849 hujus
1765 1778 1845 1833 rei
1870 1778 2093 1849 pericu—

450 1881 573 1936 lum
607 1880 889 1941 iecerunt,
914 1891 979 1929 ac
1011 1872 1347 1927 mirandum
1372 1869 1444 1924 ad
1466 1885 1573 1924 nos
1605 1884 1791 1939 usque
1818 1865 2095 1922 transmi-

451 1973 679 2037 serunt,
728 1964 1111 2037 ejusdemque
1161 1958 1503 2015 memoriam
1564 1958 1813 2029 posteris
1865 1970 2096 2027 quoque

448 2055 723 2115 tradituri
758 2058 917 2110 sunt.
944 2052 1064 2107 Imo
1096 2064 1228 2104 vero
1256 2047 1350 2104 his
1380 2046 1606 2117 majora
1634 2046 1852 2116 offerte,
1874 2043 2097 2115 qualia-

451 2164 565 2220 que
595 2162 694 2203 eos
724 2144 928 2199 offerre
960 2157 1064 2212 par
1094 2143 1199 2205 est,
1235 2137 1335 2207 qui
1365 2152 1499 2191 eum
1564 2151 1695 2191 vere
1740 2151 1808 2190 ac
1867 2133 2091 2188 sincere

451 2235 651 2292 colunt
673 2250 687 2301 ;
711 2229 972 2303 corporis
993 2226 1216 2283 scilicet
1236 2224 1708 2291 macerationem,
1734 2223 1945 2278 animae
1968 2238 2092 2293 pro-

450 2324 835 2399 gressionem,
882 2318 1008 2374 vitii
1055 2318 1277 2389 fugam,
1326 2314 1558 2369 virtutis
1606 2313 2035 2367 incrementum
2073 2328 2086 2378 ;

448 2414 705 2487 virgines
722 2409 916 2465 carnis
939 2406 1424 2471 maciem,uxores
1445 2401 1671 2457 virtutis
1695 2402 1887 2472 potius
1913 2416 2091 2472 quam

450 2501 710 2574 corporis
759 2495 1211 2553 concinnitatem
1256 2496 1312 2547 et
1357 2492 1729 2562 elegantiam,
1759 2491 2001 2559 juvenes
2031 2487 2089 2542 in

449 2585 907 2660 comprimendis
921 2582 1099 2638 animi
1116 2578 2087 2652 perturbationibusfortitudinem,

450 2694 620 2736 senes
651 2672 961 2731 consilium
993 2676 1048 2726 et
1079 2668 1471 2741 prudentiam,
1497 2683 1763 2737 proceres
1784 2668 1841 2721 in
1875 2667 2089 2722 consti-

447 2765 683 2823 tuendis
703 2762 931 2834 legibus
953 2759 1311 2831 aaquitatem,
1326 2757 1406 2811 rei
1432 2755 1701 2811 militaris
1728 2757 1903 2811 duces
1923 2772 2090 2811 man-

449 2853 844 2917 suetudinem,
890 2848 1165 2905 doctrina:
1218 2854 1391 2917 atque
1446 2844 1793 2917 eloquentiae
1841 2845 2091 2901 studiosi

447 2953 646 3017 aptam
677 2947 735 2998 et
762 2938 967 2995 rationi
997 2940 1449 2991 consentaneam
1481 2934 1804 2990 orationem
1830 2951 1843 3001 ;
1895 2939 2091 3005 atque,

446 3041 513 3091 ut
542 3034 613 3088 de
644 3031 818 3086 rebus
851 3026 1067 3083 nostris
1114 3024 1336 3095 aliquid
1393 3024 1606 3093 dicam,
1639 3024 1969 3079 sacerdotes
2004 3042 2090 3080 re-

449 3139 583 3180 rum
614 3134 914 3176 sacrarum
946 3113 1340 3186 disciplinam,
1366 3111 1528 3183 plebs
1558 3112 1970 3182 obedientiam,
1995 3114 2093 3185 qui

2282 623 2385 677 IH'.
2420 622 2502 678 Ta‘t
2556 624 2650 695 μὲν
2699 623 2789 679 οὗν
2840 626 2966 698 παρ’
2995 627 3157 698 ἡμῶν
3188 630 3440 699 τοσαῦτα,
3472 628 3562 681 καὶ
3594 627 3694 682 οὐκ
3726 628 3825 700 οἷδ’,

2211 709 2292 763 ὅτι
2353 708 2433 765 δεῖ
2483 714 2597 785 (47)
2652 710 2882 769 πλείονα
2941 711 3146 788 λέγειν.
3203 712 3347 771 Οὐδὲ
3392 715 3512 791 γάρ,
3549 716 3594 770 εἰ
3650 718 3829 792 μακρὰν

2210 799 2589 873 ἀποτείναιμεν
2640 804 2754 874 (48)
2804 801 2995 876 λόγον,
3049 800 3294 877 εἷ’ποιμεν
3347 804 3407 859 ἂν
3455 810 3641 859 τιτῶν
3679 805 3835 879 ἐκείνῳ

2209 887 2519 962 προσόντων
2570 890 2738 962 ἄξιον,
2784 891 2873 945 καὶ
2932 892 3004 946 ὧν
3062 888 3290 955 ἕκαστος
3344 895 3469 969 περὶ
3524 899 3623 948 τοῦ
3667 893 3835 969 ἀνδρὸς

2211 975 2530 1055 ὑπείληφεν.
2582 979 2679 1033 Καὶ
2721 984 2910 1052 ταῦτα,
2961 979 3085 1036 ὅσον
3132 981 3532 1059 ἀφοσιώσασθαι
3573 984 3673 1052 τὴν
3710 983 3831 1060 ὀφει-

2213 1065 2453 1139 λομένην
2486 1066 2669 1141 ἐκείνῳ
2691 1071 2882 1143 τιμὴν,
2916 1067 3253 1144 διήλθομεν
3300 1073 3366 1127 τὰ
3413 1069 3471 1126 δὲ
3516 1072 3688 1128 λοιπὰ
3734 1075 3836 1149 παρ’

2210 1154 2361 1229 ὐμῶν
2395 1156 2569 1212 αὐτῶν
2600 1158 2949 1234 προσθετέον,
2976 1160 3069 1214 ἳνα
3104 1182 3155 1215 τι
3185 1161 3275 1215 καὶ
3319 1161 3474 1217 αὐτοὶ
3518 1166 3598 1233 τῷ
3655 1164 3832 1235 μάρτυ-

2209 1264 2260 1320 ρι
2311 1247 2726 1321 προσενέγκητε,
2777 1250 2875 1318 τὴν
2924 1253 3032 1303 τῶν
3082 1246 3354 1322 δαιμόνων
3395 1249 3835 1325 καθαίρεσιν,τὴν

2205 1337 2314 1389 τῶν
2344 1333 2511 1390 νόσων
2543 1336 2861 1407 κατάλυσιν,
2905 1339 3005 1406 τὴν
3037 1342 3133 1393 τοῦ
3167 1338 3467 1411 μέλλοντος
3496 1339 3793 1413 πρόγνωσιν
3818 1362 3829 1373 ·

2208 1421 2241 1477 ἃ
2288 1424 2458 1479 πάντα
2516 1422 2735 1480 δύναται
2791 1431 3097 1503 Κυπριανοῦ
3151 1428 3243 1481 καὶ
3299 1430 3334 1497 ἦ
3391 1427 3543 1491 κόνις
3599 1430 3733 1493 μετὰ
3753 1432 3833 1498 τῆς

2205 1510 2459 1585 πίστεως,
2519 1514 2591 1576 ὡς
2643 1511 2815 1569 ἴσασιν
2873 1516 2926 1569 οἱ
2973 1516 3385 1590 πεπειραμένοι,
3436 1516 3524 1571 καὶ
3574 1519 3638 1571 τὸ
3684 1519 3837 1588 suam

2210 1598 2406 1676 μέχρις
2437 1604 2596 1674 ἡμῶν
2648 1602 3123 1679 παραπέμψαντες,
3173 1603 3262 1659 καὶ
3308 1609 3388 1677 τῷ
3440 1604 3708 1678 μέλλοντι
3752 1627 3837 1659 πει-

2208 1686 2542 1764 ραδώσοντες
2576 1688 2785 1767 χρόνῳ.
2817 1691 3047 1749 Μᾶλλον
3082 1690 3138 1748 δὲ
3166 1694 3233 1747 τὰ
3264 1694 3434 1766 μείζω
3463 1693 3671 1748 τούτων
3721 1715 3836 1769 προ-

2207 1779 2556 1853 εισενέγκατε,
2600 1781 2690 1836 καὶ
2749 1783 2835 1836 οἷα
2877 1782 3004 1844 τοὺς
3053 1784 3256 1838 ὶκεῖνον
3304 1782 3540 1859 γνησίως
3584 1788 3837 1856 τιμῶντας

2208 1869 2374 1937 εἰκὸς,
2405 1869 2660 1942 σώματος
2691 1871 2940 1942 κένωσιν,
2967 1875 3155 1947 ψυχῆς
3187 1866 3440 1926 ἀνάϐασιν
3477 1876 3610 1946 (49),
3667 1874 3838 1934 κακίας

2127 1997 2173 2060 Β
2203 1956 2514 2035 ἀποφυγὴν,
2566 1959 2761 2033 ἀρετῆς
2809 1959 3085 2015 ἐπίδοσιν·
3133 1962 3187 2015 αἱ
3230 1960 3486 2037 παρθένοι
3544 1963 3646 2029 τὴν
3700 1963 3839 2037 ἀσαρ-

2205 2046 2322 2101 κίαν
2370 2050 2502 2121 (50),
2553 2049 2607 2103 αἱ
2653 2055 2901 2125 γυναῖκες
2940 2051 3038 2118 τὴν
3075 2049 3365 2123 εὐκοσμίαν
3400 2052 3597 2123 ἀρετῆς
3632 2050 3829 2123 μᾶλλον

2199 2136 2234 2203 ἢ
2288 2137 2543 2207 σώματος
2583 2140 2719 2211 (51),
2779 2139 2829 2193 οἱ
2881 2138 2992 2193 νέοι
3047 2141 3147 2209 τήν
3195 2140 3328 2195 κατὰ
3376 2141 3484 2194 τῶν
3540 2142 3728 2194 παθῶν
3759 2139 3839 2193 ἆν-

2202 2221 2351 2299 δρίαν
2410 2228 2543 2298 (52),
2611 2227 2663 2280 o't
2706 2222 3000 2299 πρεσϐῦται
3048 2229 3148 2297 τήν
3191 2224 3504 2300 εὐϐουλίαν,
3557 2230 3606 2282 οἱ
3664 2229 3713 2283 ὲν
3763 2226 3845 2284 δυ-

2200 2312 2417 2385 ναστείᾳ
2444 2316 2543 2384 τήν
2577 2315 2854 2389 εὐνομίαν,
2887 2317 2937 2371 οἳ
2969 2315 3020 2370 ἐν
3053 2318 3351 2393 στρατηγίᾳ
3380 2320 3494 2391 (53)
3522 2319 3622 2386 τήν
3651 2318 3841 2392 ἡμερὸ-

2199 2423 2351 2472 τητα,
2386 2404 2437 2457 οἱ
2469 2402 2520 2458 ἐν
2554 2402 2746 2479 λόγοις
2773 2406 2836 2460 τὸ
2866 2405 3094 2479 εὔλογον
3115 2425 3127 2436 ⁴
3164 2405 3300 2461 εἷ’πω
3328 2428 3380 2461 τι
3420 2405 3509 2461 καὶ
3557 2411 3671 2460 τῶν
3719 2409 3843 2479 ἠμε-

2201 2491 2392 2566 τέρων,
2439 2494 2495 2545 οἱ
2542 2494 2705 2569 ἱερεῖς
2753 2497 2851 2564 τὴν
2897 2495 3279 2571 μυσταγωγίαν
3322 2498 3457 2567 (54).
3507 2496 3559 2550 οἱ
3585 2500 3689 2550 τοῦ
3722 2495 3845 2550 λαοῦ

2201 2582 2301 2650 τὴν
2357 2581 2672 2656 εὐπείθειαν,
2731 2584 2784 2638 οἱ
2842 2583 2893 2639 ἐν
2923 2596 3101 2648 πενθει
3147 2587 3249 2654 τήν
3294 2583 3669 2659 παράκλησιν,
3718 2585 3767 2638 οἱ
3794 2584 3840 2637 ἐν

2206 2669 2469 2746 εὐημερίᾳ
2517 2673 2607 2726 τὸν
2658 2668 2848 2750 φόϐον,
2898 2675 2952 2728 οἱ
3001 2672 3256 2729 πλούσιοι
3304 2676 3403 2742 τὴν
3455 2671 3843 2745 μεταδοσιν,ο”ι

2203 2760 2431 2830 πένητες
2460 2762 2558 2829 τήν
2614 2760 2958 2837 εὐχαριστίαν
2985 2783 2996 2794 ·
3050 2762 3250 2825 πάντες
3294 2763 3394 2831 τὴν
3441 2764 3577 2817 κατὰ
3602 2767 3707 2817 τοῦ
3752 2783 3843 2815 πο-

2201 2854 2372 2924 νηροῦ
2423 2850 2511 2904 καὶ
2556 2856 2752 2926 πικροῦ
2796 2850 3025 2907 διώκτον
3074 2852 3382 2927 παρέταξιν,
3426 2850 3515 2906 ’ἵνα
3550 2854 3630 2924 μὴ
3666 2852 3842 2930 φαινό-

2206 2959 2361 3010 μενος
2400 2936 2599 3013 βάλλῃ,
2636 2942 2709 3011 μὴ
2758 2941 2949 3015 τοξεύῃ
2985 2940 3378 3016 κρυπτόμενος,
3435 2943 3511 3013 μὴ
3548 2942 3629 3003 ὡς
3660 2940 3837 2999 σκότος

2200 3026 2445 3101 πολεμῇ,
2501 3029 2574 3101 μή
2628 3029 2701 3090 ὡς
2749 3026 2985 3104 ἄγγελος
3036 3031 3213 3108 φωτὸς
3264 3030 3449 3104 παίζῃ,
3500 3030 3595 3083 καὶ
3653 3027 3851 3098 κλέπτῃ

2201 3116 2337 3191 πρὸς
2367 3116 2431 3171 τὸ
2460 3123 2559 3185 τῆς
2593 3116 2870 3181 ἀπωλείας
2904 3119 3192 3194 βάραθρον.

448 3214 511 3271 in
546 3226 792 3267 mmrore
848 3207 991 3263 estis
1046 3202 1523 3268 consolationem,
1559 3203 1656 3273 qui
1707 3202 1764 3255 in
1811 3202 2038 3257 ﬂorenti
2086 3220 2281 3261 rerum
2338 3210 2497 3262 statu
2555 3207 2846 3276 timorem,
2880 3208 3088 3264 divites
3143 3207 3541 3279 largitionem,
3575 3221 3856 3278 pauperes

450 3303 773 3376 gratiarum
806 3297 1129 3360 actionem;
1165 3309 1368 3348 omnes
1412 3291 1684 3363 denique,
1718 3292 1979 3347 muneris
2010 3295 2319 3364 cujusdam
2358 3297 2563 3366 instar,
2596 3296 3038 3353 dimicationem
3071 3298 3350 3352 adversus
3397 3312 3651 3367 pravum
3703 3296 3857 3350 illum

448 3399 507 3449 et
539 3404 756 3448 saevum
805 3386 1231 3458 persecutorem
1265 3382 1531 3446 offerant,
1567 3386 1631 3435 ut
1662 3396 1767 3435 nec
1797 3386 1992 3452 aperte
2024 3400 2129 3438 nos
2158 3384 2441 3452 vulneret,
2473 3403 2577 3441 nec
2608 3385 2831 3441 occulte
2863 3386 3095 3458 sagittis
3144 3387 3414 3457 impetat,
3447 3401 3555 3441 nec
3586 3391 3655 3440 ut
3688 3384 3861 3455 caligo

445 3479 666 3537 bellum
696 3475 929 3543 inferat,
964 3487 1070 3525 nec
1101 3475 1163 3525 ut
1193 3469 1343 3525 lucis
1375 3467 1618 3539 angelus
1650 3466 1831 3539 fallat,
1863 3469 2181 3541 furtimque
2211 3474 2281 3527 ad
2316 3474 2655 3544 sempiterni
2689 3474 2849 3529 exitii
2881 3474 3222 3529 barathrum
3256 3473 3586 3545 praecipites
3617 3479 3776 3543 agat.

519 3565 663 3623 XIX.
700 3564 883 3619 Grave
914 3577 980 3615 ac
1011 3557 1403 3631 periculosum
1436 3561 1525 3612 est
1547 3574 1649 3628 per
1695 3556 1892 3612 oculos
1945 3558 2093 3628 capi,

2282 3560 2380 3615 16'.
2417 3562 2596 3614 Δεινὸν
2640 3558 2945 3636 ὀφθαλμοῖς
2997 3558 3226 3629 ἁλῶναι,
3276 3559 3366 3613 καὶ
3396 3556 3624 3634 γλώσσῃ
3652 3558 3864 3633 τρωθῆ-

446 3674 550 3730 per
578 3655 840 3726 linguam
874 3647 1148 3714 sauciari,
1177 3662 1276 3716 per
1307 3662 1476 3702 aures
1508 3645 1899 3717 inescari,per
1928 3646 2094 3701 ebul-

444 3747 681 3803 lientem
735 3744 881 3797 iram
929 3736 1303 3803 inﬂammari,
1338 3753 1439 3807 per
1490 3740 1728 3807 gustum
1760 3735 1949 3806 dejici,
1998 3754 2096 3808 per

444 3840 667 3892 tactum
698 3829 968 3895 emolliri,
992 3832 1171 3898 atque
1202 3842 1366 3880 arma
1389 3824 1597 3879 salutis
1623 3824 1684 3879 in
1708 3825 1913 3879 mortis
1935 3842 2100 3879 arma

445 3927 818 3987 convertere;
879 3916 1033 3974 450
1082 3931 1213 3969 cum
1267 3918 1531 3984 oporteat
1576 3918 1834 3980 econtra,
1868 3918 1933 3967 ut
1965 3913 2097 3967 fidei

447 4013 650 4084 clypeo
682 4005 1029 4063 communiti
1056 4005 1120 4069 ‘0,
1161 4004 1439 4058 adversus
1490 4001 1701 4055 diaboli
1760 4001 2009 4057 astutias
2039 4002 2098 4056 in

447 4100 749 4173 procinctu
784 4103 1030 4161 stemus,
1064 4091 1485 4161 victoriamque
1511 4106 1641 4145 cum
1675 4089 1903 4145 Christo
1936 4107 2099 4145 asse-

450 4190 590 4255 cuti,
623 4193 681 4243 et
711 4186 837 4259 pari
869 4201 935 4239 ac
968 4187 1251 4253 martyres
1281 4180 1598 4235 certamine
1632 4179 1944 4250 perfuncti,
1978 4197 2099 4234 ma-

449 4293 627 4351 gnam
674 4275 835 4331 illam
878 4288 1078 4328 vocem
1133 4269 1444 4325 audiamus
1488 4284 1499 4321 :
1555 4267 1779 4335 Venite,
1816 4268 2099 4323 benedicti

447 4367 640 4423 Patris
690 4364 825 4432 mei,
857 4379 1104 4434 regnum
1153 4358 1319 4415 vobis
1365 4357 1723 4429 promissum
1765 4358 2101 4414 haereditate

450 4455 731 4529 percipite
750 4455 882 4521 “,in
915 4468 1030 4523 quo
1061 4448 1385 4505 laetantium
1418 4446 1683 4502 omnium
1711 4447 2102 4519 choreamque

448 4545 872 4616 sempiternam
905 4539 1206 4613 agentium
1238 4535 1521 4592 habitatio
1553 4541 1642 4592 est
1664 4536 1707 4570 ⁴²
1741 4553 1754 4591 :
1789 4536 1848 4591 in
1871 4552 1985 4607 quo
2008 4554 2100 4593 so-

519 4742 565 4778 ‘°
592 4739 807 4812 Ephes.
837 4754 916 4806 v1,
950 4737 1035 4792 16.
1111 4735 1155 4771 ‘1
1190 4732 1389 4791 Matth.
1422 4749 1554 4805 xxv,
1587 4732 1676 4788 34.

522 4939 637 5009 (47)
670 4940 776 4991 Δεῖ.
808 4935 982 5009 Deest
1006 4935 1064 4990 in
1097 4937 1236 5009 Reg.
1269 4949 1321 4988 a.

530 4999 636 5070 ’48)
669 5006 1099 5079 Ἀποτείναιμεν.
1135 4999 1210 5060 Inv
1234 5000 1557 5067 nonnullis,
1589 4999 1989 5073 ἀποτείνοιμεν.

523 5011 637 5153 (49)
682 5075 993 5135 Ἀνάϐασιν.
1064 5078 1202 5153 Reg.
1272 5076 1556 5153 Cyp_r:___et
1612 5075 1712 5147 ph,
1778 5067 1986 5153 ἀναϐίω

550 5067 637 5153 49)
682 5067 993 5135 Ἀνάϐασινξ
1064 5078 1202 5153 Reg.
1272 5076 1556 5153 Cyp_r:___et
1612 5075 1712 5147 ph,
1778 5067 2100 5153 ἀναϐίωσιν,

464 5177 485 5205 α
521 5143 729 5209 animae
785 5143 1293 5209 resurrectionem.
1316 5143 1587 5201 {x'Billius

455 5226 809 5282 censionem.
834 5247 860 5273 »

527 5298 638 5368 (50)
668 5296 775 5363 Τὴν
836 5291 1113 5365 ἀσαρκίαν.
1144 5312 1179 5368 ἀ
1223 5287 1435 5368 Carnis
1486 5284 1757 5367 maciem,
1802 5308 1829 5334 ››
1880 5288 1937 5341 id
1996 5294 2106 5357 est,

459 5389 489 5418 ι(
521 5356 844 5440 angelicam
875 5356 1006 5422 vitae
1050 5363 1354 5425 rationem,
1388 5363 1443 5412 et
1472 5356 1665 5410 carnis
1711 5373 1857 5428 pene
1904 5356 2104 5430 experé

455 5445 649 5580 tergi);
674 5508 960 5580 Σώματος.
994 5506 1135 5580 Beg.
1170 5504 1227 5568 d,
1256 5501 1353 5580 τοῦ
1386 5495 1660 5580 σώματος.

675 5562 941 5657 Ἀνδριανζ
993 5562 1171 5650 Ριεξε.
1214 5562 1281 5627 ὀ.
1340 5562 1481 5638 bm,‘
1514 5568 1590 5640 ph
1650 5572 1706 5625 et
1761 5568 1857 5627 Or.
1917 5572 1970 5643 1,
2008 5570 2106 5625 ἆν-

1635 5162 1708 5200 :«
1760 5146 1968 5199 animae
2018 5163 2110 5203 as-

2204 3668 2311 3715 ναι,
2343 3650 2432 3702 καὶ
2486 3648 2623 3723 ἂκοῇ
2670 3647 3045 3718 δελεασθῆναι,
3100 3648 3189 3703 καὶ
3243 3645 3332 3702 διὰ
3380 3650 3561 3719 Θυμοῦ
3618 3648 3864 3715 ζὲσαντος

2207 3735 2609 3812 ἐμπρησθῆναι»
2658 3738 2746 3792 καὶ
2788 3736 2967 3812 γεύσει
3020 3740 3431 3812 κατενεχθῆναι,
3464 3737 3558 3789 καὶ
3597 3737 3714 3813 ἀφῇ
3772 3755 3863 3805 μα’

2208 3822 2549 3898 λακισοῆναι,
2607 3827 2696 3881 καὶ
2745 3831 2862 3888 τοῖς
2922 3824 3118 3880 ὅπλοις
3174 3832 3275 3894 τῆς
3324 3824 3627 3896 σωτηρίας,
3679 3822 3869 3881 ὅπλοις

2207 3914 2433 3967 Θανάτου
2464 3917 2767 3989 χρήσασθαι
2792 3934 2804 3947 '
2843 3912 2959 3969 δέον
2991 3919 3070 3986 τῷ
3118 3917 3292 3987 θυρεῷ
3337 3911 3730 3989 φραξαμένους
3778 3916 3867 3976 τῆς

2208 4004 2459 4072 πίστεως,
2518 4010 2709 4072 στῆναι
2764 4004 2900 4079 πρὸς
2956 4003 3051 4064 τὰς
3111 3999 3394 4076 μεθοδείας
3436 4006 3534 4055 τοῦ
3568 4004 3868 4071 Πονηροῦ·

2207 4093 2297 4146 καὶ
2331 4092 2464 4165 μετὰ
2515 4096 2749 4164 Χριστοῦ
2803 4094 3149 4163 νικήσαντας,
3211 4090 3300 4145 καὶ
3348 4092 3482 4163 μετὰ
3513 4094 3631 4143 τῶν
3670 4087 3871 4163 μαρτύ-

2211 4183 2456 4254 ρων
2508 4180 2868 4251 ἀθλήσαντας,
2917 4183 3014 4249 τῆς
3071 4179 3315 4255 μεγάλης
3371 4179 3593 4247 ἐκείνης
3660 4178 3876 4232 ἀκοῦσαι

2212 4275 2395 4346 φωνῆς
2421 4288 2432 4299 ’
2471 4273 2651 4341 Δεῦτε,
2685 4270 2737 4323 οἳ
2769 4268 3129 4345 εὐλογημένοι
3157 4272 3253 4323 τοῦ
3285 4267 3497 4341 Πατρός
3546 4288 3691 4339 μου,
3744 4265 3877 4332 κλη-

2212 4360 2555 4433 ρονομήσατε
2591 4359 2688 4426 τὴν
2748 4356 3164 4434 ἐπηγγελμένην
3376 4356 3503 4427 ὑμῖν
3568 4352 3878 4430 βασιλείαν,

2212 4444 2337 4501 ἔνσα
2367 4446 2808 4525 εὐφραινομένων
2843 4449 3052 4502 πάντων
3091 4449 3127 4517 ἡ
3156 4444 3424 4514 κατοικία,
3454 4444 3548 4498 καὶ
3608 4442 3880 4519 χορευόν-

2211 4557 2318 4590 των
2365 4535 2586 4612 χορείαν
2637 4538 2736 4605 τήν
2790 4534 3122 4591 ἆκατάλυτον
3152 4555 3164 4567 ·
3216 4534 3337 4589 ἔνθα
3391 4536 3534 4607 ἦχος
3593 4532 3878 4610 ἑορταζόν·

1752 4732 1798 4767 ’⁸³
1831 4732 1985 4788 Psal.
2019 4750 2244 4803 LXXXVI,
2277 4735 2331 4789 7.

2290 4931 2403 5013 (53)
2436 4928 2498 4982 Οἱ
2546 4926 2623 5013 ᾖν-
2652 4930 2969 5013 στρατηγίᾳ.
3023 4932 3286 5013 Regg.'a,
3307 4947 3367 5013 ξ,
3387 4928 3683 5013 detnph,
3730 4938 3880 5013 erasa

2219 4999 2404 5077 priori
2450 4999 2759 5077 scriptura,
2803 4999 3476 5077 οῖ’ἐνῌστρᾶιῖείᾳζοοίει.
3503 4999 3588 5077 -.2⁷
3628 5005 3691 5054 et
3743 4999 3875 5057 Pan.

2219 5071 2458 5158 στρατίᾳ.
2485 5096 2512 5123 ‹‹
2548 5073 2853 5158 Homines.
2884 5071 3189 5141 militares,
3234 5071 3283 5158 ᾧ).
3310 5078 3439 5158 tum
3486 5071 3871 5158 dqc‘esmtum

2218 5142 2457 5208 milites,
2488 5145 2701 5215 quibus
2733 5146 2950 5217 pariter
2979 5145 3447 5202 commendanda
3474 5147 3578 5197 est
3612 5142 3844 5198 lenitas.

2287 5218 2398 5275 (54)
2439 5215 2850 5275 Μυσταγωγίαν.
2900 5218 3129 5275 Nicetas
3187 5215 3441 5275 exnonit.
3493 5209 3851 5275 δικαιοσύνην

2287 5218 2398 5288 (54)
2439 5218 2850 5297 1ξλίυσταιγωγίοιν.
2900 5218 3129 5275 Nicetas
3187 5218 3441 5289 exponit,
3493 5218 3868 5278 δικαιοσύνην,

2219 5289 2709 5379 “testula?-
2799 5364 2825 5374 -
3078 5358 3090 5379 ,
3285 5357 3389 5379 ,νη
3441 5372 3453 5379 _

2270 5355 2399 5430 ’(55)
2434 5355 2529 5411 Καί
2581 5358 2713 5429 μετὰ
2760 5364 2867 5413 τῶν
2923 5358 3233 5434 μαρτύρων.
3285 5357 3517 5413 ΒῘΙΙ.;((
3583 5355 3868 5423 simulque

2215 5448 2349 5512 cum
2382 5430 3078 5512 martyribuscolluetati.
3112 5435 3283 5488 Deest
3330 5432 3435 5483 τῶν
3485 5428 3562 5483 in
3619 5427 3863 5499 pluribus

2215 5503 2393 5627 Regg.
2428 5507 2485 5557 et
2522 5502 2582 5556 in
2614 5502 2707 5557 Or.
2745 5504 2796 5559 1.

2283 5574 2340 5647 (.5
2380 5574 2396 5645 )
2437 5569 2903 5647 Ἐπηγγιλμένῃν.
2955 5573 3130 5633 Coisl.
3183 5576 3211 5631 1
3262 5576 3321 5630 et
3366 5571 3461 5628 0r.
3523 5572 3553 5626 1
3582 5612 3602 5640 ,
3652 5572 3865 5640 ﬁrma»

2213 5643 2441 5719 σμένην,
2473 5667 2502 5699 ι(
2536 5643 2832 5720 paratum.
2854 5666 2884 5698 »
