4094 6212
292 374 440 443 1193

1073 368 1361 441 ORATIO
1406 372 1597 439 XXV.
1631 412 1709 421 —
1738 372 1816 437 IN
1865 372 2188 442 LAUDEM
2235 372 2577 440 HERONIS
2624 376 2928 443 PHILOS.

3537 380 3693 445 1194

290 533 412 582 των,
444 510 535 563 καὶ
569 508 722 586 φωνὴ
755 505 1157 582 ἀγαλλιάσεως,
1208 507 1295 563 καὶ
1345 506 1601 577 θεότητος
1653 504 1928 581 ἔλλαμψις

2047 527 2156 566 nus
2188 510 2401 566 festum
2430 509 2873 580 celebrantium,
2899 515 2956 567 et
2979 528 3085 567 vox
3114 511 3521 569 exsultationis
3544 514 3610 584 ‘3,
3637 518 3696 570 et

288 597 584 673 τελεωτέρα
630 598 719 651 καὶ
767 595 1064 670 καθωτὲρα,
1122 600 1188 666 ἧς
1253 601 1343 650 νῦν
1404 596 1455 650 ἐν
1507 596 1787 670 αἰνίγμασι
1846 597 1934 650 καὶ

292 693 458 750 σκιαῖς
501 690 539 756 ἦ
587 685 909 747 ἀπόλαυσις.
955 685 1179 747 Τούτοις
1224 686 1527 760 Κυπριανὸς
1578 684 1757 760 χαίρει
1794 682 1934 758 μᾶλ-

292 777 381 833 λον
413 776 749 849 τιμώμενος,
779 774 812 843 ἢ
853 780 1012 827 πᾶσιν
1066 774 1204 846 ὑμοῦ
1242 778 1359 835 τοῖς
1390 771 1582 833 ἄλλοις
1608 792 1621 803 ·
1651 778 1818 827 ταῦτα
1846 771 1935 827 καὶ

289 867 471 941 παρὼν
501 863 815 941 ἐφιλοσόφει
845 862 925 935 τῷ
959 862 1063 937 βίῳ
1115 864 1246 935 (57),
1292 861 1381 916 καὶ
1451 861 1601 915 ἀπὼν
1641 867 1771 916 πᾶσι
1829 859 1938 916 δια-

290 954 560 1012 κελεύεται
591 951 679 1007 διὰ
707 959 807 1020 τῆς
840 953 1115 1028 ἡμετάρας
1147 958 1333 1027 φωνῆς
1359 968 1371 980 ⁸
1404 952 1464 1019 ἣν
1504 947 1774 1021 μηδαμῶς
1816 951 1936 1004 ἀτι-

294 1045 515 1117 μάσητε,
575 1040 723 1115 εἷ’περ
766 1061 816 1093 τι
876 1038 1029 1112 μέλει
1084 1046 1186 1108 τῆς
1228 1037 1435 1093 ἐκείνου
1466 1038 1750 1113 καρτερίας
1783 1038 1935 1110 ὑμῖν,

289 1133 372 1188 καὶ
425 1136 534 1187 τῶν
578 1129 780 1185 ἐκείνου
837 1129 961 1204 περὶ
1014 1135 1114 1197 τῆς
1196 1126 1452 1197 ἀληθείας
1523 1126 1935 1201 ἀγωνισμάτων,

289 1224 461 1294 κάμοῦ
513 1223 608 1274 τοῦ
663 1223 829 1273 ταῦτα
881 1212 1273 1293 πρεσϐεύοντος
1332 1218 1465 1289 (58).
1516 1215 1681 1270 Αὗταί
1712 1236 1795 1269 σοι
1827 1220 1934 1271 τῶν

289 1310 430 1383 ἐμῶν
463 1307 645 1384 λόγων
678 1308 731 1362 αἰ
763 1306 1006 1382 ἀπαρχαὶ
1039 1307 1176 1379 (59),
1210 1303 1254 1359 ὦ
1288 1304 1404 1369 θεία
1432 1303 1521 1359 καί
1553 1304 1670 1379 ἱερὰ
1698 1303 1930 1382 κεφαλή

286 1399 440 1453 τοῦτό
497 1419 579 1451 σοι
618 1395 709 1451 καὶ
763 1400 869 1451 τῶν
928 1389 1109 1470 λόγων
1159 1392 1316 1470 γὲρας
1345 1392 1435 1447 καὶ
1475 1394 1573 1462 τῆς
1606 1390 1890 1463 ἀθλήσεως
1918 1414 1931 1427 ο

289 1486 346 1541 οὖ
375 1487 583 1548 κότινος
616 1484 1005 1558 Ὀλυμπιακὸς,
1035 1481 1154 1538 οὔτε
1210 1481 1363 1555 μῆλα
1408 1481 1645 1559 Δελφικά
1692 1480 1931 1557 παίγνια,

289 1573 410 1631 οὐδὲ
462 1575 704 1649 Ἰσθμικὴ
763 1573 940 1641 πίτυς,
1000 1569 1126 1627 οὐδὲ
1165 1572 1403 1644 Νεμαίας
1452 1572 1566 1645 (60)
1616 1566 1819 1640 σέλινα,
1866 1566 1936 1624 δι’

288 1666 356 1718 ὧν
417 1658 615 1732 ἔφηϐοι
675 1660 958 1736 δτστυχεῖς
1009 1660 1385 1733 ἐτιμήθησαν·
1443 1656 1590 1713 ἀλλὰ
1646 1657 1832 1734 λόγος,
1872 1658 1933 1713 τὸ

285 1754 494 1807 πάντων
555 1750 881 1806 οἰκειότατον
935 1754 1051 1810 τοῖς
1109 1748 1283 1824 Λόγου
1342 1752 1730 1823 θεραπευταῖς’
1794 1747 1839 1801 εἰ
1876 1745 1933 1802 δὲ

2046 600 2246 671 purior
2277 616 2342 654 ac
2386 599 2613 671 plenior
2660 604 2749 656 est
2796 601 3121 659 divinitatis
3170 601 3543 672 illuminatio,
3578 619 3695 675 qua

2047 704 2202 743 nunc
2233 688 2291 742 in
2324 688 2737 760 aenigmatibus
2766 689 3050 746 duntaxat
3081 694 3137 745 et
3163 690 3391 745 umbris
3422 691 3693 746 fruimur.

2045 775 2164 832 Hoc
2194 777 2484 832 honorum
2517 793 2726 848 genere
2766 779 2955 850 magis
2998 778 3320 835 oblectatur
3348 780 3695 851 Cyprianus,

2047 882 2223 935 quam
2258 866 2486 920 cunctis
2517 864 2649 922 aliis
2673 866 2732 921 in
2757 884 2941 922 unum
2972 867 3284 940 congestis.
3308 871 3463 935 Hac,
3486 877 3544 924 et
3564 884 3699 924 cum

2045 954 2202 1024 apud
2234 954 2503 1009 homines
2525 960 2874 1024 versaretur,
2896 956 3017 1011 vita
3048 957 3428 1028 moribusque
3462 962 3696 1029 praesta-

2044 1041 2165 1105 bat,
2190 1044 2248 1095 et
2278 1042 2490 1096 absens
2521 1058 2625 1111 per
2665 1048 2925 1098 nostram
2956 1060 3153 1099 vocem
3185 1046 3464 1101 omnibus
3494 1045 3698 1116 praeci-

2046 1128 2131 1202 pit
2162 1146 2175 1183 :
2212 1145 2413 1201 quam,
2446 1130 2709 1199 obsecro,
2743 1147 2813 1186 ne
2853 1134 3246 1188 contemnatis
3274 1149 3339 1188 ac
3378 1151 3481 1205 pro
3512 1133 3697 1188 nihilo

2046 1217 2295 1286 ducatis,
2314 1219 2361 1273 si
2387 1227 2581 1274 tamen
2606 1223 2706 1274 aut
2727 1218 2888 1275 illius
2910 1220 2968 1275 in
2992 1220 3257 1276 dolorum
3281 1222 3699 1277 acerbitatibus

2046 1306 2363 1378 patientiae,
2399 1323 2465 1362 ac
2496 1308 2887 1363 certaminum
2939 1325 3041 1379 pro
3081 1310 3316 1365 virtutis
3363 1309 3700 1366 defensione

2046 1401 2478 1469 susceptorum,
2505 1400 2606 1451 aut
2636 1396 2808 1452 etiam
2834 1397 2968 1466 mei,
2994 1397 3094 1469 qui
3119 1397 3229 1454 hac
3259 1398 3545 1470 legatione
3570 1400 3701 1454 fun-

2044 1500 2168 1557 ger,
2194 1486 2347 1556 apud
2380 1502 2479 1541 vos
2531 1485 2652 1541 ulla
2694 1490 2777 1542 est
2830 1485 3235 1558 ratio.Habes,
3266 1489 3356 1542 vir
3401 1487 3597 1542 divine
3641 1492 3702 1542 et

2044 1583 2434 1639 sacrosancte,
2466 1590 2732 1630 meorum
2776 1592 3118 1632 sermonum
3159 1575 3472 1648 primitias.
3506 1576 3699 1632 Habes

2045 1666 2172 1718 tum
2204 1662 2504 1730 doctrinae,
2538 1670 2664 1718 tum
2699 1664 3035 1719 certaminis
3068 1664 3373 1735 praemium
3401 1681 3412 1721 :
3447 1682 3562 1720 non
3595 1665 3697 1720 oli—

2043 1767 2173 1805 vam
2206 1749 2589 1823 Olympicum,
2623 1768 2729 1808 nec
2771 1768 2965 1823 poma,
2997 1751 3306 1823 Delphicas
3354 1770 3563 1824 nugas,
3596 1759 3699 1809 aut

285 1842 370 1895 καὶ
424 1844 533 1895 τῶν
590 1840 697 1893 σῶν
750 1836 930 1901 ἄθλων
972 1838 1060 1892 καὶ
1112 1836 1295 1911 λόγων
1329 1835 1493 1907 ἄξιον,
1522 1840 1621 1891 τοῦ
1652 1836 1832 1909 Λόγου
1869 1837 1928 1891 τὸ

2048 1839 2382 1895 lsthmicam
2437 1841 2666 1912 pinum,
2714 1847 2816 1896 aut
2861 1844 3161 1896 Nemaaum
3211 1840 3437 1912 apium,
3476 1842 3695 1913 quibus

286 1926 471 2004 δῶρον·
509 1928 583 1983 Σὺ
625 1925 683 1982 δὲ
730 1929 878 2000 ἡμᾶς
923 1925 1241 1987 ἐποπτεύοις
1275 1922 1475 1979 ἄνωθεν
1501 1922 1692 1993 ’ίλεως,
1722 1925 1811 1979 καὶ
1840 1926 1931 1979 τὸν

284 2019 547 2095 ἡμέτερον
581 2015 843 2094 διεξάγοις
874 2014 1039 2091 λόγον
1067 2016 1156 2070 καί
1194 2014 1331 2091 βίον,
1363 2014 1452 2069 καὶ
1505 2013 1568 2068 τὸ
1618 2013 1758 2087 ἱερὸν
1808 2018 1933 2068 τοῦ-

283 2128 341 2162 το
373 2106 630 2181 ποίμνιον
660 2105 999 2179 ποιμαίνοις,
1102 2102 1524 2177 συμποιμαίνοις
1567 2104 1700 2176 (61),
1756 2104 1823 2157 τά
1876 2124 1934 2158 τε

284 2194 423 2251 ἄλλα
455 2195 681 2251 εὐθύνων
716 2195 791 2256 ἑ),
823 2193 935 2249 οἶόν
959 2214 1017 2248 τε
1047 2193 1184 2265 πρὸς
1212 2194 1276 2246 τὸ
1330 2191 1610 2267 βέλτιστον
1662 2192 1793 2265 (62),
1842 2191 1931 2245 καὶ

280 2285 403 2347 τοὺς
456 2286 637 2361 βαρεῖς
688 2282 888 2345 λύκους
948 2276 1435 2355 ἀποπεμπόμενος,
1485 2279 1608 2342 τοὺς
1668 2280 1932 2355 θηρευτὰς

278 2379 381 2428 τῶν
415 2369 703 2428 συλλαϐῶν
734 2374 824 2427 καὶ
851 2376 953 2426 τῶν
989 2370 1185 2442 λέξεων
1216 2373 1328 2443 (63)
1355 2390 1367 2402 '
1401 2370 1490 2423 καὶ
1519 2371 1618 2438 τὴν
1652 2376 1752 2438 τῆς
1778 2369 1929 2443 ἁγίας

278 2460 500 2539 Τριάδος
555 2460 853 2535 ἔλλαμψιν,
909 2464 976 2530 ἧς
1035 2460 1096 2515 σὺ
1145 2464 1240 2514 νῦν
1272 2459 1642 2535 παραστάτης,
1676 2458 1929 2512 τελεωτὲ-

278 2572 369 2624 ραν
402 2572 461 2606 τε
487 2550 576 2605 καὶ
610 2550 991 2624 λαμπροτέραν
1034 2552 1169 2621 ἡμῖν
1219 2548 1604 2624 χαριζόμενος,
1660 2548 1720 2616 ἣν
1766 2567 1929 2621 προσ-

276 2645 574 2713 κυμοῦμεν,
634 2638 698 2708 ἥν
767 2636 1163 2711 δοξάζομεν,ᾕ
1225 2635 1733 2709 συμπολιτευόμεθα
1790 2639 1923 2707 (64),

274 2733 697 2806 προσκυνοῦντες
748 2726 955 2804 Πατέρα
1000 2726 1050 2781 ἐν
1106 2728 1238 2798 Υἰῷ,
1298 2726 1418 2780 Υἰὸν
1477 2724 1527 2779 ἐν
1589 2724 1731 2798 ἁγίῳ
1763 2725 1925 2778 Πνεύ-

2046 1927 2242 1983 miseri
2276 1927 2676 1984 adolescentes
2711 1927 2850 1983 olim
2892 1928 3281 1996 ornabantur;
3316 1945 3517 1984 verum
3565 1946 3693 1985 ora-

2042 2015 2283 2085 tionem,
2306 2032 2423 2088 qua
2451 2016 2597 2072 nihil
2629 2022 2720 2072 est
2749 2018 2901 2088 quod
2933 2017 3108 2073 Verbi
3152 2017 3475 2073 cultoribus
3508 2018 3694 2090 magis

2044 2107 2377 2174 conveniat;
2402 2122 2528 2178 quae
2551 2106 2598 2161 si
2625 2106 3011 2162 certaminum
3036 2110 3272 2162 tuorum
3299 2106 3693 2179 doctrinaeque

2044 2194 2319 2251 meritum
2354 2199 2623 2250 assecuta
2653 2198 2764 2263 est,
2785 2193 2972 2251 Verbo
3018 2195 3075 2251 id
3115 2202 3417 2268 acceptum
3449 2196 3589 2251 fero.
3622 2197 3695 2251 At

2039 2289 2101 2338 tu
2137 2301 2242 2341 nos
2272 2299 2301 2339 e
2331 2284 2473 2340 cmlo
2505 2284 2799 2356 benignus
2831 2284 3105 2356 aspicias,
3140 2301 3558 2357 sermonesque
3590 2302 3693 2341 no-

2041 2378 2193 2428 stros
2221 2378 2277 2428 et
2305 2372 2485 2428 vitam
2526 2374 2838 2445 gubernes,
2872 2390 3222 2446 sacrumque
3252 2374 3410 2430 hunc
3454 2390 3693 2447 gregem

2042 2479 2268 2533 pascas,
2320 2467 2422 2516 aut
2474 2467 2810 2533 pascentem
2870 2463 3133 2533 adjuves,
3174 2468 3299 2518 tum
3353 2462 3412 2518 in
3471 2464 3694 2518 caeteris

2040 2553 2230 2620 rebus,
2263 2552 2455 2622 quoad
2508 2552 2638 2621 ejus
2688 2552 2812 2606 ﬁeri
2876 2552 3111 2623 poterit,
3144 2568 3279 2607 eum
3338 2551 3411 2606 ad
3469 2552 3694 2622 optima

2035 2656 2281 2710 quaeque
2312 2638 2591 2711 dirigens,
2616 2644 2743 2693 tum
2778 2656 2985 2711 graves
3015 2639 3211 2712 lupos,
3244 2638 3603 2711 syllabarum
3635 2643 3693 2695 et

2034 2729 2341 2783 verborum
2375 2732 2701 2798 captatores
2733 2728 3049 2795 amoliens;
3075 2734 3409 2801 sanctasque
3440 2728 3691 2784 Trinita-

277 2839 425 2891 ματι,
484 2817 520 2893 ᾖ
574 2818 663 2872 καὶ
739 2815 1149 2891 παρασταίημεν
1199 2814 1418 2889 ὕστερον
1477 2811 1787 2889 εἰλικρινεῖς
1833 2813 1922 2866 καὶ

2047 2817 2131 2881 .is,
2163 2817 2256 2871 cui
2291 2832 2447 2870 nunc
2478 2822 2659 2880 astas,
2692 2815 3007 2887 pleniorem
3042 2816 3466 2889 clarioremque
3488 2816 3684 2889 splen-

271 2906 629 2983 ἀπρόσκοποι,
660 2909 725 2975 ἧς
755 2905 844 2960 καὶ
889 2899 1283 2978 μεταλαϐοιμιν
1324 2902 1525 2957 τὲλειοι
1572 2899 1814 2971 τελείως,
1868 2901 1918 2955 ἐν

268 2995 413 3068 αὐτῷ
467 2998 686 3071 Χριστῷ
740 2998 821 3065 τῷ
878 2992 1059 3066 Κυρίῳ
1102 2994 1286 3065 ἡμῶν,
1333 2991 1378 3063 ᾧ
1427 2996 1569 3045 πᾶσα
1625 2988 1750 3060 δόξα
1783 2992 1918 3063 (65),

261 3086 398 3157 τιμή
446 3082 537 3138 καὶ
595 3090 794 3158 κράτος
860 3080 935 3143 εἷς
1013 3079 1141 3143 τοὺς
1216 3080 1412 3141 αἰῶνας
1486 3083 1594 3134 τῶν
1684 3077 1913 3137 αἰώνων.

267 3173 327 3227 ’Δ
337 3174 469 3245 μήν.

2031 2906 2228 2959 dorem
2261 2904 2431 2958 nobis
2461 2903 2799 2973 concilians,
2826 2920 3002 2975 quam
3027 2905 3361 2969 adoramus,
3385 2921 3561 2977 quam
3596 2922 3687 2961 ce-

2027 2992 2347 3059 lebramus,
2390 3008 2493 3063 pro
2542 3008 2659 3065 qua
2707 3010 2825 3048 una
2872 2992 3221 3059 militamus,
3262 2994 3320 3048 in
3378 2993 3516 3049 Filio
3564 2999 3677 3050 Pa-

2028 3086 2196 3147 trem,
2228 3081 2285 3136 in
2316 3080 2535 3152 Spiritu
2568 3085 2769 3137 sancto
2814 3080 3025 3137 Filium
3069 3082 3398 3151 adorantes,
3430 3083 3523 3138 cui
3552 3082 3671 3138 uti-

2028 3187 2165 3226 nam
2197 3169 2374 3225 etiam
2406 3173 2539 3242 post
2579 3169 2907 3226 confectum
2938 3170 3121 3242 hujus
3149 3171 3280 3226 vitae
3312 3170 3671 3227 curriculum

274 3263 425 3334 puri,
461 3264 519 3316 et
548 3261 620 3316 ab
661 3261 821 3316 omni
849 3258 1196 3317 oti‘endiculo
1234 3258 1425 3326 liberi,
1457 3263 1741 3329 astemus,
1775 3273 1957 3331 eaque
2001 3258 2243 3330 perfecti
2290 3258 2542 3329 perfecte
2573 3259 2858 3326 fruamur,
2890 3260 2950 3315 in
2999 3260 3125 3332 ipso
3154 3259 3382 3317 Christo
3430 3261 3678 3318 Domino

276 3356 497 3420 nostro,
526 3350 619 3405 cui
651 3350 845 3406 omnis
875 3348 1081 3421 gloria,
1112 3348 1299 3404 honor
1329 3352 1388 3403 et
1416 3348 1729 3419 imperium
1760 3348 1819 3403 in
1850 3347 2063 3403 saecula
2091 3346 2460 3404 saculorum.
2492 3350 2698 3405 Amen.

331 3494 378 3528 ⁴³
410 3492 564 3550 Psal.
596 3510 708 3564 XLI,
742 3492 797 3548 5.

335 3777 448 3857 (⁷58)
481 3777 897 3861 Πρεσϐεύοντος.
951 3783 1236 3861 Sic_Reg.
1286 3781 1512 3855 Chrys,
1545 3781 1639 3837 0r.
1684 3782 1734 3852 1,
1778 3783 1919 3851 16s.,

267 3850 565 3929 Pa'r.,'etc.
599 3856 662 3911 In
694 3850 1253 3929 ed.,1tpst76$60vrs_c.

339 3928 453 4053 (59)
486 3924 803 4001 ’Ampxat.
828 3924 988 3982 Hanc
1029 3926 1348 3981 orationem
1375 3946 1404 3974 «
1436 3924 1727 3996 primitias
1761 3945 1787 3971 »
1821 3940 1918 3994 ap-

364 3998 447 4053 lat
476 3999 819 4053 Gregorius:
844 4015 959 4053 auo
992 3999 1228 4053 nomine
1257 3996 1606 4053 Cvorianum
1639 3999 1779 4049 tunc
1812 3996 1918 4053 Dri-

265 3996 447 4070 pellat
476 3996 959 4078 Gregorius;_quo
992 3996 1606 4078 nomine-\Qyprian‘um
1639 3999 1779 4049 tunc
1812 3996 1920 4078 pri-

265 4066 430 4147 mum
465 4088 498 4125 a
528 4066 1190 4147 se'laudariisigniﬁcat.
1232 4066 1436 4123 Billius
1468 4066 1634 4147 aliter
1664 4070 1918 4147 exponit.

263 4164 291 4191 ‹‹
329 4146 587 4206 Veteres,
637 4164 666 4192 »
715 4141 913 4212 inquit
958 4141 1015 4195 in
1072 4141 1303 4210 notis,»
1338 4140 1587 4212 mortuis
1639 4138 1925 4193 sacrificia

259 4215 639 4292 peragebant,
673 4210 857 4292 eaque
888 4211 1180 4292 primitias
1222 4210 1630 4292 appellabant;
1670 4226 1746 4292 “ac
1770 4226 1919 4292 prae-

263 4280 435 4361 terea
484 4285 644 4361 varia
701 4280 1089 4361 certaminum
1152 4280 1367 4361 genera
1421 4280 1919 4361 instituebant,‘i_n

262 4356 485 4427 quibus
530 4357 776 4415 victores
826 4355 1067 4429 praamia
1111 4352 1456 4421 referebant,
1484 4376 1511 4403 »
1546 4356 1609 4407 ut
1648 4352 1925 4408 describit

309 3643 448 3766 {(57)
477 3644 565 3713 Τῷ
620 3640 747 3717 βίῳ.
798 3640 972 3700 Coisl.
1016 3644 1069 3714 1,
1109 3644 1189 3713 τῷ
1238 3638 1386 3716 λόγῳ
1430 3640 1542 3718 ἅμα
1592 3636 1648 3694 δὲ
1693 3637 1782 3693 καὶ
1837 3643 1916 3711 τῷ

331 3735 397 3766 ω.

2047 3639 2378 3711 l‘heologus.

2103 3712 2214 3766 (60)
2244 3717 2378 3766 Nam

2244 3706 2500 3787 ᾔεμαίας.
2536 3710 2713 3787 OL},
2747 3710 2980 3779 Νεμέας.
3014 3712 3156 3787 Jes.,
3194 3713 3423 3787 Νεμαία.

2123 3714 2192 3765 60
2244 3714 2500 3781 Νεμαίας.
2536 3714 2629 3767 Or.
2663 3714 2713 3778 1,
2747 3714 2980 3779 Νεμέας.
3014 3714 3156 3784 Jes.,
3194 3714 3423 3787 Νεμαία.

2101 3714 2214 3854 (61)
2246 3780 2584 3856 Ποιμαίνοις,
2631 3781 2667 3849 ἢ
2717 3784 3162 3856 συμποιμαίνοις.
3210 3808 3239 3837 ‹‹
3287 3787 3518 3856 Pascas,
3577 3789 3677 3842 aut

2031 3853 2363 3928 pascentem
2396 3853 2659 3928 adjuves.
2687 3875 2713 3901 η
2747 3853 2998 3928 SicAB-ill.
3033 3856 3091 3911 in
3124 3857 3314 3928 prima
3342 3853 3614 3914 editione.

2242 3921 2720 3999 Βὲνλτιστονὶμῆθε.
2752 3942 2805 3980 a.
2840 3922 3077 3999 βέλτιον.

2099 3940 2211 3995 (02.)
2242 3940 2549 3977 υεΑτιστον.
2584 3940 2720 4051 mea.
2752 3942 2805 3980 a.
2840 3940 3077 3999 μεΛτιον.

2103 3996 2209 4065 (63)
2244 3993 2468 4118 Λέξεων.
2524 3995 2617 4051 Sic
2715 4012 2845 4070 egg.
2892 4014 2945 4069 a,
2978 4014 3027 4053 c.
3061 4000 3121 4064 d,
3152 3999 3328 4057 Coisl.
3357 4003 3412 4067 2,
3445 4004 3555 4056 etc.
3614 4002 3675 4055 lu

2064 4068 2146 4131 d.,
2178 4062 2315 4119 συλλ
2347 4064 2499 4133 ξεων.

2030 4083 2146 4131 66.,
2178 4086 2239 4118 συ

2100 4138 2205 4208 (64)
2239 4132 2785 4208 Συμπολιτιυόμεοα.
2820 4139 3046 4209 Billius,
3082 4164 3103 4191 ι
3138 4142 3231 4198 οιιί
3283 4158 3515 4199 munere
3567 4160 3671 4198 no-

2030 4213 2148 4265 stro
2184 4209 2550 4280 fungimur._n

2102 4281 2217 4357 (65)
2241 4275 2471 4357 ’ᾷπᾷσα
2502 4275 2662 4357 ξόξαη
2676 4284 2790 4357 etc.
2826 4282 2887 4357 In
2926 4282 3302 4357 quibusdam,
3332 4284 3379 4354 ᾦ
3409 4279 3553 4354 δόξα,
3586 4282 3675 4337 καὶ

2030 4349 2091 4403 τὸ
2110 4348 2318 4423 ⁷κράτος
2350 4350 2425 4412 εἰς
2452 4348 2580 4413 τοὺς
2611 4349 2830 4413 αἰῶνας.
2864 4348 3064 4426 ’Δμήν.

2377 4085 2476 4118 εων
2487 4106 2499 4119 .

955 4696 1104 4754 δίει
1168 4704 1725 4796 MONITUM
1783 4704 1897 4789 IN
1954 4701 2644 4793 ORATIONEM
2696 4705 2989 4792 XXV.

348 5031 399 5092 Ι.
460 5030 595 5092 Etsi
648 5035 892 5091 constet
947 5030 1048 5091 hic
1108 5029 1443 5090 Maximum
1503 5047 1542 5089 a
1600 5027 1899 5107 Gregorio
1960 5027 2149 5089 fuisse
2207 5025 2615 5100 celebratum,
2675 5027 2853 5090 istius
2910 5035 3117 5091 tamen
3172 5032 3473 5095 orationis
3528 5035 3681 5097 titu-

262 5111 401 5170 lum
461 5130 587 5172 non
646 5112 1079 5171 immutamus.
1138 5114 1370 5171 Omnes
1426 5110 1636 5192 enim,
1699 5128 1857 5186 quos
1917 5109 2137 5192 saltem
2199 5108 2504 5179 vidimus,
2567 5108 2853 5192 codices.
2904 5111 3089 5192 nullo
3145 5122 3445 5192 excepto,
3506 5116 3682 5176 nullo

263 5193 457 5251 etiam
520 5192 904 5253 reclamante
961 5192 1300 5251 scholiasta
1356 5197 1467 5249 aut
1518 5190 1879 5267 interprete.
1945 5190 2332 5269 inscriptum,
2396 5208 2522 5247 non
2584 5212 2616 5245 «
2662 5190 2939 5263 Maximi,
2994 5216 3024 5248 »
3082 5197 3190 5253 sed
3250 5190 3597 5256 «‘Heronis
3644 5218 3676 5251 υ

268 5289 511 5332 nomen
594 5272 915 5331 exhibent.
990 5271 1228 5331 Idcirco
1304 5276 1619 5347 receptam
1695 5270 2115 5346 inscriptionis
2188 5269 2520 5329 lectionem
2595 5270 2883 5347 religiose
2950 5272 3338 5334 retinendam
3411 5275 3682 5334 arbitra-

270 5371 442 5413 mur.
507 5354 811 5423 Quaenam
871 5359 1080 5412 autem
1140 5350 1338 5432 luerit
1383 5350 1634 5432 deuhac
1673 5349 2098 5432 (inscriptone
2150 5350 2537 5432 eruditorum
2598 5368 2790 5432 mens,
2852 5353 3229 5432 investigare
3283 5372 3490 5432 operae
3548 5372 3685 5432 pre-

260 5433 432 5494 tium
492 5440 607 5493 est.
672 5433 1093 5512 Hieronymus
1153 5429 1375 5513 asserit
1431 5428 2044 5513 (66),_Greggrium_
2083 5429 2144 5491 in
2204 5429 2322 5490 hac
2377 5430 2674 5513 oratione
2719 5431 2976 5513 Maximi
3050 5428 3409 5513 philosophi
3467 5428 3687 5495 laudes

262 5513 688 5586 derantasse,
774 5518 837 5575 et
900 5508 1113 5594 aperte
1169 5508 1448 5594 declarat
1524 5508 1554 5565 α
1604 5509 1759 5569 falso
1817 5508 2356 5594 Beronisnomen
2418 5508 3681 5594 a_quodamqfuisse'superscriptum;»

258 5596 462 5675 idque
537 5590 961 5673 contigisse,’
1015 5618 1045 5648 «
1106 5593 1275 5672 quod
1354 5590 1518 5651 alius
1594 5596 1755 5650 esset
1828 5590 1985 5653 liber
2058 5591 2345 5671 ejusdem
2430 5590 2686 5652 Maximi
2759 5590 3283 5674 vituperationem
3358 5593 3685 5657 continens

334 5783 445 5858 (66)
480 5785 655 5858 Scrip.
691 5786 817 5843 erat.
848 5782 1022 5841 Basil.
1055 5782 1170 5852 sd.,
1202 5797 1256 5853 p.
1294 5777 1415 5835 149.

595 5914 853 5975 Paraon.
905 5911 1013 5973 Gn.
1062 5909 1213 5970 ΧΧῖ
1231 5908 1307 5971 V.

3281 5908 3358 5974 38
