4094 6212
270 362 420 426 1197
1045 358 1337 425 ORATIO
1382 356 1568 426 XXV.
1601 397 1676 406 —
1701 361 1779 423 ΙΝ
1829 356 1926 422 LA

2046 356 2157 422 EM
2202 358 2543 423 HERONIS
2586 356 2894 424 PiilLOS.
3521 366 3680 428 1198

268 497 412 559 licet
468 502 760 571 parentes
832 496 1145 571 habuerit,
1208 515 1333 558 non
1391 497 1593 557 solum
1653 495 2061 568 Christianos,
2122 495 2231 556 sed
2289 494 2504 568 etiam,
2566 495 2618 556 si
2675 497 2936 558 scelesto
2994 496 3122 558 ﬁlio
3178 498 3332 559 ﬁdes
3388 500 3681 562 addenda

269 584 395 655 est,
456 576 688 660 Christi
744 584 1088 660 martyres,
1156 578 1276 660 fuit
1326 578 1709 660 professione
1770 576 2223 660 philosophus,
2264 594 2420 660 __non
2480 578 2763 660 profeeto
2822 577 3249 660 Christianus,
3321 580 3429 639 sed
3485 582 3674 660 Cyni-

269 677 395 719 cus.
457 658 628 718 Nihil
682 658 849 719 enim
908 656 1186 718 dicemus
1244 658 1321 718 de
1375 658 1572 737 ipsius
1627 656 2062 718 inverecundis
2120 656 2438 729 moribus,
2511 657 2857 731 edacitate,
2927 659 3201 736 ingluvie
3258 665 3321 720 et
3374 656 3676 737 ignoran-

270 740 392 810 tia,
472 739 551 798 de
619 739 867 819 quibus
924 738 1328 819 Gregorius,
1390 737 1793 819 Carminede
1849 737 1971 796 vita
2028 737 2389 819 suaa(72),
2471 738 2606 798 fuse
2676 740 3061 800 recantando
3136 746 3500 819 pertractat.
3564 742 3674 802 llle

271 820 546 897 quidem,
580 820 662 878 ob
711 818 919 898 turpia
965 818 1257 898 quaedam
1308 818 1606 893 facinora,
1642 817 1832 895 virgis
1881 835 2075 899 caesus
2124 817 2288 876 circa
2336 819 2759 899 annumr374,
2812 819 2878 878 in
2928 817 3154 881 Oasim‘
3184 820 3453 880 insulam
3503 830 3677 899 post-

271 896 342 961 ea
398 901 766 978 deportatus
818 896 1186 971 est;'unde
1244 905 1385 977 post
1439 898 1924 978 quadriennium
1984 896 2274 978 elapsus,
2347 916 2421 958 ac
2482 898 2749 958 multum
2810 906 3115 977 vagatus,
3195 900 3428 978 ubique
3483 896 3678 962 scele-

271 998 408 1040 rum
465 977 723 1040 suorum
781 978 1038 1057 vestigia
1094 977 1491 1057 relinquens,
1556 977 2166 1057 Constantinopolim
2224 978 2478 1057 tandem
2539 980 2811 1057 appullit
2866 999 3033 1040 anno
3092 982 3231 1042 379.
3292 977 3547 1041 Pietatis
3606 1000 3679 1043 ac

271 1059 588 1137 religionis
641 1060 978 1120 simulacro
1034 1056 1355 1140 obtectus,
1426 1058 1797 1140 Gregorium
1852 1056 2022 1140 aditi,
2098 1056 2403 1140 ﬁngitque
2462 1077 2527 1118 se
2584 1056 2697 1136 pro
2734 1060 2988 1140 Christi
3044 1062 3297 1121 nomine
3354 1062 3562 1140 virgas
3619 1069 3683 1123 et

273 1136 556 1201 exsilium
633 1140 915 1201 subiisse.
974 1138 1177 1217 Ipsius
1234 1138 1395 1199 dolis
1467 1157 1540 1199 ac
1619 1136 2145 1217 simulationibus
2184 1138 2485 1215 deceptus
2552 1139 2949 1216 Theologus,
3030 1159 3175 1201 eum
3230 1136 3517 1203 amanter
3571 1161 3681 1202 ex-

270 1226 539 1362 gigtuai,
600 1221 667 1280 in
723 1216 1129 1282 familiarium
1185 1237 1449 1280 numero
1510 1220 1824 1298 ascripsit,
1889 1224 2080 1296 atque
2132 1216 2318 1278 istam
2382 1217 2646 1279 subinde
2701 1219 3051 1280 orationem
3094 1221 3160 1280 in
3213 1221 3381 1283 illius
3431 1222 3684 1284 laudem

402 1319 463 1362 ιιι
499 1346 512 1359 .

402 1301 512 1362 uit.

349 1384 422 1444 V.
470 1381 697 1443 Mirum
755 1396 904 1441 sane
960 1378 1187 1457 cuique
1256 1377 1458 1439 videri
1519 1377 1726 1451 debet,
1778 1383 2087 1456 quantum
2139 1376 2471 1454 Gregorius
2526 1377 2715 1438 fuerit
2769 1397 2807 1437 a
2852 1378 3126 1440 Maximo
3173 1380 3449 1441 delusus.
3500 1385 3685 1457 Nam,

273 1460 322 1519 si
379 1461 552 1521 nulla
607 1459 736 1520 alia
789 1466 1108 1522 exstarent
1163 1460 1241 1520 de
1310 1459 1431 1518 isto
1480 1458 1711 1537 Cynico
1759 1458 2075 1517 contraria
2126 1463 2557 1529 monumenta,
2609 1459 2908 1537 praeclare
2955 1459 3209 1537 quidem
3259 1461 3335 1521 de
3389 1461 3499 1522 illo
3547 1482 3690 1521 sen-

276 1541 552 1602 tiendum
608 1540 787 1601 foret.
852 1540 952 1600 Sic
1009 1540 1179 1621 enim
1248 1539 1570 1621 exorditur
1618 1544 1881 1621 orator:
1939 1561 1970 1593 «
1999 1537 2453 1621 Philosophum
2501 1538 2799 1621 laudabo,
2838 1563 2866 1594 ι
2917 1540 3470 1621 et,_phi1050phiaa
3520 1560 3688 1602 com-

276 1621 477 1682 modis
546 1627 736 1699 atque
817 1621 1088 1680 utilitate
1166 1619 1443 1700 breviter
1519 1618 1886 1700 expositis,
1932 1623 2305 1700 praesentem
2384 1617 2724 1700 Maximum
2781 1617 3205 1697 compellans,
3287 1617 3690 1700 prosequitur

275 1703 361 1780 (n.
420 1703 483 1781 2)
534 1721 548 1761 :
634 1724 665 1756 «
713 1702 846 1760 Huc
902 1700 1089 1774 ades,
1158 1718 1197 1781 o
1254 1698 1813 1781 philosOphorum,
1876 1698 2002 1759 imo
2058 1706 2120 1781 et
2175 1698 2450 1781 veritatis
2506 1704 2874 1781 martyrum
2912 1698 3511 1777 praestantissime":
3560 1704 3694 1763 Huc

276 1777 471 1853 ades,'
503 1780 873 1840 adulterinae
926 1777 1271 1857 sapientiae
1318 1777 1750 1840 confutator...
1813 1781 1946 1860 Huc
2002 1778 2195 1860 ades,_
2225 1777 2334 1855 qui
2373 1778 2453 1860 in
2509 1779 2715 1839 alieno
2775 1778 2992 1839 habitu
3042 1787 3256 1840 nostra
3304 1782 3690 1860 proﬁteris...

276 1864 407 1921 Huc
463 1861 635 1931 ades,
696 1867 758 1920 et
815 1860 895 1920 ad
954 1879 1238 1920 mensam
1308 1861 1631 1938 mysticam
1667 1859 1955 1939 propius
2013 1858 2327 1939 accede...
2370 1858 2503 1917 Huc
2560 1860 2730 1929 ades,
2785 1867 2844 1920 te
2901 1861 3150 1920 coronis
3206 1858 3435 1922 nostris
3482 1864 3694 1922 devin-

278 1942 462 2009 ciam,
515 1959 588 2000 ac
632 1940 804 2001 clara
852 1958 1025 2013 voce,
1062 1958 1187 2000 non
1238 1940 1302 1998 in
1354 1937 1563 2000 media
1613 1937 1925 2018 Olympia,
1962 1956 2074 1999 nec
2121 1939 2184 1998 in
2234 1937 2461 2015 exiguo
2510 1940 2762 1999 Grazciaa
2818 1939 3087 2013 theatro,
3121 1944 3225 2000 sed
3270 1960 3484 2003 coram
3534 1943 3683 2009 Deo,

276 2028 336 2082 et
392 2021 654 2099 angelis,
715 2026 777 2081 et
836 2022 1124 2081 universo
1190 2018 1482 2081 Ecclesiae
1541 2027 1707 2080 ccetu
1765 2021 2063 2079 victorem
2100 2018 2553 2099 iproclamabo.
2586 2040 2616 2075 υ
2680 2020 2847 2092 Quis,
2902 2020 3051 2081 talia
3107 2022 3443 2094 audiendo,
3496 2024 3690 2082 Maxi-

276 2098 501 2176 mum,’
536 2107 605 2161 ut
657 2100 938 2161 veritatis
996 2101 1331 2168 athletam,
1394 2099 1540 2159 ﬁdei
1598 2100 1913 2179 clypeum,
1979 2098 2264 2159 Ecclesiae
2319 2098 2637 2172 columen,
2702 2101 3078 2160 acerrimum
3134 2102 3361 2162 erroris
3417 2103 3689 2175 hostem,

287 2188 347 2243 et
400 2182 826 2242 ﬁrmissimum
884 2180 1840 2262 divinitatispropugnaculum
1899 2198 2023 2239 non
2079 2179 2478 2262 admiretur?
2538 2180 2774 2262 Deinde
2827 2180 3188 2259 Theologus
3246 2182 3335 2261 (n.
3392 2183 3493 2262 3),
3567 2201 3694 2242 non

286 2263 699 2340 «sanguinis,
734 2285 764 2316 »
824 2262 936 2321 sed
988 2259 1298 2339 «pietatis
1353 2260 1523 2320 illius
1579 2278 1658 2340 ac
1712 2277 1956 2319 morum
2014 2260 2402 2319 nobilitatem
2437 2282 2467 2314 »
2518 2260 2808 2332 extollit;
2862 2266 2923 2320 et
2970 2259 3341 2340 percurrens
3390 2259 3699 2340 quascun-

274 2361 395 2420 que
430 2339 545 2422 pro
596 2342 843 2404 Christo
903 2343 1185 2422 subiisse
1222 2340 1544 2402 dictitarat
1597 2339 1929 2422 hypocrita
1987 2340 2358 2422 afﬂictiones
2417 2345 2477 2399 et
2535 2339 2783 2408 exsilia,
2835 2339 2999 2413 eum,
3057 2348 3126 2401 ut
3182 2339 3427 2403 Christi
3466 2348 3695 2421 marty-

279 2419 454 2495 rem,
533 2428 596 2483 et
650 2422 950 2482 virtutum
1022 2421 1304 2482 omnium
1379 2420 1723 2501 exemplari
1774 2419 2165 2480 auditoribus
2244 2426 2676 2501 repraesentat.
2737 2422 2967 2481 Verum
3044 2421 3464 2500 ignoscendus
3541 2419 3688 2501 pro-

278 2503 442 2563 fecto
491 2503 771 2580 Gregorii
822 2520 1019 2575 error,
1067 2501 1131 2562 in
1188 2519 1375 2580 quem
1434 2520 1507 2561 eo
1562 2500 1806 2561 facilius
1865 2502 2077 2578 lapsus
2134 2506 2246 2573 est,
2298 2519 2450 2580 quo
2480 2499 2615 2580 ipse
2664 2506 2827 2561 esset
2874 2502 3225 2563 candidior.
3281 2499 3690 2563 Etenim‘viri

285 2582 467 2662 probi
523 2579 758 2643 bonum
816 2582 999 2642 facile
1046 2579 1356 2653 credunt;
1418 2582 1497 2642 ad
1554 2581 2000 2659 suspicandum
2036 2599 2206 2662 vero
2263 2579 2501 2662 aliquid
2552 2580 2722 2652 mali,
2773 2599 2995 2659 segnes
3041 2588 3193 2662 sunt
3244 2588 3306 2643 et
3354 2582 3680 2644 tardiores.

285 2660 738 2740 lgnoscendus,
795 2662 1090 2741 inquam,
1149 2680 1354 2734 error,
1413 2662 1593 2739 cuius
1648 2662 1748 2741 sic;
1794 2660 2158 2738 Gregorium
2218 2660 2552 2741 paenituit,
2614 2666 2720 2732 ut,
2780 2680 2908 2722 non
2963 2660 3167 2722 solum
3221 2662 3486 2735 laudes,
3549 2663 3689 2741 qui-

289 2739 408 2804 bus
479 2744 823 2803 Maximum
885 2739 1292 2815 celebraret,
1368 2739 1820 2814 recantaverit,
1907 2759 2121 2799 verum
2176 2740 2363 2800 etiam
2456 2763 2487 2796 ‹‹
2542 2740 2827 2818 linguam
2904 2742 3367 2818 praecidendam
3443 2739 3691 2803 obtule-

281 2824 361 2884 rit
416 2824 564 2903 (73),
599 2845 628 2881 ι)
682 2840 873 2900 seque
928 2824 1061 2901 ipse
1118 2822 1365 2882 silentio
1408 2822 1839 2903 damnaverit,
1885 2821 1936 2880 si
1987 2820 2106 2898 ipsi
2162 2821 2344 2903 venia
2397 2819 2835 2903 denegaretur.
2887 2819 3196 2883 Caeterum
3251 2822 3316 2883 in
3374 2823 3492 2884 hac
3541 2842 3686 2884 ora-

281 2901 452 2965 tione
509 2901 692 2984 plura
743 2903 1067 2984 interserit
1112 2907 1325 2984 orator
1382 2902 1460 2962 de
1526 2901 1825 2984 _Eeclesia3
1902 2901 2330 2984 persecutione
2377 2901 2814 2984 __sub__Arianis
2893 2903 3318 2983 principibus,
3396 2904 3687 2981 digniora

284 2980 529 3055 certef
569 3001 760 3062 quam
819 3000 960 3060 quae
1034 2981 1111 3043 de
1166 2982 1398 3061 Cynico
1454 2982 1813 3043 celebravit.
1873 2980 2417 3060 Constantinopoli
2490 2980 2723 3043 dictam
2799 2980 3065 3043 exeunte
3099 2980 3303 3044 ‘anno
3359 2980 3487 3044 379’
3537 3001 3681 3044 cum

286 3063 547 3125 eruditis
601 3062 1055 3123 existimamus.

354 3195 469 3265 (72)
498 3193 663 3249 Vers.
693 3193 800 3247 750
830 3197 885 3249 et
915 3209 1037 3265 seq.

736 3460 1137 3557 ΛΟΓΟΣ
1238 3462 1460 3554 KE’.

624 3594 721 3659 Εἷς
750 3597 963 3670 Ἠρῶνα
998 3595 1089 3649 τὸν
1123 3594 1421 3672 φιλόσοφον
1448 3597 1581 3669 (74).

351 3685 430 3742 A'.
460 3686 558 3739 Τὸν
592 3682 890 3763 φιλόσοφον
920 3681 1289 3756 ἐπαινέσομαι,
1322 3682 1412 3737 καὶ
1472 3682 1517 3737 εἰ
1568 3680 1760 3755 κάμνω
1818 3686 1930 3755 (75)

275 3776 355 3845 τῷ
386 3774 632 3846 σώματι’
666 3772 963 3850 φιλόσοφον
994 3772 1095 3846 γάρ
1121 3790 1133 3803 ⁸
1182 3770 1532 3843 ἐπαινέσομαι
1575 3766 1631 3823 δὲ
1674 3770 1763 3824 καὶ
1810 3769 1927 3824 λίαν

274 3860 521 3924 εἰκότως.
553 3863 610 3915 Ὀ
646 3862 738 3935 μὲν
773 3860 876 3937 γὰρ
908 3856 1232 3939 φιλόσοφος,
1265 3859 1369 3936 ἐγὼ
1430 3857 1487 3914 δὲ
1534 3858 1723 3935 σοφίας
1774 3870 1927 3934 θερα-

270 3952 477 4021 πευτής
508 3968 518 3983 ·
576 3949 715 4005 ὥστε
764 3972 858 4022 μοι
908 3950 998 4004 καὶ
1045 3950 1181 4022 πρὸς
1222 3948 1384 4024 λόγον
1429 3949 1458 4003 ὁ
1489 3944 1729 4013 ἔπαινος,
1757 3945 1829 4000 ’ἶν’
1885 3946 1929 4000 εἰ

278 4041 356 4112 μή
387 4060 442 4093 τι
493 4037 656 4105 ἄλλο,
703 4033 863 4093 τοῦτὸ
910 4059 973 4112 γε
1021 4036 1382 4115 φιλοσοφήσω
1413 4037 1476 4091 τὸ
1508 4038 1808 4114 φαυμάζειν
1843 4057 1931 4113 φι-

276 4126 538 4205 λόσοφον,
588 4130 658 4181 ’Ἡ
702 4129 804 4203 γὰρ
858 4124 1281 4204 φιλοσοφητέον,
1339 4126 1414 4187 ὡς
1449 4126 1476 4179 ὁ
1509 4125 1639 4197 ἐμὸς
1671 4122 1860 4199 λόγος,

272 4216 531 4288 τιμητέον
561 4214 907 4294 φιλοσοφίαν,
955 4211 1104 4286 εἷ’περ
1166 4216 1242 4287 μὴ
1299 4212 1598 4287 μέλλοιμεν
1650 4212 1929 4275 παντελῶς

274 4304 378 4375 ἔξω
426 4309 524 4360 τοῦ
580 4303 752 4359 καλοῦ
800 4304 1041 4376 πίπτειν,
1097 4302 1237 4376 μηδὲ
1284 4302 1504 4379 ἀλογίαν
1535 4304 1931 4377 κατακριθήσε-

273 4405 396 4457 σθαι
446 4390 665 4469 λογικοὶ
714 4391 1019 4468 γεγονότες,
1061 4391 1149 4446 καὶ
1199 4388 1287 4445 διὰ
1338 4390 1505 4466 λόγου
1554 4391 1691 4466 πρὸς
1752 4389 1927 4465 Λόγον

272 4478 617 4545 σπεύδοντες·
651 4480 1032 4559 Φιλοσοφείτω
1064 4477 1120 4535 δὲ
1150 4482 1284 4553 ἡμῖν
1319 4480 1393 4541 ὡς
1425 4479 1474 4533 ὲν
1528 4484 1635 4533 τῶν
1684 4475 1867 4533 ἄλλων
1901 4479 1927 4532 ὁ

273 4571 433 4647 ἀνὴρ,
486 4572 549 4626 τὸ
607 4570 956 4639 ἐπαινεῖσθαι,
1003 4569 1092 4623 καὶ
1138 4568 1461 4644 καρτερείτω
1504 4569 1601 4637 τὴν
1634 4566 1926 4645 εὐφημίαν.

275 4659 352 4713 Οὐ
408 4660 511 4735 γὰρ
565 4658 657 4714 ’ἱνα
714 4661 1068 4735 χαρισώμεθα
1136 4657 1525 4730 ἐπαινεσόμεθα
1598 4655 1773 4731 (ἴσμεν
1830 4660 1927 4711 τοῦ

274 4747 582 4826 φιλοσόφου
606 4749 670 4803 τὸ
700 4747 1055 4825 ἀφιλότιμον,
1091 4747 1179 4801 καὶ
1210 4748 1345 4822 πρὸς
1377 4767 1440 4820 γε
1470 4742 1621 4799 οὐδὲν
1655 4744 1713 4799 ἂν
1774 4744 1800 4798 ὁ
1834 4744 1927 4799 λό-

1961 3452 2015 3517 Α

2036 3191 2148 3266 (73)
2182 3192 2363 3248 Carm.
2396 3193 2459 3249 de
2488 3194 2608 3249 vita
2635 3209 2757 3265 sua,
2787 3209 2938 3249 vers.
2970 3192 3075 3248 994
3106 3197 3163 3251 et
3191 3210 3312 3267 seq.

2438 3447 2889 3535 ORATIO
2964 3449 3221 3537 XXV
3251 3451 3306 3537 ⁸.

2293 3583 2450 3638 454
2488 3582 2548 3636 In
2595 3580 2813 3635 laudem
2855 3582 3085 3638 Heronis
3109 3580 3438 3653 philosophi.

2114 3672 2156 3725 Ι.
2192 3669 2612 3740 Philosophum
2646 3668 2920 3740 laudabo,
2951 3671 3187 3726 tametsi
3226 3685 3467 3741 corpore
3495 3684 3646 3739 aeger
3676 3684 3689 3725 :

2042 3760 2096 3813 id
2130 3760 2285 3815 enim
2320 3757 2795 3830 philosophieum
2828 3762 2952 3814 est:
2987 3757 3238 3814 laudabo
3271 3761 3466 3813 autem
3498 3757 3699 3812 admo-

2043 3850 2184 3903 dum
2235 3847 2463 3902 merito.
2494 3846 2594 3901 Ille
2642 3848 2799 3901 enim
2850 3846 3239 3918 philosophus
3288 3850 3396 3915 est,
3429 3861 3534 3918 ego
3568 3862 3699 3901 vero

2042 3936 2340 4008 sapientia:
2389 3934 2595 3989 cultor.
2631 3938 2708 3989 Ac
2759 3935 3001 4005 proinde
3049 3952 3165 3990 non
3215 3936 3535 4006 incongrue
3583 3934 3692 4000 hoc

2043 4026 2234 4081 laudis
2267 4040 2483 4079 munus
2516 4023 2794 4095 suscipio,
2822 4028 2907 4089 ut,
2933 4023 2981 4079 si
3013 4023 3159 4079 nihil
3191 4023 3372 4091 aliud,
3394 4024 3505 4080 hoc
3534 4027 3688 4079 certe

2042 4115 2278 4171 nomine
2331 4112 2727 4184 philosopher,
2769 4112 2923 4183 quod
2978 4112 3396 4185 philosophum
3453 4113 3689 4167 laudem

2041 4211 2217 4274 atque
2248 4201 2521 4257 admirer.
2554 4203 2667 4255 Aut
2696 4200 2851 4255 enim
2878 4200 3259 4273 philosophias
3281 4217 3518 4273 operam
3548 4202 3688 4256 dare

2040 4297 2286 4365 oportet,
2320 4297 2384 4345 ut
2424 4306 2529 4361 ego
2574 4305 2808 4357 censeo,
2839 4295 2942 4345 aut
2990 4290 3421 4363 philosOphiam
3470 4289 3688 4345 honore

2040 4380 2368 4454 complecti;
2394 4396 2465 4435 ne
2495 4378 2711 4450 alioqui
2737 4396 2771 4433 a
2792 4384 2947 4435 recto
2978 4385 3150 4450 atque
3181 4380 3423 4435 honesto
3446 4394 3688 4450 prorsus

2040 4471 2395 4539 excidamus,
2413 4484 2476 4523 ac
2492 4467 2675 4521 bruta
2692 4467 3001 4538 cujusdam
3019 4467 3296 4524 vecordiae
3313 4467 3683 4537 damnemur,

2039 4560 2139 4632 qui
2174 4557 2413 4614 rationis
2446 4554 2759 4629 participes
2808 4557 2983 4611 creati
3015 4572 3245 4622 sumus,
3277 4572 3343 4611 ac
3372 4570 3475 4627 per
3504 4554 3686 4611 ratio-

2040 4666 2171 4705 nem
2196 4648 2267 4703 ad
2294 4646 2547 4702 Verbum
2572 4661 2973 4717 prOperamus.
3002 4644 3408 4717 Philosophice
3427 4660 3683 4716 quoque,

2041 4745 2103 4794 ut
2132 4737 2266 4808 alia,
2288 4735 2373 4791 vir
2393 4734 2488 4789 hic
2521 4734 2668 4789 ferat
2686 4750 2748 4789 se
2773 4733 3019 4800 laudari,
3042 4751 3108 4789 ac
3128 4734 3410 4790 virtutum
3437 4748 3682 4788 suarum

272 4822 374 4911 γος
428 4822 688 4909 προσθείη
747 4822 863 4898 τοῖς
920 4836 1233 4911 πράγμασιν
1288 4838 1425 4908 (76),
1482 4835 1562 4888 ὃτι
1603 4835 1676 4907 μὴ
1711 4834 1926 4902 καὶτῆς

2046 4825 2509 4900 praedicationem
2541 4838 2706 4893 aequo
2736 4823 2930 4877 animo
2962 4822 3229 4895 accipiat.
3262 4823 3387 4879 Non
3431 4822 3589 4878 enim
3622 4825 3684 4877 ut

270 4925 420 4995 ἀξίας
469 4925 747 4998 ἐλαττώσῃ
804 4928 916 4998 (77)
968 4923 1057 4980 διὰ
1101 4927 1199 4993 τῆς
1235 4922 1504 4988 ἀσθενείας
1531 4930 1631 4992 τῆς
1692 4922 1925 4995 ἑαυτοῦ),

274 5012 403 5068 ἀλλ’
446 5013 514 5067 ’ἶν’
566 5016 713 5086 ἡμᾶς
769 5011 963 5074 αὐτοὺς
1021 5010 1417 5091 ὠφελήσωμεν.
1475 5016 1642 5066 Τοῦτο
1700 5010 1800 5087 γὰρ
1831 5009 1927 5063 οὐκ

351 5140 426 5207 (a)
461 5139 614 5195 Alias
643 5155 784 5193 xxm
817 5154 830 5193 :
865 5154 988 5207 quae
1023 5143 1219 5193 autem
1268 5140 1339 5193 25
1387 5141 1529 5203 erat,
1563 5154 1715 5191 nunc
1744 5137 1833 5190 33.
1861 5167 1923 5176 —

276 5210 491 5266 Habita
521 5209 1042 5280 Constantinopoli,
1077 5214 1321 5280 exeunte
1351 5226 1502 5264 anno
1533 5210 1656 5280 379.

351 5282 465 5353 (74)
499 5279 587 5356 Ρξς
636 5284 845 5356 Ἡρῶνα
892 5278 988 5356 τὸν
1022 5278 1345 5356 φιλόσοφον.
1379 5280 1472 5356 ξίς)
1521 5278 1780 5356 plerique
1812 5292 1925 5356 'co-

271 5344 459 5424 dides:
521 5354 657 5424 Reg.
702 5344 799 5407 'hu
848 5344 1091 5424 aaddit';
1153 5344 1538 5424 '_AXeEavSpéa,—
1593 5344 1925 5424 éﬁepmetvra

272 5418 367 5477 διὰ
393 5424 491 5493 τὴν
522 5416 724 5492 πίστιν,
774 5421 864 5477 καὶ
914 5416 1453 5493 ἐπανελθόντα’μετὰ
1486 5416 1515 5475 τ
1559 5416 1691 5487 ιετίῆ
1749 5416 1922 5492 ρόνον.

272 5493 500 5547 Ἐὂὸἑθῇ
534 5496 584 5547 ἐν
614 5493 1201 5547 Κωνσταντινουπόλει⁶
1236 5518 1263 5543 ι(
1300 5494 1361 5547 In
1407 5439 1638 5547 laudem
1682 5438 1922 5546 Ῑῖυτοηίε

267 5492 500 5570 Ἐῥᾷἐθη
534 5496 584 5549 ἐν
614 5493 1263 5570 Κωνσταντινοοπόλει·ί‹‹
1300 5492 1363 5570 In
1407 5492 1638 5570 laudern
1682 5492 1924 5570 Ileronis

271 5563 608 5642 philosdphi
635 5568 1029 5632 Alexandrini,
1055 5570 1125 5642 ob
1153 5569 1325 5642 ﬁdem
1350 5566 1409 5642 in
1432 5564 1699 5642 exsilium
1737 5563 1922 5642 missi,

273 5634 343 5713 ac
380 5634 855 5713 postitriennium
890 5639 1121 5713 reversi.
1150 5634 1867 5713 DictaConstantinopoli.
1898 5656 1925 5683 ››

286 5708 395 5768 δίο
419 5711 625 5770 Billius
648 5714 835 5779 vertit,
859 5711 1126 5782 quamvis
1146 5710 1204 5765 in
1229 5708 1397 5765 editis
1420 5708 1645 5783 legatur
1663 5711 1927 5765 tantum:

2039 4918 2110 4972 ab
2142 4916 2269 4986 ipso
2295 4913 2549 4986 gratiam
2578 4911 2866 4980 ineamus,
2896 4927 3030 4966 eum
3062 4912 3438 4968 laudabimus
3470 4912 3683 4983 (neque

2038 5020 2145 5059 nos
2177 5002 2346 5073 fugit,
2370 5016 2544 5070 quam
2577 5000 2649 5054 ab
2694 4998 2932 5055 honoris
2979 5000 3297 5071 cupiditate
3346 4999 3682 5072 philosophi

2037 5127 2127 5201 El:
2158 5127 2369 5201 ’Πρῶνα
2391 5123 2524 5201 ’τὸν-
2548 5120 2863 5201 φιλόσοφον.
2896 5120 3147 5201 ἀπο-’τῆς
3198 5123 3403 5201 ξξρρζας
3453 5122 3681 5201 {Eme}-

2036 5193 2269 5279 θόνταο’‹‹
2297 5198 2360 5279 [ι]
2390 5193 2624 5279 laudern
2658 5193 2899 5279 Neronis
2931 5194 3263 5279 philosophi
3287 5193 3364 5251 ab
3396 5195 3566 5279 exilio
3598 5211 3683 5249 re-

2035 5272 2205 5326 versi,
2234 5292 2260 5317 ››
2293 5270 2574 5322 Craterum
2607 5267 2664 5320 in
2699 5266 3341 5337 monito’probavimus,
3369 5284 3477 5321 non
3511 5271 3681 5337 Hero-

2037 5361 2192 5410 nem,
2226 5342 2327 5396 sed
2360 5339 2679 5411 Maximum
2702 5336 3125 5411 philosophum
3169 5340 3447 5411 Cynicum
3478 5338 3536 5391 in
3568 5336 3677 5392 hac

2037 5361 2192 5410 nem,
2226 5354 2327 5396 sed
2360 5354 3125 5463 maximumtpnuosopnum
3169 5354 3228 5411 ul

2036 5414 2295 5472 oratione
2327 5429 2360 5467 a
2386 5410 2659 5472 Gregorio
2717 5410 2873 5466 uisse
2905 5410 3228 5466 laudatum.

2107 5487 2217 5556 (75)
2248 5484 2469 5555 Κάμνω.
2502 5479 2699 5556 ὒοὶει,
2727 5482 2775 5556 1.,
2806 5479 3044 5554 κάμνων.

2108 5546 2220 5628 (76)
2255 5546 2557 5631 Πρᾶγμασι.
2610 5546 2782 5609 (ἶοὶεΓ.
2837 5546 2890 5608 1’
2919 5559 2972 5608 et
3022 5552 3138 5624 alii,
3174 5549 3427 5622 θαύμασι,
3459 5573 3477 5598 u
3518 5546 3678 5608 miris

2036 5632 2230 5688 rebus.
2262 5651 2290 5677 ››

2107 5703 2218 5777 (77)
2252 5695 2581 5771 Ἐλαττώσῃ.
2617 5695 2801 5768 Forte,
2834 5691 3143 5750 ἐλαττώσει.
3177 5693 3330 5749 Εῡιτ.
