4094 6212
257 442 407 504 1201

1038 440 1330 502 ORATIO
1373 437 1760 498 XXV.—IN
1810 437 2135 498 LAUDEM
2181 437 2523 498 HERONIS
2573 438 2872 501 PHILOS.

3524 444 3546 501 l
3561 444 3679 505 202

251 579 360 640 θεῖν
388 576 505 636 τοῖς
538 571 761 635 οἰκείοις
791 575 1009 628 πάθεσιν
1043 570 1469 639 ἐκδιδάσκοντος,
1502 572 1589 625 καὶ
1624 571 1696 624 ὧν
1732 569 1888 623 ἆθλον

2020 570 2433 641 patrocinium,
2457 575 2709 644 tempus,
2734 577 2791 629 et
2823 590 2924 644 pro
2967 591 3027 630 re
3070 574 3330 646 legitima
3360 582 3674 631 consuetu-

250 664 491 739 ούρανῶν
529 661 796 737 βασιλεία,
830 662 918 717 καὶ
952 664 1078 718 Θεὸν
1112 662 1354 737 γενέσθαι
1383 664 1481 714 τοῦ
1531 661 1718 714 παθεῖν
1766 659 1904 731 ὑψη-

251 752 496 828 λότερον.

2018 658 2215 716 dinem
2244 665 2747 732 assumpserunt);
2772 679 2967 718 verum
2988 664 3277 720 haeresum
3300 664 3673 721 mendacium

2017 749 2320 819 deviceris,
2352 750 2411 805 in
2444 749 2723 807 honorem
2762 753 2857 807 Dei
2887 753 3153 822 viventis,
3179 754 3279 825 qui
3312 771 3418 810 nos
3442 772 3672 827 quoque

248 863 354 916 per
383 861 525 901 suos
555 843 851 899 cruciatus
883 844 955 897 ad
996 842 1336 897 subeundos
1379 839 1674 895 cruciatus
1721 837 1935 903 erudit,
1972 854 2220 908 quorum
2252 840 2429 894 etiam
2462 841 2852 896 certaminum
2886 843 3215 914 praemium,
3247 844 3375 900 cceli
3425 861 3669 917 regnum

247 937 355 998 est,
389 949 456 988 ac
487 937 667 988 Deum
701 932 870 999 efﬁci,
905 932 1065 987 omni
1095 930 1316 986 doloris
1347 946 1523 984 sensu
1558 928 1981 983 sublimiorem.

320 1020 390 1077 I“.
422 1017 598 1074 Ἀλλὰ
624 1016 706 1080 τίς
738 1020 772 1087 ἡ
806 1017 1098 1093 ἀδάρῥησις
1127 1037 1139 1087 ;
1173 1016 1234 1071 Εἰ
1273 1019 1362 1089 μὲν
1415 1017 1512 1083 τήν
1570 1015 1907 1086 συντυμωτέ-

249 1128 342 1183 ραν
401 1112 618 1170 ποθεῖτε
673 1105 764 1160 καὶ
811 1105 1265 1182 γνωριμωτέραν·
1320 1105 1487 1165 Οὗτος
1518 1112 1616 1172 τῆς
1649 1102 1902 1168 ἀληθείας

247 1196 554 1270 ἀγωνιστής
606 1193 1015 1268 ἀψευδέστατος,
1063 1196 1153 1249 καὶ
1191 1201 1290 1263 τῆς
1321 1192 1547 1268 Τριάδος
1581 1193 1899 1267 ὑπὲρμαχος

247 1283 413 1360 ἄχρις
444 1282 693 1357 αἶ’ματος,
726 1284 815 1339 καὶ
844 1289 952 1339 τῶν
984 1282 1288 1338 διωκόντων
1334 1288 1414 1354 τῷ
1462 1288 1635 1336 ποιεῖν
1697 1285 1897 1351 κακῶς,

246 1378 324 1444 τῷ
352 1375 586 1448 πάσχειν
620 1373 921 1449 προθύμως
954 1371 1191 1442 διώκτης
1219 1392 1231 1404 °
1267 1369 1419 1426 οὐδὲν
1452 1372 1555 1446 γὰρ
1589 1369 1732 1425 οὕτω
1778 1374 1900 1439 νικᾷ

244 1462 334 1517 τὸν
366 1462 653 1531 διώκοντα,
686 1462 759 1524 ὡς
788 1462 1066 1537 προθυμία
1094 1465 1191 1515 τοῦ
1218 1461 1541 1535 πάσχοντος.
1594 1459 1657 1513 Εἰ
1702 1456 1758 1513 δὲ
1799 1460 1898 1526 τὴν

242 1548 573 1625 τελεωτέραν
782 1550 872 1605 καὶ
924 1549 1260 1623 πλατυτέραν
1287 1567 1300 1579 ·
1346 1548 1517 1609 Οὗτος
1548 1549 1767 1623 ἄριστος
1806 1548 1897 1618 μὲν

242 1638 293 1711 ἐξ
332 1639 587 1715 ἀρίστων,
645 1640 735 1695 καὶ
786 1638 838 1710 ἐξ
888 1638 1121 1714 εὐγενῶν
1172 1634 1558 1713 εὐγενέστατος.
1622 1635 1901 1711 Εὐγένειαν

244 1725 299 1783 δὲ
331 1730 501 1804 λέγω,
536 1728 645 1803 οὐχ
700 1730 761 1797 ἢν
822 1729 874 1782 οἱ
932 1726 1137 1782 πολλοὶ
1196 1726 1510 1799 νομίζουσιν
1538 1744 1549 1757 '
1586 1722 1791 1800 ἅπαγεῐ
1826 1723 1898 1778 Ού

244 1818 378 1892 πρὸς
409 1820 569 1890 ἡμῶν
601 1816 742 1872 οὕτω
773 1817 1062 1890 θαυμάζειν
1093 1819 1227 1890 (87),
1262 1813 1385 1870 οὐδὲ
1433 1812 1753 1892 φιλόσοφον,
1797 1814 1895 1881 τὴν

2091 1016 2185 1069 ΙΙΙ.
2222 1017 2527 1079 Quodnam
2561 1022 2755 1073 autem
2788 1018 2895 1073 hoc
2930 1020 3284 1090 praeconium
3315 1022 3451 1077 est?
3480 1022 3669 1093 Siqui-

2016 1106 2148 1158 dem
2185 1105 2419 1160 brevius
2467 1110 2523 1161 et
2570 1108 2766 1162 notius
2818 1109 3236 1179 quasritis,erit
3281 1110 3665 1182 hujusmodi:

2019 1192 2119 1247 Ilic
2164 1199 2253 1247 est
2282 1194 2544 1248 veritatis
2594 1194 2813 1250 athleta
2856 1197 3221 1267 verissimus,
3256 1204 3312 1253 et
3364 1201 3669 1256 Trinitatis

2018 1283 2087 1335 ad
2143 1283 2493 1353 sanguinem
2530 1300 2717 1353 usque
2768 1291 3186 1357 propugnator,
3220 1292 3392 1357 atque
3442 1304 3665 1356 eorum,

2019 1370 2117 1441 qui
2154 1371 2373 1442 ipsum,
2404 1371 2635 1442 injuriae
2667 1373 2979 1428 inferendae
3010 1390 3207 1441 causa,
3241 1378 3664 1446 persequeban-

2016 1465 2129 1526 tur,
2156 1476 2256 1531 per
2279 1460 2534 1529 patiendi
2556 1460 2917 1516 alacritatem
2946 1467 3300 1533 persecutor.
3329 1464 3483 1519 Nihil
3506 1464 3663 1521 enim

2014 1552 2440 1619 persecutorem
2492 1550 2570 1603 ita
2599 1555 2855 1621 superat,
2875 1554 2941 1605 ut
2973 1551 3246 1621 patientis
3278 1552 3568 1608 alacritas.
3602 1555 3661 1610 Si

2012 1653 2141 1692 vero
2170 1637 2483 1708 perfectius
2524 1642 2581 1693 et
2624 1638 2801 1694 latius
2851 1639 3180 1710 postulatis,
3203 1641 3319 1697 tale
3366 1642 3475 1697 erit
3508 1659 3520 1697 :
3556 1642 3659 1698 Hic

2010 1743 2077 1780 ex
2108 1725 2349 1796 optimis
2380 1725 2659 1796 optimus,
2692 1732 2749 1781 et
2785 1744 2853 1782 ex
2901 1727 3195 1783 nobilibus
3228 1729 3654 1787 nobilissimus.

2013 1813 2381 1869 Nobilitatem
2414 1819 2608 1869 autem
2654 1816 2803 1882 dico,
2837 1833 2951 1871 non
2983 1817 3137 1873 456
3177 1834 3351 1889 quam
3398 1818 3659 1891 plerique

244 1903 305 1959 ἰκ
334 1904 516 1978 μύθων
549 1906 638 1961 καὶ
666 1906 848 1983 τάφων
884 1905 1191 1980 ἐρχομένην
1238 1905 1326 1960 καὶ
1384 1903 1554 1959 πάλαι
1603 1904 1888 1974 σεσηπυίας

2008 1903 2380 1958 existimant:
2408 1904 2585 1958 absit!
2622 1904 2747 1958 Non
2779 1904 2937 1959 enim
2969 1910 3238 1961 nostrum
3265 1911 3373 1974 est,
3398 1924 3503 1962 nec
3534 1908 3659 1980 phi-

244 1993 489 2071 οφρύοδο
551 1994 677 2049 οὐδὲ
728 1996 825 2063 τὴν
874 1994 925 2065 ἐξ
972 1994 1218 2067 αἱμάτων
1267 1995 1356 2049 καὶ
1400 1994 1737 2069 γραμμάτων
1780 1996 1893 2066 (88)

241 2085 691 2159 προσ-γινομένην,
722 2086 785 2152 ἣν
823 2083 1008 2146 νύκτες
1057 2086 1167 2157 (89)
1222 2082 1556 2158 χαρίζονται,
1608 2082 1697 2136 καὶ
1750 2083 1896 2157 βασι-

244 2170 382 2228 λέων
413 2170 548 2235 ’ίσως
581 2170 705 2227 οὐδὲ
736 2172 962 2248 εὐγενῶν
1012 2178 1216 2247 χεῖρες,
1266 2171 1736 2247 προστασσόντων,
1788 2170 1891 2224 ὣσ-

240 2279 340 2335 περ
399 2258 538 2317 ἄλλο
594 2283 669 2328 τι,
716 2262 814 2330 τήν
864 2261 1129 2336 εὐγένειαν
1162 2282 1173 2293 ·
1240 2261 1367 2317 ἀλλ’
1416 2261 1475 2329 ἣν
1524 2255 1765 2314 εὐσέϐεια
1794 2279 1892 2334 χλ-

240 2351 555 2426 ρακτηρίζει
584 2351 670 2405 καὶ
701 2350 930 2426 τρόπος,
962 2351 1051 2405 καὶ
1083 2353 1117 2420 ἡ
1150 2351 1286 2425 πρὸς
1314 2352 1377 2406 τὸ
1424 2354 1641 2426 πρῶτον
1690 2349 1891 2425 ἀγαθὸν

238 2436 454 2511 ἄνοδος,
504 2439 623 2494 ὅθεν
675 2440 998 2515 γεγόναμεν.
1048 2438 1264 2509 Ταύτης
1314 2437 1585 2509 ἀπόδειξις
1639 2438 1734 2510 μία
1788 2441 1885 2507 τῆς

237 2527 517 2603 εὐγενείας.
566 2528 643 2586 Ού
692 2530 794 2604 γὰρ
844 2528 1091 2599 ἀθλητὴς
1145 2529 1306 2601 μόνον
1358 2532 1492 2602 ἡμῖν
1546 2530 1573 2583 ὁ
1604 2525 1883 2603 γεννάδας,

234 2615 382 2672 ἀλλά
432 2618 521 2671 καὶ
572 2618 631 2671 ἐκ
675 2617 959 2692 μαρτύρων
987 2637 1000 2649 θ
1048 2617 1186 2672 ὣστε
1234 2616 1439 2681 ο’ίκοθεν
1486 2617 1632 2689 αὐτῷ
1678 2618 1739 2671 τὸ
1786 2619 1885 2685 τῆς

236 2704 431 2780 ἀρετῆς
477 2703 842 2781 παράδειγμα.
899 2706 1136 2777 Πολίτης
1188 2704 1264 2776 δὲ,
1315 2706 1475 2783 σοφίᾳ
1518 2707 1630 2778 μὲν,
1678 2713 1777 2775 τῆς
1810 2708 1886 2761 οἱ-

236 2794 508 2867 κουμένης
563 2795 771 2863 ἀπάσης
828 2792 976 2868 (οὐδὲ
1027 2796 1127 2870 γάρ
1188 2793 1433 2870 ἀνέχεται
1487 2800 1701 2867 μικροῖς
1734 2793 1883 2869 ὅροις

236 2884 440 2951 Κυνική
493 2884 980 2958 περιγράφεσθαι)·
1060 2884 1274 2950 σώματι
1335 2883 1412 2948 δὲ,
1473 2890 1570 2951 τῆς
1636 2882 1882 2953 ’Δλεξαν-

235 2968 402 3043 δρέων
461 2970 680 3031 πόλεως
728 2977 828 3039 τῆς
886 2970 978 3025 σὺν
1030 2972 1156 3042 ὑμῖν
1202 2972 1335 3043 (90),
1387 2973 1421 3039 ἢ
1459 2973 1571 3043 μεθ’
1600 2972 1738 3043 ὑμᾶς
1773 2974 1886 3045 (91)

234 3058 433 3122 εὐθέως
487 3058 933 3133 ἀριθμουμένης*
988 3062 1053 3127 ἧς
1111 3064 1241 3113 πᾶσι
1285 3061 1499 3113 πάντων
1555 3059 1881 3134 κρατούσης,

236 3146 507 3223 θερμότης
549 3148 611 3202 τὸ
661 3145 956 3202 ἶδιαίτατον
1020 3151 1152 3221 (92),
1200 3147 1289 3202 καὶ
1335 3147 1535 3218 ταύτης
1576 3150 1638 3202 τὸ
1687 3148 1881 3205 κάλλι-

2006 1989 2395 2061 losophicum,
2421 2008 2547 2046 eam
2582 1992 2884 2059 admirari,
2910 2010 3036 2065 qua
3064 2011 3099 2048 a
3127 1994 3342 2050 fabulis
3374 2000 3432 2051 et
3460 1996 3658 2068 sepul-

2005 2080 2139 2146 cris,
2175 2097 2239 2135 ac
2283 2080 2596 2152 supercilio
2629 2081 2985 2153 jampridem
3036 2084 3359 2153 putrefacto
3409 2089 3609 2140 manat
3643 2103 3655 2141 :

2007 2186 2107 2223 nec
2147 2186 2297 2235 eam,
2332 2185 2459 2239 qua:
2508 2186 2575 2224 ex
2624 2170 3014 2242 sanguinibus
3069 2176 3126 2227 et
3181 2172 3391 2227 litteris
3448 2174 3653 2241 oritur,

2004 2275 2179 2327 quam
2206 2262 2405 2313 noctes
2438 2258 2786 2329 largiuntur,
2812 2276 2876 2315 ac
2901 2276 3101 2331 regum
3133 2260 3481 2332 ignobilium
3507 2279 3651 2333 quo-

2002 2364 2114 2419 que
2165 2348 2411 2402 fortasse
2459 2364 2692 2413 manus,
2743 2348 3124 2420 nobilitatem,
3164 2350 3317 2405 velut
3363 2352 3645 2422 quiddam

1998 2435 2179 2503 aliud,
2205 2436 2542 2506 jubentium
2572 2455 2585 2493 :
2611 2438 2709 2492 sed
2734 2454 2911 2508 quam
2945 2438 3128 2509 pietas
3148 2443 3203 2493 et
3225 2455 3417 2495 mores
3440 2444 3647 2496 notant

1997 2531 2170 2597 atque
2200 2526 2479 2591 indicant,
2502 2532 2557 2582 et
2587 2527 2657 2581 ad
2692 2528 2950 2597 primum
2981 2526 3124 2593 illud
3166 2527 3407 2599 bonum,
3431 2545 3496 2586 ex
3524 2547 3640 2601 quo

1997 2617 2280 2687 originem
2310 2618 2617 2686 traximus,
2650 2634 2952 2673 ascensus.
2976 2618 3166 2687 Hujus
3188 2618 3509 2674 nobilitatis
3532 2620 3641 2676 hoc

1997 2723 2182 2761 unum
2205 2711 2617 2778 argumentum
2640 2710 2746 2761 est.
2772 2707 2999 2761 Etenim
3028 2724 3141 2761 non
3168 2712 3393 2762 tantum
3420 2713 3644 2782 martyr

1997 2797 2120 2866 ipse
2150 2812 2468 2867 generosus
2516 2795 2756 2859 exstitit,
2789 2796 2888 2851 sed
2922 2795 3097 2850 etiam
3147 2812 3216 2851 ex
3264 2798 3643 2869 martyribus.

1998 2887 2197 2956 Itaque
2237 2884 2468 2940 virtutis
2498 2884 2827 2955 exemplum
2873 2885 2999 2949 ipse
3047 2884 3204 2939 domi
3254 2886 3478 2941 habuit.
3508 2888 3641 2942 Jam

1996 2976 2145 3046 quod
2172 2975 2239 3028 ad
2266 2975 2556 3029 civitatem
2580 2972 2806 3043 attinet,
2830 2974 2877 3027 si
2904 2973 3141 3045 quidem
3170 2974 3471 3045 sapientia?
3499 2976 3645 3031 ratio

1996 3063 2301 3132 habeatur,
2327 3062 2507 3117 totius
2529 3062 2687 3117 orbis
2712 3066 3003 3117 terrarum
3033 3067 3124 3118 est
3144 3063 3287 3119 civis
3310 3080 3322 3117 :
3351 3078 3454 3119 nec
3486 3064 3642 3119 enim

1995 3151 2352 3223 cynicismus
2382 3151 2608 3222 exiguis
2648 3151 2867 3206 ﬁnibus
2910 3151 3311 3207 circumscribi
3358 3153 3642 3222 sustinet;

235 3256 380 3307 στον,
433 3235 882 3309 Χριστιανισμὸς,
928 3236 1017 3291 καὶ
1064 3239 1099 3305 ἡ
1138 3237 1261 3311 περὶ
1292 3241 1452 3292 τοῦτο
1482 3240 1593 3312 (93)
1635 3236 1887 3309 διάθεσις,

2006 3242 2050 3295 si
2080 3257 2211 3295 vero
2245 3257 2455 3312 corpus
2487 3244 2840 3313 spectemus,
2865 3238 3214 3296 Alexandria
3244 3246 3409 3297 ortus
3437 3246 3545 3310 est,
3579 3259 3649 3299 ex

236 3324 294 3379 έκ
365 3324 736 3400 προαιρέσεως
819 3325 913 3397 μὲν
987 3325 1274 3401 ἀρχομένη
1346 3325 1416 3399 τῇ
1474 3324 1531 3381 δὲ
1587 3327 1737 3405 φύσει
1803 3330 1890 3403 βε-

234 3407 561 3486 ϐαιουμένη.
642 3416 718 3485 Τῇ
802 3413 908 3489 γὰρ
988 3408 1231 3486 εὐσεϐείᾳ
1301 3414 1363 3468 τὸ
1439 3416 1635 3490 θερμὸν
1722 3437 1889 3490 προσ-

1992 3347 2059 3385 ea
2089 3330 2371 3385 nimirum
2415 3329 2667 3397 civitate,
2694 3346 2819 3400 qua;
2849 3329 2940 3384 vel
2971 3346 3106 3385 cum
3145 3334 3358 3401 vestra,
3374 3330 3463 3386 vel
3495 3336 3647 3388 certe

1992 3421 2192 3475 statim
2228 3425 2360 3491 post
2408 3433 2537 3473 eam
2580 3421 2927 3473 numeratur
2959 3437 2971 3475 :
3006 3435 3154 3490 quae,
3184 3436 3316 3475 cum
3368 3421 3643 3477 omnibus

237 3509 520 3577 χωρῆσαν,
585 3500 753 3571 ζῆλος
805 3501 1055 3578 ἐγένετο·
1107 3502 1276 3572 ζῆλος
1335 3502 1413 3573 δὲ,
1472 3504 1739 3581 ἀσφάλεια
1796 3507 1888 3560 πί-

2006 3510 2168 3563 ~ebus
2191 3508 2365 3563 urbes
2387 3522 2590 3561 omnes
2618 3505 2945 3573 antecellat,
2971 3506 3119 3562 nihil
3140 3513 3337 3564 tamen
3368 3513 3488 3563 tam
3515 3526 3643 3581 pro-

239 3609 427 3652 στεως.

1990 3599 2180 3668 prium
2215 3597 2411 3663 habet,
2437 3612 2613 3666 quam
2664 3596 2996 3651 animorum
3047 3596 3351 3667 fervorem,
3384 3602 3459 3666 et,
3484 3600 3638 3670 quod

232 3680 293 3735 in
323 3696 389 3736 eo
422 3680 942 3752 praeclarissimum
986 3686 1093 3743 est,
1126 3680 1470 3736 acerrimum
1502 3698 1640 3753 erga
1669 3684 2055 3743 Christianam
2103 3685 2437 3756 religionem
2470 3684 2758 3750 studium,
2790 3702 2823 3739 a
2851 3684 3151 3740 voluntate
3181 3686 3417 3757 quidem
3469 3690 3642 3757 atque

234 3767 418 3823 animi
449 3770 749 3840 proposito
778 3768 1130 3840 principium
1163 3769 1406 3835 ducens,
1439 3774 1708 3825 cmterum
1740 3790 1772 3825 a
1806 3780 2012 3829 natura
2055 3778 2256 3844 postea
2285 3774 2716 3827 confirmatum.
2752 3771 2943 3827 Animi
2972 3772 3127 3827 enim
3162 3773 3368 3843 fervor,
3402 3789 3534 3828 eum
3566 3774 3639 3829 ad

236 3858 511 3930 pietatem
538 3860 867 3926 accesserit,
896 3858 1081 3914 zelum
1114 3859 1268 3931 parit
1300 3876 1312 3915 :
1344 3858 1502 3914 zelus
1535 3865 1729 3916 autem
1764 3864 1895 3918 fidei
1924 3864 2261 3936 praesidium
2293 3866 2403 3917 est.

308 3948 375 4004 Δ’.
409 3946 641 4022 Τραφεὶς
672 3944 729 4001 δὲ
760 3946 904 4001 οὕτω
934 3947 1022 4001 καὶ
1072 3944 1404 4013 παιδευθεὶς,
1466 3948 1541 4010 ὡς
1600 3948 1742 4011 εἰκὸς
1800 3951 1890 4004 τὸν

236 4034 296 4089 ἐκ
322 4034 585 4090 τοιούτων
637 4034 901 4110 γεγονότα
948 4036 1037 4090 καὶ
1079 4040 1327 4090 τοιοῦτον
1388 4034 1663 4109 ἐσόμενον,
1700 4036 1884 4107 ἐπειδὴ

240 4123 373 4198 βίων
433 4126 547 4197 (94)
605 4124 861 4201 αἱρέσεως
909 4126 1095 4199 καιρὸς
1146 4122 1318 4180 ἐδόκει
1370 4127 1451 4199 (ἦν
1500 4124 1743 4202 κρηπῖδα
1789 4132 1886 4181 τοῦ

233 4213 485 4288 πράττειν
536 4212 591 4267 εὖ
638 4216 672 4282 ἢ
717 4218 893 4276 κακῶς
926 4213 1034 4289 ἐγὼ
1064 4214 1324 4286 τίθεμαι),
1359 4212 1466 4269 εἶδέ
1495 4218 1609 4288 (95)
1638 4237 1689 4269 τι
1727 4215 1880 4292 μέγα,

232 4301 321 4356 καὶ
379 4301 644 4372 νεανικὸν,
702 4302 792 4357 καὶ
840 4308 946 4358 τῶν
994 4300 1220 4357 πολλῶν
1266 4300 1626 4379 ὑψηλοτερον.
1661 4307 1885 4382 Τρυφήν

238 4392 331 4463 μὲν
363 4390 614 4463 ἀτιμάζει
645 4391 732 4445 καὶ
781 4392 1113 4466 περιουσίαν,
1166 4392 1252 4446 καὶ
1288 4389 1593 4446 δυνάστειαν
1626 4391 1816 4465 πλέον,
1850 4396 1882 4463 ἦ

233 4480 359 4541 τοὺς
408 4477 615 4541 ἄλλους
660 4481 711 4534 οἱ
756 4484 923 4535 ταῦτα
969 4480 1339 4555 προέχοντες’
1397 4482 1485 4535 καὶ
1541 4483 1639 4549 τὴν
1679 4483 1771 4554 μὲν
1804 4484 1879 4546 ὡς

2074 3952 2163 4006 IV.
2197 3951 2503 4005 Enimvero
2534 3966 2667 4005 cum
2702 3950 2806 4017 ita,
2838 3954 2904 4005 ut
2933 3966 3067 4005 eum
3097 3951 3358 4021 decebat,
3382 3952 3479 4025 qui
3512 3951 3640 4008 tali-

1997 4041 2108 4095 bus
2140 4045 2324 4104 ortus,
2358 4055 2423 4093 ac
2453 4038 2583 4094 talis
2631 4040 2865 4094 futurus
2910 4044 3056 4105 erat,
3090 4040 3372 4097 educatus
3402 4040 3645 4097 institu-

1998 4134 2211 4200 tusque
2236 4127 2461 4193 fuisset,
2489 4128 2732 4199 jamque
2754 4132 2986 4200 tempus
3012 4128 3311 4201 postulare
3329 4130 3645 4200 videretur,

1998 4223 2061 4273 ut
2088 4224 2310 4273 certum
2363 4217 2475 4273 sibi
2507 4219 2637 4272 vita;
2686 4234 2873 4289 genus
2921 4218 3300 4274 constitueret
3331 4220 3508 4290 (quod
3542 4235 3648 4291 ego

1997 4310 2141 4363 tanti
2177 4306 2458 4363 momenti
2503 4324 2633 4363 esse
2676 4308 2846 4373 duco,
2879 4312 2943 4362 ut
2971 4307 3151 4363 totius
3182 4308 3328 4377 vitm,
3351 4307 3437 4363 vel
3470 4312 3644 4375 recte,

1992 4398 2079 4451 vel
2115 4396 2265 4451 male
2296 4397 2666 4451 traducendas
2700 4397 3146 4451 fundamentum
3188 4396 3247 4451 in
3288 4413 3354 4452 eo
3386 4397 3642 4469 positum

1991 4502 2118 4541 esse
2150 4485 2395 4557 putem),
2420 4486 2611 4555 majus
2639 4484 2919 4555 quiddam
2949 4490 3125 4556 atque
3148 4486 3639 4559 excelsius,quam

234 4569 457 4643 πρώτην
507 4571 889 4638 κακοπάθειαν,
938 4570 1037 4637 τὴν
1085 4566 1142 4622 δὲ
1173 4569 1249 4630 ὡς
1280 4568 1515 4644 ἐσχάτην
1542 4571 1749 4641 πενίαν,
1778 4574 1877 4640 τὴν

2006 4576 2200 4647 vulgus
2231 4575 2434 4644 soleat,
2459 4575 2655 4659 animo
2685 4574 2907 4646 agitare
2960 4575 3150 4645 coepit.
3183 4575 3431 4631 Delicias
3459 4577 3639 4649 enim,

234 4653 293 4711 δὶ
349 4658 422 4720 ὡς
481 4656 751 4713 ἀσθένειαν
808 4660 908 4726 τὴν
971 4656 1248 4724 ἀνωτάτω,
1310 4655 1552 4712 διαπτύει
1612 4661 1701 4714 καὶ
1751 4661 1880 4715 ἀπο-

233 4744 522 4819 πέμπεται.
573 4744 740 4803 Οὐδὲν
794 4746 896 4822 γὰρ
957 4747 1150 4821 ἀγαθὸν
1207 4746 1362 4818 εἶναι,
1397 4746 1426 4800 ὅ
1460 4750 1596 4820 μήτε
1630 4747 1879 4825 βελτίους

233 4840 382 4891 ποιεῖ
434 4835 561 4898 τοὺς
619 4837 1007 4908 κεκτημένους,
1067 4833 1213 4891 ἀλλά
1264 4836 1353 4891 καὶ
1411 4836 1631 4912 χείρους
1689 4840 1762 4901 ὡς
1817 4842 1883 4895 τὰ

230 4923 448 4979 πολλά·
487 4926 625 4997 μήτε
657 4922 745 4979 διὰ
771 4924 965 4987 τέλους
996 4924 1287 5002 παραμένει
1319 4930 1435 4987 τοῖς
1474 4925 1683 5002 ἔχουσι.
1718 4929 1883 4984 Φιλο-

234 5014 425 5090 σοφίαν
470 5011 527 5068 δὲ
586 5010 905 5089 προΐσταται
960 5015 1057 5083 τὴν
1121 5012 1402 5070 δέσποιναν
1447 5022 1554 5071 τῶν
1584 5021 1761 5074 παθῶν
1792 5020 1881 5073 καὶ

232 5104 312 5173 τῷ
342 5100 497 5175 καλῷ
526 5097 835 5178 προσϐαίνει
868 5109 1149 5176 νεανικῶς,
1181 5106 1271 5159 καὶ
1313 5104 1420 5158 ἀπὸ
1474 5113 1572 5174 τῆς
1603 5106 1740 5176 ὕλης
1796 5108 1880 5162 τέ-

448 5261 907 5339 Τελεω-τέρανεΙῃ
939 5264 1260 5339 nonnullis,
1293 5260 1624 5339 τελεωτέραν
1650 5286 1730 5322 τε.

328 5336 396 5389 87
452 5334 773 5407 Θαυμάζειν.
806 5336 978 5393 Coisl.
1017 5338 1068 5399 1,
1100 5334 1311 5419 φιλοσοι
1340 5339 1438 5417 εῖν.

328 5336 419 5461 88)
456 5408 818 5461 Γραμμάτων.
853 5432 881 5459 ‹‹
917 5408 1171 5461 Litteris.
1212 5429 1239 5455 »
1284 5356 1387 5461 1110
1436 5434 1438 5453 ι

328 5406 419 5480 88)
456 5408 818 5480 Γραμμάτων.
853 5432 881 5459 ‹‹
917 5406 1171 5464 Litteris.
1212 5429 1239 5455 »
1265 5406 1387 5480 _Hic
1436 5406 1740 5480 observare
1780 5410 1881 5480 ju—

229 5484 349 5543 vat,
382 5477 533 5552 inte'r
557 5477 747 5535 varias
772 5480 1093 5535 nobilitatis
1124 5477 1368 5549 species,
1393 5492 1519 5552 eam
1555 5496 1587 5552 ο.
1608 5477 1882 5552 Gregorio

236 5550 559 5615 numerari,
593 5569 719 5623 quae
764 5552 1096 5623 principum
1136 5552 1324 5605 favore
1369 5554 1426 5604 et
1466 5550 1883 5622 diplomatibus

237 5627 628 5689 comparatur.

277 5692 425 5815 ί(89)
457 5692 676 5755 Νύκτες.
727 5694 959 5750 Schol.:
1008 5697 1321 5765 Νυκτεριναι
1380 5690 1646 5764 σωμάτιον
1694 5714 1881 5748 συνου-

238 5783 371 5817 σαι.

1990 4670 2048 4719 et
2080 4681 2241 4736 opes,
2264 4668 2320 4719 et
2346 4650 2660 4735 potentiam
2692 4664 2880 4735 magis
2903 4668 3268 4735 aspernatur,
3294 4681 3468 4738 quam
3492 4666 3640 4721 alios

1995 4753 2293 4825 aspernari
2325 4753 2514 4809 solent
2542 4752 2601 4823 ii,
2625 4753 2722 4823 qui
2763 4753 2855 4808 his
2888 4753 3062 4809 rebus
3092 4753 3399 4810 excellunt.
3423 4760 3504 4811 Ac
3535 4757 3639 4812 de-

1994 4841 2159 4897 licias
2181 4843 2439 4914 quidem,
2456 4846 2520 4897 ut
2541 4840 2790 4913 primam
2815 4857 3137 4898 arumnam
3160 4847 3216 4898 et
3238 4843 3633 4909 afﬂictionem,

1993 4948 2131 5003 opes
2163 4936 2382 4999 autem,
2408 4935 2471 4986 ut
2506 4935 2826 4986 extremam
2867 4936 3287 5002 paupertatem,
3321 4934 3637 5004 potentiam

1992 5037 2147 5083 vero,
2184 5026 2248 5074 ut
2298 5036 2590 5075 summam
2639 5018 3100 5075 imbecillitatem
3150 5020 3418 5093 despicit,
3466 5025 3641 5093 atque

1994 5108 2289 5164 emolitur.
2314 5108 2511 5177 Neque
2542 5107 2699 5163 enim
2731 5108 3054 5179 quidquam
3083 5109 3223 5166 boni
3252 5127 3464 5168 nomen
3493 5111 3643 5167 obti-

2068 5269 2180 5341 (90)
2210 5268 2377 5341 Ὑμῖν.
2409 5269 2672 5341 Sic_Reg.
2699 5270 2820 5336 bm,
2850 5274 2907 5325 et
2936 5272 3106 5327 Coisl.
3138 5278 3186 5341 1,
3210 5273 3362 5328 Elias
3393 5278 3449 5327 et
3477 5272 3643 5329 Com-

1995 5339 2107 5413 beff
2136 5339 2399 5413 rlta_legit_
2428 5339 2651 5395 Billius.
2686 5341 2747 5413 In
2780 5343 2895 5408 ed.,
2924 5343 3081 5413 ἡμῖν.

1992 5410 2177 5532 1m(3:351)
2208 5410 2341 5473 Μεθ’
2382 5410 2543 5482 ὑμᾶς.
2578 5413 2671 5468 Sic
2720 5412 2860 5485 Reg.
2895 5410 3015 5483 bm,
3050 5418 3105 5470 et
3133 5414 3309 5470 Coisl.
3344 5415 3392 5467 1.
3426 5412 3489 5466 In
3521 5412 3641 5481 ed.,

2016 5501 2159 5550 λμαςσ

2206 5548 2540 5608 Ἰδιαίτατον.
2574 5554 2748 5610 Cois].
2783 5556 2833 5620 1,
2870 5551 3159 5609 ἷδιότατον.

2064 5626 2173 5693 (93)
2202 5628 2390 5679 Τοῦτο.
2425 5626 2596 5681 Coisl.
2634 5628 2683 5692 1,
2716 5624 2929 5681 τούτου.

2082 5695 2171 5771 git)
2206 5695 2361 5771 Βίων.
2387 5698 2588 5771 _Forte,
2625 5698 2944 5771 βίου.ΕοιΤ.

2083 5764 2175 5839 95)
2206 5764 2349 5822 Εἶδι.
2386 5769 2524 5842 Reg.
2558 5764 2752 5844 Cy'pr.,
2784 5765 2884 5834 ἴδε,
2909 5790 2936 5817 ‹‹
2970 5766 3119 5836 vide,
3150 5790 3170 5816 η
3206 5770 3313 5822 etc.
