4094 6212
405 410 562 473 1203

1643 414 1708 474 S.
1760 411 2129 474 GREGORII
2175 414 2572 477 THEOLOGI

3656 422 3797 483 1204

406 562 542 601 nere
573 560 744 616 posse
776 544 1255 616 statuebat,quod
1279 543 1549 601 dominos
1576 562 1715 601 suos
1746 545 2051 616 haudqua-

2180 564 2374 614 LVE'CG'.’
2423 547 2547 622 πρὶν
2600 544 2985 623 διαζευχθῆναι
3030 550 3146 621 (96)
3199 556 3299 618 τῆς
3344 547 3483 619 ὕλης
3512 568 3525 582 ’
3573 550 3661 605 καὶ
3702 557 3798 607 τῶν

406 652 583 707 quam
617 632 908 702 meliores,
940 634 1056 690 imo
1088 635 1264 690 etiam
1298 651 1554 708 perszepe
1585 634 1900 690 deteriores
1930 634 2051 689 effi-

405 726 579 791 ceret,
601 739 705 778 nec
736 726 1072 779 constanter
1092 739 1227 779 cum
1258 724 1375 793 his,
1399 741 1432 778 a
1462 724 1677 795 quibus
1699 722 2050 795 possidetur,

404 817 689 867 maneret.
712 812 1148 885 Philosophiam
1172 818 1370 869 autem
1396 813 1902 885 perturbationum
1935 812 2053 865 ani-

405 902 485 957 mi
529 902 827 957 dominam
860 902 971 957 sibi
1005 903 1263 974 praeficit,
1288 907 1640 973 strenueque
1670 902 1740 957 ad
1777 900 2051 955 virtutem

404 991 724 1057 contendit,
748 994 943 1062 atque,
969 994 1283 1062 antequam
1308 1008 1341 1045 a
1361 992 1619 1063 corporis
1652 989 1803 1045 mole
1829 989 2052 1060 disjun-

405 1084 598 1151 gatur,
632 1097 665 1135 a
695 1080 953 1151 corporis
984 1078 1138 1135 mole
1168 1096 1297 1135 sese
1328 1079 1641 1147 abscindit,
1665 1095 1729 1133 ac
1760 1095 1938 1150 supra
1966 1095 2052 1148 ea,

406 1185 534 1241 quae
566 1168 751 1224 oculis
799 1174 1138 1235 cernuntur,
1162 1170 1309 1225 457
1356 1168 1635 1240 assurgit,
1670 1171 1857 1222 totum
1908 1183 2052 1233 sese,

404 1256 620 1312 indolis
679 1258 1107 1329 magnitudine,
1158 1274 1223 1312 ac
1266 1256 1586 1313 voluntatis
1644 1256 2052 1328 generositate,

408 1349 581 1403 rebus
613 1348 799 1403 ﬁrmis
820 1354 876 1403 et
898 1348 1209 1402 stabilibus
1232 1348 1530 1402 addicens.
1561 1349 1940 1416 Posteaquam
1975 1347 2055 1400 ita

406 1438 603 1492 animo
634 1437 954 1501 constituit,
989 1436 1043 1489 id
1088 1452 1158 1491 ne
1192 1436 1429 1507 quidem
1476 1436 1535 1490 in
1579 1434 2053 1490 deliberationem

405 1525 666 1590 admisit,
709 1529 899 1579 utram
945 1525 1139 1596 potius
1198 1524 1633 1596 philosophiam
1693 1528 2053 1594 sequeretur,

406 1621 819 1685 externamque
868 1629 932 1668 ac
976 1615 1301 1684 profanam,
1337 1618 1510 1684 atque
1558 1613 1615 1667 in
1673 1611 2055 1685 philosophiae

405 1702 609 1757 habitu
639 1707 697 1757 et
739 1702 979 1757 obtentu
1013 1701 1269 1757 veritatis
1314 1703 1553 1757 umbras
1586 1700 2054 1771 assimulantem,

407 1808 478 1844 an
514 1806 648 1845 vero
680 1795 960 1858 nostram,
994 1790 1279 1846 humilem
1310 1789 1469 1845 illam
1504 1790 1741 1862 quidem
1772 1790 1830 1844 in
1864 1790 2057 1861 specie

407 1884 463 1934 et
484 1879 794 1950 abjectam,
810 1884 1083 1935 caeterum
1108 1881 1164 1935 in
1188 1880 1411 1936 occulto
1434 1879 1772 1946 sublimem,
1787 1883 1961 1951 atque
1983 1882 2053 1934 ad

406 1968 591 2022 Deum
638 1968 976 2036 ducentem;
1011 1984 1210 2023 verum
1258 1974 1519 2025 nostram
1552 1968 1848 2036 omnibus,
1883 1972 1948 2022 ut
1978 1968 2059 2022 ita

405 2056 620 2125 dicam,
644 2056 940 2129 suffragiis
970 2058 1169 2113 statim
1210 2057 1392 2130 eligit,
1427 2073 1800 2129 nequaquam
1844 2073 2055 2128 passus

405 2148 660 2201 mentem
694 2161 862 2200 suam
913 2146 984 2200 ad
1024 2146 1316 2201 deteriora
1361 2151 1754 2201 transversam
1808 2147 1922 2217 agi,
1952 2150 2053 2200 aut

403 2237 650 2305 comptae
700 2233 981 2290 orationis
1031 2234 1319 2307 elegantia
1351 2235 1618 2302 distrahi,
1653 2235 1725 2289 ob
1759 2251 1935 2306 quam
1987 2235 2049 2301 ii,

402 2323 504 2394 qui
537 2322 846 2394 gentilium
879 2323 1090 2395 placita
1112 2324 1476 2395 profitentur,
1500 2323 1729 2379 animos
1752 2322 2045 2378 attollunt.

2167 633 2455 707 δρωμένων
2507 637 2956 708 κατεξανίσταται,
3013 638 3221 714 μεγέθει
3282 639 3492 716 φύσεως
3549 640 3637 693 καὶ
3682 662 3804 715 προ-

2164 724 2419 796 αιρέσεως
2470 724 2725 801 εὐγενείᾳ,
2780 731 2896 787 τοῖς
2946 726 3136 781 ἑστῶσι
3170 729 3557 802 προσθέμενος.
3594 728 3799 799 Ἐπειδή

2164 810 2307 865 οὕτω
2338 809 2622 884 διενοήθη,
2650 818 2811 869 τοῦτο
2847 815 2940 887 μὲν
2975 812 3099 869 οὐδὲ
3136 814 3344 890 βουλῆς
3387 817 3607 886 ἠξίωσε,
3658 821 3801 874 ποτε·

2166 920 2257 974 ραν
2293 897 2375 954 δεῖ
2400 906 2506 954 τῶν
2539 902 2878 978 φιλοσοφιῶν
2920 901 3135 967 ἑλέσθαι
3170 902 3406 977 μᾶλλον,
3433 907 3532 973 τήν
3580 904 3682 975 ἔξω
3726 909 3803 961 καὶ

2164 988 2456 1057 παίζουσαν
2512 990 2610 1053 τὰς
2668 998 2766 1060 τῆς
2805 989 3063 1060 ἀληθείας
3090 993 3240 1055 σκιὰς
3273 993 3324 1048 ἐν
3356 998 3435 1065 τῷ
3460 1002 3560 1063 τῆς
3596 992 3808 1071 φιλοσο-

2164 1076 2288 1151 φίας
2348 1080 2596 1152 σχήματι
2652 1080 2741 1133 καὶ
2801 1074 3183 1155 προϐλήματι,
3215 1082 3369 1149 ἢτήν
3546 1083 3801 1158 ἡμετέραν

2164 1167 2251 1219 καὶ
2289 1169 2547 1235 ταπεινὴν
2586 1169 2679 1241 μὲν
2711 1172 2790 1240 τῷ
2820 1171 3155 1245 φαινομένῳ.
3190 1169 3409 1243 ὑψηλήν
3456 1169 3515 1224 δὲ
3564 1176 3647 1242 τῷ
3687 1193 3804 1246 κρυ-

2163 1256 2441 1326 πτομένῳ,
2499 1255 2587 1309 καὶ
2619 1258 2752 1331 πρὸς
2798 1258 2926 1311 Θεὸν
2977 1254 3209 1331 ἄγουσαν
3236 1276 3249 1288 °
3304 1258 3447 1312 ἀλλὰ
3476 1258 3677 1320 πάσαις
3709 1263 3804 1333 ψή-

2165 1364 2285 1418 φοις
2332 1343 2561 1417 αἱρεῖται
2591 1345 2691 1412 τήν
2729 1344 3019 1418 ἡμετέραν,
3057 1342 3223 1417 μηδὲν
3257 1344 3403 1407 ’ὀλως
3434 1346 3520 1400 ἐπὶ
3552 1348 3624 1400 τὰ
3653 1349 3809 1422 χείρω

2164 1431 2530 1507 παρατραπεὶς
2576 1434 2673 1500 τήν
2730 1430 2986 1501 διάνοιαν,
3041 1431 3181 1505 μηδὲ
3235 1435 3337 1488 ὑπὸ
3366 1437 3465 1502 τῆς
3495 1440 3603 1489 τῶν
3640 1434 3807 1509 λόγων

2162 1520 2429 1593 κομψείας
2478 1527 2823 1596 παρασυρεῖς,
2981 1522 3115 1597 μέγα
3172 1528 3458 1599 φρονοῦσιν
3678 1526 3727 1578 ol
3752 1528 3811 1579 τὰ

2167 1608 2448 1679 Ἑλλήνιον
2482 1608 2924 1688 φιλοσοφοῦντες.
2967 1613 3173 1668 Ἐκεῖνο
3235 1610 3292 1665 δὲ
3340 1617 3554 1687 πρῶτον
3595 1613 3810 1690 φιλοσο-

2166 1704 2273 1775 φεῖ,
2306 1703 2501 1773 γνῶναι
2534 1703 2642 1753 τῶν
2671 1700 2951 1775 ἡμετέρων
2986 1702 3097 1771 (99)
3127 1698 3264 1755 ὁδῶν
3314 1703 3413 1770 τὴν
3463 1702 3810 1778 αἱρετῶτέραν

2165 1809 2222 1841 τε
2252 1788 2339 1842 καὶ
2372 1787 2810 1861 λυσιτελεστέραν
2844 1787 3032 1859 ἐπίσης
3066 1788 3210 1861 αὐτῷ
3240 1810 3299 1844 τε
3357 1791 3444 1844 καὶ
3504 1797 3639 1845 πᾶσι
3699 1798 3813 1867 Χρι-

2167 1881 2422 1938 στιανοῖς.
2476 1882 2765 1952 Πανταχοῦ
2816 1878 2919 1953 γὰρ
2962 1882 3041 1949 τῷ
3090 1880 3205 1932 καθ’
3244 1878 3429 1933 ἑαυτὸν
3462 1879 3551 1934 καὶ
3584 1881 3679 1935 τὸν
3710 1902 3815 1935 κοι-

2167 1967 2252 2019 νὸν
2287 1960 2709 2037 συλλαμϐάνειν,
2741 1969 2929 2041 ψυχῆς
2977 1968 3109 2021 εἶναι
3157 1965 3498 2038 τελεωτάτης
3528 1990 3587 2023 τε
3618 1969 3705 2023 καὶ
3736 1991 3814 2046 φι-

2169 2054 2557 2131 λοσοφωτάτης
2634 2054 2900 2128 ἐνόμιζεν.
2978 2053 3120 2112 Οὐδὲ
3187 2057 3286 2132 γὰρ
3346 2058 3520 2128 ἑαυτῷ
3596 2062 3814 2133 γεγενή-

2164 2146 2283 2197 σθαι
2312 2147 2387 2215 (1)
2444 2138 2605 2216 μόνον
2657 2141 2880 2198 ’ἑκαστον
2929 2146 3115 2215 ἡμῶν,
3177 2143 3323 2200 ἀλλᾶ
3368 2146 3458 2199 καὶ
3489 2153 3679 2216 πᾶσιν,
3710 2146 3818 2201 ὅσοι

2159 2240 2256 2301 τῆς
2304 2232 2472 2301 αὐτῆς
2527 2234 2816 2307 μετέχουσι
2870 2232 3101 2310 φύσεως,
3146 2233 3236 2288 καὶ
3286 2236 3432 2310 παρὰ
3475 2240 3570 2289 τοῦ
3625 2236 3806 2305 αἰτοῦ,

2158 2321 2245 2375 καὶ
2276 2321 2363 2375 ἐπὶ
2392 2326 2508 2382 τοῖς
2535 2321 2719 2382 αὐτοῖς
2751 2320 3055 2397 γεγόνασιν.

401 2413 520 2469 Hoc
552 2417 749 2468 autem
781 2412 1039 2484 primum
1076 2412 1539 2483 philosophatur,
1575 2417 1658 2482 ut,
1692 2429 1760 2468 ex
1807 2412 2042 2467 duobus
2076 2414 2289 2467 nostris
2320 2413 2450 2466 vita
2481 2413 2815 2484 generibus,
2849 2416 3049 2467 utrum
3090 2414 3465 2484 prtestantius
3498 2415 3597 2481 sit,
3634 2420 3802 2487 atque

401 2503 459 2557 et
488 2499 624 2566 sibi,
657 2503 714 2555 et
743 2500 1018 2555 omnibus
1046 2501 1394 2557 Christianis
1447 2502 1826 2565 fructuosius,
1858 2499 2162 2570 intelligat.
2201 2500 2423 2554 Etenim
2466 2499 2879 2571 perfectissimi
2924 2516 2990 2555 ac
3040 2501 3459 2572 sapientissimi
3490 2503 3678 2558 animi
3710 2519 3829 2559 esse

396 2590 725 2662 judicabat,
761 2588 995 2661 privatae
1029 2590 1303 2645 utilitatis
1334 2606 1465 2646 cum
1501 2589 1751 2662 publicis
1795 2590 2118 2645 commodis
2166 2589 2539 2659 conjunctam
2573 2588 2789 2644 habere
2820 2589 3124 2644 rationem.
3160 2589 3360 2662 Neque
3417 2590 3573 2645 enim
3633 2608 3827 2663 quem-

408 2694 589 2751 quam
622 2683 891 2733 nostrum
922 2679 1033 2734 sibi
1068 2678 1179 2734 soli
1209 2684 1412 2734 natum
1443 2694 1592 2748 esse,
1622 2679 1724 2734 sed
1757 2678 2036 2734 omnibus
2079 2678 2277 2745 etiam,
2311 2677 2409 2749 qui
2455 2678 2719 2748 ejusdem
2760 2682 2981 2733 naturae
3013 2677 3326 2749 participes
3358 2684 3521 2748 sunt,
3554 2684 3737 2752 atque
3762 2681 3827 2736 ab

411 2766 642 2837 eodem,
675 2770 733 2822 et
763 2768 833 2822 ad
865 2767 1067 2823 eadem
1100 2767 1385 2839 procreati
1417 2772 1575 2823 sunt.

484 2856 553 2910 V.
587 2858 729 2910 Cum
786 2861 980 2912 autem
1041 2858 1327 2929 privatam
1365 2858 1548 2912 vitam
1605 2861 1662 2912 et
1717 2856 2063 2923 solitariam,

417 2950 592 3017 atque
626 2961 659 2999 a
688 2944 846 3016 vulgi
877 2945 1228 3001 commercio
1259 2951 1546 3001 semotam
1569 2949 1625 3001 et
1649 2945 1922 3011 alienam,
1949 2961 2068 3000 ma-

417 3051 589 3107 gnam
623 3035 859 3105 quidem
890 3039 947 3089 et
976 3034 1336 3106 praeclaram,
1361 3039 1539 3106 atque
1581 3034 1858 3089 humanis
1889 3034 2065 3088 rebus

418 3122 824 3179 sublimiorem
870 3140 998 3179 esse
1028 3124 1279 3190 videret;
1311 3128 1585 3179 caeterum
1628 3124 1783 3178 intra
1814 3139 1933 3185 eos,
1969 3123 2068 3193 qui

419 3211 530 3268 hoc
558 3213 688 3267 vitaa
726 3228 937 3284 genere
983 3229 1116 3267 cum
1168 3212 1339 3267 laude
1385 3213 1786 3284 fungerentur,
1819 3212 2069 3266 defixam

2360 2858 2525 2929 ’Θρῶν
2561 2852 2618 2908 δὲ
2647 2853 2738 2909 τὸν
2773 2854 2867 2925 μὲν
2918 2846 3179 2929 ἐρημικὸν
3234 2855 3350 2929 βίον
3391 2854 3481 2910 καὶ
3542 2853 3827 2924 ἰδιάζοντα,

2175 2941 2262 2996 καὶ
2319 2947 2426 2996 τῶν
2482 2941 2712 2998 πολλῶν
2769 2938 3003 3019 ἔκφυλον
3054 2942 3142 2997 καὶ
3192 2940 3509 3019 ἀλλότριον,
3540 2946 3711 3020 μέγαν
3741 2944 3825 3016 μὲν

2177 3031 2263 3084 καὶ
2324 3030 2559 3104 ὑψηλὸν,
2610 3032 2699 3085 καὶ
2751 3031 2881 3104 ὑπὲρ
2929 3034 2997 3086 τὰ
3037 3031 3368 3107 ἀνθρώπινα,
3424 3034 3625 3107 μέχρις
3656 3033 3819 3088 αὐτῶν

2180 3118 2236 3173 δὲ
2269 3119 2445 3191 μόνων
2478 3124 2583 3173 τῶν
2633 3119 3044 3194 κατορθούντων
3106 3120 3418 3194 ἱστάμενον,
3478 3121 3568 3176 καὶ
3627 3122 3689 3176 τὸ
3735 3128 3826 3189 τῆς

2181 3209 2391 3284 ἀγάπης
2422 3208 2740 3263 κοινωνικὸν
2786 3210 2863 3282 (2)
2908 3208 2999 3263 xui
3049 3207 3434 3287 φιλάνθρωπον
3495 3209 3834 3286 ἀπαρνούμε-

421 3306 752 3373 esse,atque
768 3300 1071 3356 charitatis
1084 3301 1557 3357 communionem
1574 3300 2067 3356 etbumanitatem

2184 3318 2298 3367 νον,
2358 3298 2418 3365 ἣν
2476 3295 2528 3350 ἐν
2582 3298 2822 3371 πρώτοις
2879 3297 3017 3351 εἶναι
3072 3303 3177 3352 τῶν
3221 3297 3624 3372 ἐπαινουμένων
3659 3298 3835 3373 ἒγίνω·

423 3389 754 3461 repudiare,
788 3406 966 3460 quam
1018 3390 1078 3444 in
1127 3390 1749 3461 praastantissimarum
1790 3390 2073 3444 virtutum

426 3493 671 3533 numero
715 3492 844 3532 esse
891 3477 1142 3545 sciebat;
1178 3478 1350 3547 idque
1396 3484 1671 3549 praeterea
1718 3477 2075 3532 incommodi

425 3567 663 3633 habere,
698 3566 853 3636 quod
901 3581 1102 3621 eorum
1149 3565 1353 3637 virtus,
1379 3566 1481 3637 qui
1530 3565 1613 3621 sic
1661 3568 1941 3634 viverent,
1975 3583 2074 3621 ex-

428 3654 643 3729 plorari
677 3672 790 3710 non
826 3661 1040 3727 posset,
1068 3655 1285 3727 quippe
1306 3672 1434 3727 qua:
1466 3670 1570 3709 nec
1602 3656 1659 3709 in
1682 3656 1859 3711 rebus
1880 3671 2078 3728 geren-

430 3745 521 3800 dis
550 3751 930 3812 exerceretur,
966 3761 1068 3799 nec
1111 3761 1242 3799 cum
1294 3744 1424 3801 aliis
1471 3744 1527 3799 in
1581 3745 2076 3816 comparationem

429 3834 697 3889 veniret:
734 3849 860 3888 eam
909 3838 1132 3900 contra,
1165 3850 1292 3904 quas
1342 3833 1647 3888 hominum
1700 3834 1975 3889 societate
2022 3838 2079 3888 et

434 3921 762 3992 frequentia
792 3922 1026 3993 gaudet,
1060 3926 1441 3994 printerquam
1474 3922 1629 3993 quod
1668 3922 1853 3977 multa
1884 3924 2078 3993 quoti-

434 4011 528 4066 die
558 4015 894 4078 occurrunt,
930 4011 987 4065 in
1038 4011 1252 4079 quibus
1296 4011 1530 4065 virtutis
1586 4029 1703 4067 suae
1755 4010 2079 4082 periculum

433 4101 619 4155 facere
652 4106 845 4169 queat,
894 4100 965 4155 ad
999 4099 1317 4155 multorum
1371 4099 1679 4156 utilitatem
1730 4100 1905 4155 etiam
1952 4117 2081 4155 esse

434 4188 733 4256 diffusam,
766 4192 941 4260 atque
972 4189 1044 4243 ad
1086 4188 1343 4243 divinam
1375 4189 1871 4260 dispensationem
1905 4205 2082 4260 prope

436 4278 725 4343 accedere,
752 4294 878 4349 quae
930 4277 1260 4333 universam
1294 4294 1491 4333 rerum
1538 4277 1744 4333 molem
1800 4277 2080 4347 condidit,

436 4364 820 4436 amicitiaeque
836 4365 1086 4421 vinculis
1105 4367 1474 4435 constrinxit,
1494 4381 1799 4438 genusque
1816 4370 2080 4421 nostrum

437 4458 674 4524 propter
712 4453 835 4508 vitii
889 4470 1190 4509 accessum
1223 4472 1257 4510 a
1287 4455 1437 4511 bono
1489 4455 1863 4510 deturbatum
1914 4459 2085 4525 atque

438 4542 752 4612 dejectum,
789 4558 889 4613 per
938 4541 1397 4599 familiaritatem
1445 4543 1607 4598 illam
1653 4543 1902 4615 vitaeque
1950 4560 2085 4599 con-

2187 3406 2279 3440 σκε
2303 3403 2315 3415 ⁶
2344 3386 2479 3459 πρὸς
2513 3382 2569 3439 δὲ
2597 3386 2685 3440 καὶ
2718 3382 3104 3459 ἀδοκίμαστον,
3156 3386 3229 3448 ὡς
3271 3385 3394 3442 οὔτε
3424 3386 3475 3443 ἐν
3534 3394 3651 3450 τοῖς
3705 3387 3838 3461 πρά-

2184 3495 2351 3550 γμασι
2406 3468 2838 3548 γυμναζόμενον,
2890 3474 3015 3529 οὕτε
3068 3474 3263 3537 ἄλλοις
3305 3476 3836 3553 παραμετροῦμενοψ

2185 3564 2247 3616 τι)
2297 3559 2353 3616 δὲ
2401 3562 2716 3617 κοινωνικὸν
2765 3563 2855 3617 καὶ
2889 3561 3198 3637 ἐπίμικτον,
3232 3565 3365 3639 πρὸς
3396 3569 3463 3638 τῇ
3500 3566 3715 3640 βασάνῳ
3744 3570 3836 3631 τῆς

2188 3652 2402 3727 ἀρετῆς,
2437 3648 2515 3705 ἔτι
2546 3653 2633 3706 καὶ
2666 3651 2742 3713 είς
2771 3650 2900 3714 τοῦς
2931 3652 3178 3714 πολλοὺς
3209 3650 3495 3722 διατεῖνον,
3547 3654 3640 3707 καὶ
3699 3652 3838 3711 θείας

2187 3740 2505 3813 οἷ’κονομίας
2564 3739 2727 3815 ἐγγὺς
2785 3743 2883 3813 (3),
2940 3741 2975 3810 ἢ
3024 3742 3115 3795 ’xui
3172 3742 3442 3812 πεποίηκε
3487 3743 3549 3797 τὸ
3598 3740 3843 3809 πᾶν,καὶ

2187 3827 2345 3906 φιλίᾳ
2523 3827 2801 3900 συνέδησε,
2856 3830 2947 3884 καὶ
2993 3830 3056 3885 τὸ
3105 3832 3373 3904 ἡμέτερον
3424 3831 3576 3905 γένος
3626 3830 3843 3884 ἐκπεσὸν

2186 3923 2282 3972 τοῦ
2335 3917 2509 3972 καλοῦ
2568 3916 2658 3972 διὰ
2716 3920 2813 3987 τὴν
2889 3918 3301 3974 ἐπεισελθοῦσαν
3362 3920 3549 3974 κακίαν
3615 3918 3679 3973 ἐκ
3748 3925 3842 3985 τῆς

2187 4006 2323 4081 πρὸς
2354 4009 2504 4079 ἡμᾶς
2555 4006 2831 4080 ἐπιμιξίας
2876 4009 2965 4062 καὶ
3016 4008 3238 4080 ὁμιλίας
3286 4007 3449 4062 πάλιν
3488 4007 3846 4063 ἀνεκαλέσατο

2186 4100 2354 4150 ταῦτα
2384 4092 2692 4166 διανοηθείς
2720 4117 2779 4151 τε
2806 4096 2898 4151 καὶ
2936 4094 3254 4169 διελόμενος
3289 4100 3386 4170 (.5),
3438 4097 3528 4151 xui
3586 4098 3705 4168 ἅμα
3759 4097 3845 4150 τὸν

2191 4184 2510 4254 Ἑλληνικὸν
2543 4189 2707 4262 τῦφον
2752 4186 2978 4241 κολάσαι
3027 4190 3134 4240 τῶν
3175 4186 3360 4241 καλῶν
3409 4187 3541 4240 εἶναι
3600 4185 3849 4258 νομίσας,

2193 4272 2244 4328 o'i
2275 4278 2351 4344 τῷ
2374 4268 2594 4349 τρίϐωνι
2626 4274 2714 4329 καὶ
2744 4278 2811 4348 τῇ
2837 4275 3014 4348 ὑπήνῃ
3043 4272 3103 4329 τὸ
3136 4276 3329 4347 σεμνὸν
3375 4272 3705 4329 ὑποδύονται
3740 4276 3848 4347 (6)·

2190 4362 2263 4416 τίί
2325 4368 2490 4433 ποιεῖ,
2577 4362 2666 4418 καὶ
2742 4368 2858 4425 πῶς
2908 4365 3006 4433 τὴν
3081 4363 3403 4441 φιλοσοφίαν
3466 4364 3846 4439 μεταχειρίζε-

2194 4471 2317 4521 ται;
2357 4451 2536 4522 Μέσην
2590 4453 2711 4507 τινὰ
2757 4458 2934 4529 χωρεῖ
2979 4459 3077 4522 τῆς
3124 4474 3180 4508 τε
3226 4452 3439 4509 ἐκείνων
3506 4452 3850 4522 ἀλαζονείας,

2195 4540 2284 4620 καὶ
2308 4544 2405 4609 τῆς
2438 4540 2708 4617 ἡμευὲρας
2740 4542 2949 4617 σοφίας,
2979 4542 3069 4597 καὶ
3097 4547 3203 4596 τῶν
3268 4544 3363 4615 μὶν
3397 4543 3457 4597 τὸ
3517 4549 3723 4617 σχῆμα
3771 4542 3851 4597 καὶ

440 4630 833 4695 suetudinem,
866 4647 1043 4701 quam
1076 4631 1382 4687 nobiscum
1415 4632 1639 4696 habuit,
1673 4632 1745 4687 ad
1778 4630 2067 4703 pristinam

2195 4631 2292 4698 τὴν
2328 4631 2556 4703 σκηνὴν,
2590 4633 2749 4703 ἡμῶν
2784 4629 2843 4686 δὲ
2869 4633 2966 4700 τὴν
3002 4631 3258 4701 ἀλήθειαν
3287 4632 3375 4685 καὶ
3434 4633 3495 4686 τὸ
3527 4630 3668 4704 ὕψος
3702 4631 3850 4709 φιλο-

441 4719 785 4790 dignitatem
836 4719 1166 4775 revocavit:
1202 4720 1341 4787 hinc,
1392 4721 1656 4792 inquam,
1705 4737 1839 4776 cum
1890 4721 2088 4777 animo

2200 4724 2373 4796 σοφεῖ.

442 4808 695 4864 volveret
724 4824 789 4863 ac
822 4808 1226 4881 perpenderet,
1260 4809 1555 4881 simulque
1583 4812 1934 4876 Graecorum,
1968 4810 2067 4881 qui
2120 4809 2295 4882 pallio
2327 4814 2386 4865 et
2416 4810 2706 4882 promissa
2755 4810 2956 4878 barba,
2990 4811 3293 4882 gravitatis
3342 4810 3594 4881 speciem
3651 4826 3771 4881 pris
3802 4823 3853 4863 se

442 4899 660 4966 ferunt,
694 4897 911 4953 fastum
970 4902 1146 4969 atque
1200 4898 1574 4955 insolentiam
1628 4899 1944 4971 reprimere
1990 4900 2142 4956 458
2197 4915 2385 4971 operae
2433 4899 2685 4971 pretium
2744 4915 2873 4955 esse
2928 4904 3191 4956 censeret
3224 4915 3238 4955 :
3271 4901 3554 4970 quidnam
3616 4899 3781 4967 fecit,
3808 4902 3855 4952 et

513 5096 623 5171 (96)
655 5094 785 5171 Πρὶν
842 5093 1251 5171 διαζευχθῆναι,
1288 5098 1371 5152 [ta
1430 5101 1590 5170 Reg.,
1636 5102 1693 5154 et
1737 5098 1899 5153 Colb.
1947 5098 2086 5171 plu-

442 5185 557 5235 res,
590 5169 765 5224 CoiSl.
804 5171 827 5223 1
862 5176 918 5225 et
944 5172 998 5235 2,
1032 5169 1124 5224 Or.
1156 5171 1203 5237 1,
1230 5170 1382 5237 Par.,
1418 5169 1579 5225 Pass.
1606 5193 1632 5218 «
1671 5175 1709 5222 A
1744 5169 1992 5224 terrenis
2025 5184 2086 5222 se

441 5241 734 5297 abscindit
790 5248 923 5298 ante
975 5240 1426 5311 disjunctionem
1478 5259 1509 5296 a
1557 5257 1867 5311 corpore.»
1923 5244 2089 5294 Deest

2270 5097 2338 5166 (1)
2373 5100 2718 5169 Γεγενῆσθαι.
2751 5101 2869 5152 0υο
2901 5096 3065 5168 Reg.,
3096 5107 3468 5169 γεγεννησθαι.

2270 5167 2723 5250 (2)1ίοινωνικόν.
2960 5167 3363 5250 Cypr’faddit,
3416 5167 3506 5222 xui
3546 5167 3843 5240 ἐπίμικτον,

2198 5264 2224 5288 ‹‹
2262 5241 3347 5331 mist'amqueucharitajtislsocietatem.
3375 5263 3403 5290 »

441 5311 563 5385 πρίν
604 5314 659 5367 in
692 5313 831 5368 edit.

511 5385 624 5436 (97l
652 5389 717 5435 'll
747 5384 868 5436 τήν.
903 5383 997 5436 Sic
1046 5387 1164 5436 tres
1210 5383 1376 5436 Rem.
1406 5381 1521 5436 duo
1571 5379 1771 5436 Cois|..
1806 5384 1861 5434 et
1904 5380 2000 5436 Or.
2037 5382 2059 5434 1

2270 5312 2341 5381 (3)
2377 5311 2587 5436 Ἐκςγῦς.
2622 5313 2786 5368 Pass.
2816 5312 2999 5380 addit,
3032 5312 3183 5377 ἧκον.

2273 5384 2343 5436 (lii
2375 5388 2443 5435 Φι
2472 5383 2543 5436 δία
2574 5385 2669 5436 Or.
2707 5386 2754 5436 1.
2791 5380 3183 5436 φιλανθρωπία.

511 5385 624 5455 (97)
652 5383 997 5459 ξῌ-τήνεμειίο
1046 5387 1164 5437 tres
1210 5383 1376 5454 Reg,
1406 5381 1521 5437 duo
1571 5380 1771 5445 Cois|.,
1806 5384 1861 5434 et
1904 5380 2000 5436 Or.
2037 5382 2059 5434 1

2375 5380 2543 5459 Φιλίᾳ
2574 5385 2681 5459 ρι’.-
2707 5386 2754 5459 1,
2791 5380 3188 5459 φιλανθρωπίᾳ,
3224 5405 3244 5432 α
3279 5382 3675 5459 humanitate.
3707 5405 3733 5429 υ

444 5452 618 5510 Deest
647 5453 681 5520 ἤ
714 5456 773 5509 in
815 5455 953 5509 edit.
1296 5452 1321 5526 ί
1421 5524 1438 5526 _
1540 5523 1557 5526 Α
1725 5522 1754 5526 _
1930 5525 1935 5526 ,

2214 5524 2227 5526 Α
2271 5452 2348 5525 (5)
2418 5452 2533 5507 Kal
2583 5452 2920 5526 διελόμενος.
2990 5452 3084 5509 Sic
3156 5460 3409 5526 quatuor
3483 5452 3841 5526 Colb.,»dne

517 5526 632 5608 (98)
658 5527 727 5593 ᾟ
763 5526 898 5610 μίγα
940 5528 1251 5600 φρονοῦσιν.
1284 5525 1377 5579 Sic
1407 5524 1502 5578 Or.
1534 5523 1588 5591 2,
1622 5525 1677 5576 et
1724 5522 1886 5577 Pass.
1926 5525 2094 5578 Deest

452 5597 589 5669 μέγα
619 5598 679 5652 in
710 5597 852 5652 edit.
954 5597 989 5600 ﬂ

452 5736 483 5739 _
521 5670 631 5734 (99)
662 5668 783 5720 Τῶν
824 5664 1122 5739 ἡμετέρων.
1158 5665 1252 5723 Sic
1301 5671 1437 5733 Reg,
1471 5681 1522 5731 a,
1559 5665 1679 5733 bm,
1709 5666 1805 5723 Or.
1842 5666 1891 5735 1,
1924 5666 2084 5722 Pass.

452 5736 624 5789 Deest
644 5740 751 5789 τῶν
776 5740 834 5792 in
862 5736 999 5793 edit.

2202 5522 2401 5593 Coris'l.,
2436 5528 2532 5581 Or.
2569 5529 2619 5591 1,
2654 5522 2836 5593 Pass.,
2892 5522 3295 5599 Hervagfetc.
3344 5527 3403 5581 In
3454 5527 3568 5592 ed.,
3624 5524 3715 5578 xui
3766 5522 3837 5574 ἐν·

2203 5593 2483 5649 ελόμενος.

2203 5615 2483 5668 εΛομενος.

2273 5673 2349 5738 (6)
2379 5665 2751 5723 Ὑποδύονται.
2785 5672 2946 5725 Pass.
2956 5711 2975 5735 ,
3007 5663 3356 5723 ἀποδύονται.
