4094 6212
275 364 432 423 1205

1054 362 1352 425 ORATIO
1396 363 1581 426 XXV.
1616 397 1691 408 —
1722 365 1797 424 IN
1851 366 2177 427 LAUDEM
2224 366 2565 428 HERONIS
2609 364 2913 425 PHILOS.

3528 364 3700 427 1206

271 513 525 569 quonam
560 500 724 568 pacto
756 494 1188 568 philosophiam
1221 497 1466 551 tractat?
1493 498 1713 553 Medius
1746 498 2181 568 quodammodo
2218 499 2371 554 inter
2417 499 2649 554 illorum
2699 498 3036 560 vanitatem,
3070 500 3127 551 et
3159 500 3419 551 nostram
3450 498 3681 570 sapien-

269 587 413 641 tiam
443 585 687 655 incedit,
716 589 891 657 atque
931 585 1165 640 illorum
1214 585 1449 657 quidem
1499 586 1769 642 habitum
1821 592 1876 642 et
1924 586 2166 656 larvam,
2200 594 2535 645 nostrorum
2579 592 2773 644 autem
2806 587 3103 642 veritatem
3149 590 3207 640 et
3253 585 3679 645 sublimitatem

273 676 603 748 proﬁtetur.

344 768 401 831 ζ’.
454 762 550 816 Διὰ
604 766 766 815 τοῦτο
827 759 1159 837 Περιπάτους
1220 762 1354 833 μὲν,
1416 763 1503 815 καὶ
1560 761 1905 835 Ἀκαδημίας

2102 768 2193 822 VI.
2230 768 2618 833 Quamobrem
2644 766 3156 837 Peripateticorum
3189 763 3441 830 scholas,
3466 769 3523 820 et
3539 768 3679 822 Aca-

269 851 357 905 xui
386 852 485 919 τὴν
516 851 715 922 σεμνὴν
768 850 960 918 Στοὰν,
1010 850 1097 903 xui
1145 852 1207 903 τὸ
1256 849 1559 923 αὐτόματον
1594 852 1919 925 Ἐπικούρου

274 940 408 1012 μετὰ
436 944 544 993 τῶν
576 934 795 1011 ἀτόμων
844 938 933 991 xui
980 945 1079 1007 τῆς
1128 936 1352 1007 ἡδονῆς,
1403 938 1533 1013 ἐρίῳ
1595 941 1787 1013 στέψας
1819 942 1917 1012 (7),

271 1028 343 1089 ὥς
374 1048 457 1089 τις
491 1026 706 1082 ἐκείνων
738 1027 828 1079 τὸν
870 1028 1104 1095 ποιητὴν
1140 1029 1238 1100 (8),
1271 1028 1347 1088 ὡς
1392 1028 1729 1102 πορρωτάτω
1778 1028 1917 1101 πέμ-

270 1138 361 1171 πει
390 1116 479 1171 καὶ
511 1114 893 1189 ἀποκρούεται.
930 1122 1163 1183 Κυνικῆς
1214 1113 1291 1188 δὲ,
1334 1117 1396 1169 τὸ
1451 1117 1543 1188 μὶν
1598 1118 1747 1171 ἄθεον
1801 1114 1915 1171 δια-

268 1204 493 1271 πτύσας,
526 1206 587 1260 τὸ
620 1203 679 1258 δὲ
726 1204 1009 1280 ἀπέριττον
1056 1203 1355 1275 ἐπαινέσας,
1384 1205 1545 1259 τοῦτό
1598 1206 1736 1260 ἐστιν
1766 1206 1794 1260 ’ὀ
1825 1211 1915 1259 νῦν

266 1295 423 1368 ὁρᾶτε
451 1297 551 1366 (9),
583 1292 728 1347 κύων
774 1292 910 1347 κατά
939 1297 1043 1346 τῶν
1098 1288 1268 1355 ὅντως
1317 1298 1515 1363 κυνῶν,
1551 1294 1639 1348 xui
1697 1292 1917 1371 φιλόσο-

266 1403 364 1457 φος
420 1382 555 1435 κατὰ
605 1386 712 1435 τῶν
756 1379 1003 1457 ἀσόφων,
1062 1379 1150 1435 καί
1212 1384 1527 1455 Χριστιανὸς
1592 1383 1720 1455 ὑπὲρ
1782 1384 1911 1437 πάν-

260 1491 388 1539 των,
441 1470 530 1523 καὶ
580 1473 745 1523 νικῶν
808 1470 907 1537 τήν
960 1470 1053 1542 μὲν
1114 1468 1324 1523 ἐκείνων
1374 1468 1654 1533 αὐθάδειαν
1699 1475 1767 1543 τῇ
1814 1470 1911 1525 τοῦ

260 1560 548 1632 σχήματος
575 1556 891 1629 ὁμοιότητι,
922 1561 1028 1611 τῶν
1063 1554 1119 1611 δὲ
1149 1559 1274 1632 παρ’
1322 1561 1457 1629 ἡμῖν
1508 1556 1647 1612 ἔστιν
1696 1561 1767 1612 ὢν
1812 1561 1911 1627 τήν

266 1645 652 1722 ἀπειροκαλίαν
708 1649 774 1719 τῇ
832 1645 1111 1715 καινότητι
1168 1650 1265 1699 τοῦ
1322 1644 1636 1719 ἐνδύματος,
1686 1645 1912 1719 δεικνὺς,

264 1734 347 1789 ὅτι
384 1734 461 1805 μή
494 1733 546 1788 ἐν
584 1738 801 1807 μικροῖς
832 1735 893 1788 τὸ
934 1728 1169 1803 εὐσεϐὲς,
1225 1732 1365 1805 μηδὲ
1397 1734 1447 1788 ἐν
1480 1740 1557 1806 τῷ
1593 1742 1825 1813 κατηφεῖ
1854 1737 1914 1789 τὸ

264 1821 581 1899 φιλόσοφον,
642 1820 767 1877 ἀλλ’
826 1820 877 1875 ἐν
928 1825 1113 1897 ψυχῆς
1161 1822 1477 1897 περῥὸτητι
1527 1823 1614 1877 καὶ
1676 1821 1912 1884 διανοίας

261 1910 621 1985 καθαρότητι,
674 1911 760 1965 xui
810 1910 1008 1985 γνησίᾳ
1053 1914 1121 1983 τῇ
1188 1911 1323 1983 πρὸς
1380 1912 1442 1965 τὸ
1490 1911 1655 1966 καλὸν
1717 1912 1911 1978 νεύσει,

263 1999 411 2061 ὅπως
446 1998 503 2053 ἃν
535 2002 631 2053 τοῦ
672 2000 959 2072 σχήματος
1010 1996 1249 2074 ἔχωμεν,
1283 2000 1370 2053 καὶ
1420 2000 1641 2055 οἷστισιν
1694 2000 1751 2054 ἂν
1787 2002 1912 2072 ὁμι-

264 2086 470 2160 λῶμεν,
506 2086 611 2141 εἴτε
640 2088 776 2159 ἡμῖν
807 2086 992 2149 αὐτοῖς
1028 2087 1217 2159 μόνοις
1250 2087 1640 2151 συστέλλοντες
1668 2090 1760 2143 τὸν
1788 2094 1911 2143 νοῦν

260 2176 365 2232 ἀπὸ
424 2180 533 2230 τῶν
587 2176 907 2245 αἰσθήσεων,
965 2174 1069 2230 εἷ’τε
1125 2182 1240 2239 τοῖς
1292 2180 1405 2250 (10)
1454 2176 1689 2240 πολλοῖς
1736 2200 1793 2233 τε
1820 2179 1908 2232 καὶ

260 2263 565 2342 ὁμοφύλοις
598 2262 891 2333 ἰδιάζοντες
925 2264 977 2319 ἐν
1008 2270 1085 2337 τῷ
1114 2271 1315 2338 κοινῷ,
1347 2267 1436 2320 καὶ
1486 2266 1907 2344 φιλοσοφοῦντες

260 2352 311 2408 ἰν
346 2353 407 2407 οὐ
440 2350 828 2430 φιλοσοφοῦσιν
865 2354 961 2428 (ὡς
985 2356 1019 2422 ἡ
1053 2358 1173 2408 Νῶε
1223 2349 1457 2416 κιϐωτὸς
1506 2356 1701 2427 ἐκείνη,
1736 2356 1787 2410 ἐν
1818 2378 1910 2410 κα-

256 2441 557 2514 τακλυσμῷ
609 2441 996 2515 κατακλυσμοῦ
1056 2446 1168 2515 (11)
1216 2443 1536 2521 κουφοτέρα·
1585 2446 1673 2498 καὶ
1725 2448 1760 2513 ἡ
1810 2450 1908 2499 τοῦ

258 2528 417 2607 ὅρους
453 2531 631 2604 βάτος,
664 2534 723 2600 ἣν
776 2537 927 2585 καῖον
971 2532 1034 2586 τὸ
1084 2537 1190 2604 πῦρ
1240 2532 1301 2586 ού
1353 2532 1619 2604 κατέκαιε,
1651 2534 1713 2588 τὸ
1768 2536 1905 2607 μέγα

257 2618 536 2681 Μωυσέως
568 2618 747 2694 ὅραμα
780 2622 935 2693 [12]),
984 2616 1108 2674 οὕτε
1154 2620 1307 2676 αύτοί
1350 2643 1401 2676 τι
1452 2625 1562 2695 (13)
1602 2621 1904 2697 πάσχοντες

256 2713 370 2769 τοῖς
399 2706 656 2777 πολλοῖς,
692 2708 753 2761 οὐ
788 2708 999 2781 μᾶλλόν
1052 2730 1113 2783 γε
1248 2707 1459 2782 ἀδάμας
1501 2716 1614 2771 τοῖς
1664 2712 1905 2780 παίουσι,

258 2797 346 2851 καὶ
379 2794 448 2851 δι’
480 2798 680 2851 ἑαυτῶν
713 2798 841 2858 τοὺς
874 2796 1077 2857 ἄλλους
1114 2797 1363 2872 βελτίους
1392 2805 1670 2862 ποιοῦντες
1705 2801 1779 2863 εἷς
1813 2799 1903 2855 δύο

256 2906 436 2958 ναμιν.
479 2885 686 2955 Ταύτης
734 2886 938 2960 καρπὸς
982 2893 1081 2955 τῆς
1130 2885 1471 2963 φιλοσοφίας,
1515 2888 1580 2941 ού
1613 2888 1760 2964 λόγῳ
1793 2893 1905 2962 (14)

257 2973 623 3045 πλαττόμεναι
655 2973 843 3035 πόλεις
894 2973 1195 3048 (σκινδαψοί
1238 2997 1395 3041 τινες,
1430 2978 1504 3038 ὡς
1554 2977 1707 3031 αὐτοί
1756 3000 1903 3055 φασι,

257 3063 345 3117 καὶ
403 3061 738 3138 τραγὲλποφοι
797 3065 946 3137 (15),
1007 3063 1040 3117 ’ἁ
1099 3064 1321 3138 γλῶσσα
1372 3066 1509 3137 μόνη
1563 3067 1902 3140 συντίθησιν)’

256 3148 382 3205 οὐδὲ
441 3152 761 3225 κατηγορίαι
816 3153 979 3223 τινὲς,
1041 3152 1130 3206 xui
1190 3153 1515 3225 ἀναλύσεις,
1566 3156 1653 3209 καὶ
1716 3158 1902 3228 μίξεις·

255 3237 382 3293 οὐδὲ
414 3234 745 3311 συμϐάματα
778 3241 892 3311 (46)
922 3240 1011 3293 καὶ
1061 3238 1555 3315 παρασυμϐάματα,
1609 3245 1697 3297 καὶ
1745 3247 1778 3312 ἡ
1825 3266 1906 3298 τε-

256 3328 677 3403 χνολογουμένη
710 3328 888 3404 σοφία’
919 3327 1045 3383 οὐδὲ
1074 3332 1329 3406 γραμμαί
1357 3352 1496 3393 τινες
1526 3330 1770 3404 ούδαμοῦ
1794 3334 1905 3387 κεί-

252 3438 428 3489 μεναι,
462 3414 587 3471 οὐδὲ
637 3418 872 3493 ἀστέρων
924 3417 1126 3473 πλοκαὶ
1177 3419 1263 3473 xui
1315 3422 1576 3495 σχήματα
1618 3422 1752 3475 κατὰ
1801 3430 1902 3491 τῆς

2032 859 2276 925 demias,
2311 862 2367 911 et
2416 857 2807 911 venerandam
2839 856 3059 921 Stoam,
3094 858 3151 909 et
3197 854 3424 924 Epicuri
3472 870 3674 909 casum

2030 960 2094 998 ac
2130 946 2515 1000 temeritatem
2547 962 2663 999 una
2695 960 2829 997 cum
2868 943 3081 998 atomis
3129 946 3186 996 et
3230 941 3544 1013 voluptate,
3577 960 3675 997 co-

2030 1050 2172 1087 rona
2187 1032 3135 1105 laneacingens(quemadmodum
3151 1031 3392 1102 quidam
3410 1031 3672 1101 ipsorum

2031 1128 2257 1193 poetam
2278 1123 2728 1193 ornavit),quam
2747 1119 3090 1191 longissime
3103 1120 3333 1191 ablegat
3349 1124 3404 1174 et
3425 1119 3671 1191 repellit.

2027 1212 2251 1283 Cynicre
2283 1216 2477 1266 autem
2512 1216 2703 1277 sectae.
2736 1209 3095 1280 impietatem
3128 1208 3362 1280 quidem
3395 1212 3452 1263 et
3481 1208 3671 1263 numi-

2028 1297 2118 1351 nis
2170 1302 2570 1367 contemptum
2625 1298 2979 1361 exsecratus,
3030 1292 3423 1363 frugalitatem
3473 1298 3669 1349 autem

2029 1385 2305 1439 laudibus
2336 1388 2700 1455 prosecutus,
2730 1384 2839 1438 hoc
2887 1385 2973 1437 est
3015 1382 3163 1452 quod
3215 1381 3475 1447 cernitis,
3508 1382 3669 1437 canis

2030 1476 2307 1529 adversus
2340 1491 2503 1528 veros
2533 1490 2726 1537 canes,
2759 1477 2817 1527 et
2856 1470 3237 1542 philosophus
3269 1470 3545 1525 adversus
3576 1469 3670 1525 in-

2026 1565 2325 1635 sipientes,
2359 1569 2415 1617 et
2443 1562 2811 1618 Christianus
2844 1561 2914 1615 ad
2961 1561 3107 1615 bene
3137 1560 3207 1614 de
3238 1560 3515 1615 omnibus
3550 1577 3669 1615 me-

2026 1654 2272 1708 rendum
2299 1656 2555 1723 paratus,
2575 1656 2744 1719 atque
2766 1649 3000 1704 illorum
3020 1648 3256 1719 quidem
3274 1649 3665 1720 arrogantiam

2026 1758 2126 1812 per
2156 1741 2390 1796 habitus
2421 1739 2890 1805 similitudinem,
2925 1735 3341 1792 nonnullorum
3374 1742 3567 1793 autem
3599 1754 3668 1792 ex

2026 1831 2243 1886 nostris
2292 1830 2571 1901 ineptiam
2620 1844 2723 1899 per
2768 1827 2947 1881 vestis
2991 1825 3304 1881 novitatem
3357 1826 3662 1881 refutans:

2023 1918 2166 1973 illud
2225 1917 2444 1973 scilicet
2492 1916 2826 1982 ostendens,
2877 1930 2980 1969 nec
3030 1914 3309 1986 pietatem
3349 1913 3409 1967 in
3441 1914 3665 1985 exiguis

2023 2009 2219 2073 rebus,
2254 2023 2358 2062 nec
2392 2004 2820 2078 philosophiam
2850 2005 2909 2057 in
2942 2002 3138 2057 vultus
3169 2002 3432 2069 tristitia,
3464 2018 3662 2058 verum

2022 2096 2080 2151 in
2133 2096 2312 2151 animi
2363 2095 2639 2149 ﬁrmitate
2683 2110 2747 2149 ac
2779 2092 2993 2148 mentis
3023 2090 3294 2163 puritate,
3327 2093 3664 2162 sinceraque

2018 2187 2087 2240 ad
2140 2187 2356 2240 bonum
2410 2182 2793 2255 propensione
2835 2181 3200 2237 consistere:
3254 2180 3399 2235 nihil
3430 2180 3663 2246 referre,

2019 2292 2134 2344 quo
2168 2274 2367 2329 habitu
2400 2273 2606 2340 simus,
2641 2275 2696 2327 et
2742 2287 2873 2327 cum
2924 2270 3141 2342 quibus
3179 2269 3664 2325 consuetudinem

2018 2362 2365 2427 habeamus,
2398 2361 2572 2415 modo
2607 2377 2711 2416 nos
2743 2360 2825 2414 ita
2854 2375 3285 2430 comparemus,
3316 2362 3379 2413 ut
3409 2358 3527 2413 sive
3558 2357 3666 2413 soli

2018 2451 2226 2517 simus,
2263 2456 2517 2504 mentem
2552 2466 2584 2504 a
2615 2447 2886 2503 sensibus
2918 2446 3359 2512 contrahemus,
3382 2446 3502 2501 sive
3533 2463 3667 2501 cum

2017 2538 2145 2593 aliis
2176 2554 2493 2606 versemur,
2526 2536 2585 2592 in
2638 2536 2938 2592 communi
2972 2535 3279 2589 hominum
3328 2538 3477 2589 coetu
3533 2538 3666 2589 tan-

2017 2643 2192 2697 quam
2213 2627 2270 2681 in
2290 2632 2510 2681 secreto
2528 2625 2812 2692 vivamus,
2829 2628 2998 2694 atque
3020 2624 3168 2677 inter
3185 2639 3283 2678 eos
3301 2622 3400 2694 qui
3428 2622 3669 2677 minime

2018 2715 2525 2787 philosophantur,
2576 2713 2960 2785 philosophiae
3010 2711 3207 2767 studia
3255 2710 3537 2767 colamus.
3598 2713 3668 2766 Et

2016 2804 2515 2875 quemadmodum
2541 2820 2676 2858 arca
2706 2802 2806 2857 illa
2830 2802 2947 2857 Noe
2968 2803 3034 2868 “,
3058 2818 3185 2872 qua;
3216 2799 3275 2854 in
3309 2799 3525 2856 diluvio
3548 2800 3664 2855 vim

2015 2894 2216 2948 diluvii
2248 2893 2469 2959 evasit;
2505 2897 2679 2962 atque
2709 2891 2916 2962 ingens
2948 2889 3090 2944 illud
3125 2888 3341 2961 Moysis
3372 2893 3667 2960 spectacu-

2016 2982 2160 3052 lum,
2184 2983 2291 3036 hoc
2322 2987 2432 3047 est,
2456 2981 2551 3035 ille
2573 2980 2790 3035 montis
2822 2979 3008 3034 rubus
3028 2978 3090 3047 ⁸⁵,
3115 2992 3291 3048 quem
3312 2977 3466 3049 ignis
3488 2994 3665 3033 urens

2017 3088 2131 3125 non
2166 3070 2492 3141 perurebat,
2525 3069 2727 3123 eodem
2760 3068 2930 3122 modo
2977 3082 3084 3121 nos
3136 3082 3389 3137 quoque,
3444 3080 3549 3121 nec
3598 3082 3666 3121 ex

2015 3158 2173 3231 vulgi
2206 3158 2551 3228 contagione
2574 3156 2994 3211 detrimentum
3018 3153 3203 3208 ullum
3226 3154 3664 3219 contrahamus,

2016 3247 2515 3317 quemadmodum
2549 3262 2652 3300 nec
2685 3245 2927 3300 adamas
2958 3244 3029 3298 ab
3061 3242 3153 3311 iis,
3204 3260 3238 3298 a
3287 3242 3504 3314 quibus
3536 3260 3666 3314 per-

2015 3336 2253 3403 cutitur,
2277 3341 2332 3390 et
2353 3352 2456 3406 pro
2486 3334 2637 3388 virili
2672 3338 2873 3388 nostra
2894 3348 3188 3399 curemus,
3214 3335 3278 3385 ut
3306 3330 3404 3387 alii
3437 3347 3539 3403 per
3559 3349 3665 3388 nos

2016 3424 2284 3479 meliores
2306 3424 2654 3478 efﬁciantur.
2672 3423 2858 3492 Hujus
2880 3420 3260 3493 philosophias
3284 3420 3527 3487 fructus,
3552 3439 3665 3476 non

250 3505 518 3579 Προνοίας
570 3504 949 3577 ἐπινοούμενα.
1001 3510 1175 3560 Ταῦτα
1231 3508 1324 3579 μὲν
1373 3509 1473 3583 γὰρ
1524 3510 1669 3580 αύτῷ
1722 3508 1897 3566 δευτέ-

2023 3529 2282 3567 sermone
2313 3513 2458 3565 ﬁctae
2489 3512 2752 3566 civitates
2801 3509 3118 3581 (scindapsi
3150 3510 3411 3578 quidam,
3445 3512 3511 3563 ut
3554 3510 3666 3580 ipsi

249 3614 349 3670 ρου
383 3592 554 3669 λόγου
585 3594 673 3648 xui
705 3593 966 3669 πάρεργα,
998 3594 1086 3648 καὶ
1134 3600 1391 3649 τοσοῦτον
1434 3598 1734 3669 παιζόμενα
1767 3603 1897 3669 (17),

248 3682 372 3738 ὅσον
428 3684 504 3756 μὴ
554 3682 833 3752 παίζεσθαι
886 3684 1034 3759 παρὰ
1080 3688 1186 3737 τῶν
1248 3681 1441 3738 είδέναι
1492 3689 1895 3759 προσποιουμέ-

250 3792 377 3828 νων.

2010 3602 2196 3665 aiunt,
2220 3605 2275 3655 et
2297 3598 2647 3670 tragelaphi,
2673 3616 2800 3669 quae
2834 3597 3035 3669 lingua
3059 3596 3182 3652 sola
3205 3596 3537 3667 construit),
3561 3613 3665 3652 nec

2009 3690 2310 3761 categorias
2342 3689 2613 3759 quaedam
2656 3692 2713 3741 et
2761 3687 3050 3757 analyses,
3085 3703 3151 3740 ac
3197 3683 3527 3755 mistiones,
3560 3701 3666 3741 nec

2011 3779 2379 3849 symbamata
2393 3784 2441 3831 et
2469 3775 3002 3846 parasymbamata,
3018 3780 3073 3828 et
3093 3772 3415 3845 argutatrix
3434 3774 3663 3844 sapien-

250 3865 354 3931 tia,
388 3880 494 3921 nec
543 3864 707 3919 lineae
756 3864 1025 3935 quaedam
1074 3881 1369 3936 nusquam
1420 3865 1753 3935 existentes,
1789 3884 1893 3923 nec
1940 3869 2199 3923 siderum
2234 3884 2437 3932 nexus,
2470 3871 2525 3920 et
2554 3864 2750 3936 ﬁgure:
2790 3865 2941 3920 459
2992 3865 3269 3919 adversus
3318 3862 3418 3917 Dei
3470 3866 3662 3935 provi-

248 3953 509 4009 dentiam
539 3952 897 4024 excogitatm.
929 3952 1059 4008 Hinc
1109 3954 1265 4008 enim
1317 3952 1411 4009 ille
1444 3956 1698 4010 secundo
1730 3954 1853 4010 loco
1885 3973 2114 4028 semper
2163 3955 2383 4022 habuit,
2417 3955 2719 4026 obiterque
2750 3972 2814 4009 ac
2844 3954 3000 4010 velut
3043 3970 3143 4025 per
3192 3953 3397 4008 ludum
3446 3953 3661 4025 attigit,

253 4043 657 4113 hactenusque
687 4042 991 4109 duntaxat,
1025 4058 1097 4098 ne
1128 4043 1200 4099 ab
1232 4042 1373 4111 illis,
1407 4045 1506 4116 qui
1540 4061 1602 4100 se
1632 4061 1833 4101 earum
1865 4063 2059 4102 rerum
2102 4044 2405 4100 scientiam
2440 4050 2633 4100 tenere
2672 4044 3037 4116 proﬁtentur,
3064 4042 3230 4098 illudi
3263 4047 3437 4114 atque
3467 4043 3662 4114 exagi-

249 4132 360 4188 tari
392 4135 609 4204 posset.

319 4232 363 4265 “
393 4232 536 4287 Gen.
568 4247 647 4301 v1,
681 4231 767 4284 14.
844 4230 889 4265 ⁴⁸
918 4230 1097 4286 Exod.
1132 4247 1194 4301 Ῑῐ,
1226 4234 1277 4287 2.

320 4329 397 4399 (7)
432 4327 658 4405 Στὲψας.
696 4328 968 4405 Οιξι1εΔοι
1000 4328 1185 4405 Pass.,
1210 4329 1571 4405 στεφανώσας.
1598 4331 1739 4385 Addi
1774 4348 1900 4403 pos-

252 4396 489 4474 set,_'xui
547 4396 702 4474 μύρῳ
761 4396 1007 4471 ἀλείψας,
1039 4422 1065 4450 ‹‹
1099 4404 1155 4454 et
1204 4396 1501 4474 unguento
1558 4396 1900 4474 unguens.»

249 4470 565 4544 Utriusque
613 4470 789 4544 enim
822 4477 1155 4544 coronsa,_et
1186 4496 1211 4522 ‹‹
1248 4470 1667 4544 ἱῐῇροεὶὶίοηίέ
1689 4478 1745 4528 et
1796 4492 1900 4529 un-

250 4542 459 4599 ctionis
492 4563 519 4590 ››
555 4542 822 4614 meminit
851 4542 1030 4614 Plato,
1066 4542 1167 4597 lib.
1202 4561 1264 4598 III
1299 4542 1375 4599 De
1400 4545 1613 4614 republ.

322 4614 399 4685 (8)
429 4614 527 4672 ’Ὡς
556 4632 639 4672 τις
672 4610 884 4665 ἐκείνων
928 4612 1025 4687 Δτὸν
1070 4615 1327 4687 ποιητήν.
1367 4638 1387 4663 α
1425 4610 1495 4670 UL
1540 4616 1776 4685 quidem
1810 4616 1898 4687 ip-

252 4700 453 4741 sorum
485 4689 712 4755 poetam
733 4684 987 4757 ornavit.
1013 4707 1051 4757 ί»
1084 4686 1245 4741 Plato
1275 4687 1399 4757 ipse
1430 4691 1538 4751 est,
1560 4684 1669 4756 iqui
1707 4684 1901 4741 llome-

2086 4332 2197 4403 (14)
2228 4328 2299 4383 Οὐ
2349 4326 2525 4403 λόγῳ,
2558 4328 2805 4403 etcrﬂic
2837 4328 3137 4384 Platonem
3173 4327 3383 4403 carpit,
3417 4329 3523 4400 qui
3555 4328 3657 4384 lib.

2018 4422 2053 4458 ιι
2092 4400 2312 4473 οβ’νερ.
2348 4400 2617 4473 sermone
2647 4401 2935 4473 civitatem
2968 4400 3315 4473 construxit.

2085 4476 2198 4546 (15)
2255 4469 2650 4547 Σκινδαψοί...
2711 4470 3059 4547 τραγέλαφοι,
3132 4469 3418 4543 Apollonii
3483 4470 3659 4547 inter:

2014 4543 2145 4616 pres
2178 4543 2356 4601 tradit
2397 4543 2775 4616 scindapsum
2826 4543 2972 4599 esse
3005 4543 3211 4616 plantae
3263 4558 3468 4615 genus,
3503 4543 3657 4616 quod

2012 4614 2165 4689 apud
2216 4618 2466 4689 Nyssum
2499 4617 2556 4671 in
2596 4614 2755 4689 [india
2787 4616 3066 4689 nascitur.
3098 4614 3239 4669 Cum
3270 4614 3483 4689 fantem
3536 4614 3657 4689 hac

2012 4686 2211 4771 planta
2244 4686 2537 4771 nusquam
2569 4687 2706 4742 alibi
2750 4688 3096 4771 reperiatur,
3126 4686 3652 4771 pntatnGregorius,

250 4772 403 4823 rum,
438 4772 513 4836 ne
548 4755 863 4836 juvenibus
894 4756 1101 4836 noxius
1131 4762 1192 4836 et
1216 4755 1497 4836 exitiosus
1544 4755 1717 4836 esset,
1766 4757 1899 4813 lana
1932 4778 1977 4836 ι)
2008 4755 2159 4836 hanc
2180 4755 2393 4836 _vocem'
2418 4760 2654 4814 inanem
2686 4755 2834 4836 esse2
2865 4764 2921 4813 et
2951 4758 3097 4836 nihil
3130 4755 3478 4827 signiﬁcare.
3512 4758 3655 4836 Tra-

251 4828 516 4884 corunari
548 4834 607 4883 et
637 4828 852 4882 dimitti
883 4830 1110 4883 statuit.
1151 4828 1265 4884 Hac
1297 4828 1684 4885 similitudine
1717 4836 1897 4884 utitur

247 4899 586 4972 Gregorius,
620 4904 686 4972 ut
716 4900 1029 4972 sublimem
1063 4900 1294 4956 Maximi
1340 4900 1769 4972 philosophiam
1802 4919 1895 4955 ex-

248 4970 438 5042 tollat,
454 4971 572 5040 qui,
590 4970 822 5042 scholas
844 4970 1381 5042 Peripateticorum,
1398 4973 1897 5041 Academicorum,

254 5040 580 5117 Stoicorum
613 5046 683 5117 et_
702 5041 932 5117 Epicuri
973 5040 1186 5117 corona
1232 5045 1395 5099 lanea
1426 5045 1687 5117 cingens,
1722 5040 1897 5115 quam

258 5112 603 5185 longissime
635 5112 864 5185 ablegat
892 5118 946 5169 et
980 5113 1225 5185 repellit.

322 5132 352 5168 n
403 5131 603 5169 Issune
635 5131 864 5185 ablegat
892 5131 946 5169 et
980 5131 1102 5185 repe

317 5131 398 5258 (δ)
426 5186 637 5258 Ὀρατε.
675 5185 770 5241 Or.
806 5187 859 5258 1,
894 5186 1102 5258 ὁρᾶται.

356 5204 394 5256 θ)
444 5204 486 5240 υ
526 5204 637 5241 ατε.
675 5204 770 5241 ur.
809 5204 859 5251 1,
894 5204 1102 5258 οραται.

356 5258 446 5327 10)
477 5204 604 5311 gite
629 5260 765 5327 τοῖς,
802 5256 863 5327 In
896 5256 1215 5327 nonnullis,
1247 5252 1351 5307 sit:
1382 5254 1472 5307 σὺν
1502 5261 1636 5315 τοῖς.

350 5325 436 5397 11)
472 5325 850 5398 Κατακλυσμῷ
896 5326 1301 5398 κατακλυσμοῦ.
1330 5327 1423 5380 Sic
1472 5328 1627 5396 Regii
1678 5333 1733 5381 et
1774 5326 1901 5383 Col-

256 5398 719 5522 bgrtinivplures,
753 5399 925 5455 Coisl.
964 5402 987 5454 1
1024 5405 1079 5454 et
1105 5400 1159 5469 2,
1188 5403 1294 5453 etc.
1333 5398 1392 5452 In
1425 5400 1514 5453 ed.
1550 5400 1711 5452 deest
1740 5418 1899 5451 κατα-

256 5489 289 5521 κ
331 5488 528 5522 υσμου.

255 5488 528 5523 κΛυσμου.

333 5490 528 5539 υσμου.

333 5542 443 5605 (12)
477 5539 713 5613 "Optimi.
743 5539 912 5613 Coisl.
950 5542 999 5604 1,
1034 5536 1225 5613 θέαμα.

328 5610 635 5683 (13),Δύτοί
666 5610 856 5683 τιηὸίο
877 5615 1128 5682 quatuor
1148 5610 1332 5677 Colb.,
1355 5611 1471 5667 duo
1496 5611 1689 5681 Coisl.,
1717 5612 1900 5681 Pass.,

257 5681 374 5757 etc.
402 5681 495 5757 Sic
525 5684 701 5757 etiam
749 5681 924 5739 habet
955 5683 1220 5757 Herv_ag.,
1255 5684 1325 5739 ad
1360 5685 1528 5755 cujus
1577 5684 1900 5757 marginem

263 5754 502 5830 scripsit
530 5755 737 5814 Billins
767 5770 781 5813 :
813 5758 953 5827 forte
982 5752 1242 5809 abrdv’n.

2006 4830 2291 4903 gelaphus
2320 4849 2471 4895 vero,
2504 4836 2593 4886 est
2622 4830 2839 4903 animal
2870 4845 2937 4883 ex
2968 4829 3128 4883 hirco
3158 4835 3214 4884 et
3245 4845 3408 4903 cervo
3439 4828 3651 4883 confla-

2010 4901 2156 4963 tum;
2182 4904 2333 4973 quod
2368 4903 2542 4958 etiam
2578 4918 2611 4956 a
2641 4901 2843 4956 multis
2876 4917 3177 4971 nunquam
3211 4901 3504 4973 exstitisse
3530 4917 3653 4955 cre-

2010 4971 2299 5029 diturfDe
2328 4973 2910 5045 tragelaphotamen
2956 4972 3171 5045 mentio
3202 4976 3290 5045 est
3335 4971 3395 5026 in
3444 4971 3651 5045 Dente-

2012 5060 2135 5099 ron.
2170 5062 2281 5170 am),
2315 5047 2379 5113 5;
2426 5044 2481 5100 et
2523 5045 2580 5099 in
2639 5044 2786 5099 libro
2841 5044 2973 5114 Job,
3025 5044 3197 5115 juxta
3251 5044 3653 5116 Septuaginta,

2012 5134 2205 5170 χχχιχ.
2276 5159 2287 5170 .

2012 5134 2205 5182 xxxxx,
2239 5134 2287 5171 ι.

2083 5181 2201 5257 (16)
2228 5181 2592 5258 Συμϐάματα,
2624 5190 2731 5241 etc.
2765 5185 3219 5256 Propositiones,
3252 5202 3380 5257 quae
3415 5200 3655 5238 sensum

2012 5258 2304 5328 integrum
2350 5259 2634 5321 efﬁciunt,
2667 5278 2687 5305 α
2722 5258 3089 5329 symbamata
3123 5279 3142 5305 ιι
3173 5261 3480 5320 vocantur;
3528 5270 3655 5329 qua:

2013 5347 2144 5384 vero
2176 5347 2416 5385 sensum
2450 5328 2889 5401 integrum'non
2923 5328 3212 5401 efﬁciunt,
3233 5350 3253 5375 ι
3286 5328 3657 5397 perasymba-

2017 5408 2189 5455 mata.
2221 5425 2246 5449 ιι
2278 5401 2499 5456 Alludit
2528 5398 2860 5473 Gregorius
2892 5400 2961 5473 ad
3014 5398 3424 5473 Chrysippum,
3458 5412 3655 5473 quem,

2015 5474 2163 5527 inter
2193 5474 2358 5537 alios,
2397 5467 2685 5527 Lucianu's
2717 5472 2774 5525 in
2809 5471 3035 5541 dialogo
3083 5467 3154 5523 ne
3200 5470 3450 5541 auctione
3476 5467 3654 5539 philo-

2009 5546 2303 5623 sOphorum
2343 5544 2561 5623 irridet,
2596 5549 2651 5598 et
2701 5542 2879 5623 stulta
2927 5539 3187 5623 ipsorum
3238 5539 3654 5623 dogmata,‘at-

2010 5610 2119 5685 que
2162 5619 2219 5671 in
2270 5616 2461 5671 verbis
2511 5615 2794 5671 novandis
2844 5610 3236 5667 curiositatem
3272 5610 3653 5666 deridendam

2011 5690 2303 5760 propinat.

2082 5718 2392 5832 mimica
2402 5776 2554 5831 μενα.
2586 5756 2680 5814 Or.
2689 5798 2705 5829 ,
2737 5751 3012 5823 παίζοντα.
3632 5718 3747 5801 μέ
