4094 6212
455 362 610 428 1207

1696 374 1761 435 s.
1812 356 2184 419 GREGORII
2231 357 2625 419 THEOLOGI
3669 370 3787 431 1208

522 496 640 552 VII.
676 493 980 560 Quodnam
1012 496 1206 549 autem
1266 491 1375 548 fuit
1426 489 1774 563 primarium
1833 495 1889 545 et
1944 489 2090 545 anti-

2282 488 2349 546 Z'.
2380 486 2441 541 Τί
2478 484 2535 542 δὲ
2580 488 2642 543 τὸ
2691 493 2907 563 πρῶτον
2953 489 3043 545 καὶ
3096 486 3517 564 σπουδαζόμενον
3546 511 3558 561 ;
3586 495 3640 550 ἹΙ
3677 500 3784 572 πρὸς

456 585 814 660 quissimum
844 582 1033 655 ipsius
1054 582 1321 639 studium
1339 582 1366 637 ‘I
1395 583 1503 638 Pro
1527 581 1662 652 jure
1689 585 1745 635 et
1774 595 1940 652 aequo
1972 595 2105 635 cum

454 673 804 748 praesidibus
835 670 1224 743 expostulare,
1279 670 1432 743 apud
1484 684 1647 740 reges
1701 668 1989 724 sermonis
2036 666 2103 721 li-

455 764 741 819 bertatem
803 760 1101 828 adhibere,
1161 758 1655 832 quemadmodum
1714 756 1963 812 eximius
2010 755 2107 811 ille

454 851 656 917 David,
691 850 791 923 qui
828 850 1175 921 loquebatur
1203 850 1260 904 in
1295 851 1612 919 conspectu
1646 862 1871 918 regum,
1905 850 1961 901 et
1992 863 2106 900 non

457 939 1012 1007 confundebatur“,
1060 937 1359 1010 pepularis
1391 935 1574 992 turbae
1606 935 1890 990 ﬂuctuum
1924 934 2110 991 instar

457 1029 687 1100 agitatas
761 1026 1143 1082 stoliditatem
1204 1041 1613 1096 compescere,
1673 1024 2106 1093 ferocientium,

457 1132 763 1190 procerum
793 1115 1111 1180 licentiam,
1145 1116 1455 1170 domorum
1499 1114 1650 1167 inter
1703 1130 1765 1168 se
1813 1112 2106 1169 dissiden-

455 1206 604 1261 tium
640 1206 932 1274 morbum,
966 1205 1334 1259 indoctorum
1370 1201 1781 1271 rusticitatem,
1804 1202 2108 1257 doctorum

456 1294 876 1366 arrogantiam,
927 1292 1159 1347 divitias
1217 1291 1537 1346 insolenter
1595 1306 1722 1345 sese
1782 1291 2107 1355 efferentes,

455 1382 824 1439 saturitatem
877 1380 1208 1453 petulanter
1238 1383 1294 1435 et
1325 1378 1748 1435 contumeliose
1798 1394 1859 1434 se
1907 1394 2107 1448 geren-

458 1476 599 1539 tem,
631 1474 1033 1542 paupertatem
1067 1470 1138 1524 ad
1180 1468 1463 1524 maleﬁcia
1508 1467 1845 1539 proclivem,
1878 1467 2108 1521 iracun-

460 1559 616 1615 diam
647 1558 1019 1630 przecipitem,
1053 1575 1118 1613 ac
1164 1557 1449 1613 rationem
1498 1572 1698 1612 secum
1752 1556 2111 1622 efferentem,

457 1647 814 1719 voluptatem
839 1647 1078 1703 modum
1102 1647 1495 1715 excedentem,
1514 1646 1698 1700 risum
1728 1644 2107 1717 petulantem,

459 1735 724 1791 meroris
746 1735 1099 1791 anxietatem
1122 1749 1405 1799 coercere,
1424 1734 1756 1805 juventutis
1778 1733 2112 1789 inconstan-

454 1824 622 1890 tiam,
638 1822 955 1879 senectutis
976 1823 1291 1896 ignaviam,
1308 1823 1605 1893 animique
1624 1820 2108 1891 imbecillitatem,

452 1911 754 1967 viduitatis
772 1912 1171 1979 solitudinem,
1188 1912 1454 1967 orbitatis
1471 1912 1937 1982 desperationem
1958 1928 2112 1966 com-

2216 577 2485 652 ἄρχοντας
2540 574 2905 652 δικαιολογία,
2937 582 2971 648 ἡ
3018 580 3155 656 πρὸς
3209 578 3444 653 βασιλεῖς
3476 584 3573 652 (18)
3619 585 3790 661 παρῥη-

2217 664 2324 733 σία,
2366 667 2500 719 κατά
2543 664 2634 720 τὸν
2689 672 2829 730 θεῖον
2880 663 3045 723 Δαϐἷδ
3097 666 3367 723 λαλοῦντα
3423 668 3631 725 ἐναντίον
3680 675 3794 748 βαδι-

2216 752 2355 807 λὲων
2388 753 2476 808 καὶ
2512 755 2586 826 μή
2612 755 3030 831 αἰσχυνόμενον,
3083 755 3147 828 δή
3162 780 3275 829 μων
3328 758 3537 834 ἀλογίαν
3568 763 3787 818 συστεῖλαι

2213 845 2647 915 κυμαινομένων,
2700 842 2973 901 δυναστῶν
3024 845 3265 917 ἐξουσίαν
3318 848 3689 923 ἀγριαινόντων,
3731 851 3792 907 οἷ’-

2216 952 2323 985 κων
2357 930 2655 1007 ἀρρωστίαν
2705 934 3121 1007 στασιαζόντων,
3171 932 3498 989 ἀπαιδεύτων
3548 938 3794 1011 ἀγροικίαν,

2218 1017 2659 1093 πεπαιδευμένων
2721 1021 3039 1092 ἀλαζονείαν
3081 1070 3093 1093 ,
3152 1022 3389 1078 πλοῦτον
3461 1024 3798 1098 ἐπαιρόμενον,

2220 1108 2380 1184 κόρον
2451 1105 2813 1184 ὑϐρίζονττα,
2865 1110 3052 1166 πενίαν
3102 1117 3522 1187 κακουργοῦσαν,
3558 1115 3701 1186 θυμὸν
3740 1117 3801 1172 ἐκ·

2219 1197 2517 1274 φερόμενον
2569 1200 2658 1253 καὶ
2705 1201 2794 1254 τὸν
2850 1198 3112 1276 λογισμὸν
3146 1202 3259 1272 (19)
3308 1201 3605 1277 ἐκφέροντα,
3644 1200 3803 1272 ἡδονῆς

2218 1285 2500 1361 ἀμετρίαν,
2529 1286 2771 1361 γέλωτος
2819 1288 3097 1363 ἀκρασίαν,
3148 1286 3327 1358 λύπης
3379 1287 3660 1362 ἀδημονίαν
3700 1298 3803 1347 παῦ-

2220 1394 2329 1445 σαι,
2406 1374 2662 1445 νεότητος
2747 1375 3065 1449 ἀνωμαλίαν
3111 1420 3124 1445 ,
3205 1379 3393 1452 γήρως
3479 1381 3805 1454 μικροψυχίαν,

2219 1462 2449 1536 χηρείας
2524 1462 2755 1538 ἐρημίαν
2812 1510 2825 1532 ,
2886 1464 3147 1542 ὀρφανίας
3232 1464 3536 1539 ἀπόγνωσιν
3596 1511 3609 1524 .
3674 1473 3808 1522 Ταῦτα

2216 1555 2323 1605 τῶν
2376 1549 2765 1627 συλλογισμῶν
2816 1553 2905 1607 καὶ
2951 1558 3058 1607 τῶν
3118 1559 3417 1630 γραμμῶν,
3475 1554 3558 1609 καὶ
3608 1560 3691 1609 τοῦ
3736 1577 3803 1611 κι-

2219 1638 2444 1715 χηνέναι
2501 1642 2636 1716 πρὸς
2693 1640 2819 1704 τοὺς
2880 1642 3127 1719 ἀστέρας,
3189 1644 3271 1715 ἀρ’
3341 1642 3405 1697 οὐ
3475 1648 3649 1719 μακρῷ
3703 1665 3809 1716 προ-

2218 1731 2439 1801 τιμήσει
2495 1750 2577 1792 τις
2638 1727 2694 1785 εὖ
2754 1736 2964 1808 φρονῶν
3028 1750 3041 1800 ;
3102 1731 3272 1786 έκεῖνο
3354 1731 3703 1806 ἐνθυμηθεὶς,
3747 1733 3805 1787 δτι

2221 1817 2563 1893 συναγόντων
2618 1820 2712 1892 μὶν
2764 1818 2998 1889 πάντων,
3032 1822 3067 1892 ἢ
3100 1820 3579 1897 γεωμετρούντων,
3606 1823 3637 1891 ἢ
3665 1822 3813 1896 ἀστρο-

2219 1907 2551 1979 νομοόντων,
2585 1904 2739 1962 οὐδὲν
2772 1908 2829 1962 ἂν
2864 1909 2892 1963 ὁ
2928 1908 3043 1984 βίος
3074 1910 3235 1981 ἡμῶν
3277 1910 3428 1985 παρᾶ
3464 1914 3613 1964 τοῦτο
3641 1910 3811 1986 ὠφελη-

456 2001 729 2071 primere.
764 2001 895 2055 Haec
923 2017 1056 2057 vero
1088 2016 1281 2055 nonne
1310 2000 1690 2073 syllogismis,
1729 2005 1786 2054 et
1834 1999 2023 2068 lineis,
2056 2004 2105 2054 et

2220 1995 2359 2065 θείη,
2394 1996 2477 2050 ὅτι
2530 1997 2606 2069 μὴ
2655 1996 2744 2051 καὶ
2792 1997 2858 2052 τά
2906 1996 3080 2053 πάντα
3123 1996 3439 2068 λυθήσεται·
3470 1998 3661 2053 τούτων
3690 1996 3737 2054 δὲ
3759 2000 3815 2055 ὧν

457 2089 643 2145 hianti
672 2090 730 2144 in
752 2088 937 2145 stellis
956 2089 1184 2145 obtutui
1212 2088 1465 2144 multum
1484 2094 1821 2159 anteponet,
1839 2088 2111 2159 quisquis

459 2182 655 2233 mente
686 2194 831 2234 sana
864 2178 1081 2233 fuerit?
1130 2177 1275 2234 Illud
1308 2193 1509 2234 secum
1542 2182 1842 2249 reputans,
1874 2178 2026 2248 quod
2061 2177 2109 2231 si

459 2268 531 2323 ad
551 2266 1026 2340 syllogismorum
1046 2266 1597 2333 conclusionem,vel
1616 2268 1684 2321 ad
1704 2266 2106 2338 geometriam,

460 2360 564 2412 aut
586 2356 1028 2427 astronomiam,
1052 2372 1257 2412 omnes
1286 2356 1551 2412 studium
1584 2371 1757 2411 suum
1782 2360 1958 2426 atque
1979 2371 2109 2425 ope-

460 2461 587 2500 ram
621 2444 995 2512 contulerint,
1030 2444 1176 2500 nihil
1206 2460 1274 2499 ea
1303 2461 1395 2500 res
1426 2446 1557 2500 vita
1589 2443 1857 2498 humana:
1911 2444 2106 2514 profu-

458 2537 594 2589 tura
625 2534 721 2600 sit,
754 2533 895 2605 quin
941 2534 1137 2605 potius
1177 2535 1376 2588 omnia
1407 2532 1645 2589 dissolvi
1678 2549 1743 2587 ac
1772 2532 2107 2588 labefactari

460 2639 697 2678 necesse
727 2622 839 2677 erit
870 2639 884 2678 :
940 2627 1144 2679 contra
1181 2621 1230 2678 si
1262 2638 1329 2678 ea
1358 2622 1569 2689 officia,
1604 2639 1731 2693 quas
1763 2639 1796 2677 a
1827 2638 1918 2677 me
1949 2638 2105 2677 com-

461 2716 785 2766 memorata
832 2716 990 2776 sunt,
1023 2712 1093 2765 de
1125 2710 1315 2766 medio
1346 2710 1579 2767 sublata
1608 2710 1841 2776 fuerint,
1874 2728 2109 2766 summa

453 2798 721 2854 omnium
771 2815 965 2854 rerum
997 2798 1359 2870 perturbatio
1409 2803 1467 2854 et
1512 2800 1776 2854 confusio
1830 2799 1925 2855 sit.
1979 2800 2106 2855 Haec

454 2891 671 2959 quanto
702 2887 1071 2943 Antisthenis
1099 2887 1374 2958 vanitate,
1407 2892 1464 2943 et
1509 2888 1783 2959 Diogenis
1824 2888 2102 2960 ingluvie,

2220 2087 2369 2139 εἷπον
2428 2085 2853 2160 ἀναιρουμένων,
2907 2086 3092 2157 ἀταξία
3146 2088 3210 2142 τὸ
3261 2093 3365 2142 πᾶν
3428 2088 3517 2142 καὶ
3565 2086 3812 2162 σύγχυσις.

2216 2178 2391 2228 Ταῦτα
2431 2176 2528 2242 τῆς
2581 2174 2954 2238 Ἀντισθένους
3002 2174 3343 2245 ἀλαζονείας,
3390 2176 3485 2230 καὶ
3529 2179 3622 2245 τῆς
3668 2175 3815 2252 Διογέ-

2216 2284 2340 2324 νους
2375 2262 2677 2339 ὀψοφαγίας
2707 2308 2722 2334 ,
2764 2263 2856 2317 καὶ
2906 2270 3007 2332 τῆς
3062 2264 3339 2339 Κράτητος
3390 2263 3818 2339 κοινογαμίας,τί

2217 2353 2328 2427 χρή
2364 2351 2538 2426 λέγειν
2564 2351 2675 2424 ὅσῳ
2704 2352 2931 2427 κρείττω
2962 2354 3051 2407 καὶ
3085 2351 3405 2428 ὑψηλότερα
3438 2372 3452 2421 ;
3489 2352 3631 2422 Πλὴν
3670 2350 3820 2431 φειδό-

2221 2452 2355 2513 μεθα
2385 2442 2497 2512 (20)
2527 2440 2787 2495 κάκείνων
2817 2440 2964 2496 αἰδοῖ
3012 2443 3110 2511 τῆς
3162 2443 3559 2518 προσηγορίας,
3583 2440 3660 2496 ’ἱνα
3680 2464 3725 2497 τι
3747 2447 3821 2496 τοῦ

2219 2529 2407 2605 ἀνδρὸς
2436 2529 2835 2584 ἀπολαύσωσιν.
2885 2534 3075 2604 Ἡμεῖς
3126 2528 3203 2599 δὲ,
3252 2530 3344 2586 ’ίνα
3375 2534 3495 2604 (21)
3523 2532 3585 2584 τὰ
3626 2530 3671 2584 έν
3704 2531 3821 2603 μέσῳ

2218 2618 2547 2692 συνέλωμεν,
2594 2619 2656 2672 τὸ
2696 2624 2933 2697 σῶφρον,
2983 2621 3046 2674 τὸ
3097 2618 3379 2696 ἐγκρατὲς,
3430 2620 3493 2674 τὸ
3540 2621 3733 2697 ἄτυφον,
3774 2620 3821 2673 τό

2216 2706 2459 2783 ἐπίχαρι,
2514 2708 2576 2761 τὸ
2628 2708 2967 2780 κοινωνικὸν,
3013 2710 3074 2763 τὸ
3123 2708 3539 2786 φιλάνθρωπον,
3577 2707 3734 2763 τᾶλλα
3758 2709 3817 2768 οἷς

2218 2798 2349 2871 ὑπὶρ
2383 2798 2615 2859 ἅπαντας
2647 2798 2674 2851 ὁ
2707 2798 2865 2871 ἀνὴρ,
2898 2796 2987 2851 ἐπὶ
3018 2798 3080 2853 τὸ
3130 2797 3445 2853 τελευταῖον
3484 2800 3574 2870 μὲν
3598 2802 3660 2871 τῇ
3688 2800 3819 2869 τάξει,

2216 2890 2428 2961 πρῶτον
2465 2883 2521 2939 δὲ
2550 2889 2618 2957 τῇ
2652 2883 2873 2958 δυνάμει
2906 2885 3217 2960 τρεψόμεθα
3247 2890 3383 2959 (22).

450 2981 510 3032 et
540 2974 836 3032 communi
866 2975 1108 3032 Cratetis
1154 2976 1549 3043 matrimonio,
1585 2976 1927 3032 sublimiora
1960 2984 2016 3032 et
2046 2977 2448 3049 praestantiora
2496 2977 2635 3041 sint,
2668 2976 2809 3047 quid
2841 2977 3033 3033 dicere
3085 2976 3338 3032 attinet?
3366 2977 3587 3032 Verum
3634 2976 3698 3031 ob
3740 2992 3815 3030 no-

453 3066 631 3121 minis
665 3080 866 3120 eorum
902 3066 1288 3121 reverentiam
1320 3064 1413 3121 his
1444 3082 1675 3138 quoque
1724 3083 2054 3138 parcamus,
2091 3072 2155 3122 ut
2186 3065 2533 3121 nonnullum
2566 3065 2678 3136 ipsi
2710 3082 2941 3138 quoque
2973 3069 3225 3121 fructum
3272 3084 3341 3122 ex
3386 3066 3574 3137 hujus
3600 3064 3696 3120 viri
3722 3065 3819 3136 phi-

452 3153 720 3225 losophia
748 3154 1004 3225 capiant.
1036 3154 1151 3209 Nos
1182 3157 1400 3221 autem,
1428 3158 1491 3209 ut
1524 3155 1717 3209 media
1746 3154 2099 3223 incidamus,
2132 3154 2471 3226 pudicitiam
2508 3169 2735 3225 nempe,
2760 3154 3201 3222 continentiam,
3237 3154 3613 3225 modestiam,
3634 3169 3819 3209 morum

452 3241 827 3307 suavitatem,
860 3241 1285 3307 aﬁabilitatem,
1319 3242 1769 3314 humanitatem,
1801 3248 2157 3314 ceterasque
2190 3242 2449 3306 virtutes,
2483 3241 2700 3313 quibus
2746 3242 2872 3314 ipse
2919 3242 3197 3298 mortales
3245 3259 3456 3298 omnes
3506 3248 3742 3314 superat,
3770 3241 3819 3294 ad

450 3330 533 3394 id,
566 3330 721 3400 quod
753 3330 957 3386 ordine
987 3331 1226 3401 quidem
1268 3336 1686 3403 prostremum,
1719 3332 2003 3405 dignitate
2054 3338 2248 3388 autem
2280 3335 2337 3387 et
2368 3330 2641 3387 facultate
2670 3331 2993 3404 principem
3026 3331 3218 3387 locum
3266 3332 3521 3402 obtinet,
3552 3330 3825 3387 orationem

450 3422 783 3475 convertam
795 3436 883 3474 us.

520 3506 670 3563 VIII.
705 3506 839 3562 Fuit
866 3508 1161 3578 quondam
1197 3507 1341 3563 illud
1370 3512 1625 3581 tempus,
1659 3526 1794 3564 cum
1825 3510 1896 3565 ab
1930 3509 2102 3565 haere-

2290 3510 2369 3566 H'.
2401 3510 2498 3564 Ἦν
2544 3510 2657 3581 (23)
2705 3506 2794 3563 ὅτε
2841 3508 3087 3584 γαλήνην
3135 3506 3358 3583 εἷ’χομεν
3412 3508 3524 3563 ἀπὸ
3572 3511 3668 3562 τῶν
3712 3503 3827 3578 αἶρέ.

453 3611 587 3650 sum
639 3593 909 3666 procellis
958 3594 1277 3666 tranquilla
1326 3594 1522 3651 omnia
1556 3596 1940 3664 habebamus,
1972 3614 2104 3653 cum

448 3683 716 3739 videlicet
743 3684 1036 3749 Simones,
1067 3689 1124 3739 et
1166 3684 1509 3755 Marciones,
1542 3686 1695 3741 460
1746 3691 1801 3741 et
1847 3686 2105 3741 Valenti-

448 3773 631 3839 niani,
663 3778 719 3828 et
750 3772 1039 3842 Basilides,
1071 3777 1128 3828 et
1174 3772 1488 3843 Cerdones,
1531 3774 1790 3829 Cerinthi
1820 3775 2015 3842 etiam,
2051 3781 2107 3831 et

448 3861 850 3933 Carpooratcs,
882 3867 1057 3933 atque
1088 3877 1292 3917 omnes
1347 3862 1578 3918 illorum
1631 3879 1797 3935 nugm
1844 3881 1910 3919 ac
1960 3881 2103 3936 pra:-

451 3951 661 4022 stigiaa,
711 3956 1093 4022 posteaquam
1152 3967 1346 4007 rerum
1405 3952 1668 4007 omnium
1727 3953 1910 4008 Deum
1972 3969 2105 4024 per—

452 4040 731 4095 diuturno
763 4043 1023 4111 tempore
1054 4041 1399 4108 secuissent,
1431 4040 1768 4113 bellumque
1818 4059 1919 4113 pro
1950 4043 2105 4099 Bono

453 4129 733 4184 adversus
760 4132 1087 4185 Creatorem
1120 4129 1465 4201 gessissent,
1491 4134 1721 4186 suomet
1750 4132 2007 4198 tandem,
2040 4137 2108 4187 ut

454 4232 687 4286 mquum
710 4221 853 4287 erat,
884 4218 1171 4290 profundo
1194 4218 1504 4290 absorpta,
1529 4236 1594 4274 ac
1625 4219 1859 4275 silentio
1882 4220 2105 4276 traditas

455 4303 712 4361 fuerunt.
748 4305 893 4361 Nam
947 4306 1207 4361 Montani
1257 4322 1491 4378 quoque
1532 4306 1723 4363 malus
1754 4308 2021 4380 spiritus,
2053 4315 2110 4365 et

453 4392 645 4448 Manis
676 4394 951 4465 tenebrae,
980 4400 1037 4450 et
1065 4394 1271 4451 Novati
1303 4395 1624 4463 temeritas,
1649 4403 1751 4451 aut
1782 4398 2029 4469 puritas,
2054 4403 2112 4455 et

453 4481 690 4537 Sabellii
724 4481 879 4538 mala
919 4483 1269 4539 monarchim
1302 4482 1569 4549 assertio,
1603 4490 1921 4551 cesserant,
1954 4503 2107 4542 sese-

454 4586 571 4644 que
620 4571 1038 4639 subduxerant,
1084 4572 1267 4628 altera
1314 4572 1592 4628 nimirum
1644 4574 1703 4629 in
1753 4575 2105 4631 contrariam

500 4689 566 4723 ·⁴⁸
598 4686 749 4744 Psal.
782 4703 937 4755 cvm,
970 4689 1059 4745 46.

668 4810 937 4889 βασιλεῖς.
972 4815 1158 4889 Pa_ss.,
1195 4812 1471 4889 βασιλέας.

551 4816 638 4956 18)
668 4816 937 4875 Βασιλεῖς.
972 4816 1158 4881 Pass.,
1195 4816 1471 4889 βασιλέας.

542 4885 617 4969 39
663 4885 761 4938 Τὸν
809 4883 1098 4960 λογισμὸν.
1131 4887 1302 4943 Coisl.
1346 4889 1397 4957 1,
1438 4892 1495 4943 et
1542 4888 1639 4944 Or.
1691 4889 1743 4955 1,
1792 4891 1898 4941 τῶν
1947 4886 2101 4964 λογιυ

458 4976 632 5011 σμων.

680 5022 1015 5109 ιφὲδόμεθα.
1067 5030 1162 5085 Or.
1217 5032 1267 5100 1,
1317 5033 1373 5086 et
1420 5030 1700 5100 C0mbef.,
1770 5029 2100 5109 φειδώμεθα.

466 5099 552 5155 Ita
581 5099 721 5171 legit
751 5100 978 5157 Billius.

549 5172 637 5241 21)
669 5171 801 5225 Ἵνα.
836 5171 1008 5227 Deest
1038 5174 1095 5228 in
1132 5173 1271 5242 Reg.
1306 5173 1426 5227 bm.

544 5244 637 5314 22)
667 5242 1009 5316 Τρεψόαεθα.
1043 5244 1331 5312 Combef.,
1358 5244 1698 5316 τριψώμενα.

525 5316 635 5383 (23)
667 5315 786 5371 Ἢν.
828 5336 847 5363 ι
883 5315 1029 5370 Fuit.
1060 5339 1086 5364 n
1116 5317 1207 5369 Sic
1237 5315 1490 5370 Combef.
1530 5318 1586 5369 In
1621 5317 1733 5379 ϐᾶ..
1764 5315 1853 5382 ἦν.

522 5386 631 5453 (24)
664 5386 782 5438 Ἐπὶ
814 5383 1089 5442 πλεῖστον.
1126 5389 1261 5457 Reg.
1298 5405 1349 5441 a.
1384 5386 1471 5438 καὶ
1497 5384 1581 5438 έπῖ
1616 5384 1890 5440 πλεῖστον.

522 5457 633 5525 (25)
652 5458 817 5532 βυθᾏῴ
847 5457 934 5532 καὶ
978 5462 1045 5529 τῇ
1094 5461 1300 5532 σιγῇηα
1333 5459 1642 5532 Profundo
1672 5475 1738 5511 ac
1789 5458 2037 5514 silentio.
2065 5483 2092 5509 ››

450 5526 543 5581 Sic
571 5527 726 5582 enim
760 5526 962 5583 Latine
992 5526 1203 5585 sonant
1247 5529 1332 5584 has
1374 5545 1560 5583 voces.
1590 5528 1786 5585 Plures
1819 5531 2093 5597 haretici,

2216 3618 2369 3664 σεων,
2423 3596 2582 3666 ἡνίκα
2632 3596 2881 3670 Σίμωνες
2933 3598 3053 3671 μὲν,
3101 3596 3189 3651 καὶ
3246 3596 3591 3670 Μαρκίωνες,
3635 3593 3828 3649 Οὐαλεν-

2215 3687 2349 3740 τῖνοί
2377 3688 2435 3740 τέ
2476 3707 2641 3753 τινες,
2673 3684 2760 3740 καί
2809 3684 3145 3755 Βασιλεῖδαι,
3176 3685 3266 3740 καὶ
3316 3682 3618 3761 Κέρδωνες,
3662 3686 3830 3755 Κήριν-

2214 3775 2295 3828 θοί
2340 3795 2398 3828 τε
2443 3774 2531 3829 καὶ
2584 3777 3010 3849 Καρποκράτεις,
3061 3776 3149 3828 καὶ
3200 3780 3344 3828 πᾶσα
3392 3777 3430 3843 ἡ
3462 3776 3586 3849 περί
3637 3772 3832 3830 ἐκείνους

2214 3862 2451 3939 φλυαρία
2478 3884 2536 3918 τε
2585 3864 2674 3917 καὶ
2726 3862 2990 3937 τερατεία,
3042 3861 3129 3917 ἐπὶ
3178 3861 3436 3917 πλεῖστον
3473 3866 3591 3936 (24)
3618 3863 3701 3916 τὸν
3744 3862 3829 3913 τᾶνι

2215 3950 2359 4007 ὅλων
2392 3952 2520 4006 Θεὸν
2552 3951 2829 4023 τεμόντες,
2880 3951 2969 4006 καὶ
3022 3952 3153 4027 ὑπὲρ
3198 3956 3295 4006 τοῦ
3342 3953 3582 4025 Ἀγαθοῦ
3629 3954 3703 4021 τῷ
3752 3956 3836 4016 Ar,-

2218 4044 2466 4114 μιουργῷ
2538 4037 2947 4113 πολεμήσαντες
2982 4086 2996 4111 ,
3072 4037 3254 4094 ἔπειτα
3330 4039 3704 4109 κατεπόθησαν
3771 4040 3831 4105 τῷ

2217 4130 2414 4184 ἑαυτῶν
2469 4129 2616 4203 βυθῷ
2661 4130 2749 4183 καὶ
2800 4133 2867 4202 τῇ
2902 4132 3029 4204 σιγῇ
3057 4132 3170 4203 (25)
3222 4126 3638 4203 παραδοθέντες,
3685 4126 3833 4199 ὥσπερ

2215 4221 2279 4285 ἦν
2330 4218 2497 4288 ἀξιον.
2546 4222 2824 4273 Μοντανοῦ
2874 4215 2931 4273 δὲ
2973 4220 3036 4273 τὸ
3087 4219 3327 4293 πονηρὸν
3380 4222 3622 4291 πνεῦμα,
3669 4216 3750 4271 καί
3789 4215 3835 4268 τὸ

2218 4310 2400 4360 Μανοῦ
2432 4305 2644 4375 σκότος,
2691 4305 2781 4361 καὶ
2829 4308 2863 4376 ὴ
2917 4308 3160 4361 Ναυάτου
3212 4306 3504 4382 θρασύτης,
3559 4306 3595 4376 ἢ
3641 4302 3837 4380 καθαρόο

2216 4417 2338 4466 της,
2374 4390 2680 4451 Σαϐελλίου
2711 4417 2769 4451 τε
2799 4398 2833 4466 ἡ
2884 4398 3023 4465 κακὴ
3070 4396 3371 4471 συνηγορία
3416 4399 3520 4465 τῆς
3572 4394 3837 4469 μοναρχίας

2218 4485 2341 4554 εἶξε,
2370 4506 2461 4539 και
2493 4484 2871 4560 ὑπεχώρησεν,
2904 4489 2938 4555 ἡ
2987 4486 3081 4559 μὶν
3131 4486 3207 4547 εἷς
3257 4484 3559 4541 ἀντίπαλον
3748 4488 3841 4555 μοῖ-

2220 4594 2312 4648 ραν
2374 4574 2763 4649 ἀποκριθεῖσα,
2824 4576 2859 4642 ἡ
2920 4571 2978 4629 δὲ
3033 4574 3122 4630 καὶ
3180 4575 3357 4643 πάντη
3413 4574 3840 4652 περιφρονηθεῖσι

2136 4826 2182 4891 1)
2213 4817 2838 4902 Yalentinistuporem
2879 4820 3253 4902 notata-quod
3300 4817 3425 4891 Byti
3455 4838 3484 4902 ρ
3527 4834 3736 4902 nomen
3762 4815 3836 4902 de:

2215 4890 2398 4945 disset
2446 4889 2551 4959 illi,
2586 4907 2759 4961 quem
2804 4892 2861 4945 in
2917 4889 3150 4946 sublimi
3202 4889 3586 4946 loco—sedere
3633 4890 3838 4961 diceret.

2215 4961 2525 5033 Gregorius
2556 4959 2757 5027 etiam,
2791 4963 2863 5018 ad
2912 4962 3145 5018 illorum
3180 4962 3419 5018 nomina
3464 4962 3677 5018 festive
3721 4959 3837 5033 allu-

2213 5029 2381 5106 dens,
2415 5033 2514 5099 ait,
2550 5033 2671 5106 haec
2702 5050 2961 5089 errorum
3009 5037 3273 5090 monstra
3302 5057 3331 5085 «
3366 5033 3666 5106 profundo
3695 5035 3747 5087 et
3773 5029 3835 5085 si—

2210 5104 2389 5159 lentio
2418 5126 2444 5153 »
2478 5104 2693 5160 tradita
2732 5106 2932 5161 fuisse.

2283 5176 2395 5247 (26)
2426 5172 2518 5235 Εἷς
2578 5174 2896 5246 ἀντίπαλον,
2950 5180 3039 5230 etc
3120 5173 3314 5229 Schol.
3359 5190 3372 5230 :
3420 5174 3535 5240 Τὴν
3596 5168 3830 5227 Νοόατου.

2242 5246 2361 5286 Tum
2449 5243 2592 5286 λένςι
2657 5244 2856 5286 κ’ίηςημι
2939 5244 3117 5286 Aine—ua
3168 5244 3255 5286 νηὲ
3305 5246 3337 5286 -λ
3395 5250 3564 5286 πκῗῆα
3614 5242 3717 5286 ’ἔων
3768 5242 3831 5286 rei

2210 5243 2387 5317 οἶμαι,
2449 5243 2595 5319 λέγει
2657 5243 2891 5339 α’ίρεσιν,
2939 5244 3117 5319 ὥσπερ
3168 5244 3256 5298 καὶ
3305 5246 3341 5313 ἡ
3395 5250 3566 5319 πεῖρα
3614 5243 3719 5305 ’ἕως
3768 5243 3835 5295 τοῦ

2207 5320 2299 5369 νῦν
2328 5314 2582 5371 δείκνυσι·
2623 5341 2643 5367 ι
2685 5320 2885 5375 l\ovati
2931 5317 3221 5385 haeresim,
3256 5323 3322 5371 ut
3368 5318 3605 5388 opinor,
3642 5316 3836 5388 signiﬁ-

2208 5394 2320 5446 cat.
2344 5391 2839 5461 quemadmodum
2866 5390 2980 5446 huc
3001 5406 3190 5461 usque
3211 5390 3575 5461 experientia
3606 5390 3830 5453 probat:

2208 5460 2700 5531 Quid'Gregorius
2730 5468 2785 5517 et
2830 5460 3183 5518 Scholiastes
3222 5460 3418 5529 velint,
3466 5460 3706 5531 liquido
3751 5472 3831 5531 non

2208 5536 2381 5602 patet.
2408 5528 2558 5587 Num
2585 5533 2935 5601 intelligunt,
2961 5532 3311 5589 contrariam
3345 5531 3402 5586 in
3427 5528 3688 5602 partem,
3711 5546 3767 5584 ac
3790 5528 3828 5580 in

453 5614 517 5677 ac
548 5600 833 5669 praecipue
865 5600 1232 5677 Valentinus,
1257 5623 1283 5649 «
1319 5600 1554 5677 Bythog
1578 5606 1635 5677 et
1661 5624 1679 5649 ι
1701 5602 1855 5677 §igae
1880 5604 2096 5677 {inter
2204 5600 2902 5677 mitioremidisciplinam
2936 5608 3224 5661 mutatam
3256 5600 3440 5661 fuisse
3462 5603 3678 5677 Novati
3704 5613 3825 5657 save

454 5668 663 5723 [Eonas
694 5668 852 5737 suos,
886 5673 1104 5742 primas
1133 5668 1485 5727 tribuebant.
1513 5670 1672 5727 Unde
1701 5668 2093 5730 Te‘rtullianus

2203 5673 2474 5731 ritutem?
2505 5673 2859 5747 Super—erant
2888 5676 3044 5734 enim
3082 5682 3221 5733 tunc
3252 5676 3542 5748 temporis
3574 5678 3829 5734 Constan-
