4094 6212
246 412 405 482 1209

1034 415 1324 477 ORATIO
1367 413 1553 476 XXV.
1587 412 1769 473 -ΙΝ
1815 412 2135 476 LAUDEM
2182 412 2529 474 HERONIS
2576 414 2881 476 PHILOS.

3506 412 3665 476 1210

243 550 331 608 καὶ
388 546 786 626 παραρριφεῖσα
845 543 934 601 διὰ
986 546 1050 601 τὸ
1107 544 1357 607 ἀσθενές*
1420 542 1560 598 ἄλλο
1618 541 1676 598 δὲ
1734 541 1886 599 οὐδὲν

2004 548 2228 618 partem
2262 548 2503 613 secreta,
2539 546 2721 602 altera
2751 563 2995 619 prorsus
3025 545 3204 603 etiam
3235 546 3307 603 ob
3339 545 3529 619 ipsius
3559 546 3669 603 im-

246 637 543 714 παρελύπει
571 638 669 705 τήν
717 634 1061 706 Ἐκκλησίαν.
1110 635 1175 691 Οἳ
1206 634 1311 708 γὰρ
1362 631 1597 708 διωγμοί
1631 632 1717 687 καὶ
1759 630 1899 705 λαμ-

246 728 510 802 προτέραν
542 726 708 794 αὐτὴν
742 725 958 781 ἐποίουν
1002 729 1119 785 τοῖς
1166 722 1404 778 πάθεσιν.
1439 721 1515 779 Ού
1566 720 1710 776 πολὺ
1750 722 1812 775 τὸ
1845 720 1897 775 ἐν

252 816 420 889 μέσῳ,
451 816 539 870 καὶ
570 812 793 891 δευτέρα
825 811 961 883 ζάλη
1012 814 1147 868 κατὰ
1186 818 1285 881 τῆς
1331 810 1658 881 Ἐκκλησίας
1697 808 1898 885 ἐγείρε-

247 927 358 970 ται,
390 906 417 958 ὁ
446 905 628 981 τυφὼν
657 907 757 972 τῆς
800 900 1031 967 ἀδικίας,
1079 901 1141 957 τὸ
1173 900 1457 975 πλήρωμα
1500 902 1599 968 τῆς
1631 894 1897 970 ἀσεϐείας,

249 996 276 1049 ὁ
310 994 513 1068 λεγεὼν
540 998 646 1047 τῶν
696 994 1049 1065 πνευμάτων,
1099 993 1133 1059 ἡ
1185 989 1531 1064 ἀντίχριστος
1579 986 1821 1061 γλῶσσα,
1871 989 1900 1042 ὁ

246 1081 458 1138 ἀδικίαν
511 1082 585 1143 εἷς
634 1082 695 1135 τὸ
728 1081 862 1153 ὕψος
914 1079 1162 1148 λαλήσας
1214 1082 1357 1146 νοῦς,
1401 1080 1436 1145 ἡ
1485 1077 1766 1149 κατατομή
1798 1083 1899 1144 τῆς

246 1172 524 1240 θεότητος·
562 1168 623 1225 οῦ
670 1167 817 1237 δεινή
872 1168 965 1241 μὲν
997 1170 1033 1237 ἠ
1067 1166 1402 1242 ἐγχείρησις,
1456 1163 1729 1239 δεινοτέρα
1778 1162 1834 1219 δὶ
1863 1168 1898 1234 ἠ

244 1260 497 1329 τελευτὴ,
557 1260 646 1313 καὶ
704 1264 806 1326 τῆς
861 1260 975 1329 (27)
1037 1253 1213 1311 ’ἰούδα
1269 1252 1564 1326 προδοσίας
1622 1253 1777 1324 ἀξία,
1836 1256 1898 1323 ἢν

246 1350 444 1411 ἐκεῖνος
476 1349 611 1404 κατὰ
638 1352 735 1402 τοῦ
769 1353 1029 1421 Σωτῆρος
1075 1347 1233 1418 ἡμῶν
1285 1342 1609 1417 ἐτόλμησεν,
1660 1348 1900 1415 Ἄρειος,

246 1441 274 1493 ὁ
305 1436 488 1500 καλῶς
528 1436 661 1511 μετὰ
689 1443 788 1506 τῆς
844 1435 1034 1509 μανίας
1086 1433 1520 1507 ὀνομαζόμενος.
1576 1431 1746 1494 Οὗτος
1796 1432 1899 1487 ἀπὸ

242 1536 342 1598 τῆς
378 1523 772 1598 Ἀλεξανδρέων
804 1523 1101 1601 ἀρξάμενος
1151 1522 1388 1591 πόΛεως,
1420 1522 1575 1576 κάκεῖ
1619 1522 1681 1575 τὸ
1728 1517 1897 1576 δεινὸν

244 1616 618 1690 ἐκμελετήσας
677 1616 811 1688 (28),
864 1611 1067 1682 ἔπειτα,
1129 1610 1309 1688 ὥσπερ
1368 1632 1451 1673 τις
1506 1610 1671 1686 ἀγρία
1724 1608 1898 1687 φλὸξ,

246 1708 351 1762 ἀπὸ
387 1709 586 1780 μικροῦ
633 1709 729 1759 τοῦ
775 1705 1069 1779 σπινθῆρος
1119 1701 1183 1755 τὸ
1229 1700 1375 1756 πολὺ
1424 1703 1521 1769 τῆς
1574 1700 1901 1773 οἰκουμένης

2009 634 2385 691 becillitatem
2419 639 2753 707 contempta
2805 641 2978 706 atque
3038 637 3312 708 projects.
3361 639 3477 691 Nec
3531 651 3665 691 vero

2008 725 2332 797 quidquam
2357 723 2515 780 aliud
2536 725 2804 781 Ecclesiae
2827 725 3157 781 molestiam
3174 725 3501 781 exhibebat.
3519 726 3662 780 Nam

2008 814 2441 885 persecutiones
2475 812 2857 870 illustriorem
2891 831 3119 886 quoque
3168 815 3358 887 ipsam
3399 814 3665 886 splendi-

2009 899 2350 971 dioremque
2398 918 2499 972 per
2550 901 2840 972 supplicia
2880 903 3219 958 reddebant.
3253 902 3378 958 Non
3411 904 3663 959 multum

2010 995 2204 1044 autem
2237 994 2518 1060 temporis
2549 990 2898 1060 intercessit,
2930 1008 3066 1046 cum
3118 991 3300 1047 altera
3348 997 3665 1063 tempestas

2010 1078 2291 1135 adversus
2323 1079 2639 1134 Ecclesium
2672 1080 2980 1146 excitatur,
3004 1081 3059 1134 id
3093 1086 3201 1145 est,
3236 1080 3333 1135 ille
3365 1081 3666 1150 injustitiaa

2011 1166 2202 1231 turbo,
2244 1166 2389 1220 illud
2438 1166 2758 1239 impietatis
2809 1168 3325 1239 complementum,
3361 1168 3462 1224 illa
3491 1170 3665 1241 spiri-

2009 1258 2177 1309 tuum
2212 1254 2360 1326 legio
2391 1256 2457 1321 ‘7,
2512 1255 2615 1310 illa
2660 1256 2874 1312 Christi
2933 1258 3264 1312 adversaria
3313 1257 3532 1329 lingua,
3566 1258 3668 1313 illa

2008 1343 2379 1415 iniquitatem
2408 1345 2466 1398 in
2492 1343 2784 1400 excelsum
2820 1344 3013 1400 locuta
3045 1361 3211 1400 mens
3237 1347 3301 1413 ⁸⁸,
3326 1346 3421 1401 ille
3452 1346 3662 1401 divini-

2011 1433 2148 1489 tatis
2178 1437 2387 1505 sector,
2420 1435 2590 1505 cujus
2621 1434 2814 1506 gravis
2846 1434 3082 1507 quidem
3114 1438 3172 1490 et
3201 1434 3531 1491 horrendus
3562 1454 3661 1492 co-

2009 1526 2204 1590 natus,
2236 1522 2465 1595 gravior
2494 1528 2689 1579 autem
2743 1524 3049 1595 magisque
3080 1523 3371 1580 horrenda
3400 1540 3578 1591 mors,
3610 1529 3666 1580 et

2007 1612 2172 1668 Judaa
2206 1612 2532 1683 proditione
2563 1612 2759 1685 digna,
2796 1629 2973 1683 quam
3006 1611 3103 1668 ille
3142 1613 3424 1669 adversus
3455 1617 3664 1669 nostras

2009 1699 2220 1756 salutis
2250 1706 2546 1756 auctorem
2580 1700 2772 1757 moliri
2804 1718 2869 1757 ac
2916 1706 3251 1773 perpetrare
3284 1718 3398 1757 non
3430 1703 3662 1758 dubita-

245 1794 584 1870 ἐπιδραμὼν,
621 1794 724 1848 ὑπὸ
753 1797 861 1847 τῶν
911 1790 1165 1867 ΙΙατὲρων
1217 1793 1378 1863 ἡμῶν
1428 1788 1777 1857 καταλύεται,
1807 1789 1887 1843 καῖ

2006 1791 2109 1858 vit,
2130 1790 2325 1854 Arius,
2352 1790 2613 1861 inquam,
2641 1807 2674 1844 a
2695 1790 2889 1846 furore
2911 1790 3151 1861 pulchre
3172 1807 3385 1846 nomen
3417 1791 3661 1849 habens.

243 1889 343 1939 τοῦ
400 1878 651 1945 εὐσεϐοῦς
703 1883 941 1958 ἀριθμοῦ
1006 1885 1101 1935 τοῦ
1156 1880 1281 1935 τότε
1335 1873 1738 1940 καταλαϐόντος
1796 1879 1887 1947 τήν

2009 1880 2111 1935 Hic
2141 1895 2275 1934 cum
2315 1881 2387 1934 ab
2420 1878 2807 1935 Alexandrina
2836 1879 3076 1935 civitate
3109 1879 3343 1935 initium
3378 1881 3665 1949 duxisset,

245 1972 493 2039 Νίκαιαν,
532 1972 622 2026 καὶ
669 1968 795 2025 εἷ’σω
841 1973 1225 2046 περιγραπτῶν
1277 1967 1418 2043 ὅρων
1466 1988 1526 2022 τε
1569 1966 1659 2022 καὶ
1714 1966 1887 2043 ῥημά-

2004 1967 2233 2039 illicque
2282 1969 2618 2037 pestiferum
2669 1968 2883 2039 dogma
2938 1967 2996 2022 in
3062 1985 3125 2023 se
3181 1968 3560 2039 concepisset,
3601 1985 3668 2024 ac

242 2082 351 2116 των
385 2063 482 2131 τήν
515 2060 799 2134 θεολογίαν
832 2061 1144 2129 στήσαντος.

2004 2056 2234 2129 deinde,
2265 2056 2515 2111 immitis
2538 2056 2847 2125 cujusdam
2870 2060 2927 2111 et
2946 2056 3164 2127 rapidze
3186 2056 3435 2111 ﬂammas
3455 2055 3663 2123 instar,

243 2154 317 2208 ab
349 2153 558 2225 exigua
589 2150 845 2207 scintilla
877 2166 1153 2223 magnam
1186 2147 1343 2205 orbis
1372 2152 1661 2203 terrarum
1695 2150 1919 2219 partem
1953 2145 2359 2217 percurrisset,
2389 2146 2626 2201 tandem
2670 2162 2704 2200 a
2750 2145 3023 2200 Patribus
3053 2146 3288 2215 nostris,
3321 2145 3533 2216 pioque
3562 2145 3661 2201 illo

243 2259 513 2309 numero,
548 2241 645 2313 qui
694 2244 820 2295 tum
866 2239 1117 2295 Nicaaam
1169 2254 1230 2294 se
1276 2236 1544 2304 contulit,
1579 2237 1869 2308 certisque
1900 2235 2115 2292 finibus
2149 2252 2215 2290 ac
2244 2234 2437 2291 verbis
2466 2234 2791 2291 divinitatis
2822 2234 3145 2291 doctrinam
3176 2234 3657 2307 circumscripsit,

170 2400 187 2406 _
240 2347 561 2404 oppressus
589 2335 649 2386 et
678 2330 971 2385 extinctus
1004 2332 1110 2384 est.

311 2425 383 2474 ϐ’.
418 2416 587 2473 Πάλιν
614 2416 827 2493 πονηρὰ
858 2413 1106 2491 βασιλεία
1125 2416 1264 2488 (29),
1284 2413 1374 2468 καὶ
1398 2412 1561 2469 πάλιν
1588 2412 1751 2487 ἀναζῇ
1774 2413 1889 2487 (30)

233 2506 300 2561 τὸ
346 2507 509 2561 κακὸν
544 2552 559 2577 ,
618 2506 709 2560 καὶ
771 2504 951 2577 ὥσπερ
1006 2504 1075 2559 τά
1128 2502 1343 2559 ὕπουλα
1396 2506 1504 2557 τῶν
1561 2500 1887 2577 τραυμάτων

234 2596 633 2667 ἀναστομοῦται
710 2594 799 2649 καὶ
877 2593 1273 2669 άναρῥήγνυται
1315 2635 1328 2648 .
1380 2591 1477 2646 Καὶ
1556 2591 1713 2646 λύκοι
1795 2592 1891 2664 βα-

237 2689 374 2759 ρεῖς,
430 2682 601 2745 ἄλλος
651 2680 884 2746 ἄλλοθεν
934 2676 1282 2737 διαλαϐόντες
1321 2682 1492 2753 ἡμᾶς,
1526 2681 1625 2747 τήν
1660 2678 1889 2749 Ἐκκλη-

235 2772 353 2827 σίαν
408 2773 799 2845 σπαράττουσιν
828 2816 840 2828 .
896 2773 1081 2847 Ἰερεῖς
1122 2790 1180 2824 τε
1225 2772 1362 2823 κατὰ
1411 2768 1595 2843 ἱερέων
1650 2765 1838 2838 ἐξοπλι
1867 2800 1889 2808 -

236 2860 472 2929 σθέντες,
525 2862 615 2915 καὶ
675 2858 842 2932 δῆμοι
905 2857 1109 2931 δήμοις
1162 2857 1530 2929 ἐπιμανέντες’
1589 2856 1679 2911 καὶ
1737 2858 1890 2931 βασι-

238 2949 368 3012 λεὺς
394 2944 613 3019 ἀσεϐείᾳ
644 2946 826 3009 διδοὺς
879 2946 1203 3023 παρρησίαν,
1260 2946 1348 3001 καὶ
1398 2945 1533 3000 κατὰ
1577 2952 1677 3015 τῆς
1723 2945 1888 3021 ὀρθῆς

236 3035 403 3109 δόξης
437 3040 744 3109 νομοθετῶν
778 3038 910 3110 (31)·
945 3034 1034 3089 καὶ
1085 3036 1135 3089 οἱ
1187 3038 1327 3107 μήτε
1374 3031 1583 3110 ἄνδρες,
1620 3036 1755 3107 μήτε
1794 3056 1891 3109 γυ-

235 3132 442 3197 ναῖκες,
504 3126 629 3201 παρ’
691 3124 836 3197 αὐτῷ
893 3123 1324 3185 δυναστεύοντες.
1383 3122 1471 3185 Τίς
1532 3122 1589 3177 ἂν
1650 3122 1716 3177 τὰ
1768 3121 1891 3178 τότε

236 3214 380 3269 κακὰ
415 3215 546 3287 πρὸς
579 3213 723 3284 ἀξίαν
776 3211 1205 3289 έκτραγῳδήσειε
1238 3232 1252 3281 ;
1284 3212 1379 3274 τὰς
1420 3214 1610 3289 φυγὰς,
1660 3212 1756 3275 τὰς
1796 3209 1889 3283 δη-

2072 2412 2164 2469 ῙΧ.
2200 2413 2432 2469 Rursus
2468 2413 2692 2470 malum
2724 2413 3060 2485 imperium,
3090 2415 3147 2469 et
3178 2429 3385 2469 rursus
3434 2412 3657 2469 malum

1999 2503 2316 2569 reviviscit,
2340 2520 2406 2558 ac
2430 2502 2593 2559 velut
2614 2503 3032 2575 subputridum
3056 2502 3324 2573 maleque
3344 2503 3662 2558 obductum

1997 2592 2215 2647 vulnus
2244 2592 2521 2662 aperitur,
2574 2596 2632 2649 et
2683 2592 2981 2664 erumpit;
3033 2608 3356 2664 gravesque
3386 2592 3531 2663 lupi,
3564 2591 3663 2647 alii

1999 2679 2237 2735 aliunde
2289 2698 2395 2735 nos
2448 2680 2914 2753 intercipientes,
2949 2680 3266 2737 Ecclesiam
3298 2680 3655 2751 discerpunt.

1998 2773 2320 2824 Armantur
2366 2771 2701 2825 sacerdotes
2753 2770 3036 2825 adversus
3086 2770 3439 2837 sacerdotes,
3490 2769 3654 2840 plebs

1999 2858 2277 2913 adversus
2299 2857 2527 2929 plebem
2551 2858 2869 2914 furibundo
2894 2859 3113 2930 impetu
3148 2860 3370 2923 fertur;
3404 2858 3653 2930 impera-

1999 2950 2091 3002 tor
2120 2946 2245 3017 ipse
2277 2946 2563 3018 impietati
2595 2947 3001 3003 auctoritatem
3035 2947 3270 3018 praahet,
3296 2947 3444 3003 461
3474 2950 3650 3018 atque

1999 3036 2282 3091 adversus
2302 3036 2679 3093 orthodoxam
2702 3036 3027 3093 doctrinam
3062 3036 3221 3108 leges
3250 3035 3540 3102 instit’uit;
3575 3035 3640 3089 ii-

1999 3140 2114 3196 que
2144 3128 2441 3196 praaterea,
2466 3126 2565 3197 qui
2596 3140 2703 3180 nec
2732 3125 2791 3179 in
2820 3124 3079 3180 virorum
3106 3141 3211 3180 nec
3238 3124 3298 3179 in
3330 3124 3641 3180 mulierum

2001 3229 2247 3270 numero
2277 3213 2555 3269 censendi
2584 3218 2746 3283 sunt,
2779 3230 3029 3285 quorum
3060 3230 3274 3285 magna
3319 3218 3444 3269 erat
3490 3214 3644 3285 apud

242 3275 484 3375 μεύσεις,
538 3275 637 3364 τάξ
692 3275 1098 3373 ἀτιμίάςξΙτάς
1159 3300 1247 3356 ἰπὶ
1302 3275 1687 3378 τῆς¹ἐρημίας
1743 3275 1887 3355 συν.-

2004 3320 2137 3360 sum
2169 3302 2445 3375 potentia.
2478 3303 2617 3367 Quis
2649 3275 2780 3358 vero
2794 3275 3091 3375 temporis
3132 3275 3290 3359 illius
3340 3303 3495 3359 mala
3528 3275 3645 3375 .pro

238 3392 403 3461 άξεις,
435 3388 712 3464 μυριάδων
745 3390 891 3447 ὅλων
922 3389 1011 3445 καὶ
1042 3388 1257 3446 πόλεων
1285 3390 1580 3465 ὑπαιθρίων
1609 3388 1889 3445 ταλαιπω-

236 3479 558 3550 ρουμένων,
606 3479 697 3534 καὶ
744 3480 920 3541 ὑετοῖς
961 3478 1049 3533 καὶ
1100 3484 1341 3554 χειμῶσι
1385 3478 1721 3552 πιεζομένων
1750 3498 1764 3547 ί
1796 3479 1889 3543 τὰς

236 3567 475 3631 ἐντεῦθεν
529 3568 905 3629 ἐπαναστάσεις
956 3565 1105 3640 (οὐδὲ
1149 3568 1251 3643 γὰρ
1301 3570 1397 3636 τήν
1450 3567 1679 3643 ἐρημίαν
1734 3569 1885 3643 εἶχον

234 3654 541 3728 ἀκίνδυνον)
572 3675 587 3726 ;
620 3658 685 3712 τὰ
728 3654 805 3712 ἔτι
852 3656 1062 3711 τούτων
1107 3655 1490 3733 χαλεπώτερα,
1547 3656 1673 3718 τοὺς
1726 3656 1838 3712 αἰκι
1866 3690 1889 3700 -

233 3745 430 3819 σμοὺς,
482 3746 609 3808 τοὺς
661 3747 941 3818 θανάτους,
994 3747 1089 3809 τὰς
1123 3740 1503 3822 θριαμϐεύσεις
1554 3744 1884 3816 ἐπισκόπων,

234 3833 571 3913 φιλοσόφων,
626 3832 856 3911 ἀνδρῶν,
906 3839 1199 3910 γυναικῶν,
1246 3834 1405 3903 νέων,
1452 3832 1885 3909 γεγηρακότων;

226 3924 357 3984 τοὺς
384 3922 734 3986 ἐπινοοῦντας
766 3925 833 3978 τὰ
864 3921 1026 3995 δεινὰ,
1058 3924 1183 3985 τοὺς
1217 3926 1703 3998 προσεπινοοῦντας
1751 3924 1885 3996 (32),

226 4012 357 4075 τοὺς
441 4014 921 4089 ὑπηρετουμένους
994 4016 1062 4085 τῇ
1147 4007 1361 4083 ἀσεϐείᾳ
1437 4010 1743 4082 δυνάστας,
1803 4013 1883 4075 οἷς

238 4106 401 4156 τοῦτο
438 4102 602 4175 μόνον
652 4106 771 4174 (33)
820 4101 1093 4165 πολλάκις
1142 4101 1217 4164 εἰς
1267 4099 1617 4174 εὐδοκίμησιν
1668 4098 1884 4176 ἤρκεσε,

228 4191 295 4245 τὸ
347 4191 703 4268 πικροτέρους
752 4198 977 4269 φανῆναι
1026 4194 1122 4261 τῆς
1164 4195 1260 4246 τοῦ
1304 4195 1627 4267 κρατοῦντος
1678 4191 1883 4266 βουλή-

225 4300 363 4341 σεως
396 4298 409 4349 ;

1999 3391 2283 3463 dignitate
2325 3393 2627 3464 deplorare
2657 3392 2881 3464 queat?
2924 3392 3162 3458 Exsilia,
3194 3393 3480 3449 bonorum
3514 3410 3643 3462 pro-

1998 3481 2369 3552 scriptiones,
2403 3482 2739 3553 ignominia:
2770 3486 2959 3551 notas,
2993 3481 3283 3538 inﬁnitam
3334 3481 3641 3539 hominum

1997 3570 2461 3636 multitudinem,
2494 3574 2673 3642 atque
2722 3571 2865 3626 adeo
2915 3571 3173 3643 integras
3203 3571 3488 3639 civitates,
3518 3588 3642 3641 quas

1997 3658 2057 3714 in
2107 3660 2355 3716 desertis
2405 3660 2544 3714 locis
2592 3665 2907 3715 conventus
2955 3660 3269 3727 habebant,
3302 3664 3360 3715 et
3405 3660 3516 3714 sub
3546 3658 3641 3714 dio

1996 3747 2275 3803 arumnis
2306 3748 2742 3819 premebantur,
2774 3764 2840 3804 ac
2888 3747 3105 3819 pluviis
3153 3753 3210 3803 et
3257 3749 3469 3818 frigore
3508 3763 3643 3801 con-

1996 3836 2391 3903 ﬂictabantur,
2426 3840 2600 3906 atque
2632 3839 2806 3891 etiam
2835 3835 2994 3891 illinc
3018 3836 3221 3908 pedem
3249 3836 3450 3891 efferre
3476 3851 3643 3907 coge-

1994 3924 2257 3980 bantur?
2304 3925 2450 3980 Nam
2500 3940 2571 3980 ne
2618 3924 2874 3980 solitudo
2906 3924 3141 3996 quidem
3175 3942 3273 3981 eos
3320 3942 3353 3979 a
3400 3923 3642 3997 periculi

1995 4017 2155 4070 metu
2185 4013 2538 4071 vindicabat.
2572 4014 2735 4081 Quis,
2770 4018 2833 4070 ut
2863 4014 3131 4086 graviora
3162 4014 3474 4086 proferam,
3506 4030 3637 4069 cru-

1994 4104 2201 4172 ciatus,
2235 4108 2477 4174 mortes,
2503 4108 2663 4159 actos
2694 4104 2765 4159 de
2794 4103 3108 4176 episcopis,
3131 4102 3458 4169 monachis,
3480 4102 3639 4173 viris,

1993 4193 2363 4260 mulieribus,
2388 4191 2881 4258 adolescentibus,
2905 4210 2970 4248 ac
3001 4192 3241 4249 senibus
3265 4191 3643 4263 triumphos?

1991 4280 2139 4337 Nam
2162 4282 2297 4353 quid
2324 4282 2394 4337 de
2425 4282 2764 4352 proceribus
2790 4281 2909 4337 illis
2930 4281 3146 4348 dicam,
3172 4281 3271 4352 qui
3300 4282 3470 4336 modo
3493 4297 3640 4336 nova

224 4376 523 4427 tormenta
553 4371 979 4443 excogitabant,
1012 4371 1185 4427 modo
1236 4371 1295 4426 in
1346 4388 1433 4442 ea,
1480 4388 1606 4443 quas
1651 4371 1976 4442 excogitata
2012 4372 2261 4441 fuerant,
2294 4371 2627 4426 acerbitatis
2657 4371 2879 4442 aliquid
2912 4371 3226 4441 addebant,
3260 4386 3503 4441 seseque
3530 4369 3639 4425 im-

226 4460 461 4531 pietatis
509 4460 895 4516 administros
944 4460 1300 4531 praebebant,
1353 4460 1567 4527 quibus
1616 4460 1725 4515 hoc
1778 4476 1961 4515 unum
2009 4458 2357 4532 plerumque
2408 4460 2479 4515 ad
2538 4460 2782 4531 gloriam
2838 4459 3213 4530 nominisque
3268 4458 3635 4530 splendorem

225 4549 461 4605 abunde
492 4549 623 4620 fuit,
657 4550 811 4621 quod
844 4548 1214 4621 imperatoris
1243 4548 1601 4605 voluntatem
1634 4566 1744 4605 sua
1775 4549 2119 4605 crudelitate
2149 4553 2573 4621 superassent?

300 4638 354 4692 Γ.
390 4639 550 4714 ’Ἄρτι
586 4637 679 4710 μὶν
728 4637 756 4692 ὁ
790 4635 1043 4713 λαμπρὸς
1094 4634 1340 4713 διωγμὸς
1394 4637 1511 4713 εἶχε
1558 4638 1742 4713 πέρας,
1792 4638 1881 4692 καὶ

294 4800 337 4834 ⁴⁷
366 4804 500 4856 Luc.
531 4815 655 4871 VIII,
689 4798 777 4855 30.
856 4798 899 4833 ⁵⁸
930 4797 1081 4855 Psal.
1116 4816 1285 4871 Lxxn,
1316 4799 1370 4854 8.

222 4967 465 5040 tinopoli
520 4967 725 5042 Novati
774 4967 991 5024 erroris
1036 4967 1335 5040 reliquiae;
1394 4970 1495 5025 sed
1533 4968 1675 5042 quia
1705 4968 1879 5025 Verbi

226 5040 900 5113 consubstantialitatem
950 5042 1366 5112 agnoscebant,
1416 5040 1644 5109 mitius,
1701 5058 1877 5113 quam

226 5114 323 5168 alii
359 5112 637 5179 hmretici,
670 5111 852 5166 habiti
900 5111 1057 5168 sunt.

298 5186 409 5254 (27)
438 5186 564 5250 Τῆς.
597 5183 687 5254 S_ic
718 5183 811 5237 0r.
849 5185 896 5237 1.
934 5184 993 5237 In
1030 5184 1146 5251 ed.,
1178 5185 1298 5236 τοῦ.

300 5250 412 5323 (28)
444 5250 862 5324 Ἐκμελετήσας.
916 5275 944 5303 ‹‹
982 5255 1290 5311 Meditatus
1321 5259 1498 5322 esset,
1531 5254 1589 5307 in
1638 5270 1701 5309 se
1741 5271 1877 5309 con-

226 5325 500 5397 cepisset.
536 5345 562 5374 ι
612 5325 739 5397 Non
774 5328 845 5380 ab
878 5326 989 5380 alio
1018 5327 1252 5397 quidem
1288 5328 1631 5397 pestiferum
1666 5327 1880 5396 dogma

225 5395 731 5468 didiceratArius;
756 5401 956 5451 auctor
973 5395 1130 5453 enim
1155 5395 1432 5468 ipse—fuit.
1450 5396 1598 5451 Male
1619 5396 1799 5467 igitur
1819 5398 1877 5452 in

223 5467 405 5540 editis
427 5488 454 5516 ‹‹
473 5466 832 5540 didicisset.»
860 5466 1532 5540 Νοοιεωοοουιρεωάυε
1548 5474 1635 5523 est
1648 5468 1872 5533 Billius,

225 5556 363 5595 cum
396 5539 453 5592 in
486 5538 673 5609 prima
696 5540 946 5610 editione
976 5539 1223 5610 legatur,
1258 5564 1283 5588 «
1305 5538 1626 5595 meditatus
1648 5544 1819 5596 esset.
1847 5563 1875 5590 ››

299 5610 413 5681 (29)
446 5608 666 5682 Πονηρά
720 5608 999 5682 βασιλεία.-
1035 5608 1279 5682 Schol.:
1339 5610 1507 5681 Οἶμαι
1566 5611 1663 5679 τήν
1719 5616 1873 5665 Κων-

224 5678 479 5757 ςταντίου
524 5678 727 5757 *λέγειν
756 5680 935 5735 αὐτόν’
983 5679 1249 5757 ἆπιφνέρειῳ
1269 5682 1370 5755 γὰρ
1413 5678 1517 5757 τήν
1568 5678 1689 5754 ἐξῆς
1741 5684 1871 5757 ’ῐους-

225 5748 420 5811 λιανοῦ
451 5752 539 5809 καὶ
571 5748 888 5817 Ούάλεντος.
946 5748 1151 5825 Σκοτίῷ
1187 5748 1294 5807 οὖν’
1327 5748 1432 5809 τινι
1475 5748 1533 5809 ἰν
1573 5748 1692 5815 τοῖς
1740 5753 1873 5809 κατὰ

2062 4639 2127 4695 Χ.
2161 4639 2272 4696 Sed
2319 4640 2440 4711 jam
2489 4638 2725 4695 interim
2771 4638 3078 4711 splendida
3106 4637 3431 4710 persecutio
3462 4638 3637 4694 finem

1987 4968 2289 5024 Ἰουλιανοῦ
2321 4968 2525 5023 ἐπαινεῖ
2554 4968 2935 5025 Κωνστάντιονο
2991 4995 3019 5022 ‹‹
3054 4972 3197 5029 Puto
3227 4988 3360 5028 eum
3395 4972 3465 5027 de
3493 4972 3645 5028 Con-

1988 5041 2465 5117 etantiiimperio
2505 5042 2706 5117 loqui;
2758 5060 2893 5117 nam
2942 5043 3002 5099 in
3032 5045 3441 5117 sequentibus
3472 5044 3637 5117 addit

1986 5113 2294 5189 J‘uliani‘et
2336 5113 2601 5189 Valentis
2640 5113 3187 5189 _imperium.Certo
3217 5117 3412 5189 itaque
3442 5114 3633 5189 consi-

1985 5184 2565 5311 lio,dint0rationibus
2586 5184 2866 5243 adversus
2887 5186 3210 5260 Julianum,
3230 5184 3634 5245 Constantium

2011 5274 2083 5312 au
2132 5272 2163 5311 8
2196 5298 2208 5311 .
2244 5279 2265 5308 υ

2059 5298 2418 5403 (ξῶυζᾸναζῇ.
2451 5333 2589 5386 Tres
2617 5330 2820 5403 Regg..
2854 5335 2911 5385 et
2939 5332 3033 5386 Or.
3069 5334 3118 5397 1,
3152 5330 3351 5403 ἀναζεῖ.

2063 5400 2172 5469 (31)
2206 5404 2546 5474 Νομοθετῶν.
2598 5400 2974 5458 Constantius
3008 5403 3245 5474 impiam
3280 5402 3464 5474 legem
3496 5416 3632 5453 san-

1986 5470 2088 5553 xit,
2124 5488 2239 5541 qua
2269 5473 2391 5527 voci
2424 5472 2726 5545 ὁμοουσίῳ,
2757 5491 2954 5531 vocem
2989 5470 3303 5545 ὁμοίούσιον
3340 5470 3634 5542 “subroga-

1983 5547 2083 5597 vit.

1985 5685 1996 5697 .
2196 5611 2280 5741 Tit)
2325 5610 2489 5687 δεινὰ,
2535 5636 2663 5678 τους
2706 5619 3213 5692 προσεπινοοῦντας.
3247 5618 3375 5669 Haec
3416 5612 3630 5669 desunt

1983 5702 2040 5741 In
2122 5702 2209 5741 ϐα.
2287 5702 2363 5741 ω.

1981 5688 2040 5741 in
2073 5688 2209 5760 Reg.
2244 5688 2363 5742 bm.
2750 5688 2758 5692 ⁷

2052 5759 2163 5830 (33)
2196 5756 2388 5814 Μόνον.
2422 5758 2595 5816 Deest
2622 5759 2684 5815 in
2716 5763 2877 5815 Pass.
