4094 6212
478 391 627 452 1211
1716 402 1780 461 S.
1830 396 2200 461 GREGORII
2247 399 2641 460 THEOLOGI
3694 404 3819 466 l2l2

466 526 987 598 accepit,recteque
1002 529 1198 585 Persia
1214 548 1454 587 causam
1473 538 1734 589 nostram
1756 531 2083 603 disceptavi‘

2206 528 2430 605 ,Περσὶς
2462 528 2645 591 καλῶς
2673 532 2807 602 ἡμῖν
2860 528 3071 584 ἐδίκασε
3110 530 3203 584 τὸν
3251 526 3526 605 ἀλιτήριον
3569 518 3823 589 καταλύσει.

468 631 747 686 Oppresso
781 616 1056 673 nimirum
1092 630 1149 674 et
1180 622 1466 678 exstincto
1496 622 1677 695 impio
1709 622 1808 678 illo
1853 627 1909 678 et
1956 637 2085 677 exse

2233 640 2320 687 σα,
2383 619 2470 673 καὶ
2529 616 2756 673 πολλῶν
2819 620 3062 691 αἱμάτων
3123 616 3508 694 εἰσπραξαμένη
3580 617 3719 690 δίκην
3771 621 3822 678 δι’

471 704 708 773 orando,
758 722 823 760 ac
874 705 1198 763 multorum
1249 710 1603 781 sanguinum
1647 712 1832 784 pomis
1885 710 1957 766 ab
2008 727 2084 765 un

2234 708 2349 769 ἑνὸς
2380 708 2629 779 αἷματος’
2665 705 2786 783 ἄρτι
2817 704 2873 763 δὲ
2902 707 2931 761 6
2962 706 3211 783 ἀπρεπὴς
3244 703 3487 783 ἄρχεται,
3516 708 3597 763 καὶ
3625 710 3681 765 τὰ
3708 711 3820 785 ἀμύ-

475 793 760 863 sanguine
792 797 1072 867 repetitis.
1108 798 1273 853 Nunc
1305 805 1501 855 autem
1530 801 1719 872 turpis
1749 805 1804 855 et
1853 800 2091 854 indecor

2233 817 2341 850 νειν
2376 802 2713 871 Χριστιανοῖς
2764 797 3070 872 πρόσχημα
3117 792 3260 872 ἔχων
3306 803 3406 865 τῆς
3455 793 3695 860 ἀσεϐείας.
3731 807 3819 863 τοῖς

474 883 801 951 persecutio
856 887 1130 955 cooritur,
1193 904 1342 958 quas,
1401 888 1865 945 Christianorum
1927 894 2090 960 patro

2236 884 2453 954 ἀληθῶς
2500 891 2839 959 Χριστιανοῖς
2890 885 3188 963 ἐπιφύεται·
3238 884 3327 939 καὶ
3370 890 3613 941 τοσοῦτον
3656 886 3818 944 ἐκείνου

476 969 695 1025 ciuium
729 973 801 1027 ad
833 972 1227 1029 defensionem
1261 977 1575 1047 impietatis
1619 996 1734 1034 sua:
1786 984 2093 1049 praetexens

2233 971 2621 1049 χαλεπώτερος
2670 974 2897 1048 γίνεται,
2947 973 3058 1046 ὅσῳ
3105 973 3227 1029 τότε
3274 974 3367 1046 μὶν
3397 976 3431 1043 ἡ
3462 972 3673 1044 ἄθλησις
3697 998 3816 1052 περι-

470 1074 636 1114 veros
677 1060 1040 1118 Christianos
1091 1066 1474 1137 aggreditur:
1532 1068 1641 1122 hoc
1689 1066 1889 1136 utique
1938 1066 2087 1120 nomi

2234 1061 2526 1137 φανεστὲρα
2581 1061 2670 1116 καὶ
2728 1061 3111 1137 λαμπροτέρα,
3168 1066 3256 1115 νῦν
3311 1060 3369 1117 δὶ
3422 1062 3508 1117 καὶ
3562 1064 3619 1118 τὸ
3670 1068 3816 1121 παθεῖν

477 1162 549 1202 ne
607 1149 907 1219 superiore
966 1153 1370 1221 persecutione
1427 1154 1722 1223 acerbior,
1782 1155 1937 1224 quod
1998 1159 2094 1207 tun

2234 1149 2585 1227 ἀφιλότιμον,
2613 1150 2759 1225 παρά
2790 1172 2852 1225 γε
2875 1156 2993 1212 τοῖς
3024 1151 3086 1205 οὐ
3136 1148 3365 1213 δικαίοις
3409 1156 3513 1205 τῶν
3543 1157 3709 1215 παθῶν
3744 1153 3815 1209 λο-

477 1236 717 1306 quidem
777 1238 1021 1295 minime
1078 1240 1257 1295 dubia
1312 1246 1369 1297 et
1424 1244 1671 1299 obscura
1728 1248 1850 1299 erat
1908 1248 2094 1314 marty

2232 1245 2458 1315 γισταῖς.
2519 1238 2789 1295 Βούλεσθε
2847 1237 3052 1311 δάκρυα
3105 1244 3184 1311 τῷ
3225 1239 3431 1315 θεάτρῳ
3476 1242 3667 1311 κινήσω
3713 1245 3814 1316 (34)1

478 1340 606 1379 rum
639 1326 975 1397 decertatio,
1013 1346 1167 1383 nunc
1199 1347 1329 1385 vero
1362 1348 1452 1386 res
1482 1348 1548 1387 eo
1581 1332 1770 1401 rediit,
1804 1337 1869 1386 ut
1897 1332 2092 1387 crucia

2232 1328 2321 1381 καὶ
2371 1327 2517 1399 αὐτῷ
2568 1348 2631 1402 γε
2684 1326 2809 1389 ἴσως
2856 1331 2936 1399 τῷ
2984 1328 3455 1403 καρτερικωτάτῳ,
3502 1330 3586 1384 καὶ
3626 1335 3715 1384 τῶν
3742 1353 3816 1384 πα-

480 1418 576 1469 tus
626 1431 859 1485 quoque
907 1416 1019 1487 ipsi
1070 1417 1242 1473 laude
1290 1426 1542 1489 careant,
1576 1421 1784 1475 saltem
1824 1421 1977 1491 apud
2012 1420 2093 1474 ini

2236 1419 2340 1471 θῶν
2369 1415 2661 1491 κρείσσονι,
2694 1416 2806 1478 ἐνὸς
2838 1421 2942 1470 τῶν
2983 1416 3105 1471 τότε
3151 1418 3451 1492 γενομένων
3482 1417 3814 1491 ἐπιμνησθείς;

480 1518 627 1569 quos
684 1503 1049 1559 cruciatuum
1101 1508 1356 1576 judices.
1427 1508 1616 1564 Vultis
1682 1510 1958 1565 omnibus
2025 1525 2097 1579 qu

2234 1506 2509 1581 Μάρτυρες
2541 1503 2597 1560 δὲ
2624 1502 2829 1560 πολλοὶ
2874 1510 2972 1559 τοῦ
3018 1504 3212 1581 λόγου·
3257 1507 3346 1561 καὶ
3535 1508 3629 1582 γὰρ
3663 1509 3737 1561 καὶ
3761 1510 3816 1570 εἷς

477 1592 716 1655 adsunt,
750 1598 924 1663 atque
955 1594 1091 1649 huic
1123 1597 1297 1650 etiam
1346 1600 1610 1665 fortasse,
1665 1598 1989 1669 quamlibet
2034 1598 2093 1651 in

2233 1593 2481 1656 πολλοὺς
2511 1592 2673 1663 ήλθεν
2704 1596 2737 1663 ἡ
2770 1592 3050 1669 τραγῳδία
3093 1599 3189 1649 τοῦ
3238 1597 3461 1659 πάθους·
3495 1598 3637 1668 οἶμαι
3682 1594 3729 1650 δὲ
3752 1596 3816 1649 καὶ

478 1679 628 1750 signi
688 1682 867 1735 animi
927 1684 1134 1739 robore
1194 1702 1259 1739 ac
1318 1686 1623 1742 tolerantia
1682 1687 1945 1759 pradito,
1996 1703 2095 1759 per

2234 1686 2261 1738 6
2297 1680 2518 1756 μέλλων
2555 1682 2896 1756 ὑπολήψεται
2928 1684 3127 1760 χρόνος
3157 1688 3254 1738 τοῦ
3284 1681 3482 1757 καιροῦ
3510 1685 3568 1739 τὸ
3596 1681 3816 1757 διήγημα.

474 1768 1025 1841 turbationibusque
1047 1771 1228 1827 animi
1261 1774 1614 1842 sublimiori,
1641 1777 1818 1830 unius
1843 1777 2091 1831 duntaxa

2234 1777 2373 1834 Ναῦς
2407 1771 2603 1850 φόρτον
2634 1769 2836 1847 ἔχουσα
2879 1777 2988 1827 τῶν
3033 1767 3411 1848 πρεσϐυτέρων
3457 1770 3547 1827 ἓνα
3592 1775 3720 1845 (36),
3753 1771 3817 1826 καί

476 1873 544 1911 ex
592 1857 704 1923 his,
741 1873 868 1928 quae
918 1864 1044 1914 tum
1099 1866 1429 1934 perpetrata
1458 1868 1616 1933 sunt,
1653 1866 2002 1934 narratione,
2037 1865 2092 1919 la

2231 1866 2420 1917 τοῦτον
2475 1859 2599 1916 οὐδέ
2649 1862 2780 1937 ὑπὲρ
2826 1866 2995 1916 κακοῦ
3035 1883 3183 1923 τινος
3216 1906 3231 1930 ,
3285 1858 3415 1916 ἀλλ’
3464 1862 3589 1937 ὑπὲρ
3635 1860 3817 1921 πίστεως

477 1962 707 2016 crymas
738 1950 1051 2003 extundam
1074 1950 1102 2004 ?
1151 1951 1354 2007 Testes
1405 1958 1599 2008 autem
1630 1953 1806 2023 hujus
1836 1954 2089 2009 sermoni

2202 1949 2631 2023 κινδυνεύοντα,
2681 1950 2818 2005 κατὰ
2862 1948 3138 2025 πελάγους
3185 1949 3402 2027 ἀφίεται
3449 1951 3579 2023 (37),
3626 1949 3717 2023 οὐχ
3752 1947 3819 2001 ἶνα

476 2035 800 2106 permultos
834 2037 1039 2093 habeo.
1074 2039 1219 2095 Nam
1267 2042 1338 2095 ad
1388 2042 1600 2097 multos
1642 2042 1819 2113 hujus
1851 2042 2093 2114 supplici

2236 2039 2383 2113 σώσῃ
2429 2040 2519 2093 τὸν
2567 2034 2844 2108 ἐπιϐάτην,
2889 2037 3020 2094 ἀλλ’
3059 2037 3151 2093 ’ἱνα
3179 2038 3449 2105 ἀπολέσῃ.
3481 2038 3573 2093 Καὶ
3601 2039 3627 2092 6
3667 2038 3818 2115 φόρτος

477 2124 756 2196 tragzedia
787 2126 1111 2183 dimanavit
1142 2146 1155 2183 :
1202 2129 1481 2201 illiusque
1514 2132 1689 2186 etiam
1720 2132 2003 2202 temporis
2034 2132 2091 2186 hi

2236 2128 2540 2203 πρόθυμος·
2586 2123 2810 2196 εὐσεϐὴς
2860 2128 2980 2204 γάρ.
3027 2128 3125 2182 Καὶ
3172 2132 3280 2204 πῦρ
3328 2133 3410 2199 τῷ
3456 2127 3627 2205 φόρτῳ
3669 2128 3818 2198 συνέμ-

480 2214 745 2282 storiam,
778 2216 889 2270 nisi
920 2232 1012 2271 me
1043 2218 1239 2288 opinio
1271 2219 1439 2285 fallit,
1472 2221 1735 2275 omnium
1780 2220 2097 2277 saeculorum

2236 2235 2427 2293 πορον·
2488 2218 2577 2271 καὶ
2634 2222 2809 2294 τρυφᾷ
2863 2218 2925 2271 τὸ
2980 2218 3163 2271 καινὸν
3390 2219 3488 2285 τῆς
3532 2214 3820 2276 κολάσεωςδ

478 2302 791 2373 posteritas
812 2309 1122 2376 exceptura
1151 2308 1484 2378 estnNavis,
1510 2310 1911 2382 presbyterum
1944 2327 2095 2364 unus

2240 2304 2499 2375 διώκτης.
2552 2310 2661 2360 seu
2708 2310 2805 2361 τοῦ
2853 2307 3155 2377 θεάματοςέ
3190 2309 3299 2360 Φεῦ
3348 2310 3445 2360 τοῦ
3475 2302 3822 2381 δράματοςῐἨ

480 2396 742 2462 portans,
766 2410 1019 2465 eumque
1042 2412 1154 2451 non
1183 2396 1417 2453 sceleris
1449 2398 1647 2469 ullius,
1672 2399 1769 2455 sed
1796 2399 1927 2454 ﬁdei
1954 2416 2093 2454 caus

2236 2401 2365 2457 ναῦς
2391 2394 2671 2471 πελάγιος⁶
2698 2395 2760 2449 τὸ
2812 2394 3031 2469 θέατρον
3087 2393 3174 2449 ἰπὶ
3218 2396 3340 2456 ταῖς
3396 2395 3592 2463 ἀκταῖς,
3618 2398 3708 2447 τῶν
3756 2393 3825 2465 μὶν

482 2480 929 2552 periclitantem,
965 2486 1110 2539 mari
1142 2486 1547 2553 committitur,
1584 2505 1697 2543 non
1731 2493 1795 2543 ut
1843 2493 2099 2544 vectorem

2240 2482 2615 2562 ἐφηδομένων,
2648 2489 2754 2538 τῶν
2783 2481 2842 2538 δὲ
2874 2482 3238 2559 όδυρομένων.
3272 2489 3403 2546 Πῶς
3434 2485 3490 2538 ἂν
3522 2483 3570 2538 ἐν
3612 2481 3761 2556 ὀλίγῳ
3780 2482 3824 2534 τὸ

485 2575 693 2636 servet,
727 2571 827 2625 sed
859 2576 923 2625 ut
953 2574 1173 2642 perdat.
1200 2578 1383 2646 Atque
1410 2576 1460 2630 is
1482 2576 1717 2648 quidem
1750 2576 1849 2647 qui
1881 2576 2102 2632 veheba

2239 2573 2382 2629 πολὺ
2432 2575 2885 2647 παραστήσαιμι;
2946 2573 3229 2628 ἄνάπτεται
3285 2574 3354 2628 τὸ
3410 2578 3534 2648 πῦρ,
3586 2569 3825 2626 Solimi-ta:

482 2661 600 2726 tur,
637 2663 839 2730 utpote
868 2660 956 2715 vir
985 2662 1198 2732 pietate
1228 2670 1531 2735 praestans,
1557 2665 1752 2720 animo
1782 2678 1906 2721 erat
1934 2681 2099 2736 prom

2240 2666 2274 2733 ἠ
2307 2667 2453 2734 ναῦς,
2500 2660 2888 2717 συνδαπανᾶται
2939 2663 2967 2717 6
2998 2662 3217 2741 φόρτος,
3268 2666 3381 2736 πῦρ
3427 2659 3569 2716 ὕδατι
3604 2661 3823 2734 μίγνυται,

486 2752 585 2818 pto
617 2751 675 2802 et
704 2748 902 2803 alacri.
933 2753 1136 2807 Comes
1171 2757 1366 2808 autem
1407 2752 1491 2808 illi
1541 2754 1695 2823 ignis
1742 2753 2083 2826 adjungitur

2238 2752 2325 2806 καὶ
2360 2752 2641 2826 συντρέχει
2682 2752 2749 2805 τὰ
2795 2750 3001 2806 ἐναντία
3053 2752 3128 2813 εἰς
3176 2746 3433 2813 εὐσεϐοῦς
3484 2751 3717 2817 κόλασιν,
3756 2746 3821 2800 καὶ

485 2851 550 2888 ac
584 2835 836 2891 novitate
866 2855 1044 2908 poenae
1075 2842 1228 2897 462
1261 2842 1544 2913 majorem
1588 2842 1646 2897 in
1700 2843 1941 2898 modum
1974 2842 2102 2897 laeta

2241 2840 2335 2896 δύο
2394 2846 2641 2916 στοιχεῖα
2694 2841 2749 2895 ἓν
2800 2845 2959 2913 σῶμα
3018 2841 3313 2916 μερίζεται,
3371 2840 3459 2896 καὶ
3505 2839 3688 2915 πυρσὸς
3722 2838 3820 2909 ὐπὶρ

485 2928 584 2978 tur
649 2932 1005 2996 persecutor.
1065 2929 1213 2985 Proh
1275 2932 1638 3001 spetaculum
1700 2932 1917 3004 grave!
1981 2931 2102 2987 Prol

2240 2929 2512 3000 θαλάσσης
2542 2928 2745 3001 αἴρεται
2791 2930 2955 3000 ξενος.
3008 2932 3075 3007 ᾮ
3117 2927 3409 3005 προσῆλθε
3455 2930 3545 3003 μὲν
3579 2928 3705 3002 τάχα
3740 2946 3817 2989 τις,

486 3008 1131 3087 ετανοω’ίιοαεωόὶαῐηῐ
1173 3018 1347 3074 Navis
1378 3020 1525 3085 mari
1574 3020 1758 3075 fertur
1791 3038 1804 3076 :
1856 3026 2103 3091 spectant

2239 3020 2314 3082 ὡς
2344 3021 2540 3092 ἡμέρῳ
2565 3018 2653 3073 καὶ
2685 3016 3079 3097 φιλανθρώπῳο
3111 3017 3435 3094 προσελθὼν
3482 3016 3556 3089 δὲ,
3586 3014 3689 3090 εὗρε
3726 3014 3818 3069 θέα·

483 3101 632 3157 tium
668 3102 982 3160 multitudo
1013 3107 1085 3161 ad
1124 3106 1289 3163 littus
1337 3110 1693 3176 effunditur;
1743 3109 1843 3165 alii
1892 3111 2100 3181 quiden

2242 3130 2315 3183 μα
2342 3106 2571 3163 ἐλεεινόν
2610 3128 2670 3162 τε
2716 3109 2803 3162 καὶ
2854 3109 3096 3178 ἄπιστον,
3148 3108 3269 3163 ἄνευ
3318 3102 3641 3181 κυϐερνήτου
3665 3103 3817 3167 πλοῦν,

484 3189 775 3259 laetantur,
825 3192 923 3248 alii
970 3200 1167 3251 autem
1215 3196 1434 3269 lugent.
1468 3200 1729 3263 Quonam
1782 3203 1948 3271 pacto
2005 3215 2101 3254 ren

2238 3196 2360 3251 ἄνευ
2413 3201 2686 3271 χειμῶνος
2741 3197 3019 3270 ναυάγιον⁹
3078 3196 3166 3250 καὶ
3224 3196 3252 3251 6
3300 3190 3651 3271 πρεσϐύτερος
3689 3192 3819 3255 κόνις,

481 3281 705 3333 tantam
739 3282 942 3351 paucis
962 3286 1285 3355 exprimam
1316 3292 1491 3358 atque
1519 3289 1578 3341 in
1610 3293 1848 3360 aspectu
1881 3288 2097 3343 colloca

2244 3285 2332 3341 καὶ
2365 3283 2489 3340 οὐδὲ
2525 3285 2695 3357 κόνις,
2745 3284 2964 3357 σπαρεὶς
3014 3284 3066 3339 ἰν
3101 3290 3215 3346 τοῖς
3257 3282 3439 3341 ὕδασι.
3494 3284 3584 3339 Καὶ
3624 3278 3727 3337 οὐδὲ
3763 3300 3825 3331 το-

487 3366 608 3421 bo?
660 3369 816 3439 Ignis
865 3373 1221 3444 accenditur,
1254 3376 1419 3430 navis
1470 3392 1586 3431 una
1639 3394 1771 3433 cum
1821 3394 1995 3433 onere
2026 3395 2104 3433 sui

2243 3379 2432 3430 σοῦτον
2465 3376 2499 3443 ἡ
2543 3372 2806 3448 ἱερωσύνη
2843 3378 2859 3447 (
2938 3375 2977 3446 ),
3027 3372 3149 3428 ὅσον
3197 3370 3465 3442 τελευτῆς
3508 3376 3625 3449 γοῦν
3668 3369 3822 3442 εὐσχη-

490 3457 843 3525 absumitur,
876 3459 1028 3529 ignis
1059 3479 1221 3532 aqua:
1272 3464 1569 3532 miscetur,
1622 3482 1830 3536 resque
1878 3467 2029 3522 inter
2076 3484 2103 3519 s

2251 3462 2572 3537 μονεστὲρας
2618 3467 2825 3539 τυχεῖν
2876 3462 2920 3517 εἷ
2971 3459 3028 3516 δὲ
3076 3464 3151 3535 μή
3197 3460 3485 3533 τελευτῆς,
3532 3459 3661 3516 ἀλλὰ
3698 3459 3825 3531 rapi:

491 3545 793 3601 contrariae
827 3551 898 3602 ad
943 3549 1022 3621 pii
1053 3550 1158 3604 viri
1191 3552 1547 3623 supplicium
1580 3561 1958 3621 concurrunt,
1991 3556 2107 3612 duo

2246 3574 2306 3627 γε
2334 3554 2571 3619 πάντως,
2612 3551 2647 3620 ἢ
2692 3550 2780 3606 καὶ
2828 3557 2946 3613 τοῖς
2996 3546 3234 3606 ἀσεϐέσιν
3286 3549 3584 3630 ὀφείλεται.
3635 3550 3830 3602 Τοιοῦτος

491 3650 605 3706 que
635 3636 920 3693 elementa
948 3654 1161 3710 corpus
1193 3657 1377 3696 unum
1410 3643 1765 3714 partiuntur,
1798 3650 1852 3699 et
1883 3662 2027 3700 novo
2060 3648 2108 3700 at

2250 3643 2277 3695 6
2305 3646 2402 3695 τοῦ
2444 3636 2669 3702 ἀσεϐοῦς
2716 3640 2931 3703 στόλος·
2977 3645 3222 3695 τοιοῦτον
3266 3646 3370 3695 τοῦ
3420 3635 3655 3700 εὐσεϐοῦς
3696 3637 3746 3691 τὸ
3770 3633 3832 3687 τὲ-

492 3741 605 3796 que
634 3726 899 3783 inaudito
932 3744 1089 3783 more
1121 3730 1214 3784 fax
1256 3747 1431 3801 super
1480 3748 1639 3789 mare
1686 3732 1972 3789 attollitur
2004 3752 2016 3789 :
2068 3751 2109 3789 αι

2251 3730 2365 3792 λος·
2398 3731 2487 3785 καὶ
2538 3727 2781 3802 οὐδαμοῦ
2829 3735 2936 3805 πῦρ
2964 3732 3077 3803 (40)
3116 3729 3315 3793 ἄνωθεν
3373 3728 3717 3804 εὐαγέστερον,
3742 3719 3833 3777 οὐδέ

492 3830 691 3884 quam,
713 3820 776 3870 ut
798 3816 1113 3889 benignam
1134 3822 1192 3873 et
1213 3818 1558 3885 humanam,
1576 3822 1823 3878 fortasse
1846 3823 2109 3894 quispiam

1744 3839 1823 3878 Ise
1846 3823 2139 3894 quispiam
2250 3819 2571 3875 κολαστικὸν
2602 3823 2699 3875 τοῦ
2730 3823 2952 3875 τοιαῦτα
2980 3817 3361 3893 πυρσεύοντος.

492 3904 774 3968 accessit;
811 3904 1047 3976 propior
1077 3911 1271 3962 autem
1303 3907 1514 3974 factus,
1540 3909 1940 3965 miserandum
1969 3920 2143 3984 alque
2718 3895 2731 3905 0

491 3992 833 4048 incredibile
852 3994 1251 4065 spectaculum
1275 3998 1509 4067 reperit,
1534 3998 1963 4071 navigationem
1990 4000 2115 4056 sine
2135 4000 2544 4072 gubernatore,
2564 3998 2935 4070 naufragium
2960 3997 3087 4054 sine
3106 4001 3473 4070 tempestate.
3492 3997 3581 4053 Sic
3599 3994 3839 4068 presbyter

495 4082 643 4136 cinis
664 4081 935 4153 efficitur,
960 4082 1078 4138 imo
1101 4100 1172 4139 ne
1192 4085 1341 4140 cinis
1363 4086 1621 4157 quidem,
1648 4091 1848 4159 utpote
1870 4088 1928 4143 in
1952 4088 2122 4159 aquis
2142 4105 2404 4159 sparsus.
2425 4087 2539 4143 Nec
2559 4102 2693 4143 vero
2714 4086 3021 4143 sacerdotii
3042 4086 3298 4159 dignitas
3323 4086 3471 4143 tanti
3494 4084 3613 4153 fuit,
3631 4089 3688 4138 ut
3706 4082 3836 4136 hone-

470 4158 475 4163 ’
498 4168 736 4224 stiorem
765 4169 971 4226 saltem
996 4177 1241 4227 mortem
1269 4158 1755 4245 consequeretur;
1781 4180 1882 4231 aut
1906 4176 1954 4231 si
1978 4158 2094 4231 non
2118 4158 2386 4243 mortem,
2408 4192 2475 4231 ac
2495 4180 2649 4231 certe
2670 4174 3055 4248 sepulturam,
3075 4191 3201 4246 quae
3222 4173 3424 4245 impiis
3447 4173 3612 4230 etiam
3635 4175 3687 4227 et
3708 4167 3839 4225 sacri-

498 4256 643 4329 legis
675 4258 1014 4315 hominibus
1045 4260 1305 4320 debetur.
1339 4263 1470 4319 Haec
1501 4263 1665 4335 impii
1696 4264 1952 4335 hominis
1982 4266 2209 4321 marina
2240 4264 2531 4340 expeditio
2574 4264 2727 4335 fuit;
2781 4264 2871 4320 hic
2918 4263 2999 4336 pii
3044 4263 3151 4319 viri
3200 4263 3359 4319 ﬁnis.
3391 4264 3505 4319 Nec
3532 4274 3754 4332 usquam
3786 4255 3837 4308 d0

498 4346 639 4401 coelo
672 4348 974 4404 descendit
1004 4366 1167 4405 sacer
1195 4351 1368 4423 ignis,
1403 4368 1508 4408 nec
1540 4353 1610 4408 ab
1642 4368 1727 4423 eo,
1750 4346 1861 4425 qui
1893 4354 2232 4425 bujusmodi
2268 4356 2451 4409 facem
2485 4344 2898 4425 navigantibus
2938 4352 3300 4425 praferebat,
3348 4368 3546 4425 pmnas
3592 4342 3837 4419 sumpsit!

568 4437 655 4489 XI.
693 4437 801 4491 Sed
837 4438 978 4507 quid
1025 4443 1263 4496 externa
1292 4440 1546 4514 colligo?
1590 4443 1676 4497 Ad
1709 4443 2142 4499 dimicationem

2328 4443 2435 4497 IA'.
2490 4438 2665 4497 Ἀλλὰ
2708 4441 2760 4494 τί
2813 4441 2906 4514 μοὶ
2951 4445 3059 4495 τῶν
3112 4438 3349 4511 ἔξωθινς
3401 4440 3514 4494 Ἐπ’
3570 4436 3717 4501 αὐτὴν
3758 4429 3834 4498 ἤδη

496 4530 661 4579 tuam
688 4527 806 4595 jam
839 4530 1233 4585 accedendum
1266 4535 1374 4596 est,
1423 4535 1598 4603 atque
1647 4532 1718 4586 ad
1770 4536 1872 4587 tua
1915 4532 2112 4603 pietati

2221 4582 2223 4608 Ι
2259 4527 2539 4605 βαδιστέον
2577 4531 2675 4598 τὴν
2722 4531 2820 4598 σήν
2869 4526 3118 4601 ἄθλησιν,
3172 4529 3259 4584 καὶ
3311 4528 3439 4589 τοὺς
3484 4525 3607 4587 σοὺς
3650 4516 3838 4597 ὑπερώ-

496 4630 677 4669 causa
704 4614 945 4671 tolerata
984 4618 1323 4686 certamina,
1357 4636 1483 4688 qua:
1516 4620 1781 4691 pristinis
1811 4621 1929 4675 tuis
1962 4621 2113 4676 virtu

2217 4608 2465 4682 ’σεϐείας
2521 4621 2632 4693 (41)
2692 4619 2924 4695 ἀγῶνας,
2982 4618 3074 4681 οὓς
3132 4624 3260 4673 πᾶσι
3314 4624 3433 4679 τοῖς
3489 4608 3834 4691 προλαϐοῦσα.

496 4702 675 4771 tibus,
711 4708 991 4775 tanquam
1024 4706 1365 4778 praeclarum
1396 4708 1693 4778 quoddam
1725 4708 2008 4782 sigillum,
2042 4710 2113 4764 im

2256 4708 2436 4782 ὥσπερ
2484 4711 2602 4763 τινά
2646 4705 2912 4786 σφραγῖδα
2957 4709 3156 4777 καλὴν,
3208 4706 3495 4777 ἐπέθηκας.
3526 4706 3744 4775 Ἤκμαζε
3772 4696 3835 4768 μὶ*

498 4793 769 4865 posuisti.
803 4794 1049 4866 Vigebat
1078 4795 1317 4853 haeresis
1347 4797 1568 4853 malum
1604 4800 1661 4852 in
1692 4804 1793 4853 tua
1829 4799 2079 4869 civitate,
2113 4822 2115 4848 ε

2254 4795 2304 4851 ἐν
2336 4796 2403 4871 τῇ
2534 4796 2691 4852 πόλει
2740 4799 2803 4851 τὸ
2842 4804 2939 4867 τῆς
2990 4796 3245 4873 αἱρέσεως
3290 4795 3492 4866 ταύτης
3538 4792 3708 4861 κακὸν,
3750 4787 3831 4839 ὅθεν

1584 4876 1771 4893 μμ..-

568 4997 683 5066 (34)
714 4994 1102 5073 ijcw.__Sic
1153 4994 1351 5073 plures
1381 4996 1581 5070 Regg.,
1631 4998 1804 5053 Coisl.
1856 4999 1908 5067 1,
1961 4998 2056 5053 Or.
2090 5000 2144 5067 1,

2275 5070 2287 5073 Α
2325 4950 2625 5073 (37_)_Ka1i&
2679 4994 2954 5071 πελάγους
3009 4996 3240 5073 ἀφίεται.
3281 4995 3413 5051 Bill.
3466 5013 3481 5051 :
3543 5017 3563 5043 ι
3617 4993 3671 5047 in
3721 4998 3831 5043 ωιη

500 5068 651 5134 Par.,
685 5071 794 5123 etc.
828 5068 886 5121 In
922 5067 1084 5136 edit.,
1114 5067 1344 5137 νικήσω.
1508 5067 1531 5070 “

1051 5111 1084 5136 .,
1114 5067 1344 5137 νικήσω.
1508 5067 1531 5070 “
2257 5069 2605 5125 demittitur.
2642 5090 2668 5118 υ

568 5140 681 5211 (35)
714 5136 832 5193 Καί.
868 5142 1037 5195 Deest
1056 5138 1127 5211 jn
1160 5135 1254 5211 Or.
1292 5141 1432 5211 l,__et
1463 5140 1623 5195 Pass.

2328 5142 2440 5211 (38)
2469 5142 2537 5194 Τὸ
2567 5138 2768 5211 καινόν.
2803 5138 3079 5211 Nonnulli
3115 5137 3305 5206 codd.,
3334 5135 3418 5209 τῷ
3466 5139 3643 5211 καινῷ,

568 5199 682 5286 ξ36)
739 5215 852 5286 Τῶν
902 5199 1455 5286 ,πρεσϐυτέρωνςὲνα
1518 5212 1709 5267 Schol.
1746 5211 1928 5286 Δ(ᾎΟΙῙ).
1993 5228 2005 5265 :
2086 5211 2148 5262 Oi

2310 5199 2781 5286 _l39l'169w05vn-
2842 5212 2935 5267 Sic
2994 5210 3191 5284 plures
3247 5199 3415 5267 codd'.
3476 5214 3541 5264 In
3595 5199 3696 5271 δά..
3734 5199 3828 5269 tee—

500 5276 714 5356 καὲντες
748 5280 797 5335 ἐν
852 5283 931 5356 τῷ
956 5276 1188 5356 ’πλ-οίιρ,
1230 5278 1567 5356 Ἡλιόδωρος
1599 5276 2145 5356 πρεσϐύτεροςηπερι-
2262 5276 2409 5356 σύνῃ.

500 5337 744 5430 ρδευςτῄξ,
782 5337 1235 5430 ΔκαᾳδΘεόδουλος
1282 5337 1678 5430 πρεσϐύτερος.
1717 5337 2145 5430 ι’ᾼπετμήθησαν
2478 5353 2571 5430 καὶ
2605 5350 2848 5430 οὐδαμοῦ
2878 5356 3008 5427 πῦρ,
3038 5358 3147 5430 etc.
3185 5353 3382 5430 Elias_:
3436 5375 3464 5430 ε(
3500 5351 3611 5430 Nec
3654 5346 3834 5430 fle!qu

501 5372 744 5421 οοευτης,
794 5373 882 5407 και
934 5372 1235 5408 υεοοουλος
1286 5374 1325 5406 π
1364 5372 1678 5427 εσουτερος.
1749 5372 2118 5423 Λπετμηυησα

501 5421 559 5478 δὲ
588 5423 748 5479 ἄλλοι
847 5422 1294 5499 άναγνῶοξταικαί
1316 5372 1537 5498 ιῐάλται·
1575 5449 1601 5499 (ς
1625 5424 1730 5489 Qui
1766 5426 1974 5499 in‘navi
2000 5441 2118 5479 com

2333 5372 2445 5427 μυ)
2478 5372 2571 5408 και
2605 5372 2848 5425 ουοαμου
2878 5372 3008 5427 πυρ,
3038 5372 3147 5409 etc.
3185 5372 3333 5409 uuas
3368 5372 3382 5406 :
3436 5375 3464 5401 «
3504 5372 3611 5408 nec
3654 5372 3826 5430 ςιωυγντ

2265 5444 2369 5499 usq
2383 5444 2516 5481 uam
2540 5426 2694 5499 ignis
2716 5430 2955 5499 sanctus
2977 5442 3044 5481 ac
3066 5427 3289 5499 justus,
3312 5427 3370 5479 et
3399 5422 3826 5499 vindexﬂpszflﬁl

500 5498 657 5552 busti
690 5490 850 5564 sunt,
885 5490 1041 5552 fuere
1074 5490 1418 5553 Heliodorus
1450 5497 1748 5569 presbyter
1774 5495 2084 5569 _circuitor,
2126 5519 2150 5543 η
2262 5500 2328 5551 ad
2359 5490 2514 5553 hunc
2537 5490 2775 5553 modum
2800 5490 3211 5569 navigantibus
3232 5490 3525 5552 illucebat.
3548 5516 3571 5541 η
3592 5490 3689 5548 Sed
3707 5490 3826 5542 etiam

506 5569 560 5623 id
596 5573 705 5633 est,
738 5570 1031 5640 inspector,
1065 5570 1336 5635 uisitator,
1383 5591 1409 5618 ‹‹
1442 5566 1498 5640 et
1528 5566 1867 5640 Theodulus
1913 5568 2151 5640 presby-
2266 5569 2482 5624 Billius.

502 5646 608 5711 ter.
642 5630 781 5694 Caesi
817 5630 956 5694 sunt
986 5630 1182 5707 etiam,
1219 5630 1498 5697 abscissis
1528 5638 1842 5710 capitibus,
1887 5630 1986 5694 alii
2036 5630 2111 5694 dli

1887 5630 1986 5694 alii
2036 5630 2152 5694 duo
2333 5642 2445 5711 (41)
2478 5634 2783 5701 Εὐσεϐαίας.
2827 5644 3014 5709 Pnss.,
3044 5644 3145 5708 τῆς
3178 5630 3472 5697 εὐσεϐείας.

502 5710 748 5765 lectores
778 5716 837 5765 et
876 5715 1160 5768 cantores.
1201 5732 1229 5759 »
