4094 6212
380 397 533 457 1215

1615 393 1681 455 S.
1725 393 2094 455 GREGORII
2139 393 2535 455 THEOLOGI

3619 398 3771 459 1216

377 533 497 585 tus.
535 528 836 600 Regnabat
885 530 1078 584 autem
1121 525 1353 593 Tabeel,
1396 528 1594 582 alienae
1624 526 1781 582 sedis
1812 525 2018 581 haeres.

2147 529 2237 578 τῶν
2292 521 2624 599 ἀλλοτρίων.
2688 527 2833 581 Κατὰ
2886 531 2994 582 τῶν
3048 526 3213 604 ἁγίων
3268 526 3433 599 ὅπλα,
3484 529 3617 582 κατὰ
3673 534 3773 584 τῶν

378 619 672 672 Adversus
722 622 952 672 sanctos
985 634 1167 686 arma,
1219 617 1497 671 adversus
1552 631 1643 670 res
1700 630 1819 683 eas,
1877 631 2024 686 quas

378 707 551 777 diripi
584 708 747 762 nefas
797 710 941 776 erat,
972 706 1217 778 impurae
1268 722 1497 771 manus,
1544 706 1823 762 adversus
1867 702 2021 777 psal-

382 813 507 852 mos
540 796 815 852 tubarum
860 795 1116 867 clangor.
1148 796 1279 851 Jam
1320 812 1443 865 quae
1475 800 1805 866 sequuntur
1834 794 2022 849 consi-

381 885 539 951 dera,
573 886 847 939 cadentes
876 885 1029 940 viros
1060 884 1119 938 in
1153 884 1295 940 locis
1326 884 1568 949 sanctis,
1593 883 1839 955 pedibus
1888 898 2023 953 pro-

382 974 547 1028 tritas
580 974 872 1041 mulieres,
907 973 1221 1029 nonnullas
1251 973 1428 1028 etiam
1468 989 1603 1028 cum
1638 976 1855 1027 naturae
1886 988 2024 1027 one-

384 1077 465 1126 re,
500 1066 885 1133 praematuros
926 1067 1147 1135 partus,
1189 1062 1298 1132 vel,
1334 1066 1398 1117 ut
1439 1062 1633 1133 aptius
1664 1062 1873 1128 dicam,
1909 1079 2024 1117 non

384 1157 625 1221 partus;
658 1152 913 1222 virgines
963 1150 1355 1206 miserabilem
1406 1151 1462 1204 in
1505 1151 1742 1206 modum
1778 1150 2025 1205 distrac-

385 1243 497 1303 tae,
551 1238 755 1293 faedius
802 1240 976 1295 etiam
1022 1239 1312 1296 cruciatas
1357 1240 1516 1309 (nam
1564 1244 1621 1295 et
1651 1240 1722 1294 ob
1757 1239 2025 1307 feminas,

383 1334 439 1383 et
469 1329 541 1383 ob
572 1328 751 1391 viros,
787 1329 1008 1400 pudore
1035 1328 1339 1401 impedior,
1375 1328 1690 1400 quominus
1721 1327 2027 1383 crudelita-

378 1417 455 1473 tis
488 1419 729 1473 modum
757 1433 1062 1489 exponam,
1095 1421 1270 1489 atque
1298 1418 1525 1473 occulta
1571 1416 1871 1473 dedecoris
1908 1434 2030 1473 ser-

384 1522 556 1561 mone
587 1506 899 1572 denudem,
921 1510 1118 1577 utpote
1144 1508 1216 1561 ob
1240 1522 1387 1577 quas
1418 1507 1592 1561 etiam
1625 1511 1749 1560 tum
1773 1506 2028 1561 denuda-

380 1599 474 1650 tas
505 1596 867 1665 erubescam)
897 1619 911 1662 ς
941 1594 1084 1650 alias
1113 1594 1419 1650 interiores
1439 1593 1641 1665 templi
1672 1598 1880 1666 puteos
1901 1610 2029 1650 sese

387 1686 542 1740 464
572 1682 931 1756 dejicientes,
984 1683 1128 1739 alias
1172 1700 1240 1738 ex
1278 1683 1518 1739 editiore
1550 1683 1673 1738 loco
1704 1699 1764 1739 se
1793 1682 1849 1737 in
1886 1699 2027 1754 pra-

384 1788 520 1842 ceps
542 1772 1017 1842 dantes,propter
1036 1787 1237 1825 earum
1271 1786 1487 1833 rerum,
1513 1787 1659 1843 quas
1692 1771 2026 1837 cernebant,

380 1858 814 1929 indignitatem",
846 1858 994 1915 atias
1047 1858 1299 1930 denique
1353 1875 1529 1931 super
1561 1874 1679 1926 eas,
1713 1875 1839 1931 qua:
1863 1859 2022 1930 jace-

377 1948 540 2015 bant,
575 1948 883 2003 acervatim
913 1946 1306 2015 collabentes;
1340 1948 1488 2003 adde
1529 1950 1712 2003 caedes
1740 1948 2020 2014 cadibus,

2134 610 2348 667 ἀσύλων
2414 616 2602 687 μιαραὶ
2662 620 2865 691 χεῖρες,
2926 618 3061 671 κατᾶ
3108 620 3215 672 τῶν
3266 614 3422 689 ᾠδῶν
3464 615 3773 692 σάλπιγγες.

2132 702 2330 758 Σκόπει
2391 722 2485 775 μοι
2532 703 2598 757 τὰ
2641 704 2857 767 τούτοις
2907 705 3165 779 ἑπόμενα,
3213 705 3511 769 πίπτοντας
3575 704 3767 783 ἄνδρας

2135 792 2184 847 ἐν
2248 798 2364 853 τοῖς
2436 792 2628 867 ἁγίοις,
2702 796 3152 869 συμπατουμένας
3214 801 3488 873 γυναῖκας,
3520 792 3662 851 ἔστιν
3721 798 3775 858 ἃς

2133 880 2222 934 καὶ
2258 880 2391 953 μετά
2429 886 2526 935 τοῦ
2557 882 2758 959 φόρτου
2787 890 2886 954 τῆς
2917 884 3149 961 φύσεως,
3181 886 3307 947 τοὺς
3358 886 3644 961 προώρους
3688 886 3774 939 τό·

2134 988 2260 1030 κους
2318 969 2407 1023 καὶ
2468 969 2716 1042 ἀτόκους,
2767 972 2935 1027 εἰπεῖν
2985 973 3352 1047 οἱκειότερος’
3432 971 3775 1046 διελκομένας

2134 1057 2429 1133 παρθένους
2488 1058 2718 1135 οἰκτρῶς
2771 1060 3117 1134 αἰκιζομένας
3184 1062 3501 1138 αἶσχότερον
3582 1062 3777 1138 (αἰσχύ-

2135 1167 2293 1219 νομαι
2353 1147 2441 1201 καὶ
2498 1153 2752 1223 γυναῖκας
2801 1150 2890 1204 καὶ
2952 1148 3147 1225 ἄνδρας
3205 1152 3373 1205 εἰπεῖν
3431 1151 3523 1205 τὸν
3556 1150 3770 1225 τρόπον,

2134 1236 2223 1289 καὶ
2248 1240 2522 1311 γυμνῶσαι
2572 1236 2650 1309 τῷ
2699 1236 2850 1313 λόγῳ
2896 1240 2962 1294 τὰ
3008 1242 3219 1311 κρυπτὰ
3245 1247 3344 1309 τῆς
3378 1239 3671 1315 αἰσχύνης,
3700 1240 3775 1301 οἷς

2135 1326 2223 1378 καὶ
2280 1325 2403 1379 τότε
2457 1328 2813 1401 γυμνωθεῐσιν
2884 1328 3252 1402 αίσγύνομαι),
3317 1328 3414 1390 τὰς
3494 1330 3591 1401 μὲν
3652 1330 3773 1382 κατὰ

2138 1412 2378 1492 φρεάτων
2435 1416 2737 1492 φερομένας
2789 1420 2898 1471 τῶν
2954 1415 3101 1472 ἔνδον
3159 1422 3256 1472 τοῦ
3288 1416 3458 1493 ἱεροῦ,
3508 1418 3609 1479 τὰς
3643 1415 3699 1471 δὲ
3725 1417 3775 1472 ἐκ

2136 1525 2243 1557 των
2275 1504 2533 1579 ὑπερῴων
2707 1507 3146 1579 κρημνιζομένας
3200 1506 3287 1561 ἐπὶ
3316 1510 3384 1579 τῇ
3429 1506 3629 1577 ἀτοπίᾳ
3680 1510 3774 1560 τῶν

2144 1591 2458 1669 ὁρωμένων,
2515 1592 2610 1655 τὰς
2669 1591 2725 1649 δὲ
2780 1601 2900 1657 ταῖς
2950 1597 3224 1668 κειμέναις
3271 1595 3770 1672 έπισωρευομένας·

2137 1681 2262 1743 τοὺς
2319 1681 2406 1736 ἐπὶ
2462 1687 2580 1744 τοῖς
2637 1682 2822 1760 φόνοις
2876 1679 3092 1761 φόνους,
3143 1685 3211 1741 τὰ
3241 1683 3329 1739 ἐπὶ
3374 1689 3492 1746 τοῖς
3530 1685 3776 1756 πτώμασι

2138 1771 2425 1843 πτώματα,
2485 1771 2797 1844 πατούμενα
2847 1767 3108 1847 βεϐήλοις
3152 1772 3279 1827 ποσὶ
3325 1774 3394 1827 τά
3433 1773 3584 1847 ἅγια,
3610 1775 3775 1826 θυσια-

2141 1862 2333 1935 στήρια
2363 1855 2796 1935 καθυϐριζόμενα
2854 1864 3128 1937 σχήμασιν
3182 1860 3432 1936 ἀσελγέσι
3482 1861 3575 1915 καὶ
3624 1859 3779 1933 ᾅσμα-

2130 1969 2232 2017 σιν,
2265 1949 2339 2010 ὡς
2373 1945 2429 2003 δὲ
2457 1948 2660 2021 ἀκούώ,
2689 1950 2763 2018 (τί
2790 1954 2951 2005 τοῦτο
2981 1953 3014 2020 ἡ
3046 1949 3301 2023 τολμηρὰ
3342 1948 3577 2025 γλῖςσσα
3624 1948 3775 2025 φθέγ-

379 2054 552 2093 casus
592 2037 826 2093 casibus
843 2037 1239 2106 succedentes,
1265 2042 1470 2092 sancta
1491 2037 1750 2109 profanis
1774 2037 2020 2108 pedibus

2147 2044 2272 2108 ξεται
2298 2039 2333 2109 ς)
2382 2037 2470 2091 καὶ
2501 2043 2618 2100 τοῖς
2653 2038 2785 2113 ὑπὲρ
2818 2038 2991 2094 αὐτῶν
3043 2039 3323 2114 ὀρχήμασι
3375 2039 3465 2093 καὶ
3520 2038 3777 2112 λυγίσμα-

382 2125 623 2193 calcata,
657 2126 868 2180 altaria
899 2125 1109 2197 probro
1142 2126 1343 2181 habita
1384 2142 1485 2198 per
1513 2128 1795 2182 obscenos
1823 2129 2023 2196 gestus

384 2220 441 2270 et
464 2214 795 2287 impudicas
827 2215 1149 2282 cautiones,
1192 2219 1385 2286 atque,
1432 2219 1498 2270 ut
1536 2214 1731 2285 audio,
1765 2214 2029 2285 (hoccine

387 2304 587 2374 lingua
630 2305 823 2360 audax
859 2304 1188 2376 proferet?)
1237 2321 1414 2376 super
1458 2320 1526 2359 ea
1581 2303 1920 2359 saltationes
1973 2307 2030 2358 et

384 2392 683 2464 tripudia;
716 2393 865 2449 adde
901 2392 1279 2465 blasphemas
1324 2393 1555 2465 linguas
1589 2393 1649 2447 in
1690 2408 2026 2448 sacrosanc-

383 2480 461 2537 tis
489 2481 717 2537 thronis
756 2482 1187 2548 concionantes,
1223 2482 1498 2554 mysteria
1543 2482 1836 2552 sugillata,
1871 2480 2031 2552 psal-

388 2571 616 2627 modias
647 2571 877 2627 silentio
906 2572 1563 2643 compressas,gemitus
1600 2572 1660 2625 in
1712 2586 1913 2626 earum
1950 2571 2027 2626 lo-

388 2677 523 2714 cum
568 2661 870 2729 excitatos,
920 2661 1169 2716 ﬂuentes
1216 2660 1524 2732 sanguinis
1570 2659 1741 2726 rivos,
1775 2659 2028 2731 lacyma-

390 2765 520 2803 rum
555 2748 763 2814 fontes,
809 2748 1140 2806 sacerdotes
1188 2766 1291 2820 per
1325 2749 1443 2805 vim
1497 2749 1803 2816 obductos,
1835 2764 2031 2803 mona-

391 2838 531 2891 chos
562 2836 864 2907 laceratos,
897 2854 1231 2909 expressam
1279 2839 1528 2908 denique
1581 2838 1934 2893 incursionis
1964 2836 2031 2892 il-

391 2926 505 2981 lius
538 2926 875 2997 imaginem,
901 2944 1018 2998 qua
1035 2928 1329 2999 quondam
1352 2926 1573 3000 Assyrii
1597 2932 1860 2983 sanctam
1878 2928 2036 2983 Jere-

389 3014 676 3087 solymam
721 3015 984 3087 populati
1036 3020 1176 3072 sunt
1204 3017 1286 3084 ⁸¹;
1320 3033 1498 3088 quam
1560 3032 1664 3072 nec
1716 3016 1921 3083 oratio,
1973 3020 2038 3070 ut

392 3105 635 3177 dignum
687 3109 796 3176 est,
845 3105 1187 3177 exprimere,
1221 3123 1327 3162 nec
1359 3106 1519 3163 auris
1557 3121 1762 3179 capere
1802 3109 2033 3178 potest;

392 3194 474 3249 ita
506 3198 571 3248 ut
601 3193 770 3251 aliter
796 3194 1080 3251 Jeremias
1110 3196 1181 3251 ad
1214 3212 1342 3251 eam
1375 3196 1768 3251 calamitatem
1802 3212 1902 3267 pro
1947 3195 2039 3249 di-

2137 2148 2226 2181 σι·
2283 2124 2711 2202 δημηγορούσας
2771 2127 2858 2182 ἐπὶ
2905 2132 3012 2182 τῶν
3056 2132 3217 2203 ἰερῶν
3271 2126 3481 2201 θρόνων
3530 2125 3779 2200 γλώσσας

2142 2215 2523 2293 βλασφήμους,
2578 2218 2850 2293 μυστήρια
2911 2215 3350 2289 κωμῳδούμενα,
3427 2214 3780 2287 σιωπωμένας

2137 2302 2488 2378 ψαλμῳδίας,
2537 2303 2786 2379 οἰμωγὰς
2854 2304 3315 2382 ἀντεγειρομένας,
3385 2304 3600 2377 αίμάτω
3663 2304 3784 2379 ὀχε·

2135 2393 2280 2463 τοὺς,
2317 2390 2560 2468 δακρύων
2594 2394 2794 2469 πηγάς,
2826 2394 2988 2470 ἱερεῖς
3038 2392 3360 2469 ἀγομένους,
3412 2393 3781 2465 μονοτρόπους

2138 2480 2628 2558 σπαρασσομένους,
2688 2487 2860 2537 πᾶσαν
2914 2489 3015 2552 τῆς
3075 2482 3376 2558 Ἀσσυρίων
3431 2480 3785 2555 καταδρομῆς

2136 2572 2235 2640 τήν
2270 2570 2466 2639 εἰκόνα,
2498 2570 2565 2639 ἦν
2596 2592 2726 2625 ποτε
2767 2572 2865 2639 τήν
2912 2570 3070 2646 ἁγίαν
3114 2568 3478 2647 Ἰερουσαλὴμ
3521 2568 3779 2643 κατέδρα-

2143 2679 2276 2733 μον’
2322 2660 2388 2729 ἥν
2442 2660 2579 2733 μήτε
2628 2659 2796 2735 λόγος
2834 2660 2997 2733 ἀξίως
3050 2663 3405 2736 παραστῆσαι,
3469 2660 3610 2731 μήτε
3654 2659 3784 2726 ἀκοὴ

2139 2755 2394 2823 χωρῆσαι
2446 2745 2685 2821 δύναται,
2741 2749 2913 2821 μόνης
2964 2746 3022 2803 δὲ
3062 2755 3164 2817 τῆς
3189 2748 3452 2821 Ἱερεμίου
3482 2747 3573 2801 καὶ
3605 2749 3784 2821 ψυχῆς

2140 2837 2231 2892 καὶ
2279 2843 2463 2913 φωνῆς
2509 2838 2644 2912 πρὸς
2688 2837 2835 2907 ἀξίαν
2883 2834 3172 2913 ὀδύρασθαι
3199 2854 3214 2870 ·
3264 2835 3323 2897 ὅς
3370 2836 3457 2889 καὶ
3488 2836 3673 2909 πηγάς
3704 2832 3787 2889 δα-

2141 2925 2319 3002 κρύων
2353 2925 2614 2997 ἐπιζητεῖ,
2638 2926 2726 2981 καὶ
2755 2925 2815 2980 lx
2853 2930 3053 3001 τειχῶν
3085 2923 3441 3001 προκαλεῖται
3471 2926 3672 2997 θρῆνον
3705 2922 3782 2977 ἐπὶ

2143 3015 2412 3076 τοιούτοις
2463 3015 2674 3084 πάθεσι,
2708 3016 2805 3069 ’καὶ
2851 3011 2999 3077 ὁδοῖς
3058 3015 3199 3069 Σιὼν
3248 3007 3533 3068 ἐπιϐάλλει
3579 3012 3785 3079 πένθος,

2147 3102 2245 3157 οὐκ
2278 3102 2533 3177 ἀγούσαις
2563 3103 2688 3166 τοὺς
2723 3104 3092 3177 ἑορτάζοντας.

398 3282 622 3353 gnitate
653 3283 1137 3356 complorandum
1172 3285 1540 3341 adhibendus
1571 3286 1685 3352 sit;
1718 3256 1819 3355 qui
1846 3283 2021 3340 etiam
2055 3282 2444 3356 lacrymarum
2477 3283 2666 3338 fontes
2695 3284 2973 3355 exposcit,
3014 3256 3185 3353 atque
3213 3298 3282 3337 ex
3311 3279 3474 3336 urbis
3506 3279 3793 3335 mcenibus

398 3372 470 3426 ob
501 3372 735 3427 easdem
767 3373 1130 3430 calamitates
1160 3375 1233 3430 ad
1264 3374 1489 3430 luctum
1527 3373 1793 3431 homines
1824 3373 2110 3439 hortatur,
2142 3372 2367 3444 viisque
2396 3371 2533 3427 Sion
2564 3371 2787 3428 luctum
2820 3372 3041 3429 indicit.
3077 3388 3142 3427 eo
3173 3371 3328 3443 quod
3362 3368 3576 3440 nullos,
3612 3384 3647 3424 a
3674 3366 3795 3439 qui-

395 3460 507 3515 bus
540 3460 685 3515 festa
713 3461 1095 3530 celebrentur,
1128 3464 1423 3519 adducant
1451 3464 1517 3517 ⁸³.

470 3549 615 3605 XIII.
649 3549 808 3605 Hanc
856 3552 1202 3623 tragoediam
1251 3552 1456 3608 Oriens
1502 3553 1734 3624 quidem
1786 3551 1950 3617 vidit,
1983 3556 2036 3606 at

2223 3550 2318 3605 II".
2350 3552 2520 3602 Τοῦτο
2549 3549 2610 3602 τὸ
2658 3546 2839 3625 δρᾶμα
2896 3545 3003 3603 εἶδε
3061 3548 3155 3620 μὲν
3193 3546 3302 3619 ἑῴα
3327 3544 3505 3615 λῆξις,
3539 3542 3795 3617 ὲθρῆνησε

334 3696 341 3712 _
398 3640 678 3696 Occidens
711 3657 938 3712 quoque
968 3642 1217 3719 deflevit,
1249 3642 1340 3697 cui
1381 3642 1767 3698 immanitatis
1798 3642 2043 3713 hujusce

292 3744 297 3749 '
334 3762 337 3765 ι
393 3730 563 3801 signa
595 3729 873 3801 fugitivus
922 3731 1167 3786 antistes
1210 3731 1438 3803 publice
1487 3732 1803 3803 spectanda
1834 3748 2041 3803 propo-

332 3828 338 3899 γ
400 3820 538 3874 suit.
571 3818 693 3882 Quo
726 3818 940 3890 pacto?
972 3820 1075 3875 Pro
1125 3821 1506 3876 cadaveribus
1550 3825 1823 3877 cruentas
1852 3824 2044 3875 vestes

334 3916 337 3983 ς
402 3907 671 3964 Ecclesiae
704 3908 976 3964 Romanis
1025 3909 1286 3981 protulit,
1310 3926 1375 3965 ac
1407 3927 1509 3983 per
1534 3911 1770 3966 tacitam
1803 3925 2043 3965 accusa-

400 3997 621 4054 tionem
679 3998 956 4053 omnibus
1006 3998 1294 4071 lacrymas
1340 4000 1540 4066 movit,
1591 4005 1656 4055 ut
1695 3998 2047 4056 calamitatis

408 4089 872 4161 magnitudinem
903 4089 961 4143 in
994 4089 1180 4146 oculis
1210 4095 1267 4145 et
1297 4095 1535 4161 aspectu
1565 4090 1861 4162 deﬁgeret,
1898 4105 2048 4159 aque

408 4177 690 4233 auxilium
720 4179 1177 4248 nancisceretur,
1213 4179 1709 4250 quemadmodum
1737 4179 1913 4234 etiam
1948 4196 2045 4233 na-

405 4273 562 4322 ctum
582 4284 709 4323 esse
728 4267 970 4323 scimus.
987 4268 1076 4322 Fit
1095 4268 1249 4323 enim
1275 4269 1484 4333 fere,ut
1499 4269 1599 4339 qui
1627 4268 1836 4338 opibus
1858 4285 1924 4323 ac
1949 4285 2047 4339 po-

406 4357 589 4411 tentia
612 4356 909 4426 prmcellit,
927 4357 999 4411 ad
1023 4356 1240 4412 infirmi
1260 4356 1573 4428 afﬂictique
1596 4356 1891 4411 miseriam
1915 4356 2050 4411 sub-

404 4445 714 4499 levandum
748 4445 999 4501 maxime
1032 4444 1378 4514 inﬂectatur,
1411 4462 1477 4502 ac
1522 4450 1844 4518 spontaneo
1873 4446 2047 4500 bene-

402 4532 666 4588 volentia
720 4534 951 4601 affectu,
985 4535 1055 4590 ad
1097 4549 1253 4606 eum,
1286 4535 1385 4607 qui
1433 4535 1718 4607 dignitate
1765 4533 2047 4589 imminu-

401 4628 499 4678 tus
528 4626 638 4692 est,
670 4638 732 4677 se
773 4624 1075 4696 adjungat.
1121 4628 1241 4680 Hoc
1287 4624 1523 4695 quidem
1570 4638 1774 4679 omnes
1822 4623 1901 4693 pii
1942 4622 2048 4676 viri

405 4711 749 4785 gravissime
772 4713 1073 4781 tulerunt;
1107 4718 1172 4770 tu
1200 4730 1355 4781 vero,
1386 4717 1549 4770 tanto
1581 4711 1769 4786 magis
1801 4728 2051 4767 commo-

402 4807 499 4857 tus
525 4818 612 4869 es,
654 4806 875 4874 quanto
905 4807 962 4858 et
990 4802 1222 4859 dicendi
1251 4801 1526 4858 facultate
1555 4806 1732 4873 atque
1763 4800 2048 4864 doctrina,

2150 3636 2207 3692 δὲ
2255 3637 2344 3691 καὶ
2402 3634 2669 3713 ἑσπέριος,
2724 3636 2761 3711 ᾖ
2813 3636 2881 3691 τά
2916 3628 3185 3709 σύμϐολα
3240 3636 3340 3703 τῆς
3383 3631 3640 3693 ἀπονοίας
3670 3632 3794 3707 seu-

2148 3728 2249 3801 γδις
2304 3725 2479 3801 ἱερεὺς
2537 3730 2649 3800 (57)
2702 3720 3074 3802 ἐθριάμϐευσε.
3133 3724 3262 3779 Τίνα
3316 3722 3557 3797 τρόπον;
3622 3727 3795 3795 Πρου-

2152 3818 2285 3883 θηκε
2312 3819 2381 3888 τῇ
2414 3814 2713 3886 Ἐκκλησία
2748 3814 3054 3888 Ῥωμαίων,
3086 3813 3202 3869 ἀντὶ
3258 3817 3365 3868 τῶν
3422 3814 3650 3883 νεκρῶν,
3701 3809 3795 3874 τήν

2152 3905 2479 3981 ᾑμαγμένην
2540 3904 2755 3975 ἐσθῆτα,
2812 3904 2902 3960 καὶ
2958 3908 3095 3959 κινεῖ
3149 3900 3410 3975 πάνδημα
3459 3898 3666 3972 δάκρυα
3713 3895 3797 3952 διὰ

2151 4002 2251 4063 τῆς
2309 3995 2604 4064 σιωπώσης
2661 3994 3009 4070 κατηγορίας,
3072 3990 3162 4047 ’ίνα
3226 3989 3316 4045 καὶ
3376 3990 3690 4065 παρεστήσῃ
3742 3986 3803 4041 τὸ

2154 4082 2348 4151 πάθος,
2406 4084 2495 4137 καὶ
2542 4088 2650 4137 τῶν
2703 4080 2890 4137 δεινῶν
2936 4081 3218 4155 ἐπίκουρον
3426 4072 3587 4152 λάϐῃ,
3622 4076 3799 4147 ὥσπερ

2156 4172 2246 4227 οὗν
2305 4174 2394 4227 καὶ
2452 4170 2717 4251 είληφότα
2772 4170 3051 4247 ἔγνωμεν⁸
3109 4167 3296 4237 ἐπειδή
3356 4165 3505 4246 φιλεῖ
3564 4164 3802 4239 μάλιστα

2156 4264 2491 4335 κάμπτεσθαι
2523 4262 2584 4316 τὸ
2612 4260 2850 4338 προέχον
2882 4262 3022 4336 πρὸσ
3047 4259 3110 4314 τὸ
3165 4258 3400 4329 ἀσθενὶς,
3446 4255 3536 4310 καὶ
3597 4252 3670 4309 δι’
3722 4254 3805 4308 εύ-

2155 4350 2305 4413 νοίας
2339 4350 2585 4406 ἑκουσίου
2633 4349 2711 4423 τῷ
2759 4350 3139 4422 έλαττουμένῳ
3186 4346 3585 4423 προστίθεσθαι.
3637 4347 3805 4397 Τοῦτο

2156 4441 2352 4515 ἤνεγκε
2411 4442 2503 4513 μὲν
2560 4437 2683 4494 οὐδὲ
2728 4443 2833 4494 τῶν
2893 4438 3079 4493 ἄλλων
3141 4431 3374 4492 εὐσεϐῶν
3423 4430 3550 4488 οὐδὲ
3596 4431 3677 4494 εἷς
3705 4451 3718 4462 ο
3754 4432 3806 4485 σὲ

2158 4529 2216 4586 δὲ
2270 4534 2409 4585 κινεῖ
2463 4527 2551 4584 καί
2609 4526 2799 4598 πλέον,
2857 4528 2969 4599 ’ὀσῳ
3025 4525 3113 4581 καὶ
3167 4525 3260 4580 τὸν
3318 4521 3484 4597 λόγον
3557 4519 3807 4575 τελεύτε-

2158 4640 2272 4695 ρος,
2329 4618 2418 4672 καὶ
2472 4619 2563 4673 τὸν
2630 4614 2793 4687 ζῆλον
2852 4616 3204 4689 θερμότερος.
3264 4611 3361 4668 Διά
3412 4614 3574 4666 τοῦτο
3632 4609 3802 4664 πολε-

2163 4714 2279 4779 μεῖς
2342 4708 2435 4778 μὲν
2495 4706 2627 4782 ὑπὲρ
2684 4709 2780 4759 τοῦ
2837 4703 3038 4779 Λόγου,
3095 4701 3319 4775 πολεμῇ
3396 4697 3453 4753 δὲ
3528 4696 3635 4751 ὑπὸ
3709 4702 3803 4762 τῆς

2160 4792 2402 4858 ἀσεϐείας
2452 4797 2603 4869 (59)·
2659 4793 2749 4849 καὶ
2798 4793 2932 4869 πρὸς
2991 4790 3229 4852 πολλοῖς
3289 4786 3508 4855 ἄλλοις,
3553 4787 3639 4847 οἷς
3676 4785 3805 4856 ὑπὲρ

401 4897 458 4947 et
487 4890 593 4947 zeli
624 4871 843 4947 fervore
871 4891 1095 4948 caeteris
1124 4890 1531 4948 antecellebas.
1557 4871 1837 4957 Quocirca
1856 4894 1920 4944 ut
1944 4904 2036 4960 prc

2157 4889 2255 4940 τοῦ
2311 4882 2484 4940 καλοῦ
2530 4883 2777 4958 πράττων
2835 4882 2925 4937 καὶ
2982 4879 3159 4956 λέγων
3198 4878 3489 4954 ἠγώνισαι,
3520 4871 3806 4940 διδάσκων,

2257 4976 2280 4989 Α
2351 4979 2377 4989 ~
2504 4972 2550 4989 ’δ
2693 4972 2707 4989 Ι
2982 4967 3060 4989 ’ΧΙ
3331 4965 3590 4989 ὶ-Ᾱλ...ἷ“³...
3698 4984 3788 4989 Α-.

402 4980 589 5036 Verbo
621 4979 838 5037 bellum
871 4980 1043 5050 geris,
1074 4980 1156 5036 ita
1184 4980 1357 5036 etiam
1394 4981 1465 5035 ab
1496 4980 1797 5052 impietate
1830 4978 2044 5035 bellum

474 5084 490 5116 ί
522 5079 639 5136 Jer.
672 5096 748 5147 ιχ,
784 5081 835 5145 1,
910 5080 955 5117 ⁸³
986 5080 1201 5136 Thren.
1235 5097 1273 5151 ι,
1306 5080 1331 5133 1
1367 5096 1498 5151 sqq.

402 5177 628 5233 Alludit
657 5176 812 5232 enim
846 5178 1156 5241 Gregorius
1207 5178 1278 5233 ad
1329 5177 1448 5232 haec
1494 5177 1657 5231 Isaiae
1706 5176 1900 5241 verba,
1950 5190 2052 5238 vn,

399 5253 435 5305 6
468 5267 479 5305 :
514 5250 877 5305 Ascendamus
908 5246 1213 5317 adludam,
1236 5254 1286 5305 et
1314 5251 1641 5305 suscitemus
1666 5264 1810 5315 eum,
1831 5251 1880 5301 et
1903 5246 2051 5301 avel-

406 5323 587 5377 lamus
616 5337 740 5375 cum
770 5322 840 5377 ad
872 5339 992 5387 nos,
1031 5330 1081 5377 et
1105 5338 1381 5393 ponamus
1413 5336 1590 5391 regem
1638 5320 1698 5373 in
1725 5318 1904 5373 medio
1934 5318 2053 5387 ejus

409 5394 590 5463 ﬁlium
624 5395 848 5449 Tabeel.

483 5465 597 5533 (56)
628 5464 930 5547 ’ξ’ςιηρῴωγ.
961 5488 993 5547 ἐξ
1028 5464 1069 5518 E
1108 5462 1512 5547 superioribus
1542 5460 1707 5547 locis,
1742 5481 1768 5507 »
1800 5463 1857 5515 et
1887 5459 2053 5547 quasi

409 5531 931 5602 ccsnaculis,'unde
961 5534 1155 5590 Sacris
1185 5531 1537 5599 intererant;
1582 5531 1689 5599 vel,
1723 5548 1752 5586 e
1783 5531 2054 5587 cancellis

413 5622 514 5676 per
543 5622 690 5675 quos
723 5607 1059 5661 audiebant.

484 5672 598 5751 (572
652 5676 707 5725 Ὁ
766 5676 932 5751 φυγὰς
992 5673 1183 5751 ἱερεύς.
1256 5672 1448 5751 Schol.
1510 5691 1523 5729 :
1585 5672 1786 5746 Πέτρος
1855 5672 1883 5725 ὁ
1946 5677 2057 5751 μετ’

484 5696 597 5743 (ω)
669 5696 707 5725 υ
766 5696 833 5751 φυ
874 5696 932 5736 ας
997 5696 1183 5749 ιερευς.
1258 5696 1448 5728 D0001.
1510 5696 1523 5729 :
1588 5696 1786 5746 υετρος
1855 5696 1883 5725 0
1946 5696 2043 5743 μετ

407 5742 743 5800 Ἀθανάσιον,
776 5770 803 5797 ››
837 5696 1046 5802 I’etrus
1076 5745 1381 5801 Athanasii
1411 5760 1732 5816 successor,
1782 5767 1810 5796 »
1869 5744 1969 5817 qui
2026 5758 2056 5798 e

2156 4976 2441 5040 νουθετῶν,
2501 4972 2900 5049 ἐξαιρούμενος,
2977 4967 3250 5045 ἐλέγχων,
3328 4965 3612 5037 ἐπιτιμῶν,
3694 4984 3806 5035 συγ-

2163 5172 2297 5227 sede
2319 5170 2815 5240 ejectus,Romam
2837 5167 3030 5241 petiit;
3057 5167 3212 5222 unde
3234 5166 3365 5237 post
3379 5160 3639 5241 valentis
3660 5175 3802 5238 mon

2162 5249 2300 5298 tem.
2335 5232 2745 5297 Alexandriam
2796 5232 3064 5295 reversus
3112 5242 3220 5303 est,
3236 5232 3373 5291 'non
3412 5233 3540 5289 sine
3570 5232 3801 5287 Damasi

2165 5315 2377 5370 litteris
2406 5314 2477 5368 ad
2506 5313 2954 5368 Alexandrinos.

2405 5388 2520 5463 Τῶν
2594 5380 2794 5463 ’δεινῶν
2865 5381 3191 5463 ἐπικουρον..
3252 5377 3540 5463 Damasus

2166 5448 2422 5539 pontifex
2454 5456 2548 5512 hic
2578 5456 2939 5528 designatur,
2971 5448 3070 5524 qui
3098 5450 3335 5505 Petrum
3368 5448 3617 5519 benigne
3646 5458 3801 5501 exce-

2165 5536 2348 5669 p125?)
2377 5598 2503 5653 Ὑπὸ
2540 5603 2640 5665 τῆς
2700 5591 2963 5654 ἀσεϐείας.
3021 5598 3087 5669 In
3144 5589 3467 5669 nonnullis,
3526 5587 3658 5661 ὑπὲρ
3712 5589 3801 5647 τῆς

2166 5663 2456 5738 εὖάεὸἐίας,
2490 5691 2519 5720 (ι
2542 5663 2782 5726 Pietatis
2809 5684 2989 5726 causa
3017 5663 3409 5738 impugnaris.
3464 5682 3487 5710 ι

3996 5452 4004 5513 l
