4094 6212
241 346 371 412 1217
1000 332 1289 405 ORATIO
1333 330 1519 402 XXV.
1553 370 1631 381 —
1659 332 1734 397 IN
1782 330 2106 396 LAUDEM
2150 335 2492 397 HERONIS
2539 334 2844 400 PHILOS.
3470 347 3626 409 1218

238 482 382 558 χέων.
417 478 657 548 ἰδιώτας,
684 476 977 555 ἄρχοντας,
1010 471 1144 544 ἰδίᾷ,
1203 471 1463 545 δημοσίᾳ,
1509 470 1646 524 κατὰ
1694 467 1866 522 πάντα
1899 519 1910 543 λ

2033 468 2088 523 bi
2116 468 2367 558 int‘ertur
2398 488 2411 527 :
2446 486 2511 525 ac
2543 475 2749 542 praeter
2778 471 2890 527 alia
2922 472 3100 528 multa
3137 478 3476 549 certamina,
3499 498 3625 552 quae

241 570 405 647 καιρὸν
435 571 524 624 καὶ
554 570 718 624 τόπον
745 588 757 600 ·
789 566 970 634 τέλος,
1034 563 1198 638 μανίᾳ
1245 558 1628 637 συναρπασθεὶς
1689 555 1871 613 δυσσε-

2025 556 2208 612 onesti
2242 574 2437 624 causa,
2472 576 2643 630 opere
2671 567 2728 614 et
2758 578 3027 616 sermone
3058 563 3314 629 subiisti,
3338 567 3479 622 dum
3512 571 3629 641 pri-

241 646 351 723 ϐοῦς
381 660 645 730 ἐξουσίας,
776 663 875 727 τῆς
908 654 1155 729 εὐγενοῦς
1337 656 1618 728 συμφορᾶς
1649 650 1660 705 l
1695 646 1738 701 ὥ
1768 650 1874 701 τῶν

2025 652 2145 701 atos
2177 651 2233 701 et
2264 648 2579 719 principes,
2622 650 2891 719 privatim
2926 656 2982 705 et
3012 652 3262 722 publice,
3286 657 3487 723 quovis
3531 659 3630 715 de-

241 752 380 825 ἱερῶν
430 770 525 803 σου
582 745 904 824 τραυμάτων
934 746 971 818 ί)
1029 742 1179 816 ξαίνῃ
1241 742 1333 814 μὶν
1383 741 1473 794 τὸν
1519 737 1684 793 καλὸν
1716 741 1876 808 σῶμα

2030 736 2161 807 ique
2192 739 2451 807 tempore
2499 742 2555 791 et
2602 737 2726 792 loco
2758 740 2949 806 doces,
2976 742 3271 809 admones,
3296 746 3517 817 arguis,
3543 747 3631 802 in-

239 844 343 900 ταῖς
393 837 659 910 μάστιξιν,
706 834 884 906 ὥσπερ
935 830 993 887 δὲ
1039 834 1151 905 (61)
1201 828 1375 885 ἄλλου
1408 829 1601 895 θεατὴς
1636 827 1873 899 πάσχον-

2025 840 2210 895 repas,
2252 826 2595 893 confundis;
2629 828 2697 882 ad
2733 833 3055 884 extremum
3091 831 3279 903 impiae
3331 837 3633 905 potestatis

240 948 321 988 τος
345 945 356 957 °
386 926 475 980 καὶ
524 926 747 998 κάμπτῃ
799 922 892 996 μὲν
944 920 1005 975 τὸ
1037 921 1338 995 ὁρώμενον,
1370 916 1431 971 οὐ
1464 910 1786 987 καταϐάλλῃ
1820 910 1876 966 δὲ

2025 929 2179 967 irore
2230 914 2687 985 comprehensus
2737 924 2789 986 (ο
2822 918 3078 974 nobilem
3131 920 3560 979 calamitatem!
3602 943 3635 983 ο

240 1016 295 1070 τὸ
345 1014 638 1087 νοούμενον
665 1033 678 1046 ·
730 1009 1064 1081 στηκιτεόεις
1109 1010 1226 1082 (62)
1270 1008 1371 1076 τήν
1401 1002 1645 1079 ἀνδρείαν
1680 1002 1729 1055 ἐν
1760 1006 1877 1060 ταῖς

2025 1017 2149 1055 acra
2179 1006 2280 1056 tua
2299 1001 2544 1058 vulnera
2563 1002 2600 1074 l)
2632 1004 2811 1075 virgis
2839 1006 3076 1077 quidem
3108 1008 3358 1081 eleganti
3391 1014 3540 1071 465
3568 1032 3635 1070 ac

244 1104 477 1159 ἁπάντων
550 1098 745 1176 ὄψεσι·
824 1098 945 1174 γίνῃ
1024 1094 1082 1151 δὲ
1150 1096 1239 1151 καὶ
1309 1098 1471 1170 σιγῶν
1528 1094 1626 1160 τῆς
1683 1110 1876 1165 καρτε-

2030 1105 2197 1144 ecoro
2232 1106 2471 1161 corpore
2504 1091 2800 1160 laceraris,
2826 1095 2925 1150 sed
2962 1096 3061 1163 ita,
3090 1114 3157 1153 ac
3186 1099 3234 1154 si
3265 1102 3637 1173 vapulantem

242 1193 347 1270 ρίας
401 1188 746 1261 διδάσκαλος,
806 1184 991 1257 ἐπειδή
1061 1206 1123 1262 γε
1178 1188 1213 1255 ἠ
1270 1182 1493 1259 γλῶσσα
1550 1182 1761 1257 παρῆκε
1816 1178 1879 1233 τὸ

2028 1177 2237 1233 lterum
2270 1182 2566 1270 spectares
2590 1185 2692 1270 :ret
2716 1198 3055 1253 quanquam
3089 1202 3155 1240 ea
3185 1187 3270 1242 tui
3302 1194 3483 1259 parte,
3509 1208 3636 1263 quas

242 1267 566 1360 φθέγγεσθαι.
1736 1358 1742 1360 Α
1879 1356 1897 1360 _

2025 1283 2050 1320 ο
2084 1271 2385 1337 aspectum
2410 1268 2584 1334 cadit,
2608 1269 2941 1339 inﬂectaris,
2967 1289 3033 1326 ea
3054 1278 3269 1342 tamen,
3287 1294 3411 1347 qua:
3445 1285 3638 1337 mente

240 1354 565 1446 percipitur,
594 1368 1057 1438 haudquaquam
1106 1362 1375 1435 dejiceris
1406 1379 1419 1417 :
1454 1360 1592 1433 quin
1626 1358 1824 1431 potius
1871 1354 2274 1411 fortitudinem
2306 1356 2379 1410 ob
2410 1358 2674 1412 omnium
2709 1359 2909 1414 oculos
2958 1364 3238 1433 tanquam
3270 1364 3328 1420 in
3363 1366 3638 1425 columna

240 1459 475 1533 sculpis;
510 1462 686 1530 atque
716 1456 890 1512 etiam
922 1459 1145 1523 tacens,
1178 1453 1390 1525 (neque
1415 1450 1572 1507 enim
1606 1464 1820 1503 munus
1842 1446 1967 1517 jam
2001 1460 2173 1500 suum
2223 1445 2459 1516 exsequi
2508 1445 2708 1518 lingua
2757 1449 3025 1521 poterat),
3058 1454 3399 1509 constantiae
3449 1458 3637 1530 magi-

242 1555 417 1607 strum
447 1552 505 1603 te
534 1546 779 1619 praebes.

305 1636 397 1693 IA'.
431 1634 560 1689 Εἶτα
615 1631 706 1701 τί;
765 1636 874 1700 Τῆς
924 1625 1186 1704 πατρίδος
1245 1625 1554 1701 ὑπερορίζῃ,
1634 1624 1662 1678 ὁ
1719 1621 1883 1696 μηδε-

2061 1621 2202 1676 XlV.
2238 1622 2384 1687 Quid
2417 1623 2660 1693 postea?
2705 1624 2745 1678 E
2775 1624 2974 1696 patria
3024 1628 3241 1685 ﬁnibus
3290 1634 3642 1691 extermina-

243 1724 357 1798 μίαν
389 1725 501 1797 (63)
533 1720 690 1784 εἰδὼς
723 1720 923 1776 οἰκείαν
971 1717 1062 1773 καὶ
1120 1714 1441 1792 ἀλλοτρίαν,
1499 1713 1622 1785 ἐμοὶ
1684 1709 1884 1798 δοκεῖν,

2027 1711 2098 1778 is,
2124 1710 2220 1780 qui
2256 1726 2359 1766 nec
2392 1712 2689 1782 propriam
2722 1712 2927 1780 ullam,
2952 1731 3056 1770 nec
3082 1717 3332 1775 alienam
3353 1723 3649 1793 agnoscis,

241 1812 325 1868 ἵνα
375 1795 491 1867 xuii
525 1809 689 1867 ἄλλοι
740 1806 1070 1864 παιδευθῶσι
1128 1803 1217 1859 διὰ
1265 1808 1361 1859 σοῦ
1417 1804 1517 1872 τὴν
1573 1795 1881 1856 εὐσέϐειαν·

2025 1806 2061 1853 it
2094 1798 2214 1869 alii,
2256 1816 2385 1854 mea
2414 1800 2651 1870 quidem
2698 1803 3008 1869 sententia,
3043 1821 3143 1874 per
3190 1812 3244 1862 te
3291 1809 3363 1863 ad
3419 1810 3651 1881 pietatis

247 1860 1371 1975 ὶθασίςψσᾶωὼὼητδηουγαδευτήριον,
1431 1860 1486 1960 ἡ.
1527 1892 1884 1960 ἀπάνθρωπος

2025 1889 2263 1943 .tudium
2296 1889 2663 1945 erudiantur.
2685 1890 2851 1947 Oasis
2880 1892 3226 1959 inhumana,
3253 1860 3517 1968 inquarm,
3550 1899 3652 1955 illa

247 1990 462 2069 ἐρημία,
511 1990 573 2043 τὸ
627 1986 715 2042 διὰ
764 1988 821 2041 σὲ
868 1985 1061 2040 λοιπὸν
1100 1982 1281 2059 εὐαγὲς
1310 1984 1423 2055 (65)
1453 1978 1682 2069 χωρίον.
1713 1978 1892 2069 Μετά-

2025 1978 2281 2041 ιοιίιυᾱο,
2304 1978 2404 2032 sed
2431 1979 2554 2048 jam
2593 1985 2827 2050 propter
2858 1987 2911 2035 te
2934 1988 3137 2038 sancta
3167 1987 3354 2052 sedes,
3379 1988 3449 2042 ad
3483 2004 3653 2044 exsu-

251 2062 357 2142 8'04'
392 2081 527 2151 ἡμῖν
577 2078 666 2131 καὶ
721 2080 828 2130 τῶν
886 2081 987 2143 τῆς
1021 2070 1309 2147 ὑπερορίας
1339 2090 1434 2124 σου
1464 2067 1669 2136 καλῶν,
1705 2062 1890 2132 ἐπειδή

2029 2069 2247 2121 andum
2279 2067 2387 2121 tibi
2416 2068 2770 2123 decernitur.
2797 2074 2909 2142 Age
2942 2072 3137 2143 igitur,
3162 2076 3395 2143 quando
3427 2077 3651 2133 reditus

248 2190 303 2245 γε
360 2172 464 2222 τῶν
522 2172 621 2235 τῆς
664 2160 926 2219 ἐπανόδου
962 2161 1288 2234 μετέδωκας.
1345 2157 1583 2227 Ποίησον
1614 2158 1747 2227 ⁴ἡμῖν
1784 2153 1895 2207 0&1-

2025 2156 2089 2209 .ui
2121 2157 2271 2210 bona
2300 2157 2573 2227 erogasti,
2608 2160 2692 2211 fac
2733 2159 2918 2213 exsilii
2951 2178 3176 2231 quoque
3209 2164 3263 2215 in
3298 2165 3453 2220 bona
3482 2167 3653 2223 nobis

249 2241 372 2332 τρον
398 2258 497 2325 τὴν
558 2250 841 2308 ἐπάνοδον.
898 2248 1055 2312 Τίνας
1118 2248 1227 2303 ἐκεῖ
1264 2247 1579 2325 φιλοσοφεῖν
1615 2241 1894 2313 ἐδίδαξας;

2036 2244 2385 2316 mpertiaris.
2413 2245 2684 2300 Reditum
2716 2251 2881 2301 tuum
2914 2248 2971 2302 in
3002 2248 3295 2306 theatrum
3331 2254 3498 2309 nobis
3520 2271 3655 2310 con-

252 2345 398 2406 τίνας
456 2343 719 2417 ἐκάθηρας
772 2345 880 2395 τῶν
939 2333 1144 2393 ἀσεϐῶν
1196 2335 1564 2408 ὑπολήψεωνς
1622 2332 1771 2392 τίνας
1828 2334 1897 2403 τῇ

2025 2342 2183 2388 verte.
2209 2334 2503 2397 Quosnam
2550 2333 2670 2389 illic
2713 2336 3113 2409 philosophari
3146 2340 3440 2396 docuisti?
3473 2346 3655 2411 Quos-

259 2428 497 2504 εὑσεόείᾳ
547 2432 933 2506 προσήγαγες;
983 2429 1142 2502 Ὁρᾷν
1190 2447 1283 2498 μοι
1342 2422 1486 2479 δοκῶ
1533 2423 1594 2477 τὸ
1644 2420 1751 2476 ἐκεῖ
1780 2441 1901 2473 παι-

255 2522 558 2598 δευτήριον,
616 2520 714 2587 τὴν
766 2524 889 2590 περί
950 2515 1007 2570 σὲ
1061 2514 1284 2583 τελετὴν
1316 2515 1427 2586 (66)
1458 2509 1546 2567 καί
1576 2511 1899 2598 πανήγυριν.

257 2611 390 2667 Εἰπὲ
420 2596 510 2665 καὶ
544 2613 706 2663 τοῦτο
736 2626 749 2639 ·
796 2604 962 2681 Εἷχές
1006 2625 1127 2659 τινα
1154 2601 1499 2678 παραμυθίαν
1544 2605 1660 2661 τοῖς
1721 2596 1907 2671 λειψά-

254 2721 366 2761 νοις
423 2702 520 2754 τοῦ
566 2698 859 2769 σώματος;
917 2692 953 2763 ἤ
1001 2692 1217 2760 καὶτὴν
1250 2693 1360 2764 (67)
1410 2688 1593 2743 πενίαν
1650 2685 1902 2763 ἐφιλοσό-

255 2806 405 2865 epam;
464 2784 626 2861 Εἴχές
681 2804 830 2845 τινας
886 2780 1183 2841 κοινωνοὺς
1236 2786 1335 2847 τῆς
1384 2776 1765 2848 ἀθλήσεωςςι)
1814 2774 1903 2829 καὶ

258 2863 419 2932 τοῦοο
449 2874 746 2947 πενόμενος
800 2868 1063 2945 ἤνεγκας
1126 2868 1367 2928 Ἐπόθεις
1394 2868 1491 2928 τὰς
1520 2863 1778 2943 ἀδελφὰς.
1809 2863 1903 2925 τὰς

257 2961 550 3025 κοινωνούς
607 2982 691 3015 σοι
744 2959 830 3015 καὶ
886 2966 985 3027 τῆς
1039 2958 1272 3033 ἁγνείας,
1320 2956 1409 3010 καὶ
1455 2961 1555 3023 τῆς
1585 2952 1903 3028 καρτερίας;

262 3056 297 3124 ἢ
328 3054 419 3108 καὶ
456 3058 557 3120 τῆς
598 3049 804 3104 τούτων
855 3046 1133 3118 συνηθείας
1186 3047 1255 3115 ἦς
1295 3041 1669 3118 ὑψηλότεροςς
1701 3044 1909 3113 ’Ἑκαμ-

258 3140 361 3196 πτέ
392 3161 450 3194 σε
479 3144 710 3214 γηραιᾶς
744 3136 948 3212 μητρὸς
980 3134 1220 3209 ἐρημία;
1252 3135 1285 3202 ἢ
1334 3133 1422 3187 καὶ
1473 3130 1594 3186 λίαν
1646 3129 1907 3206 ἐθάρῤεις,

2013 2440 2147 2477 nam
2180 2424 2250 2478 ab
2290 2421 2489 2495 impiis
2536 2423 2909 2495 opinionibus
2957 2429 3326 2500 repurgasti?
3358 2431 3655 2494 Quasnam

2013 2511 2082 2565 ad
2110 2510 2382 2582 pietatem
2414 2511 2754 2568 adduxisti?
2776 2514 2981 2570 Videre
3003 2515 3146 2571 mihi
3165 2518 3437 2589 equidem
3462 2521 3661 2578 videor

2014 2599 2278 2655 scholam
2304 2600 2489 2667 illam,
2515 2606 2570 2656 et
2600 2602 3026 2671 caeremoniam,
3053 2607 3487 2680 maximamque
3509 2611 3664 2668 circa

2014 2694 2067 2742 te
2099 2688 2403 2744 hominum
2456 2688 2864 2761 frequentiam.
2898 2691 3046 2747 Illud
3096 2695 3272 2750 etiam
3305 2697 3465 2754 dicas
3515 2701 3662 2757 mihi

2013 2776 2184 2831 velim
2219 2794 2232 2833 :
2268 2778 2554 2833 Praestone
2597 2778 2702 2834 tibi
2753 2785 2937 2848 erant,
2966 2783 3067 2853 qui
3098 2786 3359 2856 corporis
3406 2788 3491 2843 tui
3523 2790 3658 2846 reli-

2017 2866 2151 2937 quis
2180 2865 2367 2921 solatii
2398 2865 2618 2937 aliquid
2650 2866 2957 2923 aﬁ‘errent?
3002 2877 3088 2925 An
3120 2873 3294 2929 etiam
3345 2884 3661 2948 pauperta-

2016 2963 2133 3009 tem
2173 2952 2440 3009 colebas?
2490 2954 2692 3009 Utrum
2742 2958 3079 3014 certaminis
3125 2962 3313 3017 socios
3361 2964 3664 3023 habebas?

2018 3048 2106 3097 An
2138 3042 2315 3113 hujus
2345 3059 2576 3114 quoque
2619 3044 2700 3099 rei
2732 3046 3035 3116 penuriam
3066 3064 3231 3120 aequo
3271 3052 3467 3109 animo
3516 3056 3662 3111 lere-

2020 3131 2169 3186 bas?
2210 3130 2413 3186 Utrum
2461 3148 2753 3200 sororum,
2785 3149 2951 3204 quas,
2984 3141 3043 3190 et
3091 3139 3377 3195 castitatis
3408 3145 3466 3196 et
3498 3143 3660 3200 forti-

263 3231 340 3291 ὡς
410 3227 662 3303 μέγιστον
722 3225 800 3287 εἷς
854 3225 1146 3302 ἀσφάλειαν
1202 3220 1514 3277 καταλιπὼν
1575 3219 1761 3282 αὐταῖς
1808 3219 1908 3286 τὴν

2025 3219 2242 3275 tudinis
2271 3225 2447 3292 atque
2477 3222 2816 3277 constantiae
2846 3223 3034 3279 socias
3066 3225 3345 3296 habebas,
3375 3231 3664 3290 desiderio

267 3312 578 3385 εὖσέὅειαν;
637 3313 793 3371 Ἀλλ’
848 3310 1035 3382 ἐπειδή
1086 3332 1149 3387 γε
1186 3310 1367 3372 καλῶς
1425 3314 1596 3365 ποιῶν
1630 3308 1914 3377 ἐπανήκεις

266 3411 428 3481 ἡμῖν,
478 3405 568 3460 καί
611 3425 668 3458 σε
722 3407 837 3465 τοῖς
888 3406 1113 3465 ποθοῦσι
1146 3402 1410 3455 ποθοῦντα
1441 3397 1602 3454 πάλιν
1638 3395 1909 3452 ἀπέδωκεν

266 3499 295 3550 ὁ
328 3494 563 3568 δοξάζων
618 3492 743 3554 τοὺς
804 3489 1121 3562 δοξάζοντας
1182 3489 1364 3559 αὐτὸν,
1420 3490 1511 3544 καὶ
1578 3485 1911 3562 παραζηλῶν

260 3583 390 3646 τοὺς
421 3582 892 3659 παραζηλοῢντας,
926 3581 954 3634 ὁ
1006 3578 1223 3651 θὲλημα
1252 3583 1358 3633 τῶν
1412 3573 1761 3656 φοϐουμένων
1820 3574 1912 3630 αὐ-

259 3672 354 3726 τὸν
388 3676 584 3739 ποιῶν,
643 3670 730 3725 καὶ
786 3673 901 3729 τοῖς
958 3672 1167 3743 νεκροῖς
1217 3665 1464 3738 ἐμπνέων
1505 3665 1825 3719 ἀνάστασιν’
1885 3664 1912 3716 ὁ

258 3761 505 3835 Λάζαρον
540 3761 632 3833 μὲν
662 3760 1054 3834 τετραήμερον,
1097 3756 1154 3810 σὲ
1214 3752 1270 3809 δὲ
1325 3756 1580 3829 τετραετῆ
1631 3756 1911 3822 ζωοποιῶν

256 3855 386 3925 παρ’
456 3846 698 3913 ἐλπίδας,
784 3846 872 3902 καὶ
931 3845 1170 3921 συνάγων
1234 3843 1365 3898 ὀστᾶ
1420 3842 1554 3916 πρὸς
1614 3841 1745 3897 ὀστᾶ
1798 3841 1913 3910 καὶ,

258 3938 525 4011 ἁρμονίαν
578 3939 715 4013 πρὸς
774 3934 1058 4011 ἁρμονίαν,
1117 3934 1216 4002 τήν
1286 3930 1553 4007 Ἰεζεχιὴλ
1622 3934 1764 4005 ὁψιν,
1817 3934 1914 3985 τοῦ

257 4032 559 4105 προφητῶν
590 4026 1039 4099 θαυμασιωτάτου
1076 4022 1165 4077 καὶ
1198 4020 1571 4096 ὑψηλοτάτουο
1633 4019 1765 4097 ἔχου
1816 4041 1911 4093 μοι

257 4116 430 4171 πάλιν
486 4123 586 4185 τῆς
635 4114 802 4184 αὐτῆς
861 4112 1128 4188 ἐργασίας,
1188 4111 1278 4167 καὶ
1328 4110 1654 4187 παρῥησίας,
1686 4110 1775 4163 ’ἱνα
1836 4110 1910 4183 μὴ

259 4202 421 4279 δόξῃς
453 4203 768 4282 ἐγκεκόφθαι
799 4208 914 4264 τοῖς
945 4203 1155 4268 πάθεσι,
1191 4198 1332 4273 μηδὲ
1362 4196 1679 4271 προδιδόναι
1738 4196 1915 4270 δειλίᾳ

256 4297 377 4367 (68)
406 4295 504 4362 τὴν
535 4292 877 4371 φιλοσοφίαν.

2026 3309 2393 3365 tenebraris?
2448 3315 2534 3364 An
2595 3314 2798 3366 contra
2854 3312 3196 3371 sublimiore
3251 3318 3449 3375 animo
3512 3337 3664 3393 eras,

2024 3414 2202 3471 quam
2232 3403 2299 3454 ut
2326 3415 2528 3454 earum
2577 3401 3060 3458 consuetudinem
3109 3409 3285 3477 atque
3333 3409 3664 3469 convictum

2026 3485 2385 3559 requireres?
2406 3486 2610 3543 Utrum
2633 3492 2689 3545 te
2712 3489 2914 3546 matris
2935 3495 3100 3549 aetate
3116 3495 3391 3552 confectae
3409 3499 3663 3557 solitudo

2024 3576 2329 3632 ﬂectebat?
2371 3578 2455 3631 An
2504 3578 2698 3650 potius
2740 3579 2974 3635 firmum
3006 3598 3071 3637 ac
3103 3584 3497 3654 praeﬁdentem
3530 3591 3668 3645 ani-

2024 3681 2185 3720 mum
2216 3664 2478 3736 gerebas,
2503 3671 2567 3719 ut
2588 3666 2686 3737 qui
2719 3667 3015 3738 pietatem,
3040 3675 3318 3740 tanquam
3344 3674 3667 3733 maximum

2021 3754 2148 3808 vita;
2181 3752 2538 3824 prmsidium,
2568 3753 2649 3808 illi
2674 3754 3056 3825 reliquisses?
3086 3757 3411 3827 Enimvero,
3433 3766 3667 3834 quando

2023 3846 2097 3911 te,
2133 3846 2195 3896 ut
2244 3857 2344 3912 per
2395 3846 2540 3906 erat,
2572 3843 2643 3896 ad
2695 3859 2801 3897 nos
2856 3844 3144 3916 recepisti,
3187 3851 3359 3919 atque
3415 3849 3534 3917 ille,
3567 3853 3670 3924 qui

2023 3929 2418 4002 glorificantes
2466 3946 2528 3985 se
2575 3928 2947 4002 gloriﬁcat“,
2976 3938 3034 3987 et
3080 3934 3376 3993 irritantes
3424 3956 3488 3996 se
3536 3942 3669 3996 irri-

2021 4024 2108 4075 tat
2129 4020 2207 4085 8‘;
2269 4023 2344 4085 et,
2404 4018 2766 4074 voluntatem
2825 4021 3159 4078 timentium
3216 4042 3279 4081 se
3336 4027 3555 4096 facit",
3611 4034 3670 4087 et

2024 4109 2271 4164 mortuis
2322 4124 2525 4162 rursus
2555 4107 2731 4163 vitam
2776 4109 3057 4181 inspirat;
3092 4114 3213 4184 qui,
3248 4119 3311 4169 ut
3360 4116 3664 4187 Lazarum,

2022 4196 2335 4270 quatriduo
2391 4200 2701 4267 postquam
2751 4214 2782 4252 e
2830 4200 2949 4254 vita
3006 4200 3431 4276 migraverat“,
3473 4207 3555 4262 sic
3612 4213 3670 4263 te

2024 4291 2155 4359 post
2185 4284 2635 4357 quadriennium
2667 4291 2873 4356 praeter
2902 4289 3162 4345 omnium
3197 4308 3360 4363 spem
3393 4295 3462 4350 ad
3486 4295 3667 4352 vitam

2025 4374 2340 4444 revocavit,
2401 4372 2537 4445 qui,
2596 4374 2766 4444 juxta
2833 4376 3182 4446 Ezechielis,
3252 4383 3671 4454 prophetarum

252 4473 529 4528 omnium
564 4472 817 4527 maxime
867 4467 1232 4525 admirabilis
1263 4472 1321 4523 et
1354 4467 1589 4538 excelsi,
1621 4467 1924 4533 visionem,
1958 4483 2092 4522 ossa
2121 4481 2253 4519 cum
2286 4462 2542 4528 ossibus,
2575 4467 2629 4517 et
2660 4480 2997 4535 compagem
3045 4482 3179 4523 cum
3226 4485 3505 4543 compage
3535 4489 3675 4529 con-

251 4562 446 4617 nectit
468 4562 533 4627 ⁸⁷,
564 4559 1036 4616 desiderantibus
1081 4557 1251 4612 nobis
1280 4557 1710 4613 desiderantem
1741 4560 1797 4612 te
1827 4555 2081 4611 reddidit
2114 4569 2126 4609 :
2161 4554 2245 4607 fac
2278 4551 2335 4605 in
2370 4550 2578 4606 iisdem
2610 4551 2737 4607 vitae
2769 4552 3001 4621 studiis,
3034 4560 3090 4610 et
3120 4558 3322 4613 eadem
3353 4559 3471 4615 oris
3500 4559 3677 4617 liber-

254 4655 386 4716 tate
417 4666 769 4722 perseveres,
803 4665 874 4705 ne
915 4646 1130 4720 alioqui
1162 4646 1597 4703 calamitatibus
1636 4646 1856 4701 fractus
1888 4662 1951 4700 ac
1985 4642 2323 4701 debilitatus
2370 4656 2519 4707 esse,
2551 4656 2617 4696 ac
2649 4640 3082 4714 philosophiam
3114 4645 3186 4701 oh
3218 4647 3511 4719 ignaviam
3541 4667 3676 4722 pro-

254 4736 489 4795 didisse
521 4738 791 4795 videaris.

336 4883 384 4917 ⁸³
416 4887 434 4939 l
466 4882 603 4955 Reg.
638 4900 700 4955 ιι,
732 4883 822 4939 30.
898 4881 943 4916 “
974 4883 1139 4936 Deut.
1171 4896 1348 4952 xxxn,
1379 4880 1470 4935 21.
1551 4879 1595 4914 ⁸⁸
1627 4879 1777 4936 Psal.
1811 4897 1993 4950 chiv,
2028 4877 2112 4933 19.
2188 4875 2232 4910 ⁵⁸
2260 4875 2430 4931 Joan.
2461 4893 2540 4943 xx,
2575 4875 2664 4931 39.
2742 4877 2784 4912 ⁵⁷
2814 4877 3018 4936 Ezech.
3051 4897 3266 4950 xxxvn,
3300 4883 3352 4938 4.

338 5033 454 5104 (60)
485 5032 771 5109 Εὖγενοῦς.
817 5034 956 5106 Reg.
992 5032 1114 5100 hm,
1156 5028 1474 5107 συγγενοῦς,
1509 5056 1537 5084 ‹‹
1570 5032 1917 5105 consangui-

258 5121 686 5249 Πθᾶὂῐῖίέίὲσπερ
726 5172 800 5249 δέ.
831 5176 922 5229 Sic
980 5179 1101 5230 tres
1158 5174 1360 5245 Regg.,
1412 5174 1508 5231 Or.
1562 5175 1611 5244 1,
1661 5175 1915 5231 Combef.

254 5243 446 5302 Deest
478 5243 535 5300 δέ
565 5248 623 5302 in
658 5243 797 5303 edit.

338 5315 860 5405 QGZLEmZureiS‘st‘q.
904 5303 1270 5405 Sic‘Reg.a,
1304 5314 1399 5370 Or.
1434 5315 1487 5387 1,
1519 5315 1701 5385 Pass.,
1748 5315 1922 5374 Com-

253 5385 413 5455 bef.,
439 5385 872 5461 'Bas.'In_edi_t.,
905 5385 1299 5461 611])tt36t’)_¢§t¢.

337 5461 454 5529 (63)
488 5460 547 5517 Ὀ
595 5457 886 5533 μηδεμίαν,
929 5463 1035 5515 etc.
1071 5457 1316 5533 Pulchre
1361 5457 1727 5533 Augustinus
1777 5463 1918 5533 tom.

254 5528 503 5604 V,pag.
562 5528 876 5601 12117,'hac
925 5533 995 5604 de
1053 5548 1114 5586 re
1153 5531 1229 5604 in
1291 5528 1471 5585 natali

252 5601 535 5686 loquitur
569 5621 635 5686 :.«
675 5604 732 5659 Si
783 5603 995 5686 quieris
1042 5601 1337 5686 exsilium,
1389 5616 1501 5684 quo

1521 5531 1789 5658 capt-iani
1840 5533 1922 5587 sic

1640 5605 1922 5658 ristianus

1640 5610 1922 5660 ristianus

245 5672 551 5752 jubeatur
578 5676 697 5747 ire;
727 5672 910 5751 prius,
943 5674 992 5732 si
1023 5678 1212 5749 potes,
1245 5672 1440 5731 inveni
1475 5675 1628 5733 unde
1657 5675 1923 5734 Christus

2031 5032 2275 5101 cogatur
2304 5027 2476 5101 exire.
2510 5028 2583 5101 De
2614 5029 2800 5099 patria
2839 5048 2947 5086 sua
2977 5032 3034 5088 in
3067 5032 3312 5091 alienam
3348 5039 3401 5091 te
3432 5038 3680 5094 arbitra-

2030 5098 2126 5155 ris'
2157 5098 2461 5180 excludere
2511 5098 2806 5180 homipem
2863 5104 2980 5166 Dei,
3013 5105 3073 5159 in
3105 5106 3332 5162 Christo
3383 5125 3681 5180 nusquam

2029 5170 2311 5246 exsulem,
2346 5170 2861 5246 in_car_neubique
2894 5177 3286 5246 peregrinum.
3321 5202 3340 5227 ι

2100 5243 2209 5316 (64)
2247 5245 2362 5316 Σοί.
2398 5241 2575 5316 Coisl.
2612 5244 2727 5316 let
2756 5241 2920 5302 Pass.
2953 5241 3181 5303 addunt
3210 5249 3292 5316 ἦν.

2058 5309 2473 5439 ὐὲῗῗζιῐῦαγὲς.
2503 5313 2597 5370 Or.
2631 5314 2657 5369 1
2693 5318 2749 5372 et
2790 5317 2976 5390 Pass.,
3008 5309 3242 5396 εὐγενάς,
3268 5323 3326 5376 et
3357 5319 3424 5375 ad
3467 5336 3676 5392 marg.;

2031 5403 2241 5444 ευαγες.

2100 5452 2213 5529 (66)
2261 5452 2513 5540 legatiita.
2551 5459 2661 5540 “Sic
2720 5460 2833 5540 duo
2892 5462 3091 5540 Regg.,
3124 5461 3312 5540 .Coisl.
3367 5462 3417 5530 1,
3467 5461 3561 5519 0r.
3622 5464 3675 5540 1,

2034 5528 2215 5598 Pass.,
2248 5534 2303 5582 et
2330 5528 2584 5600 Combel‘.
2624 5530 2683 5584 In
2718 5533 2877 5597 odit.,
2909 5528 3187 5600 πλὲοτήν.

2123 5602 2216 5675 67)
2248 5598 2352 5675 Καὶ
2380 5601 2502 5675 τήν.
2541 5602 2599 5655 In
2632 5605 3006 5673 quibusdam,
3038 5598 3191 5657 κάκεῖ
3219 5603 3341 5675 τήν.

2120 5668 2212 5747 68)
2244 5668 2449 5742 Δειλίᾳ.
2485 5668 2667 5727 Pass:
2683 5675 2849 5731 addit
2875 5668 3001 5733 τινί.
