4094 6212
462 379 615 440 1219

1693 369 1760 430 S.
1808 362 2178 429 GREGOllll
2224 366 2622 428 THEOLOGI

3718 364 3863 432 1220

528 511 681 567 466
721 506 834 563 XV.
858 501 1173 560 Gentilium
1233 500 1737 574 superstitionem,
1786 504 1844 555 et
1897 515 2082 555 eorum

2287 499 2384 554 lE'.
2421 496 2624 572 Σύγχει
2660 498 2755 570 μὲν
2783 494 2871 552 καὶ
2921 497 3021 567 τὴν
3071 497 3354 570 Ἑλλήνων
3408 498 3867 575 δεισιδαιμονίαις,

454 604 556 675 qui
587 602 785 674 plures
817 598 955 652 deos
986 594 1206 659 colunt,
1240 592 1619 665 impietatem,
1644 594 1708 645 ut
1746 589 1930 662 prius,
1964 607 2096 645 con-

455 694 599 761 futa,
623 694 679 746 et
708 691 927 743 veteres
959 701 1022 739 ac
1053 700 1230 739 novos
1262 683 1423 749 deos,
1450 684 1506 736 et
1534 681 1816 736 obscenas
1846 678 2096 749 fabulas,

452 786 510 837 et
540 776 878 835 sbsceniora
908 773 1196 830 sacriﬁcia
1226 787 1426 826 eorum
1460 770 1560 841 qui
1592 770 1715 825 luto
1743 768 1933 824 lutum
1967 785 2097 839 pur-

453 874 613 941 gant,
640 871 703 921 ut
726 882 793 921 ex
814 864 1067 936 quodam
1090 860 1324 917 illorum
1347 858 1563 929 audivi,
1584 860 1889 915 brutorum
1912 858 2100 912 instar

455 955 844 1013 animantium
894 951 1234 1024 corporibus
1272 966 1515 1021 corpora
1544 966 1652 1004 sua
1693 946 2097 1020 purgantium,

453 1053 509 1103 et
555 1043 884 1101 veneranda
941 1042 1240 1113 figmenta,
1284 1042 1339 1093 et
1384 1037 1687 1093 indecoras
1736 1034 2096 1107 praastigias;

453 1135 691 1208 quibus,
716 1132 763 1187 si
796 1130 1160 1186 divinitatem
1204 1126 1511 1195 definiunt,
1546 1143 1579 1181 ο
1611 1125 1859 1180 miseros
1887 1128 1944 1179 et
1975 1139 2098 1194 per-

450 1224 603 1280 ditos
636 1218 935 1278 homines!
970 1217 1018 1273 si
1050 1220 1241 1273 autem
1273 1231 1397 1270 eam
1432 1215 1765 1286 designant,
1794 1230 1827 1268 ο
1856 1211 2096 1267 infelici-

452 1314 590 1370 tatis
639 1308 971 1367 cumulum!
1006 1306 1054 1361 si
1106 1308 1303 1360 autem
1355 1302 1636 1370 indicant,
1670 1320 1702 1358 ο
1734 1301 2091 1373 singularem

450 1398 791 1459 stultitiam!
826 1397 1079 1453 Doceant
1107 1394 1285 1461 enim,
1308 1409 1434 1465 quae
1468 1392 1636 1459 ratio,
1661 1392 1814 1463 quod
1848 1390 2095 1463 turpitu-

450 1492 607 1546 dinis
638 1489 817 1555 illius,
840 1503 956 1558 qua
983 1485 1041 1539 in
1081 1482 1422 1550 hujusmodi
1472 1482 1646 1537 rebus
1694 1483 1962 1550 utuntur,
1996 1497 2093 1536 ar-

448 1577 699 1635 canum?
730 1576 954 1631 Debent
983 1572 1140 1628 enim
1170 1572 1310 1643 ipsae
1334 1587 1566 1643 quoque
1596 1585 1791 1625 rerum
1820 1569 2092 1625 honestu-

450 1684 577 1724 rum
627 1663 1086 1738 significationes
1117 1666 1172 1717 et
1202 1660 1424 1733 species
1473 1659 1838 1731 turpitudine
1864 1674 2089 1714 vacare.

448 1758 613 1821 Quod
643 1755 692 1810 si
726 1753 882 1809 aliud
914 1750 1195 1822 quiddam
1236 1753 1514 1821 praeterea
1551 1764 1680 1803 esse
1711 1748 2091 1815 contendunt,

448 1845 589 1917 quid
620 1843 729 1898 hoc
760 1841 810 1898 si
853 1840 1118 1913 probent,
1143 1838 1479 1910 quibusque
1526 1853 1595 1892 ex
1639 1836 1805 1892 libris
1835 1841 1893 1891 et
1925 1835 2088 1892 theo-

447 1933 594 2006 logis
616 1926 1298 1996 hauserint,ostendaut?
1316 1926 1347 1981 J
1354 1944 1448 1981 am
1465 1924 1896 1998 insurgentium
1916 1924 2092 1980 etiam

446 2024 736 2078 hazresum
790 2020 1046 2090 impetus
1075 2017 1296 2088 frange,
1329 2015 1506 2086 idque
1556 2030 1622 2069 eo
1668 2014 1841 2070 etiam
1875 2013 2089 2080 acrius,

446 2111 595 2183 quod
619 2111 744 2181 jam
778 2107 1023 2164 antehac
1056 2106 1113 2160 in
1156 2104 1512 2161 cruciatibus
1541 2107 1807 2158 versatus
1838 2119 1920 2158 es.
1954 2102 2090 2157 Phi-

444 2199 781 2272 losophicus
829 2196 986 2252 enim
1038 2195 1272 2250 animus
1320 2210 1387 2249 ex
1434 2208 1521 2261 eo,
1549 2192 1698 2263 quod
1749 2208 1960 2263 passus
1992 2190 2088 2261 sit,

444 2287 780 2363 generosior
806 2285 1089 2353 redditur,
1112 2287 1309 2353 atque,
1334 2286 1398 2336 ut
1418 2280 1674 2337 candens
1696 2280 1912 2335 ferrum
1937 2296 2091 2350 aqua

443 2378 656 2451 frigida
694 2376 773 2432 ita
821 2372 1097 2446 periculis
1127 2371 1481 2428 obdurescit.
1508 2370 1655 2436 Quin
1705 2368 1937 2442 pietatis
1984 2385 2088 2425 no-

443 2473 574 2524 stra:
614 2464 940 2521 doctrinam
988 2462 1318 2534 praescribe,
1351 2460 1434 2516 sic
1483 2476 1601 2515 non
1652 2458 1990 2529 instituens,
2023 2462 2090 2514 ut

444 2564 625 2612 Deum
661 2570 841 2610 unum
888 2550 1217 2624 ingenitum
1250 2565 1662 2620 agnoscamus,
1692 2548 1800 2604 hoc
1842 2553 1950 2616 est,
1982 2547 2088 2601 Pa-

438 2650 585 2700 trem
615 2658 838 2699 :unum
868 2642 1007 2695 item
1041 2639 1304 2711 genitum
1334 2637 1663 2707 Dominum,
1692 2635 1898 2691 Filium
1929 2635 2086 2691 vide-

442 2733 595 2799 licet,
619 2732 718 2803 qui
751 2732 901 2785 Deus
922 2728 1159 2800 quidem
1190 2724 1540 2798 appellatur,
1565 2741 1700 2780 cum
1731 2724 1803 2779 de
1830 2741 1895 2780 eo
1926 2740 2088 2796 sepa-

444 2821 615 2877 ratim
637 2834 829 2876 sermo
859 2822 970 2885 est,
995 2815 1279 2871 Dominus
1310 2819 1529 2878 autem,
1554 2814 1789 2886 quando
1811 2830 1942 2868 cum
1977 2813 2087 2868 Pa-

439 2916 527 2967 tre
572 2910 938 2975 nominatur;
988 2904 1134 2960 illud
1184 2908 1420 2977 propter
1466 2907 1760 2971 naturam,
1794 2902 1902 2958 hoc
1950 2917 2083 2974 pro-

440 3005 568 3074 pter
597 2998 840 3054 unicum
871 2992 1191 3051 divinitatis
1231 2992 1623 3065 principatum
1658 3007 1672 3045 :
1707 3007 1889 3046 unum
1922 2990 2083 3046 deni-

439 3107 554 3162 que
594 3087 879 3161 Spiritum
929 3086 1219 3150 sanctum,
1250 3099 1285 3137 a
1317 3081 1481 3137 Patre
1528 3079 1934 3153 procedentem
1984 3082 2086 3135 aut

436 3179 615 3235 etiam
648 3176 1053 3249 prodeuntem,
1075 3176 1253 3227 Deum
1276 3186 1505 3243 quoque
1534 3168 1752 3242 ipsum,
1777 3169 1929 3241 apud
1961 3185 2084 3242 eos,

437 3266 535 3337 qui
565 3242 804 3336 ea,.quze
844 3242 1173 3334 propinqua
1224 3242 1383 3329 sunt,
1413 3259 1675 3331 apprime
1724 3257 2081 3329 intelligunt,
2114 3242 2157 3310 C

439 3354 541 3425 qui
568 3353 640 3408 ab
670 3351 870 3422 impiis
896 3351 1135 3420 quidem
1164 3349 1342 3404 etiam
1370 3353 1761 3420 oppugnatur,
1787 3348 1858 3403 ab
1887 3346 1961 3402 iis
1983 3363 2085 3402 au-

437 3446 577 3510 tem,
610 3440 710 3511 qui
767 3453 949 3508 supra
1004 3453 1104 3491 eos
1163 3440 1503 3506 assurgunt,
1543 3436 1739 3491 animo
1787 3439 1843 3491 et
1891 3439 2086 3491 mente

437 3528 784 3600 concipitur,
808 3525 882 3579 ab
934 3525 1008 3580 iis
1038 3541 1193 3594 vero,
1217 3524 1317 3595 qui
1348 3524 1537 3594 magis
1583 3523 1875 3593 spiritales
1922 3528 2081 3594 sunt,

433 3618 608 3674 etiam
634 3614 1002 3688 praadicatur.
1028 3610 1179 3666 lllud
1201 3610 1339 3666 item
1362 3610 1689 3681 prmscribe,
1714 3616 1905 3666 utnec
1926 3612 2082 3666 Patri

432 3704 787 3780 principium
817 3700 1172 3770 tribuamus,
1196 3715 1268 3754 ne
1316 3699 1453 3770 quid
1497 3699 1684 3771 primo
1712 3699 1874 3771 prius
1906 3701 2080 3756 indu-

430 3812 657 3865 camus,
689 3810 757 3849 ex
788 3808 903 3863 quo
948 3788 1122 3845 etiam
1156 3789 1235 3860 id,
1261 3790 1411 3860 quod
1461 3789 1719 3860 primum
1751 3795 1859 3858 est,
1894 3790 2081 3862 perire

2209 585 2281 647 ὡς
2330 586 2614 663 πρότερον,
2658 587 2746 641 καὶ
2798 589 2897 656 τήν
2952 586 3220 652 πολύθεον
3282 589 3455 644 αὐτῶν
3515 591 3731 666 ἀθεῗαν,
3783 598 3864 650 καί

2206 680 2333 735 τοὺς
2363 674 2628 737 παλαιοὺς
2659 674 2813 739 θεοὺς
2846 676 2931 730 καὶ
2962 676 3089 739 τοὺς
3121 679 3298 750 νέους,
3328 681 3417 733 καὶ
3450 680 3573 742 τοὺς
3596 682 3863 757 αἰσχροὺς

2212 761 2436 835 μύθους,
2482 764 2570 818 καὶ
2618 764 2711 826 τὰς
2770 765 3125 841 αἴσχροτέρας
3175 768 3358 830 θυσίας
3432 770 3599 843 πηλῷ
3685 772 3861 840 πηλὸν

2205 850 2595 925 καθαιρόντων,
2647 854 2720 915 ὡς
2774 853 2948 909 αὐτῶν
2980 877 3127 917 τινος
3187 858 3301 931 (69)
3342 855 3595 933 λὲγοντος
3630 860 3862 934 ἤκουσα,

2210 940 2355 1015 λέγω
2405 938 2472 1010 δὴ
2518 943 2732 1015 σώμασι
2781 944 3007 1017 σώματα
3040 950 3158 1007 τοῖς
3213 950 3323 1000 τῶν
3358 947 3569 1023 ἀλόγων
3609 950 3772 1018 ζώων
3804 953 3863 1006 τὶ

2207 1030 2408 1084 ἑαυτῶν
2458 1030 2550 1085 καὶ
2606 1031 2672 1085 τὰ
2727 1034 2897 1106 σεμνὰ
2954 1031 3247 1107 πλάσματα
3299 1038 3431 1109 (70),
3464 1038 3551 1092 καὶ
3580 1039 3654 1093 τὰ
3686 1040 3861 1116 ἀσχή-

2209 1138 2345 1191 μονα
2373 1119 2743 1193 τερατεύματα
2768 1139 2779 1152 ’
2813 1120 2894 1183 οἷς
2923 1121 2968 1176 εἰ
3003 1123 3096 1195 μὲν
3124 1124 3185 1178 τὸ
3217 1130 3368 1179 Θεῖον
3400 1128 3509 1198 (71)
3554 1127 3861 1203 ὁρίζονται,

2200 1213 2302 1275 τῆς
2356 1205 2816 1280 κακοδαιμονίας·
2878 1211 2924 1265 εἷ
2980 1207 3037 1266 δὲ
3092 1210 3559 1288 παραδεικνύουσι,
3622 1224 3734 1285 τῆς
3783 1217 3859 1272 εὖ·

2202 1296 2405 1366 ηθείας.
2440 1294 2837 1353 Διδασκὲτωσαν
2870 1300 2996 1375 γὰρ,
3026 1300 3109 1363 τίς
3139 1302 3167 1356 ὁ
3201 1299 3391 1377 λόγος,
3430 1306 3519 1358 καὶ
3555 1305 3615 1359 τί
3671 1306 3741 1360 16
3768 1314 3858 1376 τῆς

2206 1385 2602 1471 ἀσχημοσύνης
2656 1394 2758 1457 τῆς
2814 1388 2939 1463 περὶ
3003 1393 3169 1444 ταῦτα
3222 1394 3557 1469 μυστήριονς
3614 1391 3706 1448 δεῖ
3762 1398 3853 1471 γὰρ

2207 1470 2347 1547 μηδὲ
2393 1476 2489 1537 τὰς
2545 1475 2798 1554 ἐμφάσεις
2851 1482 2961 1531 τῶν
3015 1477 3221 1547 καλῶν,
3275 1482 3338 1535 τὸ
3394 1481 3633 1559 αἲσχφὸν
3692 1470 3854 1559 ἔχειν’

2201 1562 2264 1619 Ei
2299 1560 2355 1617 δὲ
2386 1562 2526 1619 ἄλλο
2569 1586 2623 1622 τι
2671 1566 2816 1639 παρὰ
2864 1571 3030 1621 ταῦτα
3078 1567 3211 1622 εἶναι
3254 1590 3402 1645 φασι,
3433 1571 3485 1625 τί
3514 1576 3711 1644 τοῦτο,
3744 1595 3854 1627 πει-

2204 1651 2460 1722 θὲτωσαν,
2519 1654 2607 1709 καὶ
2660 1653 2719 1709 ἐκ
2764 1655 2935 1710 ποίων
2988 1655 3190 1733 λόγων,
3239 1660 3272 1728 ἦ
3319 1657 3615 1736 θεολογων.
3655 1661 3853 1738 Σύγχει

2202 1739 2259 1795 δὲ
2288 1741 2375 1795 ναὶ
2427 1744 2521 1805 τὰς
2566 1748 2673 1798 τῶν
2724 1744 2979 1820 αἱρέσεων
3024 1746 3426 1822 ἐπαναστάσεις,
3478 1748 3565 1805 xui
3604 1752 3854 1823 τοσούτῳ

2199 1831 2550 1907 Θερμότερον,
2599 1832 2710 1905 ὅσῳ
2766 1835 3169 1910 προπέπονθας.
3230 1838 3601 1915 Γενναιότερον
3668 1842 3855 1917 γαρὲκ

2199 1923 2296 1974 τοῦ
2324 1922 2508 1975 παθεῖν
2537 1922 2600 1975 τὸ
2640 1921 2961 2001 φιλόσοφον,
3010 1924 3188 2001 ὥσπερ
3242 1929 3439 2003 ψυχρῷ
3487 1926 3724 2002 σίδηρος
3770 1929 3853 2003 ἒμ-

2200 2028 2398 2083 πυρος,
2431 2009 2573 2063 οὕτω
2601 2016 2718 2072 τοῖς
2749 2009 3019 2074 κινδύνοις
3066 2014 3463 2087 στομούμενον.
3523 2018 3747 2090 Ὁρίζου
3799 2016 3850 2073 δὲ

2199 2097 2287 2151 καὶ
2339 2100 2438 2166 τὴν
2490 2099 2758 2175 ἡμετέραν
2805 2097 3098 2169 εὐσέϐειαν,
3149 2100 3412 2159 διδάσκων
3460 2103 3553 2160 ἕνα
3585 2108 3689 2179 μὲν
3722 2106 3851 2162 εἰδὲ-

2197 2207 2281 2241 ναι
2329 2187 2458 2242 Θεὸν
2510 2187 2820 2263 ἀγέννητον,
2868 2190 2959 2243 τὸν
3013 2193 3266 2269 Πατέρα·
3339 2192 3428 2248 ἕνα
3475 2191 3532 2249 δὲ
3583 2198 3847 2270 γεννητὸν

2199 2276 2421 2352 Κύριον,
2479 2278 2570 2332 τὸν
2629 2278 2771 2332 Υἱόν·
2822 2280 2947 2333 Θεὸν
3012 2282 3128 2353 μὶν,
3190 2280 3315 2336 ὅταν
3372 2284 3488 2337 καθ’
3544 2284 3739 2339 ἑαυτὸν
3771 2284 3851 2338 λέ-

2195 2386 2379 2441 γηται,
2477 2366 3038 2443 προσαγορευόμενον·
3116 2368 3311 2446 Κύριον
3372 2368 3429 2426 δὲ
3501 2373 3626 2427 ’ὁταν
3721 2375 3852 2446 μετὰ

2198 2454 2407 2528 Πατρὸς
2442 2454 2814 2528 ὀνομάζηται·
2845 2458 2906 2511 τὸ
2940 2458 3034 2530 μὲν
3069 2456 3157 2513 διὰ
3202 2461 3301 2529 τὴν
3354 2460 3531 2539 φύσιν,
3574 2463 3637 2516 τὸ
3673 2460 3731 2517 δὲ
3764 2461 3849 2517 διὰ

2195 2544 2293 2612 τήν
2357 2544 2684 2621 μοναρχίαν.
2735 2548 2829 2600 Ἕν
2889 2543 2945 2600 δὲ
2999 2551 3215 2621 Πνεῦμα
3269 2550 3445 2624 ἅγιον,
3494 2550 3762 2627 προελθὸν
3793 2552 3847 2606 ἐκ

2194 2637 2289 2687 τοῦ
2348 2636 2578 2709 Πατρὸς,
2625 2635 2659 2703 ἢ
2713 2634 2801 2689 καὶ
2860 2636 3052 2710 προϊόν
3079 2656 3091 2669 ’
3135 2638 3286 2709 Θεὸν,
3330 2645 3445 2700 τοῖς
3492 2645 3701 2708 νοητῶς
3734 2644 3845 2715 (72)

2195 2727 2379 2777 νοοῦσι
2425 2725 2493 2778 τὰ
2545 2724 2947 2799 παρακείμενα*
3004 2731 3123 2788 τοῖς
3185 2727 3281 2799 μὲν
3326 2723 3534 2783 ἀσεϐέσι
3592 2730 3681 2783 καὶ
3745 2751 3844 2784 πο-

2194 2809 2559 2884 λεμούμενον,
2615 2818 2729 2874 τοῖς
2781 2812 2839 2868 δὲ
2897 2815 3028 2889 ὑπὲρ
3079 2814 3307 2879 τούτους
3364 2816 3676 2891 νοούμενον,
3726 2826 3841 2880 τοῖς

2192 2900 2719 2977 πνευματικωτὲροις
2781 2899 2839 2956 δὲ
2893 2902 2982 2956 καὶ
3040 2901 3361 2979 λεγόμενον.
3408 2909 3556 2976 Μήτε
3605 2908 3708 2961 ὑπὸ
3751 2908 3841 2982 ἀρ⁸

2192 2989 2300 3063 χὴν
2360 2991 2474 3062 (73)
2521 2994 2693 3044 ποιεῖν
2741 2991 2832 3044 τὸν
2881 2989 3107 3066 Πατέρα,
3164 2990 3256 3046 ’ἶνα
3308 2995 3384 3066 μή
3412 2999 3509 3049 τοῦ
3537 2996 3757 3071 πρώτου
3788 3017 3837 3050 τι

2191 3082 2406 3152 πρῶτον
2467 3081 2581 3149 (74)
2629 3079 3014 3155 εἰσαγάγωμεν,
3065 3080 3115 3150 ἐξ
3184 3082 3245 3135 οὗ
3294 3084 3383 3137 καὶ
3424 3084 3486 3138 τὸ
3532 3084 3661 3138 εἶναι
3725 3088 3838 3157 (75)

2190 3168 2393 3242 πρώτῳ
2440 3169 2936 3243 περιτραπήσεται·
3000 3171 3137 3243 μήτε
3196 3171 3427 3247 ἄναρχον
3483 3173 3572 3226 τὸν
3627 3174 3753 3227 Υξόν
3806 3175 3840 3242 ἢ

2192 3256 2254 3310 τὸ
2305 3260 2524 3330 Πνεῦμα
2579 3257 2639 3311 τὸ
2698 3258 2877 3332 ἅγιον,
2927 3254 3017 3311 ’ίνα
3071 3259 3147 3332 μὴ
3202 3261 3263 3314 τὸ
3318 3260 3516 3334 Πατρὸς
3546 3261 3658 3331 (76)
3682 3258 3836 3315 ῧιον

2192 3344 2553 3421 περιὲλωμεν.
2603 3344 2713 3400 Οὐκ
2770 3346 2977 3422 ἄναρχα
3031 3347 3154 3423 γὰρ,
3212 3347 3293 3402 καὶ
3343 3348 3546 3424 ἅναρχά
3601 3368 3764 3411 πως·
3808 3350 3839 3404 8

2190 3434 2280 3489 καὶ
2337 3431 2663 3511 παράδοξον,
2720 3434 2836 3492 Οὐκ
2891 3433 3103 3512 ἄναρχα
3162 3438 3255 3511 μὲν
3286 3436 3385 3514 γάρ
3412 3442 3490 3509 τῷ
3522 3437 3681 3510 αἰτίῳ
3722 3441 3833 3511 (77)

2192 3522 2251 3578 ἐκ
2282 3527 2414 3578 Θεοῦ
2443 3525 2568 3599 γὰρ,
2603 3522 2647 3577 εἷ
2678 3523 2766 3577 καὶ
2802 3525 2877 3596 μὴ
2916 3526 3029 3597 μετ’
3060 3524 3243 3593 αὐτὸν,
3274 3526 3347 3588 ὡς
3375 3525 3425 3596 ἐξ
3468 3524 3633 3594 ἡλίου
3677 3532 3791 3604 φῶς
3814 3548 3826 3560 ’

2191 3612 2402 3687 ἄναρχοι
2432 3609 2489 3666 δὲ
2515 3616 2595 3683 τῷ
2622 3611 2830 3687 χρόνῳ.
2866 3612 2942 3670 Οὐ
2986 3614 3087 3689 γὰρ
3122 3615 3223 3669 ὑπὸ
3250 3616 3475 3690 χρόνον,
3528 3614 3619 3671 ’ἱνα
3663 3618 3738 3688 μὴ
3771 3617 3831 3671 τὸ

2192 3699 2310 3776 ῥέον
2343 3699 2379 3774 ᾖ
2410 3704 2517 3754 τῶν
2552 3701 2795 3755 ἑστώτων
2829 3697 3213 3778 πρεσϐύτερον,
3244 3705 3333 3758 καὶ
3376 3709 3483 3759 τῶν
3521 3705 3711 3759 οὐσιῶν
3767 3707 3829 3760 16

2188 3788 2461 3845 ἀνούσιον.

425 3901 661 3944 necesse
692 3882 799 3949 sit;
832 3896 937 3936 nec
967 3877 1178 3934 Filium
1204 3882 1262 3934 et
1292 3876 1577 3950 Spiritum
1624 3881 1892 3934 sanctum
1925 3878 2196 3951 principii
2227 3883 2489 3950 expertes
2533 3895 2662 3935 esse
2710 3884 3070 3949 astruamus,
3102 3899 3174 3937 ne
3221 3883 3400 3948 Patri,
3434 3884 3490 3938 id
3522 3885 3672 3955 quod
3717 3884 3826 3957 ipsi

424 3974 726 4049 proprium
758 3975 867 4039 est,
899 3968 1254 4025 adimamus.
1288 3966 1375 4023 Illi
1425 3967 1639 4039 quippe
1669 3972 1727 4023 et
1758 3967 2043 4040 principio
2093 3968 2336 4024 minime
2369 3972 2587 4038 carent,
2617 3974 2675 4024 et
2704 3970 2957 4040 quodam
3005 3971 3178 4026 modo
3227 3977 3428 4027 carent
3460 3989 3473 4026 :
3508 3975 3658 4045 quod
3692 3990 3828 4029 sane

424 4067 579 4121 dictu
613 4064 828 4118 mirum
862 4064 969 4116 est.
1003 4059 1125 4113 Non
1158 4057 1336 4123 enim,
1370 4062 1659 4127 quantum
1704 4058 1775 4112 ad
1824 4074 2085 4127 causam,
2117 4058 2266 4113 487
2306 4057 2593 4130 principio
2620 4065 2819 4115 carent
2853 4076 2866 4114 :
2901 4075 2968 4115 ex
3000 4060 3113 4116 Deo
3161 4061 3317 4117 enim
3364 4067 3525 4131 sunt,
3554 4062 3687 4119 licet
3716 4081 3825 4119 non

422 4160 554 4225 post
581 4154 795 4223 ipsum.
828 4147 1331 4221 quemadmodum
1361 4162 1430 4201 ex
1458 4145 1581 4201 sole
1608 4145 1805 4202 lumen
1842 4165 1855 4202 :
1891 4147 1990 4204 sed
2022 4150 2311 4218 quantum
2343 4148 2415 4202 ad
2449 4152 2703 4219 tempus,
2737 4149 3008 4221 principii
3040 4155 3181 4205 sunt
3210 4155 3495 4223 expertes.
3528 4151 3643 4207 Nec
3675 4153 3828 4207 enim

420 4241 666 4312 tempori
698 4238 946 4309 subjecti
977 4242 1134 4305 sunt,
1169 4252 1240 4291 ne
1269 4235 1424 4306 quod
1476 4234 1696 4290 ﬂuxum
1730 4240 1838 4301 est,
1872 4236 1945 4292 iis
1977 4252 2106 4307 qua:
2135 4235 2374 4292 stabilia
2403 4241 2562 4306 sunt,
2594 4240 2653 4291 et
2682 4238 2837 4308 quod
2882 4255 2995 4293 non
3049 4244 3156 4305 est,
3187 4239 3261 4295 iis
3309 4256 3435 4311 quae
3478 4244 3637 4310 sunt,
3670 4239 3830 4313 prius

418 4333 595 4401 atque
624 4327 926 4399 antiquius
966 4325 1061 4381 sit.

486 4417 631 4472 XVI.
672 4415 785 4471 Nec
830 4416 969 4471 item
1022 4414 1136 4470 tria
1183 4412 1468 4485 principia
1515 4412 1965 4481 constituamus,
2000 4430 2072 4471 ne

2255 4414 2345 4482 Ιζ’.
2387 4413 2538 4483 Μήτε
2568 4411 2743 4488 ἀρχὰς
2781 4418 2948 4489 τρεῖς,
3002 4411 3095 4469 ’ἰτα
3153 4416 3229 4487 μὴ
3280 4412 3629 4485 Ἑλληνικὸν,
3684 4420 3719 4486 ἢ
3770 4432 3829 4487 τὸ

488 4580 602 4656 (βῼ)
630 4582 807 4656 T991.
841 4575 1196 4656 Heraclitum
1233 4573 1529 4656 intelligit.

2249 4575 2357 4656 (75)
2388 4575 2471 4645 Ἐξ
2504 4572 2567 4656 οῦ
2598 4571 2693 4656 καί
2715 4573 2779 4656 τὸ
2811 4573 2967 4656 εἶναι,
2999 4580 3110 4656 etc.
3138 4593 3150 4632 :
3178 4600 3208 4629 ‹‹
3238 4593 3307 4633 ex
3350 4578 3510 4656 quod
3551 4578 3637 4645 id,
3670 4578 3817 4649 quod

511 4644 601 4718 70)
636 4646 953 4718 Ιιλάσματα.
992 4648 1128 4718 Reg.
1160 4665 1214 4712 a,
1245 4644 1617 4718 παλαίσματα.

2192 4644 2435 4718 )rimum
2460 4644 2577 4713 est,
2611 4645 2893 4718 originem
2920 4644 3167 4705 traxisse
3199 4644 3434 4705 necesse
3462 4650 3561 4704 sit.
3585 4671 3618 4697 ιι

511 4654 581 4703 70
636 4654 953 4718 Πλάσματα.
993 4654 1128 4718 Heg.
1160 4665 1214 4712 a,
1245 4654 1617 4716 παλαίσματα.

487 4654 601 4792 (71)
632 4719 691 4773 Εἴ
729 4717 924 4793 μὶνλτὸ
973 4723 1149 4793 Θεῖον,
1198 4723 1306 4773 etc.
1357 4717 1461 4772 Hic
1487 4718 1721 4793 __obiter_
1751 4718 2064 4793 Gregorius

2192 4654 2434 4715 )rimum
2469 4654 2577 4713 est,
2611 4654 2893 4717 originem
2920 4654 3167 4705 traxisse
3199 4665 3434 4705 necesse
3462 4654 3561 4704 sit.
3585 4671 3618 4697 ιι

2374 4714 2697 4793 ΤιὶμΙΙατρός.
2721 4717 2857 4793 Reg.
2881 4718 3093 4787 hu,0r.
3114 4722 3161 4787 1,
3182 4719 3444 4787 Pass.,16
3462 4720 3815 4793 106,11u1péz.

584 4580 602 4792 ἓ

416 4788 765 4865 perstringit
802 4790 1294 4865 absurdissimum
1341 4788 1648 4865 geptilium
1682 4788 2060 4865 theologiam,

416 4860 516 4936 qui
547 4865 656 4920 sub
677 4860 1027 4919 Tabularum
1075 4861 1372 4916 involucro
1406 4860 1694 4916 Deitatem
1744 4860 2061 4917 adumbra-

411 4937 599 5077 ba(n72)
627 5008 751 5065 Τοῖς
780 5005 1208 5077 von1&<,_etc.«
1244 5001 1351 5070 Qui
1382 5001 1590 5077 solerti
1612 5001 1870 5075 ingenio,
1894 5019 2056 5059 men-

416 5074 501 5134 tis.
520 5074 790 5132 acumine
822 5091 890 5130 ea
920 5075 1272 5147 intelligunt,
1298 5091 1423 5147 quae
1462 5074 1797 5147 conjuncta,
1820 5081 1973 5147 sunt,
2003 5080 2060 5129 et

413 5148 722 5215 cohaerent,
764 5168 793 5197 »
836 5147 1080 5202 Deitatis
1114 5146 1357 5201 scilicet
1404 5161 1701 5218 personas,
1732 5146 1838 5218 sic
1888 5146 2057 5201 nobis

412 5239 529 5277 una
560 5220 721 5299 serie
738 5219 1093 5299 propositas,
1126 5235 1192 5273 ex
1219 5216 1432 5299 quibus
1465 5217 1693 5299 passim.
1717 5216 2053 5299 Gregorius,

409 5295 565 5351 sicut
595 5298 655 5350 et
684 5287 936 5347 Basilius
973 5287 1251 5362 probant,
1267 5289 1478 5362 Filium
1509 5294 1566 5343 et
1598 5287 1882 5359 Spiritum
1912 5287 2053 5345 sané

408 5370 563 5421 ctum
594 5360 1027 5439 Deumgparitér
1056 5360 1621 5439 esse,_s_icuti_Pater.
1688 5429 1697 5438 .
1786 5429 1796 5439 ν

477 5439 588 5508 (73)
620 5436 747 5489 Ὑπὸ
788 5429 989 5509 ἀρχήν,
1022 5441 1128 5492 etc.
1156 5459 1182 5485 ‹‹
1218 5435 1297 5489 Nc
1335 5433 1563 5488 Patrem
1616 5429 1899 5502 principio
1948 5448 2054 5487 sus

406 5508 574 5563 besse
605 5508 956 5563 statuamUs.
984 5532 1004 5559 υ

477 5579 589 5648 (74)
620 5584 679 5630 Τι
711 5582 942 5648 πρῶτον.
976 5578 1079 5633 Hic
1110 5573 1372 5648 πρότερον
1430 5574 1583 5648 idern
1636 5576 1803 5648 sqnat
1824 5589 1891 5648 ac
1920 5573 2050 5645 πρό-

400 5641 581 5722 τερον,
612 5641 767 5719 quod
799 5648 1011 5703 Graecis
1043 5641 1327 5703 familiare
1356 5650 1462 5699 est.
1499 5644 1629 5697 Mox
1659 5641 2045 5717 εἰσαγάγωμεν·

400 5721 515 5776 duo
546 5719 724 5776 Rem.
755 5724 811 5775 et
839 5723 1029 5776 Pass..
1060 5716 1383 5776 εἰσάγωμεν.

444 5735 515 5775 uo
550 5733 724 5790 negg.
755 5733 811 5775 et
839 5733 1029 5787 98.88.,
1060 5733 1383 5791 εισαγωμεν.

2267 4790 2358 4856 77)
2387 4791 2473 4859 Τῷ
2504 4787 2680 4859 αἶ’τίῳ.
2708 4811 2736 4839 ‹‹
2768 4787 3064 4856 Quantum
3109 4793 3181 4847 ad
3222 4808 3480 4848 causam.
3502 4814 3531 4841 ››
3554 4787 3719 4848 Licet
3749 4794 3812 4846 ab

2173 4858 2281 4914 hac
2302 4876 2437 4914 voce
2464 4858 2797 4915 abstineant
2827 4862 3040 4928 Latini,
3063 4863 3207 4918 nihil
3233 4868 3423 4919 tamen
3444 4867 3533 4918 est
3559 4863 3811 4928 dissidii,

2172 4932 2361 5004 quoad
2406 4948 2525 5004 rem
2564 4937 2633 5004 _et
2682 4948 2944 5004 sensum,
2978 4934 3129 4989 inter
3174 4935 3401 4991 Graecos
3448 4939 3506 4989 et
3556 4935 3809 4991 Latinos.

2170 5003 2332 5065 Quod
2362 5002 2518 5057 enim
2551 5002 2731 5056 Graeci
2754 5024 2782 5052 ‹‹
2815 5002 3003 5060 causa:
3053 5011 3110 5060 et
3150 5007 3374 5062 causati
3399 5028 3426 5055 »
3457 5006 3701 5061 nomine
3730 5006 3809 5061 in-

2170 5074 2464 5149 telligunt,
2498 5074 2782 5149 nosidem
2806 5075 3140 5149 (5_principii
3185 5082 3241 5133 et
3283 5078 3611 5149 principiati
3652 5101 3680 5127 η
3716 5094 3809 5133 no-

2170 5144 2326 5200 mine
2374 5144 2781 5219 intelligimus.
2815 5144 2976 5202 Unde
3024 5144 3561 5204 sanctus—Thomas
3607 5166 3805 5219 epusc.

2165 5226 2353 5272 contra
2395 5232 2611 5272 errores
2660 5216 2965 5292 Graecarum
3003 5236 3052 5273 c.
3089 5222 3140 5285 1,
3173 5222 3254 5275 ait
3286 5238 3332 5277 :c
3361 5220 3529 5292 Apud
3578 5216 3805 5275 Latino:

2165 5305 2280 5343 non
2312 5293 2401 5344 est
2429 5294 2795 5354 consuetum,
2819 5290 2970 5359 quod
3004 5292 3169 5347 Pater
3194 5290 3424 5347 dicatur
3450 5307 3631 5346 causa
3664 5292 3801 5359 Filii,

2162 5359 2249 5417 vel
2279 5359 2528 5436 Spiritus
2550 5360 2768 5436 sancti,
2800 5360 2900 5416 sed
2952 5361 3143 5417 solum
3185 5362 3564 5436 principium,
3584 5363 3678 5419 vel
3708 5379 3800 5420 au-

2163 5430 2350 5488 ctor;
2386 5430 2583 5491 Graeci.
2612 5431 2708 5502 qui
2743 5447 2926 5487 causa
2961 5438 3015 5489 rt
3046 5430 3264 5490 caushti
3296 5430 3800 5491 nox-nine'utuntur

2162 5505 2219 5558 in
2271 5505 2485 5558 divinis
2535 5507 2822 5575 personis,
2870 5522 2983 5560 non
3038 5506 3352 5562 intendunt
3401 5508 3792 5562 diversitatem

2160 5580 2381 5630 natura?
2412 5576 2705 5643 inducere,
2739 5581 2840 5630 aut
2870 5576 3079 5632 Filium
3123 5594 3251 5633 esse
3288 5584 3613 5633 creaturam
3652 5598 3665 5633 :
3700 5579 3788 5633 sed

2159 5664 2263 5718 per
2294 5648 2400 5723 hoc
2432 5651 2634 5723 volunt
2664 5648 2969 5723 ostendere
2997 5649 3189 5723 solam,
3214 5650 3498 5723 originem
3530 5666 3791 5723 persona-

2156 5734 2312 5790 rum,
2347 5718 2497 5775 sicut
2525 5734 2631 5775 nos
2663 5718 2895 5777 nomine
2922 5721 3215 5795 principii.
3237 5744 3264 5771 »
