4094 6212
240 329 393 394 1221

1022 319 1310 388 ORATIO
1355 320 1536 385 XXV.
1570 356 1649 369 —
1694 322 1771 383 IN
1819 316 2141 383 LAUDEM
2189 322 2531 387 HERONIS
2578 326 2882 390 PHILOS.

3489 341 3645 401 1222

238 463 506 519 πολύθεον
530 480 542 492 ·
582 461 719 533 μήτε
752 459 877 533 μίαν
914 460 1032 531 μὲν,
1061 455 1359 526 Ἰουδαῖκὴν
1393 453 1449 511 δὲ
1499 456 1685 525 στενήν
1744 457 1883 524 τινα,

2024 472 2057 509 n
2090 456 2363 527 gentilem
2392 458 2634 514 deorum
2669 460 3105 519 multitudinem
3140 467 3470 526 incidamus
3500 488 3512 527 :
3538 489 3643 529 nec

238 556 329 608 καὶ
388 552 671 629 φθονερὰν,
730 548 818 604 καὶ
878 544 1169 603 ἀδύνατον*
1225 548 1260 615 ἢ
1316 544 1395 618 τῷ
1452 543 1757 600 ἀναλίσκειν
1815 542 1891 604 εἷς

242 642 435 708 ἑαυτήν
469 639 718 709 θεότητα,
751 637 781 692 ὅ
810 659 926 699 τοις
959 635 1259 711 προάγουσι
1297 633 1389 707 μὲν
1439 633 1498 689 ἐκ
1532 638 1630 689 τοῦ
1684 632 1890 707 Πατρὸς

241 734 332 786 τὸν
367 729 512 800 Υἱὸν,
546 728 620 790 εἲς
652 726 811 782 αὐτὸν
842 724 899 781 δὲ
928 726 1093 781 πάλιν
1138 723 1459 779 ἀναλύουσιν
1493 720 1681 799 ἤρεσεν
1710 741 1722 753 ’
1756 723 1788 789 ἢ
1816 724 1894 793 τῷ

243 813 609 875 κακαϐἀλλειν
666 818 762 878 τὰς
812 815 1015 893 φύσεις,
1064 813 1153 868 καὶ
1194 811 1523 888 ἀλλοτριοῦν
1555 811 1833 881 θεότητος,
1867 807 1896 861 ὅ

242 913 361 971 τοῖς
390 911 479 961 νῦν
512 906 722 982 ἀρέσκει
756 910 969 981 σοφοῖς,
1002 903 1182 979 ὣσπερ
1242 900 1542 957 δεδωκυῖαν
1606 902 1680 973 μὴ
1716 900 1892 969 ἀντεξ-

245 998 480 1075 ἀγωνται
536 997 672 1067 (78),
727 995 762 1063 ἢ
824 990 993 1067 μηδὲν
1050 989 1347 1065 δυναμένην
1409 990 1540 1065 ὑπὲρ
1578 990 1645 1043 τὰ
1668 988 1896 1060 καίσμα-

244 1108 331 1142 τα.
366 1088 517 1156 Μήτε
547 1084 839 1158 ἀγέννητον
869 1083 960 1137 τὸν
994 1081 1140 1149 Υἱὸν,
1194 1081 1268 1141 εἷς
1299 1080 1403 1155 γὰρ
1438 1081 1464 1134 6
1502 1080 1683 1148 Πατήρ
1710 1095 1722 1107 ·
1761 1079 1899 1150 μήτε

248 1176 372 1229 Υἱον
394 1175 456 1228 τὸ
488 1172 729 1245 Πνεῦμα,
760 1171 805 1225 εί
853 1171 955 1247 γὰρ
983 1170 1011 1224 6
1042 1170 1352 1243 Μονογενής
1377 1186 1391 1200 ⁸
1445 1165 1539 1221 φίνα
1593 1165 1680 1221 καὶ
1736 1169 1899 1219 τοῦτο

249 1264 428 1329 θεῖκὸν
475 1259 643 1337 ἔχωσι
692 1258 754 1315 τὸ
809 1256 1118 1332 μοναδικὸν,
1170 1258 1198 1311 6
1261 1258 1354 1329 μὲν
1400 1263 1502 1325 τῆς
1533 1254 1808 1325 υἱότητος,
1836 1252 1900 1307 τὸ

250 1351 307 1408 δὲ
361 1354 460 1420 τῆς
509 1346 771 1426 προόδου,
827 1347 918 1402 καὶ
967 1346 1076 1422 οὐχ
1106 1345 1383 1417 υἱότητος,
1418 1342 1666 1412 Ἀληθῶς
1698 1342 1902 1417 πατέρα

247 1444 338 1497 τὸν
370 1440 604 1515 Πατέρα,
628 1438 717 1493 καὶ
748 1436 893 1493 πολὺ
922 1457 984 1513 γε
1010 1440 1116 1491 τῶν
1140 1435 1267 1510 παρ’
1325 1436 1460 1507 ἡμῖν
1519 1430 1899 1503 ἀληθέστερον,

252 1530 334 1586 ὅτι
372 1529 578 1603 μόνως,
612 1525 938 1601 ἰδιοτρόπως
969 1525 1092 1601 γὰρ,
1124 1524 1211 1578 καὶ
1245 1521 1353 1598 οὐχ
1401 1522 1475 1584 ὡς
1519 1523 1586 1576 τὰ
1636 1520 1863 1593 σώματα
1884 1537 1898 1551 ’

251 1620 340 1676 καὶ
404 1618 588 1692 μόνος,
640 1616 700 1671 οὐ
747 1616 848 1692 γὰρ
907 1614 1040 1688 μετά
1089 1612 1376 1689 συζυγίας’
1434 1609 1523 1666 καὶ
1573 1609 1761 1683 μόνου,
1795 1616 1903 1664 Μο-

251 1712 501 1784 νογενοῦς
558 1706 699 1782 γάρ’
756 1704 845 1758 καὶ
908 1703 1100 1776 μόνον,
1160 1700 1221 1755 οὐ
1278 1702 1378 1777 γὰρ
1438 1700 1559 1761 Υἱὸς
1597 1698 1899 1775 πρότερον·

256 1799 345 1853 καὶ
377 1796 505 1853 ὅλον
538 1796 743 1869 Πατὴρ,
774 1792 863 1847 καὶ
897 1791 1051 1862 ὅλου,
1091 1792 1153 1845 τὸ
1184 1792 1286 1866 γὰρ
1336 1788 1603 1864 ἡμέτερον
1652 1785 1860 1857 ἄδηλον
1890 1803 1902 1816 ·

256 1887 346 1942 καὶ
390 1886 480 1939 ἀπ’
523 1884 722 1960 ἀρχῆς,
776 1882 841 1935 οὐ
902 1882 1003 1956 γὰρ
1054 1880 1296 1955 ὕστερον.
1356 1877 1609 1948 ’Δληθῶς
1644 1878 1756 1931 υἱὸν
1815 1876 1903 1929 τὸν

259 1976 404 2045 Υὶὸν,
433 1972 515 2028 ὅτι
550 1973 731 2045 μόνος,
780 1970 868 2025 καὶ
931 1968 1120 2042 μόνου,
1171 1969 1260 2022 καὶ
1314 1968 1516 2040 μόνως,
1565 1966 1655 2020 καὶ
1705 1965 1863 2039 μόνον
1893 1982 1905 1994 ·

259 2063 320 2117 οὐ
349 2064 449 2139 γὰρ
480 2061 569 2116 καὶ
618 2060 827 2135 Πατὴρ,
877 2057 965 2112 καὶ
1014 2056 1144 2111 ’ὀλον
1200 2057 1340 2129 Υἱὸς,
1371 2056 1461 2110 καὶ
1510 2055 1665 2121 ὅλου,
1696 2054 1784 2107 καὶ
1819 2054 1909 2107 ἀπ’

258 2153 457 2228 ἀρχῆς,
517 2146 715 2204 οὔποτε
765 2151 861 2202 τοῦ
920 2148 1052 2201 εἶναι
1111 2145 1233 2207 Υἱὸς
1277 2143 1550 2221 ἠργμένος
1576 2163 1587 2176 ·
1624 2142 1685 2197 οὐ
1716 2143 1818 2217 γὰρ
1851 2141 1911 2196 ἐκ

264 2238 621 2315 μεταμελείας
671 2240 705 2307 ἡ
757 2236 969 2307 θεότης,
1020 2232 1145 2289 οὐδὲ
1195 2234 1254 2289 ἐκ
1299 2239 1582 2310 προκοπῆς
1625 2234 1660 2301 ἡ
1695 2231 1909 2299 θέωσις,

253 2328 343 2385 ’ἱνα
374 2329 536 2403 λείπῃ
564 2328 715 2383 ποτὲ.
741 2326 820 2398 τῷ
855 2326 947 2399 μὶν
979 2327 1040 2379 τὸ
1073 2326 1205 2379 εἶναι
1237 2326 1349 2397 (79)
1382 2322 1573 2395 Ηατρὶ,
1618 2326 1697 2393 τῷ
1747 2318 1802 2375 δὲ
1848 2320 1911 2375 τὸ

262 2422 395 2474 εἶναι
430 2418 557 2489 Υἳῷ.
588 2414 842 2484 ’Δληθῶς
870 2416 1021 2490 ἅγιον
1054 2413 1117 2467 τὸ
1150 2416 1369 2485 Πνεῦμα
1398 2411 1459 2465 τὸ
1506 2410 1749 2488 ἅγιον.οὐ
1808 2410 1911 2485 γὰρ

261 2508 350 2563 καὶ
382 2506 523 2561 ἄλλο
553 2508 799 2560 τοιοῦτον
831 2506 963 2576 (80),
997 2500 1121 2557 οὐδὲ
1150 2500 1346 2572 οὕτως,
1371 2497 1496 2555 οὐδὲ
1519 2499 1576 2554 ἐκ
1596 2500 1913 2575 προσθήκης

263 2598 292 2651 6
322 2592 739 2672 ἀγιασμὸς,ἀλλ’
768 2590 1128 2666 αὐτοαγιὸτης
1153 2609 1166 2622 ⁸
1199 2586 1327 2644 οὐδὲ
1362 2587 1572 2662 μᾶλλον
1606 2588 1695 2641 καὶ
1724 2588 1912 2659 ¹ἧττον,

265 2683 389 2739 οὐδὶ
420 2685 713 2759 ἀρξάμενον
746 2684 1039 2756 χρονικῶς,
1079 2679 1114 2747 ἢ
1163 2678 1525 2750 παυσόμενον.
1577 2676 1761 2731 Κοινὸν
1810 2676 1912 2750 γὰρ

268 2773 436 2848 Πατρὶ
493 2774 585 2845 μὲν
628 2770 717 2825 καὶ
767 2768 878 2841 Υἱῲ
922 2769 1013 2822 καὶ
1065 2767 1202 2843 ἁγίῳ
1247 2766 1539 2839 Ηνεύματι,
1595 2766 1656 2819 τὸ
1717 2766 1792 2837 μὴ
1824 2785 1913 2838 γε-

265 2862 501 2940 γονέναι,
558 2858 648 2914 καί
696 2861 731 2927 ἡ
776 2857 1003 2927 θεότηςο
1054 2857 1164 2927 1⁸ἱῷ
1202 2853 1259 2909 δὲ
1307 2855 1396 2909 καὶ
1449 2855 1580 2929 ἁγίῳ
1624 2853 1913 2926 Πνιύματι,

262 2954 327 3008 τὸ
357 2952 421 3006 ἐκ
447 2953 544 3005 τοῦ
576 2946 805 3023 Πατρός.
837 2943 999 3000 Ἵδιον
1034 2942 1090 2999 δὲ
1136 2944 1343 3020 Πατρὸς
1390 2944 1502 3016 μὲν,
1559 2946 1594 3012 ἡ
1652 2942 1914 3019 ἀγγεννη-

266 3041 391 3095 σία·
424 3039 552 3092 Υἱοῦ
605 3034 682 3104 δὲ,
734 3038 768 3105 ἡ
822 3036 1109 3110 γέννησις·
1165 3032 1476 3105 Πνεῦματος
1527 3029 1604 3105 δὲ,
1647 3034 1681 3101 ἡ
1715 3029 1915 3103 ἔκπεμο

2004 561 2210 600 rursus
2255 562 2439 601 unum
2469 549 2725 619 quidem,
2759 552 2855 606 sed
2901 553 3210 612 Judaicum
3244 561 3558 632 quoddam,
3592 567 3650 619 et

2004 639 2345 705 angustum,
2378 640 2551 707 atque
2593 638 2851 693 invidum
2898 645 2954 695 et
3001 643 3389 715 imbecillum;
3440 667 3650 723 nempe

2004 725 2086 777 vel
2109 724 2380 779 deitatem
2404 726 2463 779 in
2487 726 2736 798 seipsam
2760 730 3538 805 iibsumendo,quemadmod
3552 758 3649 795 um

2006 812 2078 866 iis
2110 811 2347 882 placuit,
2373 816 2471 885 qui
2506 815 2715 870 Filium
2742 818 2978 886 quidem
3003 837 3067 874 ex
3096 826 3263 877 Patre
3295 828 3647 897 producunt,

2005 901 2275 955 eumdem
2318 908 2513 956 autem
2550 920 2781 958 rursum
2836 906 2892 960 in
2930 908 3153 964 Patrem
3204 914 3532 984 resolvunt;
3563 918 3651 973 vel

2008 994 2250 1043 naturas
2297 990 2644 1060 dejiciendo,
2685 1000 2862 1064 atque
2894 1012 2928 1051 a
2968 998 3272 1057 divinitate
3318 1003 3650 1077 alienando,

2010 1084 2070 1132 ut
2101 1078 2466 1150 sapientibus
2497 1079 2674 1150 hujus
2706 1085 2987 1155 temporis
3019 1088 3263 1161 videtur,
3293 1093 3529 1161 perinde
3560 1100 3656 1151 at-

2010 1182 2122 1237 que
2154 1166 2281 1238 ipsa
2313 1166 2419 1223 hoc
2466 1174 2708 1240 metuat,
2744 1186 2813 1226 ne
2859 1171 2994 1243 ipsa;
3025 1176 3334 1235 adversum
3367 1199 3428 1237 se
3459 1183 3653 1241 insur-

2010 1260 2171 1326 gant,
2201 1259 2303 1309 aut
2334 1272 2511 1327 supra
2542 1272 2633 1312 res
2664 1258 2929 1314 conditas
2963 1262 3107 1317 nihil
3139 1268 3343 1336 possit.
3377 1271 3490 1327 Nec
3522 1290 3653 1328 rur-

2011 1360 2141 1398 sum
2165 1344 2489 1416 ingenitum
2520 1345 2746 1412 Filium,
2772 1364 2922 1403 unus
2946 1351 3099 1406 enim
3130 1353 3650 1431 Pateringenitus:

2015 1449 2115 1487 nec
2146 1432 2431 1502 Spiritum
2464 1439 2731 1515 sanctum
2766 1436 2999 1505 Filium,
3028 1457 3179 1497 unus
3210 1445 3364 1501 enim
3397 1454 3486 1503 est
3516 1450 3653 1506 Uni-

2012 1520 2272 1610 genitus;
2309 1525 2373 1610 ut
2403 1527 2510 1575 hoc
2541 1538 2772 1593 quoque
2799 1525 3059 1582 divinum
3092 1528 3364 1601 habeant,
3393 1536 3655 1610 singula-

2014 1609 2239 1663 ritatem
2273 1608 2575 1678 nimirum,
2608 1610 2704 1665 ille
2748 1611 3065 1684 filiationis,
3100 1618 3196 1674 hic
3244 1608 3655 1697 processionis,

2015 1715 2129 1753 non
2155 1702 2351 1752 autem
2378 1697 2695 1753 iiliationis.
2719 1700 2945 1757 Patrem
2970 1721 3098 1760 vere
3120 1713 3362 1781 patrem,
3382 1730 3447 1768 ac
3475 1716 3656 1772 multo

2015 1786 2251 1859 quidem
2284 1786 2477 1842 verius
2508 1802 2686 1857 quam
2718 1789 2818 1860 qui
2849 1794 3003 1862 apud
3038 1810 3145 1850 nos
3176 1797 3228 1851 id
3265 1816 3475 1857 nomen
3507 1806 3660 1861 obti-

2018 1880 2174 1940 nent,
2205 1879 2332 1929 tum
2378 1875 2517 1946 quia
2563 1877 2795 1948 proprio
2845 1886 2895 1934 et
2946 1881 3225 1954 singulari
3276 1891 3449 1946 modo
3497 1898 3663 1963 pater

2015 1972 2121 2034 est,
2148 1981 2261 2019 non
2295 1968 2489 2019 autem
2517 1966 2669 2020 sicut
2697 1983 2970 2039 corpora;
2996 1976 3119 2027 tum
3154 1977 3293 2045 quia
3321 1977 3504 2049 solus,
3542 1998 3658 2037 non

2016 2056 2169 2109 enim
2192 2069 2260 2107 ex
2282 2054 2723 2123 conjunctione;
2756 2062 2879 2112 tum
2904 2060 3044 2130 quia
3066 2061 3269 2131 solius,
3295 2083 3503 2139 nempe
3526 2069 3661 2125 Uni-

2018 2144 2229 2213 geniti;
2264 2146 2386 2196 tum
2422 2143 2560 2213 quia
2588 2143 2803 2209 solum,
2835 2163 2937 2200 nec
2968 2150 3123 2204 enim
3165 2153 3288 2222 ipse
3320 2156 3658 2227 priusquam

2020 2239 2180 2303 pater
2209 2236 2383 2297 esset,
2408 2230 2586 2286 Filius
2614 2232 2748 2301 fuit;
2782 2239 2907 2290 tum
2931 2238 3066 2306 quia
3094 2239 3151 2294 in
3188 2246 3371 2298 totum
3395 2250 3451 2300 et
3479 2247 3663 2304 totius

2022 2321 2205 2389 Pater,
2231 2321 2385 2390 quod
2419 2320 2488 2375 de
2520 2321 2687 2376 nobis
2737 2327 2888 2379 certe
2937 2326 3216 2384 affirmari
3267 2335 3502 2405 nequit;
3536 2341 3664 2393 tum

2021 2410 2156 2481 quia
2187 2409 2257 2464 ab
2286 2409 2477 2475 initio,
2501 2426 2608 2464 nec
2653 2410 2807 2466 enim
2841 2416 3131 2484 posterius
3161 2418 3329 2476 Pater
3373 2440 3502 2480 esse
3550 2443 3663 2481 cus-

2026 2498 2126 2571 pit.
2154 2497 2362 2552 Filium
2385 2513 2514 2553 vere
2545 2497 2753 2568 filium,
2779 2502 2931 2571 quod
2963 2510 3018 2559 et
3058 2506 3220 2564 solus
3251 2509 3348 2581 sit,
3371 2518 3429 2567 et
3457 2514 3663 2584 solius,

2023 2604 2086 2642 ac
2119 2585 2399 2658 singulari
2430 2588 2624 2654 modo,
2648 2593 2705 2642 et
2732 2588 2956 2660 solum;
2991 2609 3105 2649 non
3132 2598 3286 2652 enim
3323 2600 3490 2657 Pater
3522 2618 3666 2674 quo-

2024 2693 2136 2747 que
2178 2675 2357 2730 simul
2408 2679 2517 2746 est,
2550 2680 2607 2730 et
2651 2675 2708 2730 in
2760 2682 2949 2734 totum
3006 2682 3201 2756 Filius,
3226 2692 3283 2741 et
3315 2690 3513 2759 totius,
3546 2697 3604 2747 et
3635 2710 3669 2749 a

2026 2764 2328 2837 principio,
2354 2764 2503 2818 hanc
2551 2765 2770 2821 scilicet
2798 2769 3083 2827 rationem
3123 2773 3368 2845 habens,
3400 2785 3464 2835 ut
3512 2798 3669 2836 nun-

2024 2870 2201 2925 quam
2233 2853 2412 2908 Filius
2432 2869 2561 2908 esse
2581 2855 2845 2926 coeperit;
2880 2874 2991 2913 non
3020 2862 3176 2917 enim
3200 2880 3267 2919 ex
3287 2868 3514 2924 consilii
3538 2888 3668 2926 mu-

2022 2943 2241 2997 tatione
2267 2946 2356 2997 est
2385 2941 2590 3007 deitas,
2615 2959 2803 3014 neque
2827 2961 2894 3000 ex
2926 2964 3234 3020 progressu
3269 2955 3577 3026 deilicatio,
3602 2964 3672 3016 ut

2024 3030 2121 3085 illc
2150 3030 2463 3101 aliquando
2495 3034 2686 3097 Pater,
2720 3030 2815 3088 hic
2853 3033 3170 3107 aliquando
3201 3041 3381 3098 Filius
3411 3060 3540 3102 esse
3569 3048 3669 3104 de-

264 3133 355 3203 ψις
388 3129 521 3202 (81).
571 3125 634 3181 Εἰ
685 3120 741 3179 δὲ
796 3124 888 3178 τὸν
932 3118 1132 3195 τρόπον
1167 3121 1464 3191 ἐπιζητεῖς,
1495 3120 1547 3176 τί
1572 3118 1908 3193 καταλείψεις

2026 3119 2199 3174 sinat.
2214 3117 2490 3190 Spiritum
2514 3126 2786 3175 sanctum
2806 3138 2937 3179 vere
2956 3133 3224 3184 sanctum
3251 3147 3264 3185 :
3292 3148 3481 3205 neque
3511 3136 3667 3193 enim

261 3222 378 3278 τοῖς
443 3214 626 3287 μόνοις
679 3213 958 3289 γινώσκειν
1010 3209 1252 3282 ἄλληλα,
1310 3210 1397 3264 καὶ
1443 3210 1797 3284 γινώσκεσθαι
1833 3209 1908 3263 ὑπ’

2030 3207 2179 3263 alius
2210 3206 2343 3262 talis
2372 3210 2480 3278 est,
2509 3223 2612 3263 nec
2660 3209 2863 3265 eodem
2896 3214 3091 3281 modo,
3122 3233 3309 3288 neque
3355 3237 3425 3277 ex
3472 3240 3672 3280 acces-

264 3304 529 3375 ἀλλήλων
569 3299 999 3377 μαρτυρομένοις
1034 3302 1166 3373 (82),
1198 3299 1233 3368 ἢ
1265 3298 1353 3354 καὶ
1393 3301 1553 3372 ἡμῶν
1598 3303 1716 3359 τοῖς
1777 3296 1908 3352 ἐκεῖ·

2025 3297 2186 3351 sione
2219 3295 2585 3351 sanctitatem
2619 3296 2824 3383 habet,_
2837 3301 2937 3355 sed
2968 3306 3057 3357 est
3086 3303 3335 3375 ipsemet
3364 3312 3669 3383 sanctitas,

265 3398 350 3449 θεν
384 3370 932 3470 έλλαμίρθὴσομένοις
966 3370 1184 3461 ὕστερον
1212 3408 1225 3458 ;
1440 3370 1446 3372 ν

2028 3402 2129 3440 nec
2157 3386 2345 3473 magis
2376 3388 2432 3439 et
2461 3384 2681 3450 minus,
2714 3370 2840 3459 nec,
2863 3392 3054 3460 quoad
3095 3398 3350 3467 tempus,
3385 3370 3670 3473 originem

269 3499 528 3555 unquam
562 3481 790 3547 habuit,
824 3495 929 3534 nec
960 3479 1135 3533 finem
1168 3478 1474 3533 habiturus
1502 3482 1608 3534 est.
1644 3477 1760 3532 Hoc
1790 3476 1944 3531 enim
1981 3474 2131 3529 Patri
2162 3477 2220 3527 et
2250 3471 2391 3527 Filio
2422 3477 2481 3527 et
2511 3472 2752 3543 Spiritui
2801 3482 3000 3533 sancto
3031 3495 3343 3540 commune
3373 3471 3671 3561 est,'quod

269 3570 510 3628 minime
540 3570 716 3625 creati
747 3573 905 3637 sunt,
947 3571 1123 3636 atque
1170 3568 1300 3638 ipsa
1346 3567 1639 3622 divinitas.
1674 3566 1791 3621 Hoc
1821 3570 2015 3620 autem
2066 3562 2206 3617 Filio
2238 3565 2295 3616 et
2324 3561 2566 3633 Spiritui
2616 3567 2837 3631 sancto,
2873 3568 3026 3636 quod
3081 3575 3326 3643 uterque
3370 3591 3571 3632 eorum
3602 3596 3672 3635 ex

271 3662 436 3716 Patre
467 3666 574 3715 est.
607 3661 679 3713 At
716 3674 848 3713 vero
880 3656 1067 3711 Patris
1111 3656 1434 3728 proprietas
1482 3655 1603 3709 haec
1653 3659 1760 3721 est,
1795 3654 1948 3724 quod
2000 3651 2295 3723 ingenitus
2326 3650 2403 3704 sit
2435 3668 2447 3705 :
2480 3650 2628 3716 Filii,
2657 3654 2810 3723 quod
2846 3656 3078 3725 genitus
3112 3675 3124 3712 :
3159 3662 3410 3732 Spiritus
3458 3669 3673 3736 sancti,

270 3750 425 3821 quod
458 3748 752 3821 procedat.
787 3746 951 3810 Quod
984 3744 1032 3800 si
1066 3745 1308 3799 modum
1339 3744 1574 3815 quaeris,
1606 3744 1746 3814 quid
1780 3742 1852 3797 iis
1883 3741 2194 3796 relicturus
2224 3754 2311 3803 es,
2341 3754 2489 3808 quos
2522 3740 2679 3795 solos
2726 3750 2927 3797 muluo
2961 3761 3021 3799 se
3052 3747 3203 3802 468
3236 3766 3585 3822 cognoscere
3606 3758 3674 3827 ⁵⁸,

270 3843 444 3909 atque
479 3854 511 3891 a
541 3853 603 3892 se
634 3838 838 3890 mutuo
870 3834 1140 3906 cognosci
1170 3834 1466 3905 Scriptura
1497 3830 1828 3900 testatur",
1862 3835 1965 3885 aut
2012 3829 2082 3884 iis
2131 3827 2305 3882 etiam
2347 3832 2635 3895 nostrum,
2668 3830 2766 3898 qui
2802 3835 3003 3900 postea
3050 3835 3329 3895 divinitus
3374 3840 3674 3899 illumina-

270 3925 537 3982 buntur?

340 4017 435 4067 ΙΖ’.
495 4014 657 4064 Γενοῦ
714 4030 765 4063 τι
824 4012 933 4064 τῶν
992 4005 1295 4083 εἰρημένων
1356 4007 1475 4079 (83)
1543 4004 1830 4082 πρότερον,
1881 4004 1916 4073 ἢ

266 4104 538 4168 τοιοῦτος,
594 4097 682 4152 καὶ
735 4096 859 4152 τότε
913 4098 1094 4171 γνώσῃ
1148 4100 1428 4163 τοσοῦτον,
1489 4095 1612 4149 ὅσον
1665 4097 1773 4168 (84)
1832 4095 1919 4148 ὑπ’

270 4186 537 4258 ἀλλήλων
588 4187 946 4263 γινώσκεσθαι
989 4188 1127 4256 (85).
1180 4189 1284 4239 Νῦν
1332 4181 1387 4239 δὲ
1418 4181 1633 4238 δίδασκε
1660 4188 1916 4238 τοσοῦτον

272 4274 468 4331 εἲδὲναι
525 4270 711 4348 μόνον,
760 4270 963 4347 μονάδα
1023 4272 1075 4328 ἐν
1124 4271 1333 4349 Τριάδι,
1383 4272 1472 4327 καὶ
1501 4270 1700 4348 Τριάδα
1731 4271 1781 4326 ἐν
1820 4293 1918 4345 μο-

270 4364 389 4421 νάδι
448 4362 951 4439 προσκυνουμένην,
1012 4360 1310 4438 παράδοξον
1386 4360 1615 4437 ἔχουσαν
1676 4361 1762 4416 καὶ
1817 4362 1916 4429 τὴν

270 4452 528 4530 διαίρεσιν
587 4453 677 4508 καὶ
732 4453 832 4521 τήν
902 4448 1109 4508 ἕνωσιν.
1170 4451 1262 4519 Μὴ
1318 4445 1565 4528 φοϐηθῇς
1630 4450 1695 4504 τὰ
1750 4452 1918 4520 πάθη,

270 4545 519 4619 γίννησιν
554 4540 866 4617 ὁμολογῶν.
918 4540 1146 4602 Ἀπαθὶς
1188 4539 1289 4616 γὰρ
1336 4541 1400 4594 τὸ
1431 4544 1607 4608 Θεῖον,
1634 4539 1723 4593 καὶ
1756 4538 1801 4593 εί
1830 4560 1917 4615 γε·

268 4634 543 4707 γιννηκεν.
578 4632 718 4706 Ἐγώ
750 4650 832 4684 σοι
871 4628 1066 4685 τούτου
1101 4627 1390 4705 ἰγγυητής,
1425 4628 1507 4683 ὅτι
1540 4632 1751 4694 θεῖκῶς,
1793 4626 1919 4682 ἀλλ’

270 4721 369 4776 οὐκ
413 4720 793 4794 ἀνθρωπικῶς.
847 4714 982 4772 Οὐδὲ
1029 4719 1129 4793 γὰρ
1180 4719 1240 4771 τὸ
1290 4718 1421 4771 εἶναι
1468 4716 1614 4788 αὐτῷ
1647 4716 1917 4791 ἀνθρώπι-

269 4829 384 4868 νον.
451 4802 740 4882 Φοϐήρητι
796 4802 853 4860 δὲ
910 4805 1020 4877 (86)
1079 4803 1277 4880 ’χρόνον
1334 4803 1423 4858 καὶ
1472 4803 1663 4858 κτίσιν·
1706 4802 1784 4859 Οὐ
1815 4804 1918 4878 γὰρ

340 4978 383 5013 ⁵⁸
414 4978 583 5035 Joan.
615 4993 752 5046 xvu,
782 4976 872 5032 25.
950 4976 995 5010 ⁵⁹
1023 4975 1045 5031 Ι
1075 4978 1201 5031 Cor.
1234 4990 1355 5044 inn,
1390 4974 1477 5031 12.

344 5143 943 5218 (78))Αντεξάγωντῇαι.
1005 5143 1238 5218 801101.;
1428 5139 1814 5218 ἑστασιάσώσιν-
1864 5142 1919 5195 αἱ

276 5214 595 5277 ὑποστάσεις
626 5214 757 5268 Υὶοῦ
787 5214 875 5268 καὶ
902 5214 1235 5286 Πνεύματος’
1265 5237 1285 5264 α
1322 5214 1403 5269 Ne
1426 5214 1552 5268 Filii
1582 5219 1639 5269 et
1668 5215 1920 5285 Spiritus

272 5303 545 5361 pereunte
568 5293 771 5361 cqntra
784 5302 857 5361 se
886 5286 1217 5361 ipsurgant.
1245 5307 1274 5361 ρ

342 5359 460 5428 (79)
488 5357 749 5431 Τιὸίεῖναι.
777 5358 871 5415 Sic
901 5353 1087 5431 Regg?
1104 5359 1228 5428 bm,
1260 5355 1362 5425 hu,
1386 5353 1557 5413 Coisl.
1592 5356 1617 5411 1
1651 5358 1707 5412 et
1736 5355 1831 5415 0r.
1866 5357 1917 5415 1.

273 5426 446 5486 Deest
475 5426 536 5483 τό
570 5430 630 5484 in
662 5429 801 5487 edit.

342 5504 459 5572 (80)
486 5505 764 5557 Τοιοῦτον.
798 5499 969 5557 Coisl.
1008 5502 1056 5566 1,
1090 5502 1328 5555 τοιοῦτο.

342 5575 455 5646 (81)
487 5572 814 5646 Ἐκπεμψις.
849 5594 877 5623 ‹‹
923 5574 1194 5646 Emissio.
1227 5595 1255 5621 η
1291 5572 1391 5629 Hic
1434 5572 1589 5626 idem
1638 5574 1805 5627 sonat
1855 5587 1920 5627 ac

273 5642 613 5722 ἐκπόρέυσις,
652 5642 673 5695 ἆ
710 5642 1085 5720 processio.»

2097 4003 2266 4059 XVII.
2300 4002 2411 4058 Fac
2443 4002 2525 4057 sis
2572 4003 2735 4075 prius
2768 4006 3042 4076 quiddam
3074 4026 3298 4082 eorum,
3332 4032 3458 4087 quae
3508 4034 3675 4074 com-

2030 4094 2505 4160 memoravimus,
2539 4105 2635 4149 aul
2666 4102 2818 4152 certe
2850 4099 2984 4154 talis
3016 4117 3029 4154 :
3065 4118 3130 4157 ac
3158 4107 3284 4159 tum
3316 4110 3546 4163 tantum
3579 4125 3675 4165 co-

2029 4200 2296 4256 gnosces,
2322 4187 2606 4254 quantum
2642 4185 2758 4239 haec
2781 4192 2984 4243 mutuo
3015 4206 3049 4245 a
3079 4192 3289 4263 seipsis
3320 4211 3679 4268 cognoscun-

2030 4279 2144 4327 tur.
2196 4273 2361 4327 Nunc
2408 4288 2543 4326 vero
2583 4274 2747 4340 doce,
2796 4281 2860 4329 ut
2906 4276 3015 4333 hoc
3062 4280 3346 4338 duntaxat
3397 4285 3675 4359 sciamus,

2031 4377 2239 4433 nempe
2270 4360 2617 4416 Trinitatem
2649 4364 2709 4416 in
2742 4364 2965 4420 unitate
2993 4372 3049 4422 et
3080 4372 3363 4428 unitatem
3395 4375 3455 4430 in
3485 4377 3679 4431 Trini-

2030 4455 2145 4505 tate
2201 4449 2585 4521 adorandam,
2627 4452 2798 4522 cuius
2856 4459 2913 4508 et
2966 4456 3172 4513 divisio
3230 4466 3288 4516 et
3342 4465 3678 4536 conjunctio

2032 4539 2201 4610 plane
2231 4537 2594 4595 admirabilis
2641 4540 2737 4595 sit.
2770 4541 2851 4596 Ne
2902 4545 3206 4614 passiones
3255 4555 3503 4622 metuas,
3536 4555 3678 4609 dum

2030 4627 2461 4699 generationem
2513 4628 2824 4685 confiteris.
2853 4638 2998 4687 Deus
3030 4636 3185 4691 enim
3219 4638 3289 4693 ab
3331 4642 3490 4696 omni
3541 4659 3680 4714 pas-

2031 4717 2193 4770 sione
2224 4715 2372 4770 liber
2419 4722 2527 4783 est,
2561 4717 2787 4773 etiamsi
2832 4722 3054 4791 genuit.
3092 4723 3205 4779 Hoc
3235 4728 3343 4783 tibi
3393 4732 3676 4801 spondeo,

2031 4821 2163 4860 eum
2196 4805 2415 4875 divino,
2450 4822 2564 4860 non
2603 4811 2797 4863 autem
2845 4808 3103 4868 humano
3151 4817 3321 4871 modo
3353 4821 3627 4889 genuisse
3662 4837 3676 4878 :

2245 5144 2707 5231 Mopsupopévoic.
2755 5148 2891 5231 Reg.
2926 5151 3047 5219 bm,
3085 5156 3565 5231 μαρτυρουμένοις,

2100 5218 2214 5309 ﬂ???
2243 5218 2586 5309 Ξὲιῗῖλμένέξθῖ·
2616 5219 2757 5309 ἕξει
2782 5218 2910 5309 ἑῶν
2944 5218 3380 5309 πρεείρήμὲθωχῖ

2028 5356 2064 5411 b
2101 5288 2215 5410 (84)
2243 5288 2425 5370 Ὅσον.
2474 5290 2567 5377 Sic
2612 5288 2732 5348 tres
2781 5288 3194 5367 Reg'g.,'Coisl.'
3219 5302 3273 5369 3,
3325 5302 3474 5365 Pam,
3507 5298 3674 5357 Com-

2070 5371 2099 5412 e
2128 5394 2142 5409 .
2174 5359 2238 5413 In
2267 5359 2430 5415 ed1t..
2464 5360 2627 5415 ὅσων.

2273 5431 2650 5514 Γινώσκεσθαι.
2714 5436 2853 5514 Tres
2913 5438 3111 5511 803g,
3187 5440 3334 5509 Par.,
3390 5439 3677 5514 Combef.,

2029 5501 2367 5577 γινώσκεται,
2403 5505 2584 5571 Pass,
2614 5507 2986 5577 γινώσκονται.

2100 5574 2213 5659 (86)
2244 5568 2542 5659 (ξιρᾷήθητι
2571 5568 2646 5631 δὲ’.
2683 5580 2773 5632 Sic
2805 5582 2919 5634 duo
2963 5581 3165 5652 Regg.,
3200 5581 3383 5654 Pass.,
3415 5583 3676 5652 Combef.

2029 5642 2219 5701 Deest.
2255 5642 2311 5698 δὲ
2342 5647 2397 5701 in
2431 5647 2571 5704 edit.
