4094 6212
436 376 594 444 4223
1676 362 1742 430 s.
1789 356 2159 430 GREGOHII
2209 358 2603 430 THEOLOGI
3678 376 3865 445 ιω

432 532 537 572 nec
569 512 809 578 mirum,
841 524 972 564 cum
1006 507 1180 563 etiam
1215 504 1404 577 ipsius
1433 518 1562 559 esse
1601 501 1843 557 minime
1874 501 2049 556 buma

2244 500 2339 571 εὸς,
2387 499 2431 553 εἷ
2479 501 2688 575 γέγονε,
2744 502 2818 573 μὴ
2872 506 2984 573 Θεῷ
3022 510 3328 578 συνηγορῶν
3378 506 3658 583 διακενῆς,
3705 516 3861 569 Θεὸν

433 621 575 660 num
617 602 711 657 sit.
745 603 963 655 Verum
1012 595 1153 651 illud
1189 596 1425 649 demum
1480 596 1694 660 metue,
1727 606 1798 645 ne
1850 596 2043 661 tempu

2257 588 2399 660 ἐλῃς,
2444 585 2749 659 ὁμόδουλον
2806 596 2974 643 ποιῶν
3032 592 3093 645 τὸ
3133 594 3375 664 ὁμόθεον,
3416 598 3446 650 ὅ
3490 600 3581 652 καὶ
3640 603 3705 654 σὲ
3736 611 3863 671 τῆς

435 692 518 748 illi
549 690 796 754 tribuas,
818 703 1069 757 eumque
1101 688 1361 739 creatum
1393 681 1731 737 contendas.
1765 680 1890 734 Non
1924 680 2052 733 enin

2244 674 2437 737 ιυλείας
2471 675 2764 752 ἐλευθεροῖ,
2799 678 2856 731 ἂν
2884 680 3119 755 γνησίως
3151 684 3259 753 (87)
3300 684 3582 759 ὁμολογῇς
3634 687 3861 745 δεσπο-

436 780 691 855 profecto
724 779 874 833 Deus
903 776 1033 844 erit,
1066 774 1116 829 si
1157 777 1389 829 creatus
1420 770 1614 838 fuerit,
1646 786 1711 825 ac
1742 785 1812 823 ne
1843 768 1939 822 Dei
1976 785 2049 840 pa

2252 764 2349 821 (αν,
2374 766 2459 834 Μή
2492 761 2739 843 φοϐηθῇς
2788 768 2903 855 τὴνΔ
2918 766 3148 841 πρόοδον
3178 790 3189 800 ·
3234 770 3294 825 οὖ
3322 773 3420 848 γὰρ
3450 775 3697 851 ἀνάγκην
3726 784 3860 851 (88)

433 851 747 926 trocinium
780 866 1077 921 incassum
1124 860 1473 934 suscipiens,
1502 864 1679 915 Deum
1722 856 1912 925 tollas,
1943 873 2048 912 con

2237 874 2305 929 (ει
2362 854 2512 924 Θεὸς,
2563 856 2596 923 ἦ
2641 856 2715 927 μὴ
2766 851 3118 931 προϐάλλειν,
3158 859 3193 927 ἢ
3224 857 3554 935 προϐάλλειν
3589 868 3854 937 ὁμοῖως.

432 974 665 1015 servum
695 961 865 1009 tuum
896 969 1031 1008 eum
1072 951 1311 1019 faciens,
1345 948 1447 1021 qui
1478 946 1655 1003 simul
1698 946 1850 1002 Deus
1881 951 1989 1015 est,
2022 962 2049 999 e

2273 942 2443 997 πάντα
2498 942 2791 1005 πλούσιος⁶
2856 940 3122 1021 φοϐήθητι
3179 944 3234 1001 δὲ
3287 950 3383 1016 τήν
3430 949 3851 1029 ἀλλοτρίωσιν,

433 1048 530 1118 qui
561 1052 618 1101 te
648 1059 883 1116 quoque
910 1058 980 1098 ex
1008 1040 1290 1097 servitute
1329 1038 1387 1092 in
1438 1036 1766 1092 libertatem
1797 1034 2050 1089 vindica'

2239 1032 2276 1085 ιὶ
2303 1034 2402 1099 τήν
2429 1031 2681 1104 κειμένην
2712 1030 2965 1101 ἀπειλὴν.
2998 1034 3059 1087 οὗ
3104 1040 3217 1097 τοῖς
3256 1034 3623 1113 θεο).ογοῦσιν,
3684 1042 3856 1100 ἀλλᾶ

432 1137 481 1193 si
513 1136 685 1190 modo
719 1148 849 1187 vere
878 1136 936 1186 et
963 1131 1190 1185 sincere
1218 1125 1541 1182 dominium
1575 1124 1925 1180 confitearis.
1950 1123 2049 1177 Pro

1721 1124 1925 1179 .tearis.
1950 1123 2080 1177 Pro-
2185 1126 2302 1181 τοῖς
2334 1119 2717 1197 βλασφημοῦσι
2744 1124 2806 1175 τὸ
2840 1126 3053 1195 Πνεῦμα
3078 1126 3140 1178 τὸ
3170 1126 3338 1200 ἅγιον.

430 1226 754 1282 cessionem
800 1238 873 1276 ne
916 1220 1128 1275 timeas
1161 1242 1174 1273 :
1210 1232 1313 1271 nec
1359 1215 1512 1271 enim
1566 1219 1678 1270 Deo
1726 1230 1963 1269 necesse
1992 1219 2080 1267 est
2111 1214 2226 1267 non
2259 1214 2597 1283 producere,
2629 1218 2731 1268 aut
2761 1214 2939 1269 simili
2972 1215 3196 1273 ratione
3249 1219 3591 1290 producere,
3622 1230 3847 1296 utpote

434 1314 533 1385 qui
566 1314 625 1367 in
658 1311 935 1367 omnibus
965 1309 1127 1363 dives
1155 1310 1266 1371 est;
1298 1319 1501 1360 verum
1543 1302 1952 1359 alienationem
1985 1307 2198 1365 metue,
2231 1316 2297 1355 ac
2327 1302 2840 1358 comminationem
2872 1319 3000 1358 eam
3032 1320 3155 1375 qua:
3195 1322 3292 1362 eos
3321 1315 3537 1376 manet,
3571 1329 3682 1367 non
3722 1316 3843 1385 qui

432 1402 715 1475 Spiritum
748 1402 1018 1454 sanctum
1052 1400 1231 1450 Deum
1261 1409 1389 1449 esse
1420 1391 1785 1464 proﬁtentur,
1819 1392 1920 1446 sed
1954 1392 2051 1462 qui
2086 1405 2218 1444 cum
2249 1390 2618 1444 contumeliis
2648 1390 2929 1447 afﬁciunt.

502 1489 694 1545 XVIII.
718 1488 883 1557 Cave,
909 1503 980 1541 ne
1009 1485 1186 1541 unius
1228 1482 1539 1554 imperium
1576 1480 1727 1536 male
1774 1479 1949 1546 colas,
1982 1480 2075 1534 di-
2106 1483 2119 1547 ]

2254 1479 2365 1534 IH'.
2406 1478 2553 1547 Μήτε
2580 1478 2679 1545 τήν
2733 1478 3028 1554 μοναρχίαν
3058 1484 3232 1541 κακῶς
3257 1485 3511 1557 τιμήσῃς,
3548 1494 3829 1562 συναιρῶν

433 1579 736 1634 vinitatem
781 1574 1130 1632 contrahens
1176 1577 1277 1628 aut
1324 1570 1785 1638 circumcidens;
1820 1585 1924 1625 nec
1971 1569 2045 1623 tri

2262 1566 2601 1642 περικόπτων
2648 1566 2875 1637 θεότητα
2905 1585 2916 1600 ·
2979 1570 3115 1640 μήτε
3158 1570 3247 1623 τὸν
3296 1578 3395 1639 τῆς
3441 1575 3686 1648 τριθεῖας
3720 1581 3845 1649 (89)

426 1668 595 1724 tbeize
627 1666 848 1722 crimen
880 1663 985 1719 tibi
1024 1663 1309 1735 pudorem
1349 1663 1598 1729 moveat,
1630 1658 1891 1731 quandiu
1923 1657 2037 1713 aliu

2233 1656 2437 1727 ,κλημα
2468 1655 2784 1731 αἰσχυνθῇς,
2810 1652 2914 1717 ἓως
2945 1655 3002 1709 ἂν
3035 1658 3121 1711 καὶ
3165 1656 3332 1720 ἄλλος
3534 1662 3850 1741 κινδυνεῦῃ

427 1772 662 1829 quoque
708 1755 912 1811 eadem
958 1752 1181 1807 ratione
1236 1750 1295 1806 in
1354 1749 1586 1805 ditheiaa
1643 1746 1898 1820 periculo
1945 1764 2043 1803 ver

2231 1747 2276 1815 ιν
2325 1742 2541 1800 διοεΐαν.
2591 1746 2657 1798 Ἥ
2703 1744 2804 1820 γὰρ
2854 1743 3161 1816 συνέλυσας,
3209 1749 3241 1815 ἢ
3282 1750 3689 1825 συνηπόρησας,
3750 1758 3848 1823 ἢὸ

423 1852 610 1902 satur.
633 1848 751 1899 Aut
780 1843 935 1898 enim
968 1857 1103 1896 cum
1133 1838 1233 1894 illo
1263 1839 1484 1894 crimen
1515 1838 1807 1907 objectum
1838 1835 2025 1891 dilues

2230 1838 2275 1888 ὲν
2327 1833 2620 1907 ἐναυάγησε
2678 1834 2812 1906 μετὰ
2865 1837 2971 1888 τῶν
3052 1833 3323 1909 λογισμῶν
3394 1839 3480 1892 καὶ
3558 1839 3847 1919 θεότητα’

420 1943 516 1992 aut
546 1950 681 1989 cum
726 1932 825 1987 illo
856 1931 1101 1987 barebis
1134 1946 1148 1984 :
1182 1934 1284 1983 aut
1327 1927 1424 1983 ille
1453 1926 1690 1998 quidem
1722 1924 1900 1980 simul
1930 1941 2037 1980 cun

2233 1924 2260 1975 .ὶ
2318 1920 2375 1977 δὲ
2422 1924 2709 1997 παρέμεινε
2756 1922 2964 1992 θεότης.
3021 1923 3116 1977 Καὶ
3173 1924 3214 1979 εἷ
3261 1926 3287 1979 ὁ
3329 1927 3489 2001 Λόγος
3520 1932 3850 2005 ἠσθένησε,

420 2023 746 2079 rationibus
795 2020 917 2075 suis
949 2018 1273 2073 divinitatis
1317 2015 1689 2087 naufragium
1739 2014 1927 2083 faciet,
1959 2013 2037 2069 tib

2228 2017 2418 2066 >εῖσσον
2468 2016 2660 2083 καμεῖν
2707 2013 2817 2083 (91)
2890 2012 2941 2066 ἐν
2990 2017 3105 2074 τοῖς
3172 2010 3449 2087 λογισμοῖς
3511 2021 3662 2088 μετᾶ
3730 2030 3845 2091 τῆς

420 2129 551 2168 vero
610 2109 923 2165 incolumis
970 2106 1242 2161 divinitas
1300 2103 1685 2174 permanebit.
1727 2107 1806 2156 Ac
1864 2103 1913 2156 si
1970 2119 2035 2157 ra

2224 2101 2399 2175 Ξηγίας
2447 2104 2545 2154 τοῦ
2595 2099 2923 2172 Ηνεύματος,
2974 2103 3007 2169 ἢ
3056 2103 3358 2176 προχείρως
3416 2101 3689 2175 ἀσεϐῆσαι
3725 2114 3841 2179 τήν

420 2202 500 2257 tio
530 2201 659 2272 ipsa
690 2196 1091 2253 imbecillitate
1130 2194 1428 2258 laborarit,
1460 2192 1647 2247 satius
1673 2196 1762 2246 est
1790 2191 1847 2244 in
1882 2192 2037 2246 ratio-

2223 2190 2448 2259 μστώνην
2504 2187 2789 2246 διώκοντα.
2841 2189 3069 2245 Διάπτυέ
3120 2212 3207 2263 μοι
3252 2192 3343 2253 τὰς
3372 2191 3667 2263 ἐνστάσεις,
3736 2204 3840 2253 καί

417 2290 593 2345 nibus
641 2287 926 2354 laborare,
957 2285 1100 2340 dum
1148 2280 1429 2354 Spiritum
1462 2282 1667 2336 ducem
1716 2296 2034 2352 sequamur

2219 2285 2259 2339 ις
2316 2279 2626 2346 ἀντιθέσεις,
2681 2279 2771 2332 καὶ
2828 2279 2925 2347 τήν
2985 2278 3102 2333 νέαν
3164 2283 3272 2352 (92)
3336 2277 3635 2350 εὐσέϐειαν,
3731 2290 3836 2342 καὶ

416 2395 593 2452 quam
627 2376 824 2449 impiis
846 2372 1223 2446 dogmatibus
1256 2370 1420 2426 facile
1449 2368 1741 2436 assentiri,
1770 2370 1907 2423 dum
1941 2369 2033 2425 Otii

2213 2368 2263 2436 ἦν
2301 2367 2629 2443 μικρολόγον
2659 2367 2846 2444 σοφὲαν
2873 2386 2885 2398 ·
2920 2368 3004 2422 καὶ
3036 2366 3252 2423 διάπτυε
3298 2369 3461 2425 πλέον
3508 2374 3542 2440 ἢ
3588 2375 3659 2427 τὰ
3708 2382 3830 2430 τῶν

412 2472 613 2524 nostro
638 2472 694 2522 et
719 2464 953 2521 desidiae
976 2462 1361 2519 consulimus.
1384 2459 1703 2515 Instantias
1732 2463 1790 2514 et
1821 2458 2022 2530 opposi

2212 2456 2439 2532 οαχνίων
2492 2458 2731 2528 νήματα,
2792 2455 2949 2528 μυίας
3020 2456 3111 2529 μὲν
3165 2462 3481 2533 κρατοῦντα,
3541 2464 3707 2539 σφηξὲ
3762 2464 3829 2521 δὲ

410 2558 621 2621 tiones,
647 2569 973 2625 novamque
995 2552 1291 2624 pietatem,
1313 2555 1369 2605 et
1388 2550 1655 2621 jejunam
1678 2564 1743 2603 ac
1767 2549 2027 2603 minutan

2214 2544 2495 2619 γιγνόμενα,
2528 2545 2679 2599 οῧπω
2710 2542 2857 2619 λέγω
2889 2542 3191 2614 δακτύλοις,
3225 2543 3347 2600 οὐδὲ
3378 2546 3536 2621 ἄλλῳ
3564 2572 3673 2604 τινι
3706 2559 3831 2608 τῶν

410 2645 760 2717 sapientiam
784 2647 1113 2705 contemne,
1136 2646 1193 2695 et
1223 2639 1460 2710 quidem
1485 2638 1693 2709 magis,
1718 2654 1895 2709 quam
1926 2654 2026 2692 ara

2203 2634 2472 2710 αρυτέρων
2532 2634 2816 2707 σωμάτων.
2876 2636 2968 2690 Ἔν
3025 2631 3240 2689 δίδασκε
3292 2631 3573 2712 φοϐεῖσθαι
3619 2641 3819 2715 μόνον,

410 2750 647 2789 nearum
681 2731 847 2796 telas,
881 2746 1007 2801 quis
1047 2744 1283 2783 muscas
1314 2727 1546 2798 quidem
1588 2726 1859 2794 retinent,
1894 2744 1928 2782 a
1956 2742 2022 2781 ve

2202 2724 2223 2802 ο
2266 2721 2412 2777 λύειν
2459 2725 2559 2792 τὴν
2617 2723 2794 2777 πίστιν
2853 2722 2903 2777 έν
2959 2728 3076 2784 τοῖς
3128 2724 3473 2800 σοφίσμασιν.
3526 2728 3604 2784 Οὐ
3640 2727 3819 2784 δεινὸν

409 2821 533 2893 spis
564 2828 758 2875 autem
790 2822 1272 2890 perrumpuntur,
1306 2830 1378 2870 ne
1410 2816 1600 2869 dicam
1633 2831 1665 2869 a
1696 2814 1919 2885 digitis,
1952 2831 2025 2870 au

2195 2815 2463 2882 muti-Pint
2491 2810 2660 2887 λόγῳ,
2690 2811 2751 2865 οὐ
2798 2812 2897 2887 γὰρ
2929 2813 3141 2866 πάντων
3174 2813 3201 2865 ὁ
3258 2812 3461 2886 λόγος’
3524 2812 3699 2871 δεινὸν
3751 2818 3812 2874 δὲ

410 2912 562 2968 409
594 2910 707 2966 alio
729 2909 1005 2981 quopiam
1028 2905 1275 2977 graviori
1299 2919 1558 2976 corpore.
1584 2908 1700 2959 Hoc
1729 2920 1912 2959 unum
1945 2920 2027 2959 no:

2197 2904 2508 2973 ημιωθῆναι
2567 2900 2813 2971 Θεότητα,
2869 2901 3079 2955 πάντων
3140 2902 3241 2975 γὰρ
3291 2903 3326 2970 ἡ
3392 2901 3576 2965 ἐλπίς.
3636 2911 3814 2962 Ταῦτα

407 3001 598 3058 timeri
629 3001 792 3068 doce,
824 2997 1103 3053 nimirum
1136 3010 1206 3050 ne
1238 2994 1297 3049 in
1339 2993 1563 3065 argutis
1593 2997 1651 3048 et
1680 2992 2024 3064 captionibu:

2193 2991 2258 3045 ιὶν
2315 2989 2404 3045 οὖν
2454 2992 2543 3044 καὶ
2589 2990 2723 3044 κατὰ
2780 2989 2993 3043 σεαυτὸν
3052 2989 3473 3066 φιλοσοφήσειν,
3540 2992 3644 3048 οἷδ’
3704 2996 3810 3065 ὅτι,

410 3090 578 3147 ﬁdem
638 3088 955 3145 solvamus.
1005 3086 1283 3142 Sermone
1340 3083 1559 3138 victum
1624 3097 1753 3137 esse
1810 3082 2027 3137 minime

2195 3079 2564 3156 τροθυμότερόν
2628 3099 2685 3133 τε
2751 3081 2862 3151 (93)
2934 3077 3021 3132 καὶ
3094 3077 3471 3155 τελεώτερον·
3556 3083 3812 3159 ὶγγυᾶταί

407 3197 579 3253 grave
609 3182 783 3250 atque
831 3175 1105 3232 acerbum
1136 3176 1245 3239 est,
1269 3188 1384 3228 non
1441 3171 1597 3227 enim
1646 3169 1911 3226 omnium
1962 3187 2023 3227 es

2193 3190 2261 3253 ιοι
2310 3171 2423 3239 (94)
2472 3168 2537 3222 τα
2584 3169 2649 3222 σά
2693 3166 2991 3243 τραύματα,
3043 3167 3226 3221 καὶτὸ
3249 3169 3341 3222 σὸν
3372 3175 3527 3242 σῶμα
3560 3172 3688 3247 ὑπὲρ
3718 3175 3810 3227 εὖ·

408 3252 600 3324 sermo
634 3284 647 3323 :
682 3270 742 3323 at
772 3283 904 3321 vero
935 3279 1108 3337 grave
1139 3266 1195 3318 et
1238 3261 1512 3317 acerbum
1562 3264 1652 3317 est
1704 3259 1939 3316 deitatis
1962 3261 2025 3331 ja

2193 3252 2374 3319 ἐϐείας
2404 3256 2708 3327 πεπονηκός
2733 3276 2745 3288 ·
2778 3257 2867 3311 καὶ
2912 3259 3076 3329 ἡμεῖς
3125 3253 3183 3311 δὲ
3230 3257 3810 3337 συμφιλοσοφήσομεν,

410 3360 638 3410 cturam
670 3354 896 3422 fecisse,
920 3351 1186 3407 omnium
1210 3349 1367 3417 enim
1395 3353 1484 3404 est
1512 3365 1663 3419 spes.
1691 3348 1905 3403 Verum
1935 3348 2020 3403 he

1071 3351 1186 3405 ium
1210 3349 1367 3417 enim
1395 3353 1484 3404 est
1512 3365 1663 3419 spes.
1691 3348 1905 3403 Verum
1935 3348 2057 3404 hac
2167 3345 2266 3416 δση
2300 3349 2413 3420 (95)
2444 3343 2688 3419 δύναμις.

410 3446 536 3517 ipse
567 3460 671 3517 per
698 3448 773 3511 te,
806 3446 897 3498 sat
927 3441 1067 3507 scio,
1104 3438 1429 3511 promptius
1458 3443 1515 3494 et
1544 3438 1855 3511 perfectius
1884 3439 2422 3512 philosophaberis;
2456 3440 2514 3496 id
2546 3437 2689 3494 mihi
2718 3436 2958 3493 vulnera
2993 3441 3096 3494 tua
3138 3439 3451 3510 spondent,
3481 3456 3810 3514 corpusque

411 3533 594 3601 istud,
626 3532 781 3604 quod
813 3546 915 3602 pro
946 3528 1160 3601 pietate
1208 3526 1528 3599 permultos
1574 3526 1801 3583 labores
1849 3529 2190 3597 exantlavit;
2225 3545 2448 3600 nosque
2477 3530 2653 3585 etiam
2685 3544 2803 3583 una
2830 3532 3021 3583 tecum
3052 3543 3157 3599 pro
3186 3528 3346 3585 virili
3378 3534 3582 3587 nostra
3626 3532 3809 3604 philo-

406 3622 811 3695 sopbabimur.

479 3710 619 3767 XIX.
651 3712 723 3765 At
751 3712 838 3777 tu,
861 3722 995 3763 cum
1026 3704 1318 3777 egregiam
1344 3704 1867 3777 peregrinationem
1901 3707 2055 3763 obie-

2236 3710 2332 3761 IO‘.
2368 3705 2443 3759 Σὺ
2484 3703 2542 3759 δὲ
2590 3704 2712 3760 ὅταν
2761 3706 2873 3777 (96)
2918 3701 3235 3777 έκδημήσῃς
3282 3706 3383 3774 τὴν
3432 3706 3608 3776 καλήν
3656 3706 3811 3778 ἐκδη-

408 3802 510 3870 ris,
535 3798 860 3864 Trinitatis,
884 3797 939 3852 in
972 3793 1367 3851 tabernaculis
1410 3794 1748 3864 habitantis,
1772 3796 1820 3850 si
1852 3801 2025 3851 tamen

2193 3795 2310 3864 ιίαν,
2348 3793 2593 3867 μέμνησό
2630 3815 2720 3867 μοι
2746 3800 2846 3861 τῆς
2874 3790 3103 3866 Τριάδος
3152 3792 3203 3847 ὲν
3245 3802 3477 3865 σκηναῖς
3530 3800 3810 3851 κατοικού-

409 3892 559 3947 Deus
589 3888 828 3946 omnino
859 3886 919 3941 in
970 3883 1321 3941 manut‘actis
1361 3883 1606 3953 habitat,
1640 3899 1865 3940 memor
1905 3890 2026 3941 esto

2193 3905 2261 3954 ης
2295 3886 2430 3954 (97),
2464 3881 2611 3958 εἰπερ
2646 3881 2792 3943 ὅλως
2825 3882 2877 3935 έν
2905 3885 3322 3957 χειροποιήτοις
3347 3885 3489 3939 οἰκεῖ
3518 3889 3631 3957 (98)
3658 3889 3810 3955 Θεὸς,

406 3980 734 4050 messisque
757 3977 931 4045 hujus
956 3973 1193 4047 exiguae,
1220 3990 1329 4028 non
1354 3988 1422 4028 ex
1445 3972 1637 4044 parvis
1661 3973 1898 4045 quidem
1929 3974 2020 4047 pic

2194 3974 2249 4027 αὶ
2304 3978 2401 4027 τοῦ
2464 3976 2657 4047 μικροῦ
2702 3971 2895 4026 τούτου
2938 3970 3147 4046 θέρους,
3205 3972 3304 4027 οὐκ
3344 3974 3403 4027 ἐκ
3464 3980 3673 4050 μικρῶν
3716 3977 3810 4047 μὲν

404 4070 542 4125 tatis
587 4067 935 4131 seminibus,
968 4080 1154 4135 parva:
1202 4066 1397 4116 tamen
1429 4062 1621 4117 adhuc
1671 4068 1727 4118 et
1773 4062 1961 4130 exilis,
1995 4081 2021 4120 ο

2193 4067 2261 4116 ὧν
2321 4068 2421 4131 τῆς
2473 4055 2741 4122 εὐσεϐείας
2792 4063 3133 4137 σπερμάτων,
3192 4058 3341 4130 πλὴν
3385 4062 3462 4116 έτι
3527 4069 3725 4136 μικροῦ
3756 4086 3810 4119 τε

407 4175 533 4229 quae
585 4154 866 4227 paulatim
908 4151 1234 4223 colligatur.
1268 4151 1419 4205 Facti
1453 4150 1607 4206 enim
1641 4168 1849 4208 sumus
1896 4152 2019 4208 sicu

2197 4151 2247 4205 αἱ
2277 4154 2563 4226 πενιχροῦ,
2593 4149 2681 4203 καὶ
2730 4150 2845 4203 κατ’
2896 4147 3083 4224 ὀλίγον
3133 4152 3527 4224 συναγομένου.
3585 4153 3814 4227 Ἐγενή-

405 4248 505 4317 qui
535 4244 813 4317 stipulam
853 4242 913 4297 in
948 4256 1137 4297 messe
1168 4238 1467 4312 colligunt,
1504 4244 1568 4295 ut
1597 4256 1731 4295 cum
1760 4241 2022 4314 Propheta

2197 4261 2327 4313 ημεν
2388 4242 2501 4314 (99)
2549 4240 2651 4314 γὰρ
2706 4238 2779 4299 ὡς
2836 4239 3155 4313 συνάγοντες
3202 4236 3461 4313 καλάμην
3508 4239 3561 4295 έν
3590 4242 3814 4315 ἀμήτῳ,

403 4339 729 4407 opportune
766 4332 993 4403 loquar,
1026 4334 1084 4385 et
1120 4328 1443 4384 racemulos
1474 4328 1532 4382 in
1563 4329 1879 4401 vindemia,
1913 4348 2020 4389 cun

2201 4330 2209 4384 ἱ
2239 4327 2321 4384 δεῖ
2347 4330 2409 4383 τὸ
2438 4332 2539 4383 τοῦ
2571 4330 2861 4406 Προφήτου
2892 4327 3059 4383 εἰπεῖν
3107 4326 3158 4383 έν
3190 4329 3390 4404 καιρῷ,
3420 4330 3510 4384 καὶ
3569 4331 3645 4393 ὡς
3703 4331 3818 4385 ἑπι-

474 4440 588 4564 (89
618 4439 712 4493 Ἀν
760 4435 1013 4525 γνησίως.
1057 4434 1153 4490 Sic
1202 4432 1462 4506 plerique
1515 4434 1682 4491 codd.
1732 4436 1793 4490 In
1851 4438 2047 4509 editis,

474 4529 536 4564 sn
584 4527 703 4564 ose.
736 4508 1023 4564 ἀγνησιως.

953 4454 1013 4496 ›ς.
1057 4434 1153 4490 Sic
1202 4432 1462 4506 plerique
1515 4434 1682 4491 codd.
1732 4436 1793 4490 In
1851 4438 2047 4509 editis,
2160 4437 2323 4502 edit.,
2354 4432 2570 4506 κάμεῖν.

953 4526 1023 4564 ος.
2233 4508 2344 4564 (92)
2377 4486 2480 4562 Καὶ
2509 4506 2570 4564 τῆ

404 4486 1023 4586 ιηὲιιόοξινάἧριτὶρίιυὲ-
1180 4486 1231 4586 ,τ
1272 4486 1456 4586 κζ’
1521 4486 1682 4586 ’ῘΪ
1733 4486 1793 4490 ’”

2197 4486 2788 4586 τῆνῃνέαν.
2836 4505 2927 4562 Sic
2972 4510 3093 4563 tres
3141 4506 3341 4581 11833.,
3374 4507 3470 4564 Or.
3533 4510 3586 4581 1,
3647 4509 3812 4568 Pass.

473 4583 585 4655 (88)
616 4575 696 4655 Οὐ
723 4575 823 4655 γιῖρ
855 4578 1109 4655 ἀνᾴγκην,
1140 4580 1253 4655 etc._
1272 4575 1478 4630 Billius
1504 4591 1517 4630 :
1542 4598 1569 4627 «
1601 4576 1716 4632 Nec
1744 4578 1900 4633 enim
1934 4579 2050 4635 Deo

1083 4600 1109 4645 ν,
1140 4575 1478 4655 θιοεΒὶΙΙὶιιε
1504 4591 1517 4630 :
1542 4598 1569 4627 «
1601 4576 1716 4632 Nec
1744 4578 1900 4633 enim
1934 4579 2050 4635 Deo
2159 4575 2335 4655 Deest
2355 4577 2443 4631 καί
2473 4578 2534 4633 in
2559 4578 2700 4655 edit.

400 4647 488 4729 vel
519 4647 1102 4729 prodguc'erevelnonh
1114 4647 1707 4729 producere-necesse
1718 4656 1835 4729 'est,
1852 4656 2052 4723 utpote
2159 4723 2179 4729 _
2230 4652 2343 4729 (93)
2374 4647 2787 4729 Προθυμότερόν
2816 4668 2895 4705 τε.
2919 4650 3014 4707 Sic
3044 4653 3166 4708 tres
3193 4650 3397 4723 Regg.,
3427 4650 3525 4707 0r.
3557 4652 3611 4721 1,
3643 4652 3813 4711 Pass.

403 4726 459 4779 in
494 4718 769 4780 omnibus
798 4724 980 4796 diviti.
1008 4745 1036 4772 ››
1069 4718 1163 4775 Sic
1193 4719 1367 4775 etiam
1398 4718 1651 4796 Nicetes.
1685 4720 1900 4796 Verum
1919 4718 2020 4778 ἠοι

1296 4735 1367 4773 im
1398 4718 1651 4796 Nicetes.
1685 4718 2049 4796 VergumA-non
2159 4718 2805 4796 Ῑῐιῖιιάζηπροθομότερόν
2838 4740 2913 4796 τι.

402 4796 675 4871 videntur
693 4794 952 4871 Gregorii
985 4797 1239 4871 mentem
1269 4790 1543 4871 assecuti.
1566 4790 1695 4847 Haec
1715 4794 1872 4848 enim
1894 4794 2019 4849 dict

2370 4790 2659 4871 Ξξγγυᾶταί
2693 4790 2809 4871 μοιζ
2844 4794 2910 4871 In
2932 4793 3308 4865 quibusdam,
3334 4791 3500 4868 ἐγγυᾷ
3524 4791 3585 4848 τέ
3620 4815 3737 4867 μοι.

402 4875 541 4923 sunt
561 4870 630 4923 de
650 4863 901 4939 Spiritus
924 4864 1109 4939 sancti
1141 4863 1533 4939 processione,
1558 4880 1683 4939 quae
1707 4869 1847 4939 tunc
1868 4883 1900 4939 _a
1925 4867 2052 4938 plu-
2228 4863 2337 4936 (95)
2370 4863 2533 4939 "om
2565 4863 2748 4939 Pass},
2781 4863 2855 4925 ὡς
2886 4865 2941 4933 ἠ.

403 4940 565 4995 ribus
583 4912 1478 5016 imp‘ugnabatur.U.nrdenGregori
1490 4912 1684 4990 uysjait“:
1696 4912 1728 4984 «ξ
1739 4912 1858 4991 N21

2371 4912 2748 5016 εἷ’ἔξίέἕᾶᾀζ
2785 4912 3282 5016 etc.TMaximum
3340 4935 3435 5016 hic
3491 4936 3812 5016 compellat

400 5005 831 5082 processione'm
858 5028 870 5066 :
900 5026 1003 5082 nec
1034 5006 1185 5082 enim
1219 5005 1334 5082 Deo
1367 5021 1601 5061 necesse
1630 5011 1738 5076 est,
1760 5024 1900 5082 non
1921 5026 2048 5080 pro-
2156 5005 2498 5082 Gregorius,
2517 5013 2855 5082 atquecum
2889 5013 3174 5079 rogat,ut,
3199 5023 3334 5063 cum
3367 5005 3807 5075 Alexandriam,

400 5077 631 5154 ducere,
656 5089 756 5138 aut
781 5081 959 5137 simili
997 5077 1583 5154 modo_producere,__»_
1603 5079 1770 5149 quasi
1804 5077 2044 5137 unicum
2155 5077 2537 5154 confessionis
2568 5077 2750 5154 gloria
2772 5077 3121 5154 decoratus,
3156 5094 3424 5154 reversus
3453 5080 3650 5146 fuerit,
3683 5081 3808 5137 illic

396 5155 454 5209 in
490 5149 791 5211 Deo'esset
832 5149 1188 5225 producendi
1219 5164 1426 5219 genus,
1459 5149 1682 5205 scilicet
1730 5167 1833 5221 per
1876 5168 2042 5222 gene-
2152 5152 2263 5225 sibi
2298 5167 2522 5225 suoque
2554 5149 2711 5222 gregi
2761 5152 2949 5206 faveat
2977 5152 3131 5222 apud
3159 5150 3633 5225 {Alexandrinum
3655 5155 3807 5207 anti-

398 5228 704 5295 rationem,
740 5222 915 5282 ita'ut
943 5224 1197 5295 Spiritus
1234 5225 1502 5295 sanctus,
1534 5236 1768 5295 cumex
1798 5227 1912 5277 Deo
1944 5226 2039 5290 sit,
2155 5224 2375 5295 stitem,
2407 5222 2578 5292 cujus
2620 5238 2834 5295 magna
2880 5231 3006 5278 erat
3052 5224 3111 5278 in
3156 5223 3810 5293 Constantinopolitana

394 5300 629 5355 deberet
671 5291 906 5372 quoque
957 5291 1570 5372 essegenitususicut
1618 5291 1832 5363 Filius;
1883 5298 2039 5368 quod
2154 5294 2410 5372 Ecclesia
2439 5291 2774 5372 auctoritas.
2811 5296 2917 5350 Sed
2948 5312 3057 5351 sua
3100 5294 3441 5367 Gregorium
3474 5291 3613 5368 spes
3645 5296 3806 5352 fefel-

396 5371 630 5441 quidem
663 5364 752 5426 e'st
776 5364 985 5441 contra
1012 5364 1541 5441 Deitatis‘divitjas.
1569 5432 1622 5441 __
1746 5435 1760 5441 _
1854 5436 1863 5441 _
1898 5364 1919 5368 ”
2150 5366 2335 5441 ιίιμιῐ
2363 5382 2499 5441 mox
2525 5364 2873 5423 videbimus.

466 5444 577 5516 (89)
608 5439 1089 5516 Tptﬂe'ia;._I’_ass.,
1119 5430 1530 5516 1‘pioi80c.fl‘izec
1569 5432 2037 5516 Macedoniorum

2363 5438 2445 5491 Ἐν
2482 5442 2701 5516 σκηναῖς
2731 5436 3108 5516 κατοικούσης.
3142 5437 3247 5492 Hic
3281 5435 3617 5509 signiﬁcare
3647 5438 3806 5494 vides

396 5505 705 5582 cavillatio,
735 5514 833 5585 qui
869 5505 1085 5566 Filium'
1113 5505 1348 5580 quidem
1383 5505 1563 5559 Deum
1601 5506 1888 5577 dicebant,
1924 5528 2039 5567 non
2154 5505 2246 5565 tur
2275 5505 2605 5582 Gregorius,
2655 5513 2940 5568 Ecclesiae
2988 5505 3178 5566 adhuc
3209 5505 3365 5567 esse_
3392 5511 3449 5564 in
3500 5510 3803 5566 haeretico-

394 5599 528 5638 vero
559 5585 842 5655 Spiritum
874 5586 1170 5655 sanctum.
1250 5644 1262 5655 _
1374 5641 1391 5655 κ
2150 5587 2618 5655 τυωίριημθεῐιιιο.

488 5655 582 5722 eo)
604 5641 711 5706 ῑιαὶ
742 5651 931 5711 ἀλλος.
965 5652 1060 5707 Or.
1096 5652 1145 5717 ι,
1178 5641 1476 5722 καὶ-ἄλλῳ.
1556 5713 1565 5722 ,
1785 5719 1831 5722 η
1879 5720 1890 5722 4

1425 5666 1476 5714 ρ.
1556 5713 1565 5722 _
1785 5719 1831 5722 η
1879 5720 1890 5722 ᾼ
2219 5641 2332 5722 (98)
2363 5652 2531 5707 Οἰκεῖ.
2569 5658 2748 5721 Pass.,
2781 5656 3042 5710 κατοικεῖ.

488 5655 582 5722 90)
612 5655 711 5706 Καὶ
742 5655 931 5711 ἄλλος.
965 5655 1060 5707 0r.
1096 5655 1145 5717 1,
1178 5655 1266 5699 καί
1298 5655 1476 5714 αΛΛῳ.

465 5655 576 5797 (91)
607 5724 835 5796 Καμεῖν.
868 5722 1040 5779 Coisl.
1089 5722 1143 5788 1,
1181 5721 1238 5774 et
1270 5715 1455 5782 Pass.,
1503 5713 1748 5787 κάμνειν.
1782 5719 1929 5777 Male
1978 5723 2037 5780 in

2240 5655 2309 5707 98
2363 5655 2531 5707 Οἰκεῖ.
2569 5658 2723 5709 Pass.
2781 5656 3043 5710 κατοικεῖ.

1687 5738 1748 5774 ιν.
1782 5719 1929 5777 Male
1978 5723 2037 5780 in
2219 5655 2332 5798 (99)
2365 5696 2749 5801 Ἐγενήθημενῖ
2784 5727 2968 5796 Pass.,
3000 5722 3304 5802 ἐγενόμεθα.

4064 4750 4065 4811 l

4063 5160 4066 5217 l
