4094 6212
407 351 557 411 1227
1646 345 1710 405 S.
1759 344 2039 407 GREGOI

2174 346 2277 405 ΤΗ
2289 340 2575 406 EOLOGI
3657 347 3825 409 1228

477 485 581 544 ΙΙΙ.
629 480 1171 560 Constantinopoli
1227 478 1681 560 dictamihanc
1738 477 2092 560 orationem
2150 478 2322 538 circa
2381 477 2658 538 medium
2716 494 2951 538 annum
3000 476 3121 540 380
3165 478 3511 559 conjiciunt
3559 480 3821 542 eruditi.

398 565 589 626 Mirus
646 564 709 623 in
767 581 841 623 ea
897 562 1106 623 statim
1166 559 1245 620 ab
1303 559 1562 620 exordio
1618 578 1682 619 se
1739 559 1950 639 prodit
2010 560 2273 636 pastoris
2330 577 2479 637 erga
2538 565 2694 619 411
2778 577 2925 620 oves
2984 577 3187 620 amor.
3279 584 3309 616 «
3365 560 3823 622 Desiderabam

396 664 531 718 vos,
592 643 798 721 inquit
855 643 939 721 (η.
1003 644 1096 721 1),
1158 641 1288 712 ﬁlii,
1353 648 1415 701 et
1471 639 1609 719 pari
1666 659 1703 699 a
1759 639 1936 700 vobis
1992 640 2301 721 desiderio
2361 640 2833 721 expetebar.....
2892 640 3171 721 Quorum
3231 640 3396 701 enim
3455 644 3823 705 communis

401 731 493 786 est
548 720 842 803 spiritus,
926 720 1149 783 horum
1211 740 1461 800 quoque
1518 721 1868 803 communis
1925 726 2018 779 est
2058 720 2433 803 _a_tl‘ectus....
2498 720 2919 803 Quamobrem
2977 739 3014 782 a
3071 720 3248 782 vobis
3298 721 3537 803 diutius
3595 722 3826 785 abesse

400 799 659 865 minime
715 803 1003 865 sustinui.
1059 827 1088 858 »
1170 806 1291 862 Nec
1350 799 1498 861 vero
1555 800 1689 861 sola
1747 806 1981 860 mutuae
2038 799 2388 861 dilectionis
2442 800 2604 861 ratio
2661 801 3030 879 Gregorium
3086 803 3165 863 ad
3223 801 3487 863 celerem
3539 804 3822 864 reditum

400 885 675 966 impulit.
733 885 1051 946 Metuebat
1085 884 1298 966 etiam
1357 881 1565 943 adhuc
1624 881 1712 956 (η.
1766 880 1825 960 3)
1895 880 2291 966 pro_dilecto
2350 899 2561 966 grege,
2621 887 2683 966 et
2742 904 2773 966 ε(
2823 882 3119 966 luporum
3170 907 3200 939 »
3261 883 3693 966 voracitatem,
3757 891 3828 947 et

407 991 438 1023 «
492 960 812 1027 latronum
873 987 902 1019 »
982 964 1259 1036 insidias,
1336 970 1396 1023 et
1478 985 1509 1017 ι‹
1564 980 1790 1023 canum
1850 982 1878 1019 »
1958 960 2220 1043 rabiem,
2281 962 2389 1041 qui
2438 962 2596 1039 jam,
2654 962 2830 1022 irrito
2887 960 3034 1023 licet
3086 962 3346 1043 impetu,
3404 964 3471 1024 in
3524 971 3828 1043 pastores

397 1047 779 1127 irruperant,
828 1050 1017 1123 atque
1076 1044 1568 1127 ovesdiripere,
1622 1049 1897 1103 mactare
1952 1048 2063 1103 aut
2107 1042 2465 1127 dispergere
2515 1046 2929 1103 tentaverant.
2960 1042 3335 1127 _Tum_tide_i
3380 1063 3452 1105 ac
3505 1045 3822 1127 doctrinae

401 1123 707 1189 rationem
757 1147 792 1188 a
850 1145 1038 1205 grege
1094 1124 1286 1203 exigit
1334 1126 1418 1204 (n.
1472 1124 1579 1202 5‘);
1640 1141 1842 1204 neque
1902 1146 1931 1205 (ξ
1964 1127 2253 1205 mutuum
2288 1149 2316 1179 »
2366 1123 2677 1185 duntaxat
2722 1123 3027 1203 exposcit,
3077 1124 3186 1185 sed
3232 1125 3422 1187 etiam
3459 1148 3490 1181 α
3520 1126 3749 1200 fenus;
3785 1149 3817 1185 υ

398 1227 512 1269 nec
593 1234 622 1264 ‹‹
682 1202 991 1269 talentum
1048 1230 1078 1261 »
1158 1202 1385 1277 solum,
1446 1204 1552 1263 sed
1614 1209 1677 1263 et
1741 1202 1786 1259 ἶ(
1842 1202 2065 1263 talenti
2120 1208 2430 1283 qumstum
2475 1221 2489 1276 ;
2541 1227 2571 1260 »
2652 1222 2732 1265 ne
2786 1202 2948 1264 forte
3003 1205 3166 1282 quis,
3224 1205 3461 1267 talento
3518 1208 3582 1266 in
3636 1213 3823 1268 terra

396 1289 643 1350 defosso
702 1294 763 1349 et
817 1288 1153 1357 occultato,
1216 1285 1612 1357 creditorem,
1677 1308 1706 1340 «
1753 1290 1821 1345 ut
1878 1284 2107 1345 durum
2165 1290 2227 1344 et
2282 1302 2599 1363 asperum,
2646 1308 2676 1341 ››
2739 1284 2897 1346 falso
2955 1286 3339 1347 criminetur.
3401 1287 3559 1347 Hinc
3616 1287 3815 1348 ﬁdem

393 1370 525 1430 sine
580 1370 874 1448 operibus
932 1372 1244 1427 mortuam
1303 1384 1436 1448 esse
1492 1364 1787 1448 ostendit,
1841 1370 1903 1424 et
1958 1365 2051 1448 ab
2093 1364 2486 1448 auditoribus
2540 1364 2842 1448 postulat,
2876 1384 3026 1425 num
3075 1366 3302 1448 sedulo
3347 1366 3539 1448 bonis
3606 1369 3823 1447 operi-

389 1450 508 1509 bus
564 1444 919 1509 studuerint
969 1471 984 1524 ;
1038 1452 1265 1528 _atque
1311 1446 1618 1528 dilucide
1692 1445 2088 1528 pertractatis
2148 1444 2339 1528 variis
2375 1446 2533 1528 vitae
2579 1445 2959 1528 Christiana;
3018 1445 3281 1528 ofﬁciis,
3342 1447 3475 1526 ipse
3551 1444 3815 1528 quoque

389 1531 697 1591 rationem
756 1527 962 1588 reddit
1020 1526 1095 1586 de
1152 1526 1466 1599 omnibus,
1528 1544 1667 1602 quae
1727 1525 1951 1585 absens
2007 1543 2218 1606 secum
2279 1526 2763 1605 philosophatus
2821 1532 2937 1587 est.
3000 1526 3179 1597 Quod
3247 1532 3316 1588 ut
3388 1525 3815 1606 assequatur,

390 1610 671 1689 amplum
732 1615 793 1668 et
854 1606 1257 1689 magnificum
1316 1607 1446 1689 veri
1504 1605 1868 1689 philosophi
1924 1605 2247 1689 exemplar
2305 1624 2379 1689 eo
2435 1606 2579 1689 loci_
2612 1607 2692 1689 ob
2749 1608 2968 1689 oculos
3024 1608 3225 1689 ponit,
3278 1614 3341 1668 et
3392 1605 3614 1669 eadem
3667 1629 3819 1689 quae

390 1686 871 1770 Chrysostomus
926 1687 1333 1770 postmodum
1388 1687 1467 1770 in_
1510 1687 1817 1759 oratione,
1885 1710 1916 1742 «
1963 1688 2161 1747 Nemo
2214 1687 2464 1748 laeditur
2521 1686 2640 1748 nisi
2692 1706 2730 1747 a
2785 1706 2851 1749 se
2906 1688 3042 1767 ipso
3076 1687 3180 1768 (9),
3228 1711 3259 1743 »
3314 1690 3624 1762 tractavit,
3676 1686 3821 1770 ipse

389 1768 597 1834 verbis
652 1776 714 1831 et
769 1768 1073 1848 exemplis
1129 1768 1376 1846 egregie
1434 1768 1845 1829 demonstrat.

466 1885 541 1957 (9)
571 1884 892 1956 Chrysost.,
925 1886 967 1937 t.
1004 1882 1100 1951 IlI,
1134 1898 1191 1953 p.
1225 1882 1355 1938 444.

773 2096 1237 2192 ORATIO
1298 2096 1665 2189 XXVI“.

395 2264 453 2319 In
512 2274 964 2333 sezpsnm,__cum
1019 2273 1147 2312 rure
1203 2256 1473 2333 redz'z'sset,
1528 2264 1647 2333 post
1704 2272 1773 2311 ea
1831 2270 1956 2328 quae
2011 2272 2045 2309 a

780 2329 1020 2385 Maximo
1044 2336 1373 2400 perpetrata
1403 2331 1647 2399 fuerant.

462 2459 505 2514 Ι.
538 2456 949 2513 Desiderabam
978 2470 1100 2523 vos,
1136 2452 1263 2523 ﬁlii,
1291 2456 1348 2509 et
1378 2452 1502 2523 puri
1536 2470 1569 2507 a
1608 2451 1771 2507 vobis
1814 2450 2043 2506 deside-

395 2547 483 2604 rio
515 2545 843 2617 expetebar.
894 2543 1244 2598 Persuasum
1304 2541 1461 2596 enim
1523 2542 1578 2595 id
1642 2540 1828 2595 habeo
1860 2558 1871 2606 ;
1900 2556 1965 2593 ac
1996 2539 2045 2594 si

396 2639 467 2693 ad
500 2653 627 2691 eam
655 2651 775 2690 rem
802 2632 1233 2705 jusjurandum
1258 2630 1746 2701 interponendum
1772 2630 2043 2698 est,Juro,

394 2728 617 2797 fratres,
647 2740 746 2795 per
793 2730 1026 2777 vestram
1057 2718 1476 2791 gloriationem,
1544 2735 1713 2789 quam
1758 2718 1927 2773 habeo
1987 2719 2047 2772 in

400 2814 609 2868 Christo
638 2814 764 2868 Jesu
790 2811 1022 2866 Domino
1051 2818 1232 2865 nostra
1256 2813 1317 2863 63.
1337 2813 1497 2863 Hanc
1526 2806 1681 2863 enim
1707 2806 2044 2878 jusjurandi

399 2898 650 2959 formam
683 2900 828 2956 mihi
861 2899 1123 2955 condidit
1152 2897 1407 2971 Spiritus
1437 2901 1698 2966 sanctus,
1733 2898 1903 2966 cujus
1937 2914 2049 2951 nu-

401 2992 559 3047 mine
590 2994 765 3061 atque
796 2989 997 3044 afﬂatu
1029 2988 1098 3042 ad
1130 3003 1232 3042 vos
1260 2987 1636 3053 venimus,ut
1666 2986 1911 3041 Domino
1946 3003 2047 3057 po-

401 3081 609 3154 pulum
640 3078 919 3135 eximium
952 3082 1007 3133 et
1037 3076 1391 3149 peculiarem
1424 3092 1828 3146 comparemus
1874 3076 1936 3129 6‘.
1970 3077 2048 3129 Ac

402 3171 539 3228 ﬁdei
569 3167 1059 3240 magnitudinem,
1093 3165 1806 3238 qumso,perspicite.Nam
1844 3169 1899 3220 et
1921 3165 2046 3219 ani-

403 3260 485 3314 mi
516 3257 631 3314 mei
662 3258 936 3314 affectum
965 3257 1129 3312 vobis
1162 3272 1508 3327 persuasum
1540 3254 1739 3321 reddo,
1773 3257 1830 3308 et
1861 3254 1930 3308 de
1960 3270 2047 3309 ve—

400 3353 521 3404 stro
548 3363 685 3419 erga
713 3363 806 3401 me
858 3346 1054 3401 animo
1106 3345 1335 3400 afﬁrmo
1386 3350 1442 3400 ct
1486 3360 1771 3399 assevcro.
1825 3343 1938 3397 Nec
1986 3343 2045 3397 id

400 3453 541 3494 sane
571 3434 789 3490 mirum
816 3432 1000 3488 videri
1030 3433 1489 3498 debet.Quorum
1519 3432 1675 3487 enim
1709 3431 2043 3487 communis

396 3531 486 3583 est
506 3524 782 3597 Spiritus,
830 3522 1040 3577 horum
1074 3522 1318 3577 affectus
1365 3537 1595 3593 quoque
1656 3520 2035 3577 communis:

399 3615 615 3688 quibus
645 3617 840 3669 autem
870 3611 1025 3667 idem
1057 3610 1297 3666 aﬂ‘ectus
1319 3610 1590 3677 est,idem
1623 3609 1799 3665 etiam
1832 3611 1903 3665 ad
1925 3626 2040 3666 cre-

399 3705 654 3761 dendum
683 3718 846 3773 asque
878 3700 1150 3773 propensi
1182 3704 1340 3756 sunt.
1376 3700 1520 3754 Nam
1556 3700 1711 3770 quod
1758 3699 1816 3753 in
1850 3699 2040 3771 seipse

398 3794 613 3866 aliquis
645 3793 885 3847 minime
926 3791 1128 3856 sensit,
1162 3790 1211 3845 is
1243 3805 1348 3844 nec
1378 3788 1542 3844 alteri
1600 3789 1655 3843 id
1690 3789 1760 3843 de
1792 3805 1853 3843 se
1884 3790 2043 3843 afﬁr-

398 3884 581 3940 manti
613 3897 875 3954 unquam
906 3879 1217 3936 crediderit
1244 3897 1255 3934 :
1283 3869 1383 3950 qui
1406 3881 1599 3933 autem
1624 3877 1706 3933 ita
1729 3876 2041 3949 aliquando

397 3991 460 4030 se
490 3973 762 4029 ati'ectum
794 3968 1053 4035 sensit,is
1086 3969 1345 4039 profecto
1376 3967 1447 4022 ad
1479 3966 1922 4023 assentiendum
1956 3967 2039 4022 fa-

396 4062 654 4118 ciliorem
686 4076 746 4116 se
778 4058 1077 4131 praebebit,
1107 4061 1306 4128 utpote
1355 4055 1667 4112 invisibilis
1717 4055 2040 4113 atfectionis

396 4148 707 4207 invisibilis
736 4148 926 4213 testis,
961 4146 1275 4217 formasque
1315 4144 1513 4200 alienae
1570 4144 1870 4216 proprium
1901 4162 2038 4216 spe-

397 4238 618 4295 culum.
653 4238 1041 4304 Quamobrem
1075 4252 1108 4288 a
1137 4234 1299 4289 vobis
1339 4235 1493 4289 472
1550 4234 1775 4289 diutius
1834 4234 2037 4290 abesse

395 4327 640 4384 minime
669 4326 1292 4396 sustinui,quanquam
1318 4322 1536 4394 alioqui
1566 4340 1658 4379 res
1680 4323 1855 4379 hasce
1887 4340 2036 4396 aegre

395 4433 461 4473 ac
492 4415 734 4472 molesto
765 4414 961 4470 animo
998 4414 1184 4468 ferens
1213 4429 1234 4474 ;
1267 4429 1381 4468 non
1412 4410 1603 4467 solum
1653 4428 1801 4483 quas
1832 4412 2033 4469 civita-

392 4510 479 4561 tes
509 4506 703 4560 ferunt
731 4502 1094 4575 (popularem
1144 4501 1365 4557 scilicet
1421 4499 1880 4571 multitudinem,
1946 4506 2034 4556 tu-

393 4593 638 4663 multus,
672 4594 883 4663 torum,
927 4590 1281 4663 spectacula,
1328 4588 1690 4656 saturitates,
1724 4593 2033 4645 contume-

461 4693 505 4735 ⁵³
534 4692 557 4749 I
587 4692 714 4748 Cor.
746 4708 840 4760 xv,
870 4691 958 4745 31.
1061 4691 1105 4730 δι
1140 4690 1285 4746 Deut
1312 4706 1414 4759 vu,
1443 4690 1497 4744 6.

463 4808 542 4879 (a)
571 4806 728 4861 Alias
755 4806 845 4873 28,
897 4821 1024 4879 quis
1064 4808 1260 4860 autem
1289 4806 1389 4879 267
1414 4808 1559 4871 erat,
1620 4820 1776 4859 nunc
1833 4804 1925 4858 32.
1972 4834 2042 4844 αη-

399 4877 609 4936 Habita
641 4879 792 4932 circa
821 4877 1081 4931 medium
1115 4893 1336 4931 annum
1366 4878 1488 4931 380.

462 4952 571 5021 (10)
602 4947 696 5021 Εἰς
728 4946 930 5002 ἔαυτόν.
964 4949 1081 5021 «‘In
1115 4949 1444 5020 seipsum.»
1474 4947 1708 5003 Addunt
1739 4945 2030 5021 nonnulli,

387 5016 476 5078 καῖ
501 5016 591 5076 τον
623 5018 777 5091 λαὸν,
809 5020 896 5076 καὶ
928 5016 1053 5080 τοὺς
1089 5016 1372 5092 ποιμένας,
1439 5040 1459 5069 εί
1520 5026 1576 5075 et
1636 5018 1915 5091 populum
1977 5023 2035 5073 et

390 5101 674 5171 pastores
713 5115 731 5141 ι’

605 5161 1230 5241 ἘπαινλήκρνταηΡΙιιτϐδ
1263 5162 1491 5217 codices
1522 5162 1758 5231 habent,
1792 5157 2032 5213 ἐπιστάν-

386 5234 475 5294 ταί
507 5234 669 5294 NOnn
683 5236 802 5302 ulli,
838 5234 1076 5294 ἐπιστάς.

462 5314 575 5382 (12)
606 5309 686 5376 Νὴ
743 5308 841 5374 τὴν
900 5305 1183 5378 ὑμετέραν,
1215 5328 1241 5353 ‹‹
1267 5309 1375 5382 Der
1404 5308 1721 5382 vestran_i_.»_
1749 5302 1841 5357 Sic
1890 5301 2031 5356 Vul-

388 5376 524 5453 gata
556 5376 666 5436 'sic
716 5397 861 5453 pene
917 5376 1128 5453 omnes
1189 5376 1435 5453 codices,
1480 5376 1567 5453 _sic
1626 5377 2034 5453 Patrum-pars

388 5444 661 5518 maxime,
714 5444 926 5520 Quibus
984 5446 1354 5520 posthabitis,
1414 5446 1627 5500 mirum
1681 5450 1768 5520 est
1801 5444 2031 5499 Billium

388 5516 805 5593 Complutense
864 5516 1162 5591 exemplar
1222 5520 1513 5583 secutum,
1572 5516 1837 5585 vertisse,
1876 5536 1896 5565 ι
1931 5533 2034 5588 per

392 5600 677 5649 nostram.
713 5613 739 5639 »

489 5665 570 5730 15)
604 5656 879 5734 Ἀδελφοί.
915 5662 1104 5713 Deest.
1140 5658 1199 5711 in
1231 5658 1369 5725 Reg.
1402 5657 1524 5711 bm.

462 5666 576 5811 liii)
604 5730 693 5784 Τό.
717 5730 888 5785 Deest
918 5730 977 5783 in
1005 5731 1193 5785 tribus
1224 5726 1401 5799 Regg.
1436 5732 1492 5784 et
1522 5755 1524 5772 ι

491 5726 576 5804 14)
604 5730 693 5784 Τό.
717 5726 888 5785 Deest
918 5730 977 5783 in
1005 5731 1193 5785 tribus
1224 5726 1401 5799 Regg.
1436 5732 1492 5784 et
1522 5730 1773 5799 quatuor
1800 5727 1959 5785 Colb.

2074 2098 2129 2162 Α

2644 2118 3045 2215 ΛΟΓΟΣ
3145 2121 3317 2224 Kc’.

2153 2251 2246 2313 Εἷς
2300 2254 2485 2309 ἑαυτὸν
2537 2256 2670 2329 (10),
2704 2253 2755 2324 ἐξ
2803 2253 2972 2331 ἀγροῦ
3000 2253 3360 2331 ,ἐπανήκοντα
3406 2257 3518 2331 (11)
3562 2258 3699 2329 μετᾶ
3747 2258 3813 2313 τὰ

2760 2326 2896 2381 κατὰ
2930 2326 3194 2399 Μάξιμον.

2226 2450 2305 2506 Α’.
2359 2449 2614 2513 Ἐπόθουν
2674 2449 2850 2523 ὑμᾶς,
2910 2450 2954 2503 ὧ
3010 2449 3188 2521 τέκνα,
3247 2450 3335 2504 καὶ
3394 2451 3805 2527 ἀντεποθούμην

2151 2542 2270 2599 τοῖς
2300 2536 2438 2601 ἴσοις
2490 2540 2729 2614 μέτροις.
2780 2538 3051 2610 ΙΙείθομαι
3099 2538 3224 2614 γὰρ,
3275 2537 3320 2592 εί
3371 2537 3453 2593 δεῖ
3500 2542 3592 2595 καὶ
3622 2542 3805 2597 πίστιν

2153 2629 2463 2702 προσθεῖναι
2520 2627 2599 2701 τῷ
2676 2622 2826 2704 λόγῳ
2861 2673 2875 2699 ,
2937 2627 3035 2682 Ναὶ
3093 2628 3160 2695 νὴ
3215 2628 3314 2697 τήν
3375 2628 3637 2703 ὑμετέραν
3696 2634 3807 2706 (12)

2154 2716 2448 2790 καύχησιν,
2506 2714 2737 2795 ἀδελφοὶ
2794 2718 2907 2790 (13)
2942 2759 2957 2785 ,
3014 2716 3077 2786 ἣν
3134 2714 3249 2792 ἔχω
3308 2717 3360 2770 ἐν
3418 2720 3638 2790 Χριστῷ
3693 2722 3804 2791 Ἰη-

2156 2810 2251 2859 σοῦ
2281 2810 2359 2877 τῷ
2388 2806 2570 2880 Κνρέῳ
2618 2807 2801 2877 ἡμῶν.
2848 2810 3044 2860 Τοῦτον
3092 2805 3195 2881 γάρ
3254 2827 3349 2878 μοι
3394 2808 3664 2878 πεποίηκε
3712 2811 3801 2863 τὸν

2155 2891 2315 2968 ὅρκον
2347 2895 2409 2948 τὸ
2441 2898 2658 2968 Πνεῦμα
2699 2894 2764 2948 τὸ
2810 2896 2984 2970 ἅγιον,
3016 2895 3060 2963 ᾧ
3090 2894 3226 2970 πρὸς
3278 2894 3416 2967 ὑμᾶς
3448 2899 3798 2971 κεκινήμεθα,

2150 2983 2241 3037 ’ίνα
2298 2981 2777 3057 κατασκευάσωμεν
2831 2983 3009 3059 Κυρίῳ
3068 2982 3195 3039 λαὸν
3254 2986 3607 3059 περιούσιον.
3672 2993 3802 3040 Σκο-

2155 3078 2305 3127 πεῖτε
2360 3074 2459 3141 τὴν
2514 3072 2692 3127 πίστιν
2753 3071 2875 3142 ὅση·
2918 3072 3007 3126 καὶ
3063 3073 3125 3126 τὸ
3186 3070 3423 3143 ἐμαυτοῦ
3471 3074 3661 3141 πείθω,
3713 3076 3801 3129 καὶ

2154 3162 2215 3216 τὸ
2242 3164 2354 3235 (14)
2398 3162 2528 3236 ὑπὲρ
2582 3161 2731 3234 ὑμῶν
2781 3163 2891 3235 (15)
2945 3160 3297 3235 διατείνομαι.
3350 3161 3448 3216 Καὶ
3499 3166 3802 3234 θαυμαστὸν

2156 3247 2331 3307 οὐδὲν.
2365 3254 2457 3304 Ὧν
2491 3252 2594 3326 γὰρ
2624 3250 2800 3305 κοινὸν
2848 3251 2910 3304 τὸ
2957 3253 3195 3324 Πνεῦμα,
3244 3252 3418 3305 κοινὸν
3466 3251 3550 3304 καί
3580 3251 3639 3303 τὸ
3692 3255 3802 3305 πά-

2156 3351 2271 3403 θος·
2319 3340 2401 3401 οἷς
2451 3337 2507 3393 δὲ
2536 3340 2599 3395 τὸ
2646 3338 2874 3413 πάσχειν
2919 3337 3062 3412 τίσον,
3106 3337 3221 3393 ἴσον
3266 3340 3349 3394 καὶ
3391 3340 3450 3393 τὸ
3496 3338 3800 3395 πιστεύειν·

2154 3433 2218 3481 Ὅ
2274 3428 2373 3505 γὰρ
2436 3431 2509 3503 μή
2564 3450 2648 3490 τις
2696 3428 2980 3497 πέπονθεν,
3040 3425 3154 3483 οὐδ’
3212 3430 3271 3482 ἂν
3330 3428 3491 3504 ἑτέρῳ
3548 3430 3742 3484 πιστεύ
3776 3464 3800 3474 -

2148 3539 2283 3574 σειεν
2333 3521 2466 3591 (16)⁶
2518 3519 2546 3572 ὁ
2599 3515 2655 3571 δὲ
2698 3519 2915 3588 παθὼν,
2967 3517 3041 3578 εἷς
3090 3519 3469 3593 συγκατάθεσιν
3518 3518 3797 3591 ἑτοιμότε-

2154 3628 2263 3684 ρος,
2303 3609 2503 3683 μάρτυς
2557 3607 2786 3683 ἀόρατος
2832 3606 3064 3683 ἀοράτου
3114 3609 3339 3675 πάθους,
3380 3610 3596 3685 μορφῆς
3622 3606 3796 3663 ἁλλο-

2148 3699 2300 3773 τρίας
2341 3697 2539 3752 οίκεῖον
2593 3695 2851 3771 ἔσοπτρον
2889 3741 2901 3755 .
2952 3698 3049 3752 Διὰ
3091 3702 3249 3754 τοῦτο
3301 3695 3427 3753 οὐδὲ
3472 3697 3790 3773 ἠνεσχόμην

2150 3787 2515 3865 ἀποφοιτῆσαι
2573 3786 2722 3861 ὑμῶν
2776 3787 3105 3864 μακρότερα,
3152 3788 3396 3862 καίτοιγε
3446 3789 3646 3850 ἱκανῶς
3688 3795 3802 3850 τοῖς

2151 3874 2370 3931 ἐνταῦθα
2418 3873 2778 3952 δυσχεραίνων
2822 3896 2882 3931 τε
2919 3876 3006 3931 καὶ
3057 3871 3361 3952 ἀχθόμενος
3388 3895 3403 3910 ο
3458 3877 3564 3951 οὐχ
3613 3878 3700 3938 οἷς
3746 3879 3803 3932 αἱ

2149 3963 2339 4027 πόλεις
2372 3966 2591 4043 φέρουσι
2624 3968 2734 4039 (17)
2768 3965 2928 4039 μόνον
2962 3963 3210 4039 (δήμοις,
3239 3960 3515 4040 θορύϐοις,
3549 3966 3800 4042 ἀγοραῖς,

2152 4055 2418 4130 θεάτροις,
2449 4053 2819 4128 πλησμοναῖς,
2853 4050 3088 4128 ὕϐρεσιν,
3124 4055 3311 4130 ἄγουσι
3361 4054 3450 4108 καὶ
3482 4054 3802 4129 ἀγομένοις,

2154 4148 2411 4217 ζημιοῦσι
2456 4144 2544 4199 καὶ
2597 4144 3008 4217 ζημιουμένοις,
3058 4145 3309 4198 πενθοῦσι
3360 4143 3449 4197 καὶ
3496 4147 3805 4217 πενθούμε-

2150 4254 2286 4305 νοις,
2318 4230 2588 4305 κλαίουσι,
2634 4232 2909 4308 χαίρουσι,
2960 4237 3220 4308 γαμοῦσι,
3268 4233 3582 4300 θάπτουσιν,
3636 4234 3810 4313 sier,-

2156 4321 2469 4395 μουμὲνοις,
2534 4320 3077 4400 βλὰσφημουμὲνοις,
3135 4320 3239 4394 ὕλῃ
3294 4322 3528 4392 κακίας,
3586 4322 3809 4396 κόσμου

2156 4410 2446 4487 βράσματι,
2498 4415 2617 4473 ταῖς
2670 4411 3059 4487 ἀγχιστρόφοις
3114 4405 3461 4483 μεταϐολαῖς,
3512 4410 3705 4486 ὥσπερ
3755 4413 3808 4468 ἐν

2151 4498 2376 4575 Εὐρίπῳ
2422 4500 2511 4556 καὶ
2554 4499 2898 4573 πνεύμασιν),
2949 4498 3093 4554 ἀλλὰ
3132 4499 3220 4555 καὶ
3264 4498 3479 4561 τούτοις
3528 4497 3640 4568 ἤδη
3684 4508 3809 4565 τοῖς

2151 4587 2499 4664 σεμνοτέροις
2529 4588 2620 4645 καὶ
2648 4589 3020 4665 τιμιωτέροις,
3053 4594 3171 4652 τοῖς
3220 4588 3340 4663 περὶ
3384 4589 3447 4644 τὸ
3495 4588 3657 4665 βῆμα
3690 4594 3805 4666 (18)

2223 4804 2337 4872 (15)
2360 4804 2561 4877 Ὑμῶν.
2587 4804 2725 4877 Reg.
2759 4806 2857 4860 bm
2890 4808 2945 4861 et
2972 4803 3382 4877 Savil.,_~hp&w.

2249 4878 2332 4941 16)
2359 4873 2716 4931 llicnaécstei.
2750 4877 2978 4945 Comb.,
3010 4873 3330 4929 πιστεύοιεν.

2363 4945 2614 5021 Φέρουσι.
2649 4948 2930 5022 Nonnulli
2957 4948 3151 5013 codd.,
3182 4946 3459 5022 χαίρουσι.

2222 5020 2331 5090 (18)
2387 5018 2514 5079 Τοῖς
2568 5019 2693 5092 περὶ
2747 5019 2812 5092 τὸ
2872 5019 3044 5092 βῆμα,
3101 5018 3221 5075 etc.
3272 5018 3293 5069 vi
3342 5018 3695 5092 Sacrariumi
3749 5025 3806 5076 et

2152 5089 2380 5146 saeram
2415 5089 2699 5146 mensam.
2735 5113 2764 5140 ››
2793 5089 2919 5146 Haec
2946 5089 3102 5146 enim
3134 5094 3273 5145 sunt
3314 5113 3342 5140 α
3374 5089 3806 5147 venerabiliora

2153 5166 2209 5217 et
2239 5163 2644 5234 praestantiora
2680 5186 2699 5211 ι
2737 5162 2857 5230 illa,
2890 5179 3016 5234 qua:
3045 5162 3157 5218 sibi
3191 5161 3498 5233 displicere
3548 5162 3631 5216 ait
3663 5166 3795 5218 Gre-

2156 5235 2375 5306 gorius,
2410 5251 2521 5289 non
2552 5250 2687 5290 vero
2730 5234 2792 5303 ii,
2843 5258 2871 5284 ‹‹
2923 5234 3024 5306 qui
3072 5234 3395 5306 sacrarium
3452 5238 3799 5306 et_g_sacram

2154 5303 2418 5361 fneusam
2444 5307 2746 5377 cingunt,»
2779 5310 2845 5362 ut
2872 5303 3045 5361 vertit
3065 5303 3500 5377 Billius,contra
3516 5303 3801 5377 Theologi

2157 5375 2802 5450 mentem,qui_ﬁdelem
2838 5377 3065 5450 plebem
3096 5375 3429 5450 deﬁniebat,
3455 5384 3511 5431 et
3545 5375 3799 5432 multum

2152 5448 2203 5530 ei
2234 5448 3067 5530 amoremgratplabaturilpsi
3096 5448 3647 5530 displicebant,tum
3671 5464 3797 5530 qua

2143 5520 2269 5590 jam
2303 5538 2336 5576 a
2358 5520 2608 5593 Maximo
2642 5523 2701 5576 in
2735 5520 2991 5577 sacrario
3018 5525 3347 5593 perpetrata
3380 5522 3639 5593 fuerant,
3665 5525 3793 5593 tum

2151 5608 2320 5661 onus,
2355 5592 2511 5664 quod
2544 5593 2661 5648 fere
2691 5593 2870 5649 invito
2911 5590 3265 5664 susceperat,
3323 5596 3451 5664 tum
3507 5590 3787 5664 dignitas,

2149 5662 2394 5736 quartot
2422 5668 2735 5736 tantasque
2767 5680 2937 5724 curas
2968 5662 3263 5734 afferebat,
3309 5668 3366 5720 et
3392 5662 3784 5736 plurimorum

2150 5733 2432 5792 invidiam
2464 5733 2831 5796 conciliabat.
