4094 6212
286 321 444 386 i229
1392 318 1688 385 ORATIO
1736 323 1950 384 XXVI.
1981 357 2061 368 -—
2098 321 2176 384 ιΝ
2222 323 2582 387 SEIPSUM.
3537 325 3692 386 {230

281 458 445 510 τοῦτο
485 451 657 529 Λέγω,
705 451 794 507 καὶ
837 451 936 522 τὴν
988 448 1140 528 ἁγίαν
1189 451 1478 530 τράπεζαν·
1537 453 1611 508 ὧν
1654 455 1819 527 ἡμεῖς
1868 454 1930 508 τὸ

2056 455 2178 522 lias,
2206 471 2303 511 eos
2334 456 2435 527 qui
2466 456 2710 522 ducunt,
2734 459 2792 511 et
2809 455 2905 527 qui
2937 456 3258 524 ducuntur,
3282 471 3380 512 eos
3401 455 3500 528 qui
3525 456 3689 512 dam-

283 545 480 618 κράτος
527 541 672 618 ἔχειν
721 539 1046 614 δοκοῦντες,
1097 541 1187 596 καὶ
1239 547 1347 599 τῶν
1406 541 1726 619 ἐγγιζόντων
1781 538 1931 605 ὄντες

2056 561 2185 600 sum
2219 545 2497 617 inferunt,
2529 549 2584 601 et
2614 545 2712 618 qui
2757 545 3085 616 patiuntur,
3118 561 3217 600 eos
3249 545 3348 616 qui
3375 544 3597 617 lugent,
3632 548 3691 600 et

285 637 422 705 Θεῷ,
458 627 676 687 δέδοικα
725 633 799 705 μή
849 637 1028 695 κακῶς
1078 630 1401 708 ἐγγίζωμεν,
1450 631 1560 706 καὶ,
1602 633 1676 694 ὡς
1704 631 1928 706 καλάμη

2056 634 2144 706 χαί
2174 634 2471 707 lugentur,
2503 651 2601 691 eos
2648 635 2748 708 qui
2798 633 3047 707 plorant,
3080 634 3354 707 gaudent,
3386 635 3692 690 matrimo-

282 722 434 797 πυρὶ,
472 726 578 797 πῦρ
611 720 672 775 οὐ
705 719 971 798 φέροντες.

2056 722 2209 780 nium
2257 723 2482 789 ineunt,
2534 722 2844 796 sepeliunt,
2894 722 3231 792 laudantur,
3264 723 3688 795 vituperantur.

282 813 455 884 hanc,
487 813 754 884 inquam,
785 812 911 870 vitii
956 812 1184 881 silvam,
1218 813 1425 870 mundi
1479 813 1782 883 fervorem,
1813 812 2038 869 subitas
2085 823 2140 869 et
2186 813 2542 885 repentinas,
2577 813 2733 869 velut
2763 813 2820 869 in
2852 813 3066 886 Euripo
3115 818 3171 869 et
3217 819 3521 870 ventorum
3567 815 3690 886 agi-

279 902 520 971 tatione,
555 901 956 973 mutationes),
986 917 1189 958 verum
1246 902 1421 958 etiam
1479 901 1902 959 venerabiliora
1957 902 2081 958 haec
2136 906 2192 958 et
2241 904 2665 975 praestantiora,
2702 904 3025 958 sacrarium
3087 919 3295 976 nempe
3351 908 3408 958 et
3464 919 3694 959 sacram

281 1008 579 1059 mensam;
614 1007 866 1063 quorum
895 1007 1029 1047 cum
1075 991 1185 1063 ipsi
1219 991 1611 1064 principatum
1644 995 1841 1047 tenere
1870 991 2193 1060 videamur,
2223 997 2280 1046 et
2332 991 2391 1047 in
2423 1008 2646 1061 eorum,
2681 991 2782 1063 qui
2829 993 2901 1048 ad
2960 997 3142 1048 Deum
3192 992 3691 1064 appropinquant,

283 1098 528 1139 numero
559 1081 768 1152 simus,
802 1097 1002 1138 vereor
1031 1096 1103 1137 ne
1136 1080 1287 1137 male
1319 1080 1882 1153 appropinquemus,
1913 1085 1992 1149 et,
2014 1084 2295 1152 tanquam
2327 1079 2546 1153 stipula
2575 1081 2647 1138 ad
2679 1081 2898 1154 ignem,
2932 1081 3084 1154 ignis
3116 1081 3232 1137 vim
3264 1083 3412 1138 ferre
3444 1097 3699 1153 nequea-

285 1188 442 1228 mus.

356 1265 428 1316 B'.
460 1257 614 1328 Ιιλήν
646 1255 950 1327 ἐπανῆλθον
1001 1256 1151 1330 ὑμῖν,
1206 1256 1298 1334 βίᾳ
1347 1259 1440 1331 μὲν
1483 1254 1836 1334 ἀποδραμὼν,
1869 1255 1930 1311 οὐ

290 1348 382 1424 βίᾳ
413 1345 471 1402 δὲ
520 1344 908 1426 προσδραμὼν,
955 1343 1102 1402 ἀλλὰ
1148 1347 1238 1401 καὶ
1287 1345 1434 1420 μάλα
1479 1346 1800 1423 προθύμως,
1841 1347 1931 1400 καὶ

285 1435 616 1510 αὐτομάτοις
646 1435 797 1509 ποσὶ,
829 1435 890 1490 τὸ
927 1439 1024 1490 τοῦ
1055 1434 1240 1511 λόγου,
1271 1440 1369 1490 τοῦ
1415 1434 1726 1509 Πνεύματος
1759 1434 1932 1497 οὕτως

287 1524 540 1601 ἄγοντος,
568 1526 807 1601 καθάπερ
837 1546 888 1579 τι
923 1523 1117 1601 ῥεῦμα,
1157 1525 1294 1601 πρὸς
1347 1525 1441 1598 μὶν
1471 1526 1534 1579 τὸ
1572 1526 1788 1586 ἄναντες
1821 1525 1933 1595 (19)

290 1615 636 1690 βιαζόμενον,
673 1613 748 1676 εἷς
801 1610 858 1668 δὲ
885 1613 947 1669 τὸ
995 1614 1190 1685 πρανὲς
1235 1615 1348 1686 (20)
1395 1612 1764 1690 ἐπειγόμενον.
1798 1613 1932 1670 "Ov-

282 1726 390 1767 τως
419 1705 602 1781 ἡμέρα
634 1703 752 1776 μία,
789 1702 906 1779 βίος
939 1701 1070 1766 ὅλος
1105 1703 1410 1776 ἀνθρώπου,
1441 1708 1558 1765 τοῖς
1606 1703 1761 1775 πόθῳ
1789 1699 1930 1776 κοίμ-

286 1815 489 1850 νουσιν.
548 1793 618 1846 Τὸ
677 1791 779 1867 γὰρ
839 1795 934 1846 τοῦ
995 1786 1187 1845 Ἰακὼϐ
1246 1791 1442 1867 ἑτέρως
1495 1794 1605 1866 (21)
1653 1790 1798 1869 ἔχειν
1843 1813 2013 1880 μοιΒ

289 1882 548 1960 φαίνεται·
609 1883 668 1943 ’ὸς
724 1877 816 1950 ἔτη
896 1878 1254 1955 δεκατέσσαρα
1309 1878 1584 1936 δουλεύων
1639 1885 1718 1953 τῷ
1775 1879 1936 1956 Σύρῳ

289 1966 469 2026 Λάϐαν
519 1970 651 2046 ὑπὲρ
701 1974 808 2024 τῶν
853 1965 948 2024 δύο
990 1967 1265 2045 παρθένων
1317 1969 1416 2025 οὐκ
1463 1966 1720 2043 ἔκαμνεν·
1771 1972 1938 2024 Ἦσαν

288 2061 394 2136 γὰρ
440 2059 607 2132 αὐτῷ,
639 2058 823 2136 φησὶν,
873 2058 928 2111 αἱ
974 2063 1140 2112 πᾶσαι
1189 2057 1415 2134 ἡμέραι,
1462 2059 1536 2121 ὡς
1588 2060 1769 2135 ἡμέρα
1817 2059 1934 2132 μία,

291 2146 383 2214 διά
430 2148 495 2203 τὸ
550 2149 762 2224 ἀγαπᾷν
818 2146 996 2209 αὐτάς.
1057 2154 1216 2210 Ἴσως
1274 2147 1357 2202 ὅτι
1410 2147 1461 2202 ἐν
1522 2143 1704 2222 ὄψεσιν
1761 2147 1827 2217 ἦν
1872 2149 1935 2203 τὸ

286 2237 648 2312 ποθούμενον,
698 2238 734 2306 ἢ
786 2239 868 2293 ὅτι
927 2241 1126 2315 κοῦφον
1173 2237 1236 2290 τὸ
1281 2235 1503 2311 κάμνειν
1556 2236 1738 2312 ἔρωτι,
1770 2237 1864 2293 κᾶν
1897 2241 1932 2309 ἡ

288 2322 533 2396 ἀναϐολή
566 2327 630 2382 τὸ
660 2323 907 2403 λυπηρὸν
937 2323 1038 2401 ἔχῃ
1080 2328 1212 2398 (‘22).
1245 2325 1429 2388 Οὕτως
1476 2326 1540 2381 τὸ
1567 2323 1788 2399 ἕτοιμον

288 2416 364 2479 εἰς
416 2414 676 2488 ἐξουσίαν,
724 2415 887 2492 ἀργὸν
940 2414 1015 2477 εἷς
1067 2414 1374 2488 ἐπιθυμίαν,
1426 2413 1500 2478 ὥς
1547 2436 1632 2478 τις
1677 2413 1776 2493 ἔφη
1826 2420 1931 2470 τῶν

285 2506 392 2578 πρὸ
421 2507 610 2579 ἡμῶν.
651 2505 795 2579 Ἐγὼ
841 2508 968 2580 γοῦν
1011 2503 1175 2573 ἡνίκα
1224 2504 1318 2577 μὲν
1349 2507 1494 2578 παρή
1508 2527 1638 2577 μην,
1673 2503 1936 2581 ἐλάχιστα

285 2599 382 2649 τοῦ
413 2595 619 2658 πάθους
653 2592 1128 2666 ἐπαισθανόμενος,
1160 2591 1322 2662 ἥνίκα
1353 2589 1410 2648 δὲ
1605 2592 1932 2671 ἐχωρίσθην,

287 2682 313 2705 ν
541 2680 1874 2738 “όΘ“λο“-’·“¹)

289 2705 452 2760 εγνων
501 2705 593 2738 τον
634 2705 673 2737 π
743 2704 798 2737 ον
857 2703 947 2737 τον
994 2703 1027 2757 γ
1075 2703 1197 2736 υκυν
1265 2702 1506 2757 τυραννον
1589 2705 1769 2738 καινον
1821 2688 1934 2758 (.5)

291 2771 348 2828 δὲ
378 2769 553 2828 οὐδέν.
584 2770 644 2827 Ei.
673 2771 774 2849 γὰρ
803 2771 1060 2826 τοσοῦτον
1096 2767 1344 2846 ὀδύρεται
1393 2771 1482 2825 καὶ
1529 2772 1796 2847 βουκόλος
1834 2773 1932 2846 μό-

294 2882 428 2938 σχον
458 2868 560 2932 τῆς
607 2858 814 2934 ἀγέλης
859 2859 1326 2938 ἀποφοιτήσαντα,
1354 2860 1443 2914 καὶ
1489 2861 1698 2933 ποιμὴν
1728 2855 1938 2937 πρόϐα-

289 2971 381 3006 τον
445 2949 703 3022 έλΛεῖψαν
761 2946 964 3019 δεκάδι,
1021 2949 1110 3002 καὶ
1170 2943 1352 3023 ὄρνεον
1397 2951 1635 3019 νοσσιὰν,
1798 2949 1936 3026 πρὸς

295 3038 480 3114 ὀλίγον
531 3036 791 3092 ἀπέλιπεν
842 3039 977 3111 (26),
1027 3036 1164 3091 ὥστε
1195 3038 1248 3091 οἱ
1282 3038 1376 3110 μὲν
1403 3039 1497 3100 τὰς
1549 3036 1806 3115 σύριγγας
1839 3039 1936 3095 λα-

291 3123 500 3201 ϐόντες,
551 3125 648 3196 ,ἐπί
695 3146 814 3180 τινα
870 3127 1095 3181 σκοπιὰν
1147 3125 1797 3205 ἀνελθόντες,;πληροῦσι
1837 3136 1937 3200 τῆς

291 3195 525 3290 ἀθυμίας
553 3215 682 3277 τοὺς
732 3212 978 3288 δόνακας,
1029 3215 1117 3270 καὶ
1167 3195 1578 3290 ἀνακαλοῦνται,
1611 3195 1686 3281 dic
1719 3195 1930 3295 λογικά,
1969 3195 2010 3260 C

285 3306 354 3360 τὰ
408 3302 761 3378 πλανώμενα·
814 3303 910 3358 κᾶν
973 3304 1340 3374 ὑπακούσωσι,
1398 3305 1650 3381 χαίρουσι
1718 3305 1932 3380 μᾶλλον

289 3395 324 3464 ἢ
356 3398 515 3449 πᾶσιν
547 3394 686 3467 ἐμοῦ
734 3398 850 3455 τοῖς
898 3391 1116 3463 ἄλλοις,
1162 3395 1234 3448 ὧν
1269 3393 1368 3449 οὐκ
1415 3393 1750 3472 ἐφρόντισαν·
1782 3395 1844 3450 τὸ
1877 3393 1934 3450 δὲ

281 3481 476 3559 τρύζον
508 3482 593 3537 ἐπὶ
621 3483 721 3553 τήν
753 3479 948 3537 καλιὰν
977 3479 1134 3554 ἷέται,
1165 3480 1255 3537 καί
1295 3481 1552 3555 τρύζουσι
1604 3484 1932 3560 προσπίπτει

276 3578 400 3635 τοῖς
457 3577 720 3641 νεοσσοῖς,
778 3570 868 3625 καὶ
930 3571 1174 3647 περιέπει
1230 3577 1350 3633 ταῖς
1394 3572 1634 3647 πτέρυξι·
1693 3572 1930 3643 πηλίκον

284 3660 342 3716 ἃν
405 3657 487 3731 εἶθ]
541 3657 700 3732 δεξιῷ
748 3658 971 3733 ποιμένι
1020 3656 1217 3734 λογικὰ
1264 3656 1568 3734 θρέμματα,
1615 3660 1704 3715 καὶ
1757 3663 1830 3715 ὧν
1882 3684 1933 3717 τι

284 3749 774 3828 προεκινδύνευσεν,
806 3748 922 3805 ἐπεὶ
954 3748 1043 3804 καὶ
1073 3753 1234 3805 τοῦτο
1270 3752 1349 3821 τῷ
1378 3747 1590 3826 φίλτρῳ
1622 3751 1734 3822 (27)
1768 3771 1934 3824 προσ-

286 3841 502 3911 τίθησιν
537 3857 552 3909 ;

2113 1258 2182 1314 ΙΙ.
2218 1258 2500 1314 Caeterum
2551 1259 2622 1315 ad
2654 1275 2754 1314 vos
2786 1258 2954 1327 redii,
2985 1263 3041 1314 et
3072 1259 3169 1331 qui
3201 1277 3237 1315 a
3266 1259 3428 1316 vobis
3476 1259 3693 1317 invitus

2042 1347 2453 1416 discesseram,
2476 1348 2628 1403 idem
2652 1364 2768 1403 non
2799 1348 3037 1414 invitus,
3063 1349 3163 1403 sed
3187 1348 3383 1404 animo
3407 1365 3689 1420 perquam

2042 1436 2239 1506 alacri,
2273 1437 2754 1509 spontaneisque,
2811 1441 2874 1492 ut
2922 1435 3036 1492 dici
3085 1436 3252 1507 solet,
3302 1438 3549 1508 pedibus
3597 1454 3691 1493 ac-

2043 1525 2219 1596 curri,
2253 1526 2472 1598 Spiritu
2520 1525 2743 1582 scilicet
2772 1542 2886 1597 me,
2921 1524 3082 1580 ﬂuvii
3129 1525 3440 1596 cujusdam
3471 1526 3529 1580 in
3562 1543 3693 1581 mo-

2044 1615 2207 1684 dum,
2240 1619 2466 1686 agente,
2498 1615 2598 1686 qui
2629 1631 2732 1686 per
2761 1613 3000 1670 acclivia
3029 1614 3266 1685 quidem
3299 1632 3413 1670 non
3448 1613 3560 1670 nisi
3593 1631 3692 1670 co-

2044 1707 2212 1759 actus
2247 1703 2448 1772 fertur,
2478 1720 2580 1774 per
2610 1720 2794 1775 prona
2824 1707 3017 1759 autem
3051 1708 3105 1758 et
3131 1703 3372 1759 declivia
3393 1703 3694 1760 celerrime

2045 1791 2280 1848 labitur.
2313 1794 2390 1847 Ac
2422 1793 2678 1864 profecto
2710 1792 2797 1848 vel
2829 1792 3038 1848 unicus
3070 1792 3194 1848 dies
3224 1792 3404 1847 totius
3436 1791 3560 1847 vitae
3592 1793 3698 1847 hu-

2048 1899 2231 1937 manae
2260 1882 2449 1937 instar
2479 1885 2568 1937 est
2593 1881 2880 1938 desiderio
2914 1880 3336 1936 laborantibus.
3371 1881 3517 1935 Nam
3551 1880 3697 1936 illud

2050 1971 2392 2043 patriarcha
2413 1971 2591 2026 Jacob
2616 1969 2762 2025 mihi
2784 1970 2896 2025 alio
2928 1970 3102 2026 modo
3125 1986 3186 2025 se
3209 1969 3421 2025 habere
3445 1970 3698 2038 videtur,

2046 2061 2145 2133 qui
2205 2077 2309 2133 pro
2369 2061 2602 2116 duabus
2656 2059 2984 2132 virginibus
3029 2058 3467 2131 quatuordecim
3527 2059 3700 2115 annis

2047 2152 2243 2208 Laban
2274 2153 2416 2225 Syro
2447 2150 2726 2218 serviens,
2753 2151 3214 2222 haudquaquam
3244 2150 3443 2207 labore
3475 2151 3701 2224 frange-

2044 2242 2236 2298 batur.
2270 2243 2444 2296 Erant
2470 2243 2638 2309 em‘m,
2672 2239 2886 2312 inquit,
2919 2256 3103 2295 omnes
3133 2241 3223 2295 illi
3249 2241 3365 2296 dies
3396 2243 3555 2312 quasi
3582 2242 3701 2296 dies

2046 2347 2207 2402 unus,
2241 2329 2381 2402 quod
2409 2346 2601 2386 earum
2645 2344 2830 2384 amore
2877 2330 3138 2401 ﬂagraret
3158 2329 3223 2384 ⁵⁸.
3257 2330 3436 2401 Cujus
3467 2329 3547 2385 rei
3577 2329 3699 2386 haec

2044 2420 2290 2475 fortasse
2331 2435 2509 2475 causa
2557 2421 2700 2486 erat,
2735 2417 2874 2490 quia
2930 2418 3012 2473 rei
3068 2418 3333 2490 expetitae
3381 2423 3696 2491 conspectu

2045 2509 2348 2564 fruebatur
2383 2523 2394 2564 :
2426 2508 2516 2564 vel
2554 2507 2749 2576 etiam,
2783 2507 2921 2579 quia
2967 2507 3111 2563 levis
3159 2512 3248 2564 est
3294 2509 3477 2564 amori
3507 2507 3694 2579 labor,

2043 2597 2278 2653 tametsi
2309 2597 2511 2654 dilatio
2541 2597 2670 2669 ipsa
2697 2595 3026 2653 molestiam
3058 2597 3278 2652 afferat.
3302 2597 3394 2652 Sic
3427 2596 3694 2653 videlicet

2045 2690 2257 2742 natura
2286 2691 2690 2758 comparatum
2720 2689 2830 2752 est,
2864 2689 2926 2740 ut
2955 2702 3023 2742 ea
3050 2685 3289 2758 segnius
3320 2690 3692 2758 appetamus,

2046 2776 2261 2848 quibus
2294 2775 2460 2832 facile
2498 2775 2796 2847 libereque
2841 2775 2954 2830 frui
3003 2773 3157 2844 licet,
3192 2775 3690 2846 quemadmodum

2045 2869 2308 2920 veterum
2331 2864 2573 2936 quidam
2596 2863 2927 2920 afﬁrmavit.
2952 2865 3238 2936 Equidem
3257 2864 3404 2936 ipse,
3421 2865 3542 2937 qui,
3558 2880 3693 2921 cum

2046 2954 2336 3023 adessem,
2358 2954 2476 3010 vim
2507 2955 2687 3025 hujus
2719 2954 2959 3009 affectus
2981 2971 3191 3026 parum
3218 2955 3536 3010 admodum
3567 2970 3695 3010 sen-

2044 3041 2284 3109 tiebam,
2317 3047 2700 3115 posteaquam
2731 3060 2766 3098 a
2793 3041 2958 3098 vobis
2989 3041 3320 3112 disjunctus
3350 3059 3508 3110 sum,
3530 3042 3692 3114 cupi-

2046 3131 2289 3187 ditatem
2321 3148 2718 3204 amoremque,
2751 3131 2980 3187 dulcem
3010 3134 3348 3204 tyrannum,
3379 3147 3694 3204 agnoscere

2043 3223 2221 3292 ccepi;
2257 3222 2411 3292 quod
2445 3220 2681 3293 quidem
2723 3238 2838 3277 non
2871 3225 2962 3278 est
3006 3238 3111 3277 cur
3159 3238 3374 3277 novum
3404 3221 3690 3277 videatur.

2043 3309 2270 3364 Etenim
2303 3309 2354 3365 si
2396 3309 2482 3365 vel
2514 3307 2808 3366 bubulcus
2839 3309 2911 3365 ob
2941 3308 3191 3367 vitulum
3239 3325 3425 3366 unum
3475 3310 3548 3365 ab
3599 3326 3690 3365 ar-

2042 3402 2239 3454 mento
2287 3398 2678 3467 aberrantem,
2710 3397 2799 3456 vel
2844 3403 3044 3472 pastor
3080 3398 3152 3454 ob
3184 3398 3465 3470 pecudem
3495 3414 3562 3454 ex
3593 3399 3689 3455 de-

2044 3489 2206 3544 nario
2255 3506 2499 3547 numero
2530 3490 2917 3562 deﬁcientem,
2949 3489 3037 3546 vel
3088 3490 3208 3547 avis
3265 3491 3338 3546 ob
3396 3490 3687 3559 nidulum,

2043 3595 2220 3650 quem
2253 3580 2325 3634 ad
2355 3580 2527 3635 breve
2547 3583 2781 3652 tempus
2811 3578 3066 3651 reliquit,
3088 3596 3274 3652 usque
3296 3581 3438 3636 adeo
3469 3580 3692 3637 discru-

2047 3667 2186 3722 ciari
2217 3667 2427 3734 solent,
2451 3672 2516 3724 ut
2537 3673 2593 3724 et
2618 3668 2720 3740 illi,
2744 3669 2993 3741 arreptis
3023 3669 3260 3736 ﬁstulis,
3291 3671 3446 3724 473
3477 3670 3536 3724 in
3568 3685 3691 3740 spe-

2046 3756 2238 3812 culam
2267 3758 2586 3830 quamdam
2618 3757 2816 3826 evecti,
2850 3762 3087 3814 maestos
3109 3758 3312 3813 inﬂant
3341 3757 3617 3823 calamos,
3636 3762 3694 3814 et

2047 3845 2305 3916 palantia
2333 3844 2632 3912 animalia,
2664 3847 2832 3918 quasi
2862 3846 3090 3902 ratione
3121 3847 3383 3919 praedita,
3417 3855 3690 3916 evocent;

289 3949 354 3989 ac
384 3931 435 3988 si
466 3929 786 4004 paruerint,
816 3928 1096 4000 majorem
1148 3944 1217 3984 ex
1267 3925 1407 3998 illis,
1439 3943 1617 4000 quam
1647 3944 1716 3985 ex
1752 3928 1994 4002 reliquis
2024 3933 2312 3990 universis
2343 3935 2413 3990 de
2443 3934 2658 4006 quibus
2688 3933 2924 3991 solliciti
2984 3951 3101 3991 non
3157 3935 3410 4004 fuerant,
3446 3935 3696 3991 delecta-

286 4022 504 4078 tionem
538 4018 888 4093 percipiant;
928 4018 1050 4074 htsc
1097 4034 1233 4074 vero
1291 4016 1546 4074 stridens
1602 4018 1676 4074 ad
1733 4019 1936 4076 nidum
1995 4023 2276 4091 convolet,
2311 4023 2603 4096 pullisque
2661 4025 3051 4082 stridentibus
3109 4025 3423 4094 allabatur,
3479 4042 3696 4098 eosque

287 4111 497 4186 pennis
527 4112 716 4166 foveat
744 4126 759 4165 :
795 4113 1011 4181 quanto
1042 4108 1280 4164 tandem
1333 4106 1629 4164 chariores
1659 4125 1786 4164 esse
1816 4126 1921 4180 par
1949 4117 2038 4167 est
2067 4114 2221 4185 apud
2253 4114 2472 4169 bonum
2504 4131 2570 4171 ac
2601 4113 2939 4186 pervigilem
2986 4119 3280 4188 pastorem
3311 4133 3444 4172 oves
3477 4116 3699 4170 ratione

287 4201 583 4276 praditas,
615 4204 672 4256 et
701 4215 805 4272 pro
834 4215 1087 4271 quarum
1115 4196 1304 4254 salute
1335 4196 1600 4255 nonnihil
1651 4198 1892 4270 periculi
1934 4201 2136 4270 subiit,
2166 4219 2301 4258 cum
2341 4203 2448 4260 hoc
2482 4220 2714 4276 quoque
2744 4205 2993 4260 acriores
3037 4205 3254 4262 amoris
3301 4207 3571 4262 ﬂammas
3601 4222 3697 4263 ex-

289 4293 428 4349 citet
447 4291 476 4345 ?

359 4385 429 4437 I".
465 4385 554 4441 Ὡς
600 4375 710 4453 ἐγὼ
760 4373 977 4432 δέδοικα
1027 4374 1122 4448 μὲν
1169 4373 1294 4436 τοὺς
1347 4374 1530 4449 βαρεῖς
1583 4373 1803 4445 λύκους,
1855 4377 1931 4451 μὴ

2111 4379 2207 4436 ΙΙΙ.
2242 4378 2528 4452 Equidem
2560 4380 2687 4454 ipse
2710 4398 2913 4454 graves
2947 4387 3003 4438 et
3035 4354 3260 4440 atroces
3290 4384 3460 4456 lupos
3489 4384 3693 4452 timeo,

284 4471 386 4540 τὴν
420 4467 784 4542 σκοτόμαιναν
824 4468 932 4540 (28)
963 4465 1124 4540 ἡμῶν
1177 4466 1534 4540 τηρήσαντες,
1565 4465 1663 4533 τήν
1696 4463 1938 4539 ποίμνην

290 4557 599 4635 σπαράξωσι
651 4555 836 4632 λόγοις
886 4556 1338 4631 συναροπακτικῖς
1363 4573 1423 4610 τε
1452 4555 1564 4627 (29)
1594 4553 1684 4608 καὶ
1719 4554 1937 4630 βιαίοις·

359 4676 406 4721 ⁸⁵
432 4678 574 4732 Gen.
605 4689 784 4745 xxvu,
813 4673 906 4729 26.

299 4770 322 4902 ,ὲ
363 4809 476 4882 (19)
503 4808 777 4871 Ἅναντες.
807 4807 903 4866 Sic
949 4805 1209 4881 plerique
1237 4805 1406 4863 codd.
1438 4805 1619 4863 Prave
1665 4805 1726 4861 in
1775 4807 1938 4880 edit.,

293 4901 732 5064 ῗνῗέίξῖἓρανέες.
765 4953 860 5009 Sic
902 4955 1020 5008 tres
1067 4949 1270 5022 Regg.,
1303 4948 1477 5006 Coisl.
1511 4951 1563 5022 1,
1595 4953 1652 5006 et
1680 4949 1938 5006 Combef.

296 5027 360 5084 In
391 5027 507 5094 ed.,
536 5027 750 5101 τρανές.
1077 5063 1105 5085 ο

302 5168 312 5170 _
369 5097 481 5170 (2-1)
512 5096 762 5170 Ἑτέρως.
796 5095 947 5154 Cois.
979 5095 1032 5164 1,
1064 5089 1170 5168 οὐχ
1201 5091 1415 5167 ἑτέρως.
1450 5092 1542 5149 Sic
1587 5092 1760 5149 etiam
1800 5091 1942 5164 legit

297 5168 569 5225 Ruﬁnus.
637 5168 642 5170 ⁷
1485 5191 1490 5194 ·

364 5241 475 5310 (22)
504 5234 574 5292 ’Ή
604 5235 751 5310 ὅτιεε
773 5277 785 5294 .
836 5229 1082 5309 λυπηρὸν
1113 5231 1234 5310 ἔχῃ.
1267 5234 1398 5310 Haec
1446 5235 1658 5291 desunt
1702 5232 1941 5310 inuplu-

298 5305 468 5367 ribus
507 5311 674 5366 codd.
707 5307 822 5365 Nec
869 5305 1062 5362 tamen
1095 5305 1432 5378 a'Gregorio
1482 5310 1683 5362 nostro
1731 5305 1941 5378 aliena.

298 5382 664 5454 Augustinus
713 5380 872 5454 enim
901 5379 1002 5454 lib.
1034 5380 1108 5434 De
1151 5377 1636 5454 ὺοτιοί-υἱιῑιιξιαζὶδ,
1669 5381 1822 5454 tom_._
1846 5377 1943 5454 Vl,

302 5447 436 5528 pag.
466 5453 595 5528 38/1,
625 5452 904 5528 eamdem
924 5451 1040 5506 fere
1079 5449 1429 5528 sententiam
1471 5449 1648 5505 habet
1680 5465 1747 5528 ξμς(
1776 5447 1945 5504 Nullo

303 5520 500 5608 incido,
532 5522 741 5595 inquit,
773 5526 914 5608 sunt
957 5522 1187 5608 onerosi
1215 5521 1482 5608 .labores‘
1514 5520 1866 5608 amantium.
1891 5559 1938 5608 ,τ

303 5596 451 5656 Nam
483 5592 543 5653 in
571 5592 639 5653 eo
668 5595 823 5670 quod
852 5599 1104 5668 amatur,
1132 5596 1234 5652 aut
1264 5609 1380 5650 non
1410 5592 1730 5663 laboratur,
1762 5596 1865 5651 aut
1893 5595 1951 5650 et

302 5670 468 5732 labor
497 5672 748 5729 amatur.
775 5688 806 5719 »

2053 4485 2146 4537 ne,
2181 4469 2429 4542 caligine
2478 4475 2680 4526 nostra
2728 4473 3051 4540 observata,
3098 4472 3290 4544 rapaci
3335 4490 3400 4529 ac
3446 4473 3698 4530 violenta

2052 4557 2316 4616 doctrina
2344 4575 2581 4633 gregem
2604 4559 2942 4618 dilacerant.
2968 4563 3386 4634 Intempestam
3412 4562 3568 4620 enim
3601 4580 3701 4619 no-

2117 4807 2230 4882 (23)
2275 4806 2464 4885 Οὖτως
2519 4828 2583 4863 το
2639 4805 2884 4885 ἕτοιμον,
2932 4814 3040 4867 etc.
3104 4810 3551 4885 Plinriusgepist.
3602 4815 3695 4883 20,

2045 4879 2147 4934 lib.
2181 4879 2420 4958 vi_ir,_a_it
2454 4898 2467 4936 :
2495 4903 2523 4933 «
2553 4879 2830 4958 omnium
2862 4879 3056 4938 rerum
3103 4884 3313 4956 cupido
3344 4879 3692 4958 languescit,

2049 4969 2182 5008 cum
2216 4951 2407 5009 facilis
2439 4953 2668 5010 occasio
2699 4959 2808 5010 est.
2833 4977 2860 5004 »

2123 5023 2348 5098 (21911»;
2377 5042 2446 5076 κα
2477 5023 2870 5098 ,μένηεμὴνίκα
2916 5021 2996 5081 δέ.
3039 5025 3134 5082 Sic
3181 5029 3379 5098 plures
3421 5029 3590 5084 codd.
3633 5027 3697 5084 In

2051 5095 2142 5150 ed.
2179 5093 2394 5150 desunt
2428 5093 2520 5161 μὲν
2555 5102 2612 5152 et
2642 5093 2717 5151 δέ.

2125 5167 2234 5236 (25)
2267 5164 2478 5221 Καινὸν.
2514 5167 2653 5236 Reg.
2686 5169 2806 5236 bm,
2840 5167 2928 5222 καὶ
2966 5166 3169 5224 καινόνῖ

2144 5235 2235 5307 26)
2265 5235 2577 5310 ’Anéltmv.
2600 5235 2748 5310 Reg.
2782 5235 2902 5308 bm,
2932 5239 3242 5296 κατέλιπεν.

2148 5307 2622 5394 evrystheo.
2655 5307 2750 5368 Sic
2809 5313 2949 5385 Reg.
2983 5313 3103 5386 bm,
3150 5312 3245 5369 Or.
3297 5312 3321 5366 1
3382 5314 3438 5364 et
3491 5309 3692 5365 Comh.

2055 5378 2223 5436 Deest
2249 5378 2331 5452 τῷ
2357 5378 2417 5437 in
2445 5378 2585 5438 edit;

2272 5450 2662 5525 Σκοτόμαιναν.
2694 5459 2864 5511 Leuv.
2897 5455 3086 5526 vertit,
3117 5475 3138 5503 ι
3174 5450 3575 5509 interlunium.
3604 5474 3633 5501 υ

2148 5525 2240 5595 29)
2273 5529 2732 5601 Συναρπακτικοῖς
2787 5546 2866 5582 τε.
2919 5527 3058 5600 Reg.
3117 5528 3238 5598 bm,
3289 5526 3694 5599 σπαρακτικοῖς.

2056 5598 2228 5655 Deest
2255 5617 2312 5654 τε
2341 5598 2400 5654 in
2420 5598 2662 5657 duobus
2689 5603 2866 5677 Regg.
