4094 6212
406 347 555 410 1231

1645 341 1711 402 S.
1758 339 2128 403 GREGORII
2173 337 2568 405 THEOLOGI

3527 79 4014 180 ῃ

3664 337 3823 402 1232

404 487 557 536 ctem
592 479 848 551 captant,
875 476 1030 547 quod
1071 473 1263 548 palam
1307 479 1618 546 aperteque
1647 473 1792 529 nihil
1825 474 2052 530 efﬁcere

2172 471 2352 541 ἐπειδή
2384 474 2476 534 τὰς
2507 470 2752 545 ἀκαιρίας
2781 472 2895 545 (30)
2936 437 3186 547 τηροῦσι,
3218 465 3280 526 τό
3327 474 3574 549 φανερῶς
3606 471 3825 548 ἰσχύειν

407 569 653 640 possint.
685 567 857 621 Fures
889 565 1059 620 etiam
1090 581 1154 619 ac
1175 564 1428 621 latrones
1460 569 1675 632 metuo,
1701 579 1772 619 ne
1804 580 1906 634 per
1926 580 2058 617 cau-

408 657 527 713 lam
565 655 984 719 transilientes,
1019 660 1121 709 aut
1147 654 1475 722 impudenti
1506 658 1683 726 atque
1715 657 1911 723 aperto
1943 653 2056 707 im-

412 752 549 818 petu
583 762 717 800 oves
745 744 1044 815 diripiant,
1069 749 1165 797 aut
1200 744 1394 796 iuxtim
1432 741 1823 812 intercipiant,
1853 745 1914 795 ut
1943 758 2059 795 ma-

413 841 596 900 ctent,
635 838 692 889 et
731 832 1029 905 jugulent,
1080 846 1146 886 ac
1194 831 1527 902 perdant“,
1561 831 1854 902 rapientes
1903 829 2056 900 rapi-

413 940 541 990 nas,
574 928 631 979 et
661 926 888 979 animas
918 922 1308 989 cemedentes,
1345 925 1408 975 ut
1448 919 1730 991 propheta
1763 918 2055 990 quispiam

409 1013 621 1068 cecinit
643 1014 707 1066 δ”.
739 1011 886 1077 Quin
918 1010 1094 1065 etiam
1136 1010 1278 1064 illud
1309 1025 1529 1076 vereor,
1563 1026 1635 1064 ne
1666 1009 1800 1080 quis
1829 1025 2058 1075 eorum,

411 1103 511 1173 qui
543 1101 666 1156 heri
684 1107 742 1155 et
772 1100 1200 1154 nudiustertius
1225 1115 1257 1152 a
1281 1098 1448 1152 nobis
1470 1098 1721 1158 stabant,
1749 1098 2058 1167 angustius

407 1192 627 1246 ostium
659 1190 814 1244 haud
848 1191 1115 1243 clausum
1148 1192 1375 1255 nactus,
1410 1203 1475 1241 ac
1507 1203 1608 1258 per
1639 1185 2057 1242 familiaritatis

408 1279 663 1350 speciem
697 1279 1020 1350 ingressus,
1049 1277 1169 1346 jam
1211 1281 1277 1329 ut
1317 1276 1544 1330 alienus
1576 1274 1819 1329 insidias
1853 1274 2054 1328 molia-

405 1373 522 1422 tur.
559 1365 750 1422 Multae
782 1365 934 1420 enim
968 1364 1253 1434 variaeque
1287 1364 1436 1434 ejus,
1461 1361 1560 1434 qui
1592 1362 1931 1433 hujusmodi
1964 1378 2057 1418 res

407 1457 463 1511 in
489 1455 796 1510 hominum
818 1452 1046 1508 animos
1070 1452 1357 1520 immittit,
1384 1456 1536 1507 artes
1562 1456 1618 1506 et
1639 1450 1863 1506 insidiae
1887 1455 2052 1518 sunt;

410 1562 514 1600 nec
549 1543 860 1616 quisquam
892 1548 1011 1597 tam
1043 1540 1226 1596 solers
1270 1547 1359 1597 est
1409 1557 1601 1595 rerum
1635 1539 1926 1595 variarum
1959 1557 2056 1596 ar-

408 1635 719 1703 chitectus,
769 1649 943 1703 quam
1004 1631 1225 1702 peritus
1272 1629 1396 1684 vitii
1455 1628 1660 1684 artifex
1717 1633 1805 1684 est
1862 1633 2058 1685 noster

409 1721 799 1779 adversarius.
831 1721 961 1776 Jam
998 1719 1142 1774 mihi
1175 1736 1408 1790 quoque
1457 1719 1726 1774 timorem
1784 1718 2057 1789 injiciunt

408 1829 602 1882 canes,
634 1827 738 1883 per
767 1811 882 1864 vim
930 1812 988 1862 in
1021 1815 1319 1880 pastorum
1351 1807 1596 1862 classem
1639 1807 2052 1879 irrumpentes,

405 1899 771 1972 idque,quod
805 1898 1126 1952 absurdum
1149 1896 1313 1952 valde
1339 1901 1444 1966 est,
1470 1913 1604 1951 cum
1637 1897 1707 1950 ad
1741 1897 2051 1968 pastoralis

403 1990 667 2045 muneris
698 1985 1262 2042 administrationem
1286 1985 1432 2040 nihil
1456 1983 1692 2040 omnino
1725 1984 1880 2039 aliud
1915 2001 2048 2040 con-

400 2078 852 2149 tulerint,quam
879 2076 1033 2148 quod
1065 2091 1312 2142 comam,
1336 2074 1426 2129 cui
1460 2075 1733 2129 ornandze
1755 2078 1810 2129 et
1833 2073 2050 2128 alendaa

399 2167 651 2240 turpiter
698 2166 1066 2232 studuerant,
1101 2169 1398 2230 raserunt;
1432 2164 1531 2234 qui
1572 2179 1678 2218 nec
1727 2163 1786 2217 in
1838 2179 2050 2218 canum

401 2255 604 2312 ordine
633 2257 1000 2328 manserunt,
1035 2268 1139 2307 nec
1173 2257 1435 2324 pastores
1483 2251 1614 2306 facti
1649 2256 1809 2318 sunt,
1843 2251 1956 2306 nisi
1989 2255 2054 2305 ut

401 2345 626 2403 lanient
655 2333 1090 2416 etdispergant,
1113 2348 1287 2414 atque
1311 2341 1558 2396 aliorum
1594 2340 1820 2396 labores
1852 2340 2055 2396 infrin-

404 2439 564 2508 gant.
589 2434 1071 2504 Quandoquidem
1097 2431 1322 2487 facilius
1345 2447 1575 2502 semper
1595 2435 1680 2485 est
1701 2429 2052 2485 labefactare

405 2543 472 2581 ac
494 2525 754 2596 perdere,
778 2538 957 2594 quam
979 2535 1318 2576 conservare
1349 2535 1360 2574 :
1388 2525 1443 2574 et
1475 2518 1656 2573 labori
1689 2517 1921 2589 quidem
1955 2519 2052 2572 ho-

407 2630 504 2670 mo
527 2613 810 2679 nascitur,
835 2609 1332 2682 quemadmodum
1357 2608 1438 2663 ait
1465 2609 1573 2662 Job
1593 2609 1657 2674 6⁸,
1682 2613 1739 2662 et
1769 2608 1929 2662 navis
1962 2622 2051 2661 ex-

407 2703 675 2768 struitur,
694 2704 751 2754 et
772 2701 982 2754 domus
1002 2699 1349 2764 aediﬁcatur;
1374 2697 1694 2752 interﬁcere
1716 2701 1932 2765 autem,
1951 2701 2053 2750 aut

407 2796 682 2854 evertere,
715 2794 817 2844 aut
873 2789 1182 2844 incendere
1230 2786 1422 2857 quivis
1479 2785 1646 2841 facile
1705 2789 1914 2857 potest.
1972 2787 2050 2840 Ac

404 2879 650 2952 proinde
679 2894 752 2933 ne
781 2893 937 2932 nunc
977 2875 1213 2948 quidem
1248 2875 1598 2930 insolentius
1629 2890 1755 2929 sese
1784 2874 2047 2944 efferant,

403 2968 503 3041 qui
549 2983 722 3024 canes
779 2967 1057 3022 adversus
1113 2980 1348 3037 gregem
1402 2963 1916 3033 eoncitarunt,qui
1976 2980 2048 3019 ne

400 3059 686 3116 oviculam
737 3057 970 3130 quidem
1031 3072 1208 3112 unam
1263 3055 1516 3127 proferre
1565 3058 1833 3126 possunt,
1868 3070 2045 3125 quam

399 3149 766 3215 adduxerint,
799 3147 888 3202 vel
921 3145 1317 3202 conservarint
1358 3145 1471 3198 Nec
1495 3143 1649 3198 enim
1677 3148 1828 3198 recte
1861 3144 2046 3198 facere

2167 561 2265 615 οὐκ
2307 557 2540 638 ἔχοντες.
2594 559 2820 617 Δὲὂοικα
2874 558 2931 615 δὲ
2975 560 3104 623 τοὺς
3165 558 3365 627 ληστᾰς
3421 560 3513 615 καὶ
3557 559 3826 634 κλέπτας,

2170 651 2245 722 μὴ
2289 647 2378 704 διὰ
2424 658 2524 720 τῆς
2577 649 2750 718 αὐλῆς
2803 644 3148 726 ὑπερϐάντες,
3191 649 3228 718 ἢ
3275 648 3516 722 ἀναιδείᾳ
3564 649 3824 722 συλήσω-

2255 785 2269 811 ,
2305 740 2338 807 ἢ
2401 736 2469 792 δι’
2528 739 2737 809 ἀπάτης
2792 737 3088 811 κλέψωσιν,
3145 736 3282 794 ὥστε
3324 741 3499 811 Θῦσαι,
3546 739 3638 795 καὶ
3689 739 3827 794 ἀπο-

2165 833 2390 899 κτεῖναι,
2431 827 2518 882 καὶ
2571 826 2854 896 ἀπολέσαι,
2888 827 3217 904 ἁρπάζοντες
3251 826 3598 903 ἁρπάγματα,
3633 830 3823 905 ψυχας

2165 917 2552 982 κατεσθῖοντες,
2588 915 2662 980 ὥς
2692 938 2775 979 τις
2825 915 2926 993 ἔφη
2982 921 3090 971 τῶν
3136 923 3456 996 προφητῶν.
3504 915 3734 973 Δέδοικα
3765 917 3824 973 δὶ

2165 1006 2264 1074 τὴν
2314 1005 2643 1081 παράθυρον,
2708 1007 2783 1076 μή
2843 1026 2925 1068 τις
2977 1004 3258 1061 ἄκλειστον
3311 1007 3480 1079 εὑρὼν
3528 1011 3636 1062 τῶν
3685 1010 3822 1083 χθὲς

2165 1095 2446 1170 ἡμετέρων
2491 1099 2597 1166 (31)
2653 1095 2741 1149 καὶ
2790 1096 3003 1167 πρώην,
3055 1097 3166 1150 εἶτα
3212 1096 3288 1158 ὡς
3343 1092 3478 1157 ἴδιος
3530 1094 3819 1166 εἰσελθὼν,

2165 1177 2524 1258 ἐπιϐουλεύσῃ
2573 1183 2646 1245 ὡς
2691 1182 3006 1260 ἀλλότριος.
3045 1182 3260 1240 Ιιολλαὶ
3289 1186 3391 1260 γὰρ
3434 1185 3523 1239 καὶ
3562 1184 3820 1239 ποικίλαι

2163 1276 2260 1325 τοῦ
2287 1273 2354 1325 τὰ
2381 1277 2604 1326 τοιαῦτα
2661 1272 3010 1347 ἐνεργοῦντος
3057 1273 3111 1326 αἱ
3163 1272 3457 1346 μεθοδεῖαι·
3505 1274 3595 1328 καί
3637 1271 3820 1335 οὐδεὶς

2165 1360 2339 1422 οὕτως
2388 1360 2720 1436 ἀρχιτέκτων
2777 1358 2996 1423 οὐδενὸς
3039 1367 3144 1416 τῶν
3189 1362 3481 1433 ποικίλων,
3537 1363 3612 1424 ὡς
3659 1384 3818 1440 σοφι-

2165 1449 2294 1516 στής
2325 1449 2512 1511 κακίας
2562 1450 2590 1503 ὁ
2642 1450 3036 1523 ἀντικείμενος.
3087 1448 3310 1505 Δὲδοικα
3358 1449 3415 1506 δὲ
3443 1449 3554 1521 ἤδη
3596 1450 3686 1506 καὶ
3717 1450 3818 1505 κυ-

2161 1559 2257 1600 νας
2305 1540 2438 1612 (32),
2502 1539 2766 1612 ποιμένας
2825 1539 2957 1594 εἶναι
3023 1539 3402 1615 βιαζομένους,
3459 1539 3550 1595 καὶ
3597 1541 3819 1613 τὸ

2163 1625 2490 1702 παράδοξον,
2538 1625 2690 1684 οὐδὲν
2743 1628 2819 1690 εἷς
2869 1630 3233 1703 ποιμαντικὴν
3295 1629 3717 1705 εἰσενεγκόντας,
3781 1631 3817 1699 ἢ

2161 1717 2223 1770 τὸ
2279 1722 2452 1790 κεῖραι
2528 1713 2701 1791 κόμας
2733 1762 2751 1786 ,
2804 1717 2867 1780 ἃς
2941 1722 3120 1780 κακῶς
3197 1716 3441 1789 ἤσκησαν
3486 1739 3499 1751 ·
3560 1719 3615 1773 οἳ
3675 1721 3820 1792 μήτε

2161 1803 2316 1866 κύνες
2346 1807 2459 1878 (34)
2490 1804 2724 1879 ἔμειναν,
2760 1809 2898 1880 μήτε
2942 1809 3197 1880 ποιμένες
3235 1808 3508 1884 γεγόνασι,
3537 1807 3689 1877 πλὴν
3718 1812 3817 1862 τοῦ

2162 1895 2444 1969 σπαράξαι,
2504 1897 2590 1950 καὶ
2649 1893 2952 1971 διασπεῖραι
3015 1899 3150 1971 (35),
3205 1899 3296 1952 καὶ
3347 1895 3597 1952 διαλῦσαι
3640 1898 3815 1952 κόπον

2163 1982 2474 2052 ἀλλότριον.
2510 1983 2729 2054 Ἐπειδὴ
2765 1988 2889 2062 ῥᾷον
2943 1987 3022 2041 ἀεὶ
3072 1989 3133 2041 τὸ
3182 1985 3507 2065 διαφθείρειν
3558 1992 3652 2042 τοῦ
3683 2007 3810 2042 συν-

2157 2078 2365 2148 τηρεῖνο
2420 2074 2508 2128 καὶ
2558 2081 2804 2150 γεννᾶται
2855 2077 2949 2148 μὲν
3000 2077 3283 2151 ἄνθρωπος
3341 2077 3517 2150 κόπῳ,
3574 2077 3737 2156 φησὶν
3784 2079 3813 2132 ὁ

2161 2157 2306 2232 Ἰὼϐ,
2354 2163 2443 2217 καὶ
2491 2170 2840 2240 ναυπηγεῖται
2899 2169 3044 2233 ναῦς,
3099 2167 3189 2220 καὶ
3250 2166 3396 2221 οἰκία
3454 2167 3762 2222 συνίσταται
3795 2186 3811 2200 ο

2159 2251 2475 2306 ἀποκτεῖναι
2535 2249 2610 2322 δῖε,
2661 2253 2695 2322 ἢ
2746 2251 3040 2308 καταλῦσαι
3091 2257 3224 2328 (36),
3361 2255 3662 2331 ἐμπρῆσαι,
3717 2261 3815 2311 τοῦ

2165 2339 2506 2416 βουλομένου
2554 2337 2774 2404 παντός.
2823 2346 2982 2398 ’Ὡστε
3028 2340 3167 2416 μηδὲ
3208 2348 3299 2398 νῦν
3348 2346 3486 2420 μέγα
3513 2346 3814 2422 φρονείτωο

2161 2451 2252 2484 σαν
2309 2431 2360 2484 οἱ
2415 2435 2484 2504 τῇ
2534 2431 2736 2505 ποίμνῃ
2801 2431 2931 2495 τοὺς
3001 2433 3162 2496 κύνας
3214 2432 3700 2504 ἐπαναστήσαντες,
3761 2434 3818 2489 οἵ

2159 2514 2430 2593 πρόϐατον
2484 2520 2578 2593 μὲν
2628 2518 2682 2575 ἓν
2734 2520 2833 2576 οὐκ
2879 2520 2937 2576 ἂν
2984 2518 3163 2597 ἔχοιεν
3197 2523 3386 2594 εἰπεῖν,
3422 2523 3496 2585 ὡς
3526 2527 3818 2598 προσήγα-

2157 2628 2270 2684 γον,
2323 2608 2358 2678 ii
2409 2607 2666 2664 διὲσῶσαν
2688 2629 2700 2642 ·
2754 2610 2816 2666 οὐ
2846 2612 2947 2688 γὰρ
2980 2608 3178 2684 ἔμαθον
3210 2610 3378 2667 καλὸν
3407 2618 3608 2685 ποεῖιν,
3642 2634 3818 2683 πονη-

2160 2697 2275 2772 ρίαν
2335 2696 2677 2768 ἄσκήσαντες.
2738 2699 2803 2756 Εἰ
2862 2697 2919 2755 δὲ
2980 2701 3080 2771 τήν
3152 2701 3388 2774 ποίμνην
3455 2703 3815 2778 ταράσσουσι,

2157 2792 2316 2842 τοῦτο
2364 2789 2453 2841 καὶ
2506 2787 2641 2858 ζάλη
2699 2790 2884 2864 μικρὰ,
2925 2794 3085 2844 τοῦτο
3116 2791 3206 2845 καὶ
3236 2789 3395 2853 νόσος
3425 2789 3618 2865 ὀλίγη,
3651 2797 3814 2846 τοῦτο

2155 2876 2244 2931 καὶ
2293 2876 2479 2952 θηρίον
2532 2877 2583 2930 ἑν
2635 2877 2842 2952 ἀθρόως
2893 2877 3166 2934 ἐπιπεσόν.
3208 2881 3498 2950 Στήτωσαν
3533 2878 3627 2934 οὖν
3661 2881 3711 2934 οἱ

2157 2965 2356 3020 ἑαυτῶν
2420 2964 2647 3040 αἰσχύνῃ
2709 2964 3212 3043 μεγαλαυχούμενοι
3248 2988 3260 3001 ’
3320 2969 3409 3022 καὶ
3469 2972 3810 3041 παυσάμενοι

2152 3061 2252 3122 τῆς
2324 3053 2533 3125 κακίας,
2610 3053 2668 3108 ἂν
2747 3053 2848 3130 ἄρα
2905 3053 3186 3126 δύνωνται,
3254 3061 3806 3132 προσκυνησάτωσαν,

2153 3142 2242 3196 xui
2302 3141 2776 3217 προσπεσέτωσαν,
2833 3143 2924 3198 καὶ
2982 3145 3368 3200 κλαυσάτωσαν
3427 3146 3658 3201 ἐναντίον
3705 3150 3816 3203 Κυ-

2168 760 2244 791 σιν

402 3239 751 3305 didicerunt,
784 3253 914 3292 cum
946 3235 1380 3308 improbitatem
1427 3233 1687 3288 studiose
1719 3232 2044 3288 coluerunt.

2172 3230 2282 3285 :tou
2309 3235 2406 3286 τοῦ
2455 3233 2779 3300 ποιήσαντος
2809 3231 3023 3302 αὐτοὺς,
3056 3234 3145 3287 καὶ
3174 3237 3244 3308 τῇ
3275 3234 3471 3307 ποίμνῃ
3504 3236 3805 3310 μιχθήτω-

408 3331 564 3384 474
593 3328 754 3392 Quod
805 3328 853 3382 si
904 3341 1138 3398 gregem
1174 3325 1540 3396 perturbant,
1573 3322 1725 3376 idem
1777 3325 1833 3376 et
1881 3338 2054 3393 parva

2172 3341 2281 3389 σαν,
2313 3321 2430 3374 ’ὸσοι
2466 3322 2540 3393 μή
2575 3319 2850 3383 παντελῶς
2883 3321 3108 3380 ἀνίατοι.

406 3423 726 3492 tempestas
755 3417 981 3473 efﬁcere
1003 3419 1214 3487 potest,
1237 3413 1391 3467 idem
1423 3416 1479 3467 et
1507 3411 1751 3482 exiguus
1785 3412 2046 3478 morbus,
2069 3409 2221 3466 idem
2254 3415 2309 3467 et
2341 3411 2524 3466 bestia
2552 3428 2668 3466 una
2689 3417 2924 3483 repente
2954 3412 3202 3468 irruens.
3229 3414 3535 3470 Cohibeant
3559 3429 3703 3488 ergo
3731 3430 3821 3481 se,

411 3509 509 3581 qui
542 3526 608 3564 ex
637 3505 957 3580 ignominia
988 3521 1095 3559 sua
1125 3501 1406 3574 gloriandi
1443 3517 1646 3556 ansam
1675 3499 1995 3570 arripiunt;
2030 3506 2204 3570 atque
2235 3500 2593 3572 improbitati
2626 3518 2765 3571 sum,
2790 3501 2835 3556 si
2871 3502 3106 3573 quidem
3141 3504 3388 3574 possint,
3421 3504 3596 3558 ﬁnem
3627 3503 3823 3576 impo-

411 3603 639 3668 nentes,
672 3599 934 3663 adorent,
967 3597 1025 3649 et
1055 3591 1374 3665 procidant,
1407 3594 1463 3645 et
1497 3589 1725 3660 plorent
1757 3605 1952 3645 coram
1983 3588 2229 3645 Domino
2261 3589 2360 3662 qui
2394 3590 2529 3646 fecit
2556 3605 2654 3646 eos
2673 3591 2738 3658 6°,
2773 3591 3051 3664 gregique
3082 3594 3500 3666 adjnngantur,
3532 3599 3831 3666 quotquot

424 3708 537 3746 non
573 3693 711 3744 sunt
740 3685 979 3742 omnino
1011 3678 1388 3737 insanabiles-

491 3779 581 3833 IV.
617 3778 734 3833 Hoc
755 3791 859 3848 ego
889 3773 988 3828 ille
1012 3771 1256 3826 timidus
1288 3773 1486 3840 pastor
1506 3772 1561 3821 et
1582 3766 2063 3838 circumspectus,
2096 3773 2141 3834 ί)

419 3882 666 3940 eamque
688 3866 761 3919 ob
784 3879 1019 3918 causam
1047 3858 1356 3924 cautionis,
1380 3861 1678 3928 tamquam
1701 3857 1942 3928 ignaviae
1965 3872 2065 3910 no-

419 3963 540 4013 tam
572 3955 832 4010 subiens.
862 3952 987 4005 Non
1033 3949 1184 4004 enim
1217 3952 1414 4019 pastor
1442 3962 1571 4001 sum
1603 3961 1671 4000 ex
1701 3961 1900 3999 eorum
1951 3961 2060 3999 nu-

420 4060 580 4102 mero
614 4041 927 4114 quispiam,
962 4039 1063 4109 qui
1122 4038 1208 4091 lac
1255 4035 1588 4100 comedunt,
1622 4039 1679 4088 et
1726 4033 1878 4089 lanis
1925 4049 2060 4104 ope-

418 4136 670 4197 riuntur,
702 4135 759 4186 et
793 4128 946 4200 quod
980 4142 1241 4181 crassum
1272 4128 1360 4181 est
1384 4123 1742 4195 jugulant“,
1767 4139 1832 4178 ae
1865 4121 2060 4178 labore

418 4221 754 4290 conﬁciunt,
781 4222 881 4273 aut
911 4216 1189 4277 vendunt,
1215 4217 1269 4268 et
1313 4213 1519 4268 dicunt
1551 4230 1563 4267 :
1600 4211 1916 4266 Benedictus
1949 4212 2056 4265 Do-

415 4315 623 4381 minus,
655 4311 788 4381 quz’a
827 4307 1025 4362 divites
1071 4305 1214 4376 facti
1242 4319 1430 4357 sumus
1450 4303 1524 4367 7‘;
1553 4301 1652 4372 qui
1685 4300 1908 4370 seipsos
1959 4316 2056 4370 pa-

416 4406 611 4468 scunt,
642 4405 697 4454 et
735 4415 848 4453 non
899 4413 1056 4461 oves,
1089 4393 1135 4448 si
1189 4391 1605 4464 prophetarum
1651 4405 1816 4444 voces
1869 4405 2056 4444 recor-

415 4488 659 4554 damini,
695 4488 909 4559 quibus
939 4484 1020 4538 illi
1068 4483 1127 4537 in
1158 4480 1345 4536 malos
1376 4485 1637 4552 pastores
1665 4477 2053 4546 invehuntur;

411 4596 613 4636 verum
649 4593 714 4632 ex
748 4575 863 4630 illis
895 4574 1110 4646 potius,
1144 4570 1242 4642 qui
1290 4586 1422 4624 eum
1473 4568 1649 4622 Paulo
1681 4567 1871 4622 dicere
1920 4583 2054 4638 pos-

411 4672 552 4726 sunt
585 4685 597 4722 :
633 4667 772 4738 Quis
799 4665 1137 4734 inﬁrmatur,
1170 4663 1222 4714 et
1255 4674 1366 4714 non
1409 4658 1703 4728 inﬁrmor?
1733 4655 1863 4723 Quis
1891 4671 2056 4711 scan-

479 4795 523 4830 ⁶⁶
551 4794 718 4850 Joan.
767 4808 822 4859 x,
876 4787 962 4843 10.
1037 4788 1079 4822 (⁵⁷
1113 4783 1313 4840 Ezech.
1375 4801 1513 4853 xxn,
1572 4784 1661 4838 25.

408 4885 488 4939 ιι,
515 4867 570 4921 5.

481 4989 589 5060 (30)
619 4986 720 5042 Τὰς
754 4981 1023 5060 dicas-pta;
1057 4983 1469 5060 «__lntempe_sta
1500 4984 1782 5060 tempora:
1810 5000 1839 5060 ρ
1874 4975 2050 5032 Intel-

406 5049 536 5134 ligit
567 5049 891 5142 Gregorius
906 5049 1337 5142 C'atholi‘coru‘m
1370 5057 1520 5108 inter
1550 5049 1905 5142 se’dissidia.

477 5119 588 5204 (31)
623 5119 756 5191 Χόἓς
789 5127 1088 5204 ἡμετέρων.
1121 5125 1290 5179 Notat
1328 5140 1446 5190 cos,
1479 5123 1577 5196 qui
1620 5139 1751 5178 cum
1800 5119 2050 5177 Maximo

403 5202 831 5274 contraipsum
865 5202 1320 5274 insurrexerunt.
1369 5267 1400 5274 __
1649 5264 1664 5274 _
1726 5263 1776 5274 η
1863 5262 1870 5270 ,

475 5281 580 5344 (32)
617 5263 712 5328 κᾶὶ
769 5269 950 5336 κύνας,
1005 5278 1113 5323 etc.
1171 5269 1293 5344 ,ῌίοΔ
1335 5265 1538 5322 alludit
1596 5264 1664 5318 ad
1726 5263 2044 5344 Manimum

399 5335 696 5420 Cynicum.
730 5344 850 5398 Vox
901 5335 1405 5420 enirn-«it'jynicus
1437 5359 1464 5387 »
1499 5355 1536 5417 ει
1571 5351 1783 5420 canum
1833 5335 2044 5388 latratu

396 5405 756 5482 desumitur;
811 5415 965 5486 quod
1024 5405 1354 5486 philos-ephi
1412 5407 1596 5486 cynici
1655 5405 2044 5486 undequaque

396 5476 786 5554 oblatrabant,
820 5476 875 5541 et
905 5476 1082 5539 com'ae
1132 5476 1354 5537 alen'dae
1387 5476 1746 5532 et’ornandaa
1796 5477 2046 5546 turpiter

398 5562 733 5614 studebant.

468 5634 577 5696 (33)
608 5627 701 5680 Καί
731 5625 818 5678 τό.
854 5626 992 5696 lteg.
1026 5624 1145 5687 bm,
1181 5617 1212 5671 ὅ
1241 5639 1349 5696 και,

467 5687 575 5778 (34)
607 5697 674 5754 σί
726 5698 864 5768 μήτε
909 5687 1085 5762 κύνες,
1119 5698 1226 5746 etc.
1260 5710 1280 5737 α
1316 5689 1423 5753 Qui
1454 5703 1556 5743 nec
1603 5687 1661 5742 in
1702 5701 1914 5742 canum
1948 5702 2038 5742 or-

1736 4781 1782 4816 δδ
1810 4779 1920 4836 Job
1976 4796 2032 4848 v,
2091 4779 2146 4833 7.

2244 3765 2314 3819 Δ’.
2362 3769 2534 3819 Ταῦτα
2583 3766 2609 3819 ὁ
2655 3763 2833 3828 δειλὸς
2883 3765 2987 3842 ἐγὼ
3030 3769 3238 3840 ποιμὴν
3285 3769 3375 3823 καὶ
3426 3790 3828 3845 περιεσκεμμε-

2171 3868 2284 3918 νος,
2316 3853 2404 3907 καὶ
2438 3851 2526 3907 διὰ
2572 3858 2732 3910 τοῦτο
2775 3855 2874 3924 τὴν
2918 3856 3210 3934 ἀσφάλειαν
3243 3857 3321 3919 ὡς
3361 3857 3628 3933 ῥᾳθυμίαν
3674 3859 3830 3934 ἐγκα-

2173 3940 2459 4014 λούμενος.
2509 3941 2586 4000 Οὔ
2633 3947 2736 4020 γάρ
2786 3944 2902 4017 εἶμι
2948 3947 3158 4019 ποιμὴν
3212 3945 3429 4000 ἐκείνων
3472 3968 3559 4008 τις
3603 3952 3712 4002 τῶν
3761 3948 3825 4002 τὸ

2171 4029 2315 4105 γάλα
2366 4031 2780 4102 κατεσθιόντων,
2839 4033 2929 4087 καὶ
2982 4035 3046 4087 τὰ
3105 4032 3222 4109 ἔρια
3298 4030 3821 4112 περιϐαλλομένων,

2169 4118 2259 4173 καί
2305 4121 2367 4174 τὸ
2413 4120 2564 4195 παχὺ
2614 4121 2946 4198 σφαζόντων,
3011 4121 3099 4176 καί
3159 4123 3357 4198 μόχθῳ
3418 4125 3826 4199 κατεργαζομέ-

2166 4230 2292 4276 νων,
2346 4210 2380 4277 ἣ
2438 4209 2913 4283 ἆπεμπωλούντων
2973 4214 3086 4282 (37)
3144 4212 3234 4266 καὶ
3283 4211 3571 4288 λεγόντων·
3625 4214 3822 4268 Ἐὐλο-

2166 4298 2336 4370 γητὸς
2408 4297 2624 4374 Κύριος,
2696 4299 2784 4354 καὶ
2857 4299 3332 4373 πεπλουτήκαμεν⁸
3411 4303 3824 4374 ποιμαινόντων

2168 4385 2410 4453 ἑαυτοὺς,
2457 4385 2519 4440 οὗ
2566 4387 2634 4441 τὰ
2678 4382 2944 4462 πρόϐατα,
2995 4385 3050 4442 εἷ’
3087 4410 3137 4443 τι
3178 4394 3286 4443 τῶν
3314 4396 3669 4467 προφητικῶν
3705 4413 3822 4469 φω-

2165 4478 2270 4527 νῶν
2309 4473 2584 4547 μέμνησθε
2837 4474 2906 4530 δι’
2955 4475 3027 4530 ὧν
3083 4477 3277 4533 ἐκεῖνοι
3307 4477 3433 4540 τοὺς
3461 4480 3670 4541 κακοὺς
3701 4501 3826 4535 ποια

2169 4563 2325 4635 μένας
2385 4561 2722 4618 ἐλαύνουσιν·
2783 4564 2911 4620 ἀλλ’
2950 4565 3165 4621 ἐκείνων
3203 4565 3418 4640 μᾶλλον
3444 4572 3549 4622 τῶν
3583 4565 3825 4642 δυναμὲο

2163 4673 2266 4706 νων
2317 4651 2485 4707 εἰπεῖν
2549 4654 2682 4726 μετὰ
2737 4651 2960 4709 Παύλυυ
2993 4674 3006 4687 ⁸
3084 4655 3185 4718 Τίς
3261 4656 3484 4729 ἀσθενεῖ,

2835 4782 2879 4816 ⁷ο
2908 4781 3108 4837 Ezech.
3169 4798 3363 4851 xxxiv,
3420 4784 3474 4838 3.

3563 4659 3656 4711 καὶ
3723 4659 3825 4714 οὐκ

2223 4780 2268 4814 ⁶⁹
2305 4779 2455 4835 Psal.
2507 4797 2653 4848 χειν,
2703 4781 2758 4836 6.
2835 4782 2879 4816 ⁷ο
2908 4781 3108 4837 Ezech.
3169 4798 3363 4848 xxxiv,
3420 4784 3474 4838 3.
3553 4785 3594 4820 '“
3643 4785 3818 4842 Zach.

2162 4974 2296 5055 dine
2338 4979 2701 5055 manserunt,
2728 4997 2755 5023 »
2787 4981 2920 5040 etc.,
2956 4977 3170 5055 id__es_t,
3190 4978 3394 5055 inquit
3431 4978 3621 5055 _Elias,
3651 5004 3678 5028 ι(
3713 4997 3817 5037 nec

2161 5046 2675 5120 Cynicusmansit,
2701 5063 2806 5104 nec
2835 5064 2966 5104 vere
2991 5046 3360 5106 Christianus
3388 5051 3633 5107 effectus
3666 5061 3813 5120 est,»

2160 5117 2386 5173 scilicet
2417 5116 2724 5173 Maximus.

2227 5191 2705 5266 (35)_A_11<{1reipat.
2737 5187 2876 5266 Tres
2902 5189 3086 5245 Colb..
3121 5186 3443 5266 διαφθεῖραι,
3477 5215 3504 5242 α
3539 5211 3804 5252 corrum-

2157 5278 2312 5331 pere,
2348 5259 2765 5334 labefactare}
2802 5260 3157 5334 Siegquoque
3187 5259 3630 5334 legit'Ruﬁnus.

2227 5333 2339 5401 (36)
2372 5327 2695 5416 Καταλῦσαι.
2727 5331 2852 5388 Ι)υο
2886 5327 3087 5405 Ηέεε.)
3118 5327 3372 5405 quatuor
3398 5335 3582 5404 Colb.,
3619 5337 3718 5393 Or.
3756 5341 3801 5406 1,

2153 5408 2262 5459 etc.
2275 5443 2289 5466 ,
2321 5405 2632 5456 καταδῦσαι.

2226 5476 2336 5545 (37)
2399 5476 2536 5528 Ἀπε
2545 5469 2941 5545 μπωλούντων.

2149 5563 2255 5598 των
2267 5588 2279 5600 .

2223 5617 2333 5692 (38)
2366 5613 2761 5692 Μέμνησθε..1η
2800 5617 3180 5692 quibusdam,
3228 5621 3320 5672 νῦν
3370 5621 3700 5692 μεμνῆσθαι.
3732 5620 3792 5676 In

2149 5683 2643 5760 811ἰ8,’μεμνῆσθαι
2679 5683 2759 5742 δεῖ
2789 5683 2886 5748 ὧν.

3032 5475 3174 5548 Reg.
3257 5475 3329 5544 b,
3415 5474 3799 5548 ἀπεμπολοῦν-
