4094 6212
296 423 456 484 1233

299 555 548 624 ἂσθενῶ;
628 552 709 616 τίς
767 550 1198 623 σκανδαλίζεται,
1254 553 1343 609 καὶ
1401 555 1500 610 οὐκ
1574 555 1681 627 ἐμη

298 666 404 714 σις,
462 644 497 712 ἢ
558 642 774 721 φροντίς
1036 643 1107 698 Οὐ
1151 645 1250 720 γάρ
1305 649 1450 716 ζητῶ
1491 644 1557 700 τὰ
1589 645 1760 718 ὑμῶν,
1818 641 1946 698 ἀλλ’

293 735 455 807 ὑμᾶς.
512 732 617 788 Καὶ
673 732 969 808 Ἐγενόμην
1029 733 1418 809 συγκαιόμενος
1490 737 1600 808 (40)
1677 739 1754 806 τῷ
1815 732 1943 810 καύ-

292 844 420 878 σωνι
490 824 589 891 τῆς
666 810 901 898 ἡμέρας,
976 822 1066 876 καὶ
1141 827 1219 894 τῷ
1294 828 1508 899 παγετῷ
1579 831 1678 892 τῆς
1754 824 1941 884 νυκτὸς

296 911 640 985 πιεζόμενος’
691 911 1030 986 πατριάρχου
1080 917 1232 990 φωνὴ
1290 913 1574 986 ποιμένος,
1634 914 1694 967 οὗ
1732 913 1797 966 τά
1829 911 1943 965 ἐπί-

293 1023 445 1076 σημα
502 995 768 1077 πρόϐατα,
827 1001 917 1054 καὶ
973 1006 1092 1062 ταῖς
1162 1001 1362 1065 ἐκεῖθεν
1433 1001 1620 1072 ληνοῖς
1694 1000 1939 1076 ἐγκισσᾷν

298 1091 693 1166 μελετήσαντα.
734 1087 886 1144 Οὕτω
922 1091 1015 1163 μὲν
1049 1089 1162 1160 οὖν,
1222 1091 1309 1146 καὶ
1371 1089 1457 1145 διὰ
1502 1096 1668 1146 ταῦτα
1714 1089 1940 1158 ἐπέστην

294 1182 448 1254 ὑμῖν,
496 1180 584 1234 καὶ
630 1177 803 1241 οὕτως
844 1175 1090 1254 ἔχουσιν.
1142 1180 1290 1234 Ἐπεὶ
1337 1177 1395 1234 δὲ
1453 1178 1700 1251 ἐπέστην,
1761 1177 1940 1252 δῶμεν

293 1268 462 1344 λόγον
507 1267 801 1339 ἀλληλοις,
853 1269 925 1322 ὢν
981 1268 1175 1342 μεταξὺ
1232 1270 1684 1343 κατωρθώσαμεν.
1721 1266 1939 1338 Ἐπειδὴ

293 1358 460 1415 καλὸν
537 1359 612 1432 μὴ
674 1356 916 1433 ῥήματος
970 1358 1129 1430 μόνον
1185 1357 1272 1413 καὶ
1330 1359 1593 1434 πράξεως,
1657 1356 1801 1412 ἀλλᾶ
1855 1356 1943 1412 καί

293 1452 486 1525 καιροῦ
531 1447 748 1519 παντὸς,
806 1445 896 1502 καὶ
941 1445 1086 1522 ὥρας
1143 1446 1310 1516 αὐτῆς
1365 1451 1462 1502 τοῦ
1515 1447 1796 1522 ἀκαριαίου
1854 1448 1943 1500 καὶ

298 1535 631 1593 λεπτοτάτου
680 1533 881 1590 οἳεσθαι
940 1535 1100 1611 λόγον
1153 1536 1486 1591 ἀπαιτεῖσθαι
1544 1539 1713 1608 ἡμᾶς.
1763 1538 1942 1609 Ὑμεῖς

301 1627 396 1698 μέν
426 1628 536 1699 (41)
595 1623 961 1700 ἀπαγγείλατέ
995 1645 1087 1698 μοι
1117 1627 1213 1694 την
1249 1625 1497 1702 ἐργασίαν
1525 1628 1624 1695 τήν
1660 1626 1940 1701 ὑμετέρανυ

291 1716 401 1791 ἐγὼ
429 1713 486 1770 δέ
517 1713 592 1779 είς
629 1713 789 1788 μάσον
818 1715 991 1785 θήσω,
1025 1713 1056 1769 ἃ
1085 1717 1201 1779 καθ’
1234 1713 1465 1791 ἡσυχίαν
1501 1715 1719 1789 ἐμαυτῷ
1750 1735 1942 1789 συγγε-

293 1804 520 1878 νόμενος
553 1802 944 1882 ἐφιλοσόφησα.

365 2073 420 2126 E'
446 2068 575 2125 Τίνα
609 2071 701 2144 μὲν
726 2069 950 2145 θεωρίαν
967 2074 1072 2126 τῶν
1096 2067 1342 2144 ὑψηλῶν,
1363 2067 1401 2140 ἤ
1422 2072 1549 2145 παρ’
1577 2070 1712 2144 ἐμοῦ
1743 2064 1941 2125 λαϐόν-

294 2181 380 2222 τες
413 2158 726 2238 ἐφυλάξατε,
759 2161 793 2228 ἢ
820 2160 944 2233 παρ’
968 2159 1118 2231 ὑμῶν
1147 2159 1320 2215 αὐτῶν
1356 2159 1719 2235 εἰσηνέγκατε,
1818 2158 1939 2234 περὶ

291 2248 602 2324 θεολογίας,
633 2251 667 2318 ἢ
700 2249 824 2324 περὶ
861 2253 967 2303 τῶν
1002 2246 1187 2304 ἄλλων
1223 2246 1531 2323 δογμάτων,
1577 2251 1610 2303 ἅ
1638 2247 1825 2304 πολλά
1852 2247 1941 2302 καὶ

290 2338 561 2400 πολλάκις
592 2339 717 2411 ὑμῖν
750 2337 1060 2414 παρεθέμην
1084 2358 1096 2406 ;
1133 2343 1287 2407 Ζητῶ
1311 2339 1413 2414 γὰρ
1440 2339 1503 2392 οὗ
1527 2338 1588 2392 τὸ
1612 2336 1816 2393 δάνειον
1848 2337 1944 2410 μό-

289 2451 410 2497 νον,
443 2426 587 2485 ἇλλά
613 2429 702 2482 καὶ
733 2430 824 2482 τὸν
854 2427 1033 2482 τόκον’
1082 2427 1142 2482 οὐ
1189 2428 1249 2482 τὸ
1279 2427 1540 2483 τάλαντον
1579 2428 1765 2501 μόνον,
1801 2427 1945 2483 ἀλλὰ

290 2518 379 2572 καὶ
410 2518 509 2585 τήν
545 2515 816 2593 ἐργασίαν·
855 2518 928 2590 μή
962 2537 1046 2578 τις
1098 2516 1439 2593 κατακρύψας
1485 2517 1572 2571 καὶ
1618 2518 1941 2592 καταχώσας

289 2604 352 2661 td
411 2607 714 2678 πιστευθὲν,
759 2602 835 2660 ἔτι
895 2607 982 2660 καὶ
1038 2604 1438 2679 καταψεύδηται
1487 2611 1584 2661 τοῦ
1622 2607 1942 2660 πιστεύσαν-

289 2717 408 2768 τος,
459 2695 532 2758 ὡς
576 2693 817 2772 σκληροῦ
847 2716 904 2750 τε
933 2694 1020 2750 καὶ
1051 2700 1157 2750 τῶν
1190 2695 1496 2772 ἀλλοτρίων
1532 2696 1940 2768 ἐπιθυμοῦντος.

291 2785 414 2840 Τίνα
465 2781 522 2841 δέ
568 2784 757 2860 πρᾶξιν
805 2788 913 2839 τῶν
966 2783 1390 2856 ἐπαινουμένων,
1450 2785 1483 2854 ἢ
1524 2782 1662 2856 μηδὲ
1690 2791 1788 2854 τῆς
1823 2786 1938 2859 ἀρι-

290 2879 478 2949 στερᾶς
525 2871 920 2948 γινωσκοῦσης,
969 2872 1468 2951 ἐκαρποφορῆσατε,
1605 2872 1740 2927 ὥστε
1801 2873 1941 2946 λάμ-

288 2983 406 3016 πειν
455 2962 520 3015 τὸ
568 2965 682 3038 φῶς
735 2961 884 3032 ὑμῶν
933 2958 1236 3036 ἔμπροσθεν
1281 2965 1387 3016 τῶν
1430 2961 1851 3037 ἀνθρώπωνοῖιΐ
1885 2962 1944 3016 ἐκ

287 3054 384 3104 τοῦ
410 3053 621 3122 καρποῦ
649 3049 711 3103 τὸ
743 3045 958 3125 δένδρον
991 3047 1207 3124 δειχθῇ,
1265 3049 1352 3103 καὶ
1408 3047 1496 3104 διὰ
1541 3053 1648 3104 τῶν
1685 3051 1938 3122 μαθητῶν

290 3139 317 3192 ὁ
377 3135 704 3199 διδάσκαλος
761 3139 874 3211 (42)
921 3140 1212 3214 γνωρισθῇ,
1269 3137 1358 3192 καὶ
1408 3136 1529 3212 εἷ’πῃ
1575 3160 1656 3200 τις
1703 3144 1808 3194 τῶν
1853 3139 1942 3194 ἐπ-

288 3226 626 3281 οπτευόντων
653 3225 720 3280 τά
749 3227 988 3302 ἡμέτερα
1017 3225 1242 3299 (πολλοὶ
1276 3225 1332 3282 δὲ
1364 3226 1515 3297 εἰσιν,
1537 3227 1588 3281 οἱ
1625 3229 1717 3300 μὲν
1753 3226 1822 3283 δι’
1853 3229 1940 3283 εὑ-

1421 424 1712 485 ΟΗΑΤΙΟ
1759 423 1975 483 XXVI.
2019 457 2090 466 —
2136 425 2213 484 ΙΝ
2262 425 2625 487 SElPSUM.

1759 555 1943 630 πύρω-
1972 558 2028 623 Α
2057 555 2358 622 daliz-alur,
2392 567 2442 612 ct
2486 575 2578 628 ego
2624 574 2733 611 non
2778 574 2932 628 uror,
2983 566 3034 613 et
3081 575 3212 612 cura
3261 557 3567 612 discrucior
3613 556 3708 611 72?

3552 425 3707 483 1234

2052 644 2167 700 Non
2201 649 2345 701 enim
2398 664 2516 717 quae
2565 656 2739 702 vestra
2785 652 2915 702 sunt
2955 663 3159 717 quacro,
3211 647 3300 700 sed
3342 663 3430 701 vos
3478 647 3540 700 ⁷³.
3589 646 3701 700 Et:

2053 737 2306 790 Perustus
2345 753 2466 790 sum
2497 747 2632 792 aestu
2679 737 2810 801 diei,
2847 745 2898 792 rt
2944 745 3219 792 nocturna
3247 737 3422 807 glacie
3453 743 3704 800 vexatus,

2053 824 2244 894 inquit
2292 826 2624 896 patriarcha
2675 827 2855 881 Jacob
2892 826 2956 896 ⁷⁸,
3008 827 3178 892 cuius
3227 829 3367 880 sunt
3412 841 3544 880 oves
3593 824 3704 880 illae

2054 913 2294 986 signatae
2326 916 2390 984 ⁷⁵,
2423 919 2477 970 et
2527 934 2653 988 qua:
2686 915 2745 970 in
2794 915 3125 971 cwlestibus
3157 915 3460 970 canalibus
3509 914 3702 968 conci-

2053 1020 2187 1074 pere
2218 1003 2564 1059 didicerunt.
2604 1005 2695 1060 Sic
2727 1005 2923 1077 igitur,
2957 1009 3129 1076 atque
3161 1004 3249 1059 his
3282 1005 3351 1058 de
3383 1003 3595 1068 causis,
3630 1003 3700 1058 ad

2051 1109 2173 1159 vos,
2207 1094 2278 1148 ad
2311 1093 2465 1148 hunc
2501 1097 2734 1149 modum
2768 1095 3024 1158 affectos,
3057 1093 3702 1164 accessi.Posteaquam

2053 1189 2245 1237 autem
2280 1183 2518 1247 accessi,
2548 1201 2672 1254 age,
2707 1184 2858 1238 inter
2889 1201 2990 1238 nos
3023 1200 3089 1238 ea
3119 1183 3538 1248 subducamus,
3573 1199 3704 1253 qua:

2052 1272 2272 1327 interea
2304 1277 2457 1327 recte
2489 1278 2544 1326 et
2583 1290 2715 1327 cum
2745 1271 2958 1326 virtute
3006 1272 3319 1343 gessimus.
3351 1271 3699 1327 Praeclarum

2053 1363 2206 1416 enim
2239 1365 2328 1416 est
2361 1377 2465 1415 nos
2499 1363 2554 1416 in
2586 1361 2693 1416 hac
2723 1360 2995 1432 Opinione
3026 1361 3265 1425 versari,
3293 1364 3352 1415 ut
3385 1378 3496 1416 non
3531 1362 3700 1417 modo

2052 1450 2360 1516 sermonis,
2396 1455 2496 1504 aut
2526 1450 2791 1514 actionis,
2827 1449 2927 1504 sed
2959 1449 3138 1504 totius
3168 1449 3342 1504 etiam
3395 1449 3698 1520 temporis,

2052 1545 2229 1610 atque
2261 1539 2402 1593 adeo
2437 1539 2766 1593 tenuissimi
2791 1543 2847 1594 et
2877 1537 3205 1594 brevissimi
3227 1538 3513 1608 cujusque
3544 1537 3699 1591 horae

2053 1627 2338 1683 momenti
2385 1627 2670 1682 rationem
2703 1645 2736 1682 a
2785 1627 2955 1682 nobis
3005 1625 3228 1698 reposci
3276 1625 3696 1682 existimemus.

2054 1716 2243 1771 Facite
2272 1715 2471 1787 igitur,
2505 1721 2568 1770 ut
2599 1715 2738 1771 mihi
2787 1732 3022 1788 operam
3055 1720 3310 1770 vestram
3341 1720 3398 1770 et
3435 1715 3698 1770 studium

2053 1806 2395 1876 exponatis:
2431 1809 2486 1860 et
2537 1803 2663 1876 ipse
2709 1804 2968 1859 vicissim
3019 1803 3079 1857 in
3129 1801 3388 1858 medium
3438 1804 3697 1870 afferam,

1973 1931 2021 1994 Β
2052 1910 2182 1966 qua;
2211 1910 2440 1949 mecum
2474 1893 2618 1966 ipse,
2649 1911 2785 1951 cum
2817 1893 2978 1950 solus
3007 1909 3221 1962 essem,
3254 1891 3700 1964 philosophatus

2053 2001 2207 2040 sum.

2123 2073 2184 2126 V.
2224 2073 2479 2144 Ecquam
2509 2089 2704 2128 rerum
2737 2071 3082 2128 sublimium
3123 2068 3700 2141 contemplationem,

2053 2167 2153 2218 aut
2182 2181 2215 2217 a
2253 2179 2340 2217 me
2371 2166 2664 2233 acceptam
2717 2162 2930 2217 animis
2962 2161 3168 2216 vestris
3217 2158 3564 2224 retinuistis,
3598 2160 3701 2214 aut

2051 2268 2085 2305 a
2130 2249 2293 2306 vobis
2345 2249 2488 2322 ipsis
2535 2249 2888 2315 contulistis,
2926 2249 3014 2304 vel
3067 2250 3138 2304 de
3190 2246 3512 2303 divinitatis
3563 2247 3699 2302 doc-

2052 2340 2226 2407 trina,
2265 2337 2352 2394 vel
2401 2340 2470 2394 de
2520 2338 2652 2394 aliis
2704 2339 2836 2392 fidei
2887 2339 3196 2410 capitibus,
3247 2354 3370 2407 quas
3417 2351 3522 2408 ego
3572 2353 3702 2408 per—

2054 2427 2243 2482 multa
2273 2434 2328 2482 et
2357 2445 2613 2499 persaepe
2646 2428 2808 2482 vobis
2840 2427 3131 2499 apposui?
3161 2427 3359 2498 Neque
3389 2425 3545 2481 enim
3581 2441 3706 2479 mu-

2055 2525 2222 2571 tuum
2274 2517 2555 2571 duntaxat
2603 2533 2818 2588 quzero,
2869 2533 3070 2572 verum
3120 2516 3296 2571 etiam
3347 2515 3556 2582 fenus;
3599 2530 3704 2568 nec

2053 2605 2336 2660 talentum
2385 2605 2596 2670 solum,
2648 2606 2748 2660 sed
2803 2610 2860 2660 ct
2913 2603 3114 2660 talenti
3166 2608 3457 2675 quaestum
3505 2603 3591 2656 7°:
3632 2617 3705 2656 ne

2053 2696 2181 2765 quis
2215 2697 2377 2763 forte,
2429 2711 2562 2750 cum
2593 2695 2650 2749 in
2685 2700 2836 2750 terra
2861 2694 2940 2763 id,
2975 2694 3128 2766 quod
3178 2691 3289 2764 ipsi
3319 2690 3703 2746 commissum

2053 2791 2159 2855 est,
2212 2784 2536 2854 occultat-it,
2585 2788 2641 2839 et
2697 2784 3000 2848 defoderit,
3059 2783 3404 2838 creditorem
3465 2780 3707 2851 insuper

2053 2873 2218 2940 falso,
2253 2881 2315 2928 ut
2363 2875 2577 2928 durum
2610 2879 2666 2928 et
2696 2874 2993 2939 acerbum,
3025 2879 3198 2943 atque
3249 2870 3574 2926 alienarum
3616 2886 3704 2925 re-

2052 2982 2182 3019 rum
2215 2965 2532 3035 cupiditate
2563 2965 2710 3020 475
2749 2964 3092 3035 ﬂagrantem
3123 2961 3484 3016 criminetur.
3518 2962 3705 3026 Quam

2053 3053 2358 3110 honestam
2410 3057 2466 3108 et
2494 3051 2850 3108 laudabilem
2902 3052 3189 3107 actionem
3240 3047 3588 3122 protulistis,
3614 3047 3704 3103 vel

2050 3141 2132 3197 ita
2161 3141 2402 3209 occulte,
2440 3146 2503 3196 ut
2549 3158 2616 3196 ne
2647 3141 2886 3197 sinistra
2933 3140 3171 3211 quidem
3205 3156 3417 3194 manus
3461 3137 3608 3193 sciat
3634 3138 3700 3205 ⁷⁷,

2050 3231 2137 3285 vel
2167 3231 2342 3286 etiam
2388 3236 2605 3302 aperte,
2642 3234 2705 3284 ut
2733 3229 2831 3284 lux
2879 3234 3072 3285 vestra
3119 3244 3312 3284 coram
3361 3225 3703 3282 hominibus

288 3315 494 3386 δοκίαν,
553 3318 604 3370 οἱ
658 3313 715 3371 δέ
771 3316 860 3370 καὶ
913 3317 1259 3392 περιέργως),
1319 3317 1399 3371 ὅτι
1443 3298 1670 3380 ὅντως-ὁ
1703 3319 1831 3382 Θεὸς
1886 3321 1933 3375 ἐν

2052 3319 2241 3374 luceat
2269 3320 2334 3385 ⁷⁸,
2367 3326 2423 3374 et
2470 3320 2643 3375 arbor
2671 3336 2739 3374 ex
2788 3320 2978 3374 fructu
3013 3321 3364 3390 agnoscatur
3393 3318 3457 3384 7°,
3492 3319 3547 3370 et
3577 3333 3701 3371 ma-

287 3406 414 3481 ὑμῖν
462 3408 576 3480 (43)
629 3404 789 3477 ἐστιν,
839 3405 900 3460 οὐ
930 3405 1335 3478 κηρυσσόμενος
1373 3407 1539 3481 ὑγιῶς
1576 3406 1761 3478 μόνον,
1793 3405 1939 3462 ἀλλά

293 3495 382 3550 καὶ
427 3494 864 3570 λατρευόμενος;
913 3500 998 3555 Ὡς
1057 3494 1159 3569 γάρ
1201 3494 1299 3548 οὑκ
1355 3492 1463 3548 ἔστι
1496 3497 1670 3569 χωρὶς
1703 3494 1936 3558 πίστεως

288 3584 478 3658 πρᾶξις
529 3581 772 3660 ἔγκριτος
821 3579 1029 3656 (ἐπειδὴ
1070 3582 1157 3636 καὶ
1209 3580 1369 3652 δόξης
1398 3579 1567 3637 ἕνεκεν
1627 3585 1677 3637 oi
1731 3583 1934 3639 πολλοὶ

283 3674 344 3727 τὸ
387 3671 552 3727 καλὸν
605 3669 1004 3741 ἐπιτηδεύουσι,
1054 3670 1143 3725 καὶ
1208 3670 1416 3748 φύσεως
1456 3671 1626 3734 οὕτως
1672 3671 1932 3746 ἔχοντες)

285 3761 428 3817 οὕτω
471 3763 558 3817 καὶ
607 3763 642 3830 ἡ
692 3760 870 3822 πίστις
929 3760 1103 3837 χωρὶς
1161 3758 1328 3834 ἔργων
1380 3759 1559 3834 νεκρά.
1612 3761 1707 3814 Καὶ
1742 3764 1815 3833 μή
1852 3783 1933 3823 τις

285 3851 424 3924 ὑμᾶς
474 3851 728 3906 ἀπατάτω
776 3854 952 3912 κενοῖς
1003 3847 1188 3924 λόγοις
1233 3853 1339 3902 τῶν
1374 3850 1544 3903 πάντα
1583 3850 1934 3925 συγχωρούν-

277 3961 384 3996 των
435 3937 690 4012 ἰτοίμως,
743 3938 874 4013 ὑπὲρ
919 3937 1034 3999 ἐνὸς
1079 3943 1175 3992 τοῦ
1206 3932 1413 3993 ἀσεϐεῖν
1449 3936 1500 3992 ἐν
1531 3944 1646 4000 τοῖς
1677 3935 1930 4014 δόγμασι,

277 4028 617 4106 καὶφαῦλον
659 4021 1114 4083 καταϐαλλόντων
1173 4025 1358 4100 μισθὸν
1411 4025 1619 4100 φαύλου
1678 4026 1929 4103 πράγμα-

277 4138 392 4179 τος,
427 4116 638 4188 Δείξατε
668 4117 758 4170 οὖν
792 4115 850 4170 ἐκ
891 4120 996 4170 τῶν
1030 4112 1202 4190 ἔργων
1248 4116 1345 4183 τὴν
1378 4114 1579 4188 πίστιν,
1609 4122 1707 4184 τῆς
1740 4118 1928 4192 χώρας

282 4206 434 4278 ὑμῶν
490 4207 553 4261 τὸ
605 4205 854 4277 γόνιμον,
908 4203 952 4259 εἰ
1011 4206 1086 4277 μή
1149 4203 1221 4266 εἷς
1277 4205 1426 4259 κενὸν
1486 4203 1826 4280 ἐσπείραμεν,
1882 4206 1930 4260 εἴ

279 4291 493 4371 δράγμα
539 4315 588 4349 τι
641 4293 694 4349 ἐν
743 4295 894 4366 ὑμῖν,
939 4298 1036 4348 τοῦ
1084 4301 1308 4362 ποιῆσαι
1350 4291 1551 4369 ἄλευρα
1583 4294 1739 4370 ἰσχὺν
1773 4294 1924 4371 ἔχον,

275 4385 362 4437 καὶ
421 4385 709 4453 ἀποθηκῶν
773 4380 939 4454 ἄξιον,
1008 4380 1100 4436 ἵνα
1169 4382 1256 4436 καὶ
1315 4383 1720 4459 προθυμότερον
1782 4384 1921 4456 ὑμᾶς

2047 3408 2228 3480 gister
2255 3425 2355 3479 per
2385 3409 2704 3480 discipulos
2735 3407 3084 3473 innotescat,
3119 3424 3183 3462 ac
3217 3407 3371 3461 dicat
3401 3403 3699 3477 quispiam

2046 3517 2266 3569 eorum,
2299 3500 2397 3570 qui
2460 3501 2584 3552 vita:
2646 3503 2855 3553 nostra:
2916 3497 3168 3552 rationes
3225 3496 3559 3568 inspectant
3615 3497 3696 3566 (id

2047 3589 2200 3660 quod
2237 3589 2402 3643 multi
2452 3587 2692 3656 faciunt,
2728 3587 2824 3642 alii
2875 3587 3126 3658 benigna
3169 3586 3466 3642 voluntate
3516 3585 3699 3653 ducti,

2046 3677 2138 3732 alii
2174 3678 2508 3733 curiositate
2557 3677 2845 3748 impulsi),
2880 3677 3032 3746 quod
3068 3691 3195 3730 vere
3241 3675 3394 3729 Deus
3427 3674 3486 3728 in
3535 3672 3698 3728 vobis

2045 3765 2120 3820 sit
2149 3767 2215 3831 ⁸ο,
2249 3783 2361 3819 non
2419 3765 2588 3818 modo
2622 3782 2762 3818 sane
2813 3781 2877 3819 ac
2919 3763 3143 3818 sincere
3190 3762 3558 3833 praedicatus,
3593 3762 3694 3816 sed

2042 3854 2216 3908 etiam
2250 3854 2444 3907 cultus
2479 3858 2534 3907 ct
2581 3854 2859 3907 adoratus
2883 3852 2910 3905 ?
2944 3851 3015 3906 Ut
3046 3851 3202 3906 enim
3235 3850 3383 3904 actio
3425 3849 3551 3904 sine
3583 3850 3696 3904 fide

2043 3960 2156 3997 non
2192 3948 2279 3997 est
2309 3939 3070 4012 accepta-(quandoquidem
3123 3938 3290 3994 multi
3325 3938 3519 4010 gloriae
3567 3943 3689 3993 stu-

2040 4031 2156 4098 dio,
2193 4036 2367 4102 atque
2416 4031 2590 4085 etiam
2625 4049 2658 4086 a
2689 4035 2898 4084 natura
2937 4029 3016 4084 ita
3065 4027 3382 4096 informati,
3415 4027 3689 4084 virtutem

2039 4120 2280 4192 colunt),
2313 4120 2394 4174 ita
2441 4120 2584 4174 fides
2616 4120 2740 4175 sine
2788 4119 3060 4190 Operibus
3107 4125 3336 4172 mortua
3389 4122 3478 4171 est
3505 4116 3572 4170 3‘.
3606 4120 3689 4170 Ac

2038 4209 2321 4276 videte,ne
2344 4209 2476 4280 quis
2491 4225 2690 4264 eorum
2706 4208 3092 4264 vosinanibus
3105 4206 3297 4261 verbis
3311 4195 3685 4276 declpiat,qui

2036 4300 2234 4354 omnia
2282 4299 2552 4354 omnibus
2604 4298 2712 4353 hac
2768 4315 2883 4352 una
2934 4298 3004 4351 de
3043 4313 3220 4351 causa
3267 4293 3432 4350 facile
3481 4311 3688 4350 conce-

2035 4390 2200 4456 dunt,
2220 4394 2282 4443 ut
2317 4389 2495 4460 impia
2517 4389 2790 4458 dogmata
2813 4385 3079 4440 homines
3104 4383 3686 4454 complexcntur,ma-

273 4473 696 4550 γεωργήσωμεν.
755 4471 844 4533 Τίς
895 4470 968 4532 εἷς
1027 4470 1210 4525 ἑκατὸν
1287 4477 1632 4546 καρποτοκεῖ,
1708 4473 1790 4534 τίς
1849 4473 1923 4536 εἷς

2048 4495 2265 4549 ηᾶΠΙΙΙυΘ
2298 4477 2377 4532 rei
2431 4477 2594 4532 male:
2627 4476 2952 4531 mercedem
2998 4473 3356 4547 persolvunt.
3387 4477 3460 4526 Ex
3495 4471 3683 4542 operi-

275 4561 553 4634 ἐξηκοντα,
583 4561 667 4623 τίς
697 4561 758 4614 τὸ
787 4559 1096 4615 τελευταῖον
1129 4560 1224 4614 κᾶν
1258 4559 1334 4622 εἰς
1381 4561 1669 4636 τριάκοντα
1701 4579 1713 4590 °
1744 4562 1782 4630 ἢ
1839 4562 1920 4623 τίς

2033 4568 2142 4622 bus
2206 4583 2342 4638 ergo
2403 4566 2595 4632 fidem,
2660 4572 2940 4636 terrasque
3003 4568 3207 4618 vestrae
3267 4561 3681 4618 fecunditatem

272 4649 508 4724 ἔμπαλιν
557 4650 662 4705 ἀπὸ
707 4654 805 4704 τοῖ’)
851 4651 1145 4725 τριάκοντα
1182 4649 1258 4712 εἷς
1306 4650 1397 4704 τὸν
1431 4650 1691 4720 ἐξήκοντα
1719 4649 1918 4726 προελ-

2048 4655 2339 4721 ιεῐθιιάίῐθ,
2373 4661 2436 4709 ut
2489 4654 2861 4725 perspicuum
2906 4652 3025 4720 fiat,
3059 4669 3130 4706 an
3185 4651 3403 4706 frustra
3450 4667 3679 4706 semen-

271 4741 377 4804 θὼν
418 4737 642 4816 (ἔχομεν
692 4741 794 4815 γὰρ
825 4738 914 4792 καὶ
954 4737 1151 4809 ταύτην
1181 4736 1232 4792 ἐν
1265 4743 1382 4800 τοῖς
1413 4737 1784 4815 ’Χῦαγγελίοις
1817 4741 1914 4810 τήν

269 4827 458 4902 τάξιν),
520 4827 597 4890 εἰς
657 4829 748 4882 τὸν
801 4828 986 4883 ἑκατὸν
1038 4826 1383 4898 ἐτελεύτησεν
1418 4827 1542 4882 ’ἵνα
1587 4824 1917 4904 προϐαίνων,

269 4917 344 4978 ὡς
403 4918 432 4972 ὁ
489 4916 688 4987 Ἰσαάκ,
747 4921 914 4991 μεγας
958 4917 1202 4993 γένηται,
1249 4916 1616 4991 πορευόμενος
1669 4918 1728 4973 ἐκ
1758 4916 1916 4973 δυνά-

272 5027 417 5078 μεως
448 5005 522 5067 εἷς
571 5001 820 5078 δύναμιν,
869 5005 958 5060 καὶ
987 5005 1081 5067 τὰς
1110 5003 1251 5078 ᾠδάς
1279 5011 1386 5061 τῶν
1421 5003 1775 5080 Ἀναϐαθμῶν
1805 5012 1917 5083 (44)

269 5091 435 5166 ᾅδων,
459 5093 548 5148 καὶ
581 5088 882 5164 ἀναϐάσεις,
916 5093 966 5148 ἐν
993 5098 1061 5168 τῇ
1095 5092 1287 5171 καρδίᾳ
1315 5096 1595 5169 τιθέμενος
1619 5116 1632 5164 ;

338 5212 381 5245 τ’
413 5210 461 5266 ll
492 5211 619 5266 Cor.
653 5227 731 5274 χι,
763 5211 854 5264 29.
931 5211 975 5245 ⁷³
1011 5212 1058 5265 ΙΙ
1107 5211 1236 5266 Cor.
1284 5228 1386 5281 xu,
1418 5213 1502 5268 14.

267 5288 324 5338 et
351 5299 475 5354 seq.
551 5281 594 5315 ⁷⁷
628 5281 834 5338 Matth.
867 5297 948 5349 v1,
983 5283 1035 5336 3.
1111 5283 1154 5317 ⁷⁸
1188 5282 1393 5338 Matth.
1421 5301 1476 5353 ν,
1518 5285 1599 5340 16.

339 5405 450 5480 (39)
500 5403 857 5482 Πυρωσιςηῆ
909 5404 1144 5482 φροντίς.
1196 5408 1289 5463 Sio
1338 5407 1477 5481 Reg.
1529 5409 1585 5464 d.
1640 5413 1703 5465 In
1754 5411 1915 5482 edit.,

266 5475 508 5553 πύρωσις
608 5475 849 5553 φροντίς.

339 5542 452 5624 (ω)
509 5542 931 5624 Σύγὶίαιόμινος.
978 5549 1113 5620 Reg.
1167 5550 1266 5606 bm
1316 5555 1375 5606 et
1420 5553 1679 5624 quinque
1731 5554 1916 5621 Colb.,

268 5620 735 5698 συμφλεγόμενος.

337 5690 451 5778 (41)
478 5690 658 5764 Ὑμεῖς
711 5690 830 5778 μίν,
870 5696 979 5748 etc.
1019 5714 1039 5741 ι
1073 5693 1183 5750 Vos
1233 5692 1914 5778 igitur-negotiationem

265 5772 521 5826 vestram
551 5767 838 5840 exponite,
885 5781 1077 5824 meam
1107 5781 1213 5839 ego
1248 5767 1505 5824 vicissim
1554 5767 1615 5824 in
1657 5769 1915 5827 medium

1580 5214 1625 5247 ⁷⁸
1654 5214 1793 5270 Gen.
1845 5234 2001 5285 χχιιι,
2034 5219 2118 5272 40.

1677 5287 1722 5321 ⁷⁹
1746 5288 1950 5344 Matth.
1983 5306 2084 5356 vn,
2116 5289 2200 5343 16.

2029 4751 2146 4802 tem
2179 4744 2510 4811 fecerimus,
2544 4760 2616 4798 an
2650 4740 2985 4813 manipulus
3019 4740 3257 4812 quidam
3304 4740 3362 4794 in
3394 4739 3558 4794 vobis
3587 4756 3680 4794 re-

2029 4836 2310 4907 periatur,
2338 4850 2406 4888 ex
2455 4849 2569 4902 quo
2619 4831 2824 4886 conﬁci
2879 4830 3057 4885 farina
3105 4835 3296 4900 queat,
3347 4828 3679 4901 dignusque

2027 4925 2124 4994 qui
2157 4923 2214 4978 in
2247 4923 2519 4977 horreum
2572 4920 2874 4987 inferatur,
2908 4937 3022 4990 quo
3055 4917 3436 4974 alacrioribus
3465 4917 3678 4974 animis

2027 5030 2128 5068 vos
2158 5012 2216 5066 in
2250 5016 2544 5083 posterum
2575 5009 2930 5065 excolamus.
2962 5009 3102 5072 Quis
3131 5007 3518 5064 centesimum
3550 5008 3675 5064 fru-

2028 5107 2186 5157 ctum
2220 5100 2381 5155 edit?
2409 5099 2550 5162 Quis
2581 5099 3010 5171 sexagesimum
3031 5098 3058 5152 ?
3079 5099 3218 5163 Quis
3251 5102 3545 5169 postremo
3578 5098 3673 5150 tri-

2198 5218 2241 5251 ⁷⁸
2271 5217 2440 5342 gelu.C
2463 5232 2592 5282 xxx,
2637 5216 2834 5341 32ὲὸοι
2870 5231 3006 5342 sses}.
3086 5216 3129 5249 ⁷⁵
3161 5215 3366 5342 Ιίέιὸαὶι.
3417 5229 3544 5279 xxv,
3579 5212 3668 5277 48,

2198 5330 2200 5341 .
2444 5303 2674 5342 or.x1v.
2782 5331 2793 5342 .
2980 5304 3065 5342 ac.
3098 5305 3158 5342 ιι.
3220 5327 3222 5330 τ
3265 5328 3276 5341 .

2444 5304 2528 5342 or.
2562 5303 2674 5353 xxv,
2705 5303 2793 5342 κς).
2870 5303 2911 5321 οι
2943 5303 3065 5343 Jac.
3098 5305 3158 5352 ιι,
3188 5303 3276 5342 zu.

2028 5413 2338 5486 proferam:
2356 5433 2404 5486 gi

2097 5485 2208 5556 (42)
2242 5479 2593 5543 Διδάσκαλος.
2629 5483 2724 5556 0r.
2762 5485 2782 5537 1
2820 5482 3000 5550 addit,
3035 5481 3206 5552 ὑμῶν.

2123 5558 2210 5627 43)
2238 5556 2583 5627 ἰἶμῖνι-Ριθε.
2618 5573 2670 5624 a,
2703 5555 2860 5627 μῖνἶ

2123 5559 2188 5611 43
2238 5560 2409 5625 Ὑμῖν.
2445 5559 2583 5627 Reg.
2618 5573 2670 5624 8,
2703 5559 2860 5625 ἡμῖν.

2096 5559 2210 5698 (44)
2235 5626 2336 5686 Τάς
2369 5623 2512 5696 ᾠδάς
2557 5629 2664 5679 τῶν
2703 5619 3090 5698 γἈναϐαβμῷν.
3126 5621 3479 5698 «_Graduum
3530 5637 3671 5676 can-

2025 5691 2158 5754 tica.
2193 5691 2299 5754 'Sic
2349 5691 2645 5764 dicuntur,
2699 5697 2888 5766 inquit
2923 5695 3130 5766 Elius,
3160 5691 3374 5766 Psalmi
3426 5710 3668 5766 numero

2026 5771 2565 5845 quindecim,pares
2586 5763 2866 5840 gradibus
2897 5765 3011 5820 illis
3034 5763 3133 5835 qui
3159 5769 3325 5821 erant
3356 5765 3414 5821 in
3447 5765 3666 5837 templo
