4094 6212
421 467 573 526 1235
1656 462 1722 523 S.
1772 462 2076 523 GREGOB

2196 457 2583 521 THEOLOGI
3668 461 3832 521 1336

408 599 693 657 cesimum
723 596 814 652 8*‘P
847 600 963 652 Aut
994 614 1273 653 converso
1304 596 1528 664 ordine,
1551 597 1683 669 quis
1723 614 1756 652 a
1785 595 2079 652 tricesimo
2110 595 2183 651 ad
2215 594 2642 665 sexagesimum
2690 607 3037 666 progressus
3069 592 3253 667 (hunc
3283 608 3518 667 quoque
3549 596 3605 650 in
3642 595 3833 653 Evan-

405 689 571 762 geliis
604 688 865 742 ordinem
918 687 1247 757 habemus),
1283 686 1339 741 in
1372 687 1757 741 centesimum
1810 685 2003 751 desiit,
2044 688 2109 739 ut
2160 700 2338 739 novos
2386 682 2634 737 subinde
2684 697 3029 754 progressus
3085 682 3327 752 faciens,
3362 683 3523 739 velut
3571 685 3738 740 Isaac
3763 686 3830 753 ⁸³,

403 792 655 848 magnus
684 776 919 830 tandem
955 776 1073 845 fiat,
1107 775 1177 831 de
1208 776 1419 831 virtute
1451 775 1509 829 in
1539 774 1813 830 virtutem
1839 772 2151 829 ambulans
2182 772 2249 841 3‘,
2280 775 2339 826 et
2366 771 2595 826 cantica
2624 771 2925 826 Graduum
2978 786 3217 837 canens,
3250 776 3424 843 atque
3454 774 3834 830 assensiones

405 867 464 921 in
500 866 671 921 corde
707 881 812 919 suo
844 882 1068 935 ponens
1097 865 1141 898 ⁸⁵
1164 866 1191 919 ?

475 954 571 1008 VI.
594 955 797 1017 Quaero
827 954 980 1007 enim
1009 954 1260 1007 fructum
1282 953 1677 1008 abundantem
1698 952 1755 1007 in
1777 951 2059 1007 rationem

2250 950 2308 1017 ζ’.
2344 951 2499 1019 Ζητῶ
2553 948 2643 1002 τὸν
2702 949 2906 1023 καρπὸν
2963 944 3332 1016 πλεονάζοντα
3388 950 3499 1022 (45)
3550 948 3629 1011 εἷς
3664 948 3832 1024 λόγον

406 1047 682 1099 vestram.
718 1043 985 1099 Vestrum
1028 1043 1183 1097 enim
1226 1042 1455 1097 lucrum
1506 1046 1614 1113 est,
1648 1059 1763 1097 non
1815 1056 2010 1095 meum
2046 1057 2060 1094 :

412 1148 748 1205 quanquam
782 1148 978 1186 meum
1012 1147 1266 1202 quoque,
1301 1131 1577 1201 quoniam
1612 1135 1894 1197 vestrum,
1927 1145 2063 1185 cum

414 1221 641 1276 utilitas
673 1238 705 1276 a
735 1219 899 1276 vobis
948 1221 1018 1275 ad
1054 1236 1182 1287 nos,
1216 1224 1281 1273 ut
1329 1219 1385 1273 in
1438 1218 1737 1275 radiorum
1783 1218 2063 1273 solarium

414 1310 721 1366 reﬂexione
769 1309 1028 1365 accidere
1080 1308 1367 1378 videmus,
1418 1322 1543 1363 sese
1591 1308 1865 1363 reﬂectat.
1912 1307 2063 1361 Num

414 1415 699 1472 pauperes
740 1396 969 1454 aluistis
990 1398 1017 1452 ?
1042 1398 1193 1452 Num
1226 1396 1479 1469 hospitio
1529 1396 1883 1469 excepistis?
1914 1400 2062 1451 Num

412 1492 748 1544 sanctorum
800 1488 972 1557 pedes
1024 1486 1296 1542 abluistis
1343 1487 1439 1540 3°?
1478 1487 1629 1541 Num
1680 1485 1918 1553 ventris,
1968 1484 2065 1555 qui

412 1577 737 1634 destruitur
765 1577 830 1647 ⁸⁷,
862 1576 1260 1646 voluptatibus
1310 1574 1680 1647 indulgentes
1729 1575 1920 1646 (detur
1958 1574 2067 1630 hoc

412 1664 615 1735 enim),
650 1666 707 1719 id
740 1665 915 1719 etiam
948 1664 1171 1735 egistis,
1207 1668 1271 1718 ut
1299 1664 1357 1718 in
1392 1664 1684 1719 mandatis
1730 1663 1943 1719 divinis
1969 1664 2065 1718 de-

414 1754 578 1809 licias
610 1754 829 1825 positas
860 1754 1207 1809 haberetis?
1236 1754 1381 1809 Nam
1416 1754 1671 1825 profecto
1704 1770 1807 1807 nec
1848 1751 2066 1807 deliciae

418 1842 548 1897 ulla:
576 1843 667 1898 his
692 1842 959 1899 meliores
992 1847 1149 1910 sunt,
1181 1860 1286 1898 nec
1320 1842 1717 1899 diuturniores
1748 1847 1805 1897 et
1836 1841 2069 1897 stabili-

420 1949 547 1989 ores
580 1932 651 1988 iis
675 1932 774 2005 qui
806 1932 863 1987 in
898 1932 1120 1988 deliciis
1142 1932 1318 1987 vitam
1346 1932 1667 2003 transigere
1687 1931 2067 1987 volunt.Num

421 2023 707 2093 quosdam
739 2038 807 2078 ex
849 2022 962 2092 his,
999 2023 1097 2093 qui
1130 2022 1297 2076 altari
1354 2022 1710 2091 ministrant,
1743 2026 1800 2076 et
1829 2021 2070 2093 pulchre

418 2110 624 2184 inopes
656 2115 793 2165 sunt
823 2110 1010 2181 (liceat
1062 2111 1219 2165 enim
1253 2109 1398 2165 mihi
1447 2110 1554 2165 hoc
1585 2110 1822 2181 dicere),
1855 2128 1956 2181 pro
1987 2109 2069 2165 vi-

421 2202 585 2255 ribus
619 2200 940 2266 recreastis,
976 2204 1058 2270 ut,
1092 2200 1305 2254 animis
1337 2200 1535 2254 minus
1563 2199 1879 2269 distractis,
1904 2198 2072 2254 altari

419 2290 607 2362 magis
640 2290 791 2345 476
824 2288 1141 2356 assideant,
1175 2304 1241 2342 ac
1269 2289 1557 2344 bonorum
1587 2292 1913 2344 vestrorum
1946 2305 2069 2359 par-
2103 2312 2151 2376 B

419 2378 626 2450 ticipes
654 2378 811 2443 facti,
847 2396 955 2434 sua
987 2393 1217 2449 quoque
1248 2377 1508 2433 vicissim
1542 2378 1703 2433 vobis
1733 2377 2076 2433 conferant“?

420 2470 616 2539 Turpe
660 2484 802 2523 sane
831 2472 938 2536 est,
972 2467 1091 2522 hazc
1141 2471 1197 2522 et
1230 2484 1335 2522 nos
1383 2483 1692 2538 exposcere
1722 2471 1779 2523 et
1828 2484 1929 2523 vos
1961 2485 2076 2523 non

419 2557 674 2629 elargiri.
710 2556 823 2612 Nec
854 2574 986 2612 vero
1034 2556 1161 2610 ideo
1191 2555 1342 2610 hanc
1386 2556 1841 2611 admonitionem
1876 2556 2076 2624 habui,

421 2651 487 2700 ut
517 2646 598 2700 ita
630 2646 685 2699 in
722 2662 810 2700 me
843 2646 942 2700 ﬁat
974 2644 1207 2716 (melius
1230 2646 1387 2699 enim
1419 2650 1509 2699 est
1540 2645 1682 2699 mihi
1720 2646 2078 2722 mori,quam

424 2740 489 2790 ut
538 2734 807 2806 gloriatio
862 2751 990 2789 mea
1031 2738 1343 2789 evacuatur
1370 2734 1437 2801 ⁸⁸,
1483 2751 1548 2789 ac
1596 2734 1740 2789 mihi
1790 2734 2082 2806 praadicati

428 2822 723 2894 Evangelii
774 2839 996 2879 merces
1029 2827 1243 2895 pereat,
1275 2824 1324 2878 si
1375 2823 1469 2877 hic
1512 2822 1780 2879 laborum
1830 2840 2082 2880 messem

429 2912 638 2968 fecero.
673 2912 964 2984 Evangelii
996 2913 1151 2967 enim
1184 2912 1521 2983 praedicatio
1562 2913 1926 2968 necessitatis
1957 2918 2082 2979 est;

434 3002 837 3058 muniﬁcentia
880 3006 1076 3057 autem
1108 3005 1165 3057 et
1192 3000 1321 3057 laus
1351 3001 1411 3057 in
1443 3017 1511 3058 eo
1540 3002 1653 3058 sita
1680 3006 1788 3068 est,
1812 3007 1876 3057 ut
1904 3003 2087 3075 gratis

436 3092 544 3148 hoc
576 3108 793 3146 munus
824 3092 1105 3147 obeamus
1134 3091 1200 3163 ⁸⁹)
1227 3110 1239 3160 ;
1271 3108 1471 3147 verum
1503 3107 1568 3146 eo
1599 3091 1717 3146 haec
1749 3091 1931 3148 oratio
1962 3108 2088 3163 spe-

436 3184 645 3252 ctat,ut
673 3182 742 3237 de
773 3180 1005 3237 Christo
1040 3180 1186 3236 bene
1218 3181 1426 3236 mereri
1456 3180 1697 3236 discetis
1728 3198 1741 3236 :
1778 3182 1931 3252 quod
1964 3180 2089 3252 qui-

434 3271 565 3325 dem
600 3270 763 3325 vobis
794 3269 1117 3341 continget,
1149 3271 1198 3325 si
1228 3269 1315 3325 vel
1348 3270 1405 3324 in
1436 3286 1621 3325 unum
1654 3286 1723 3324 ex
1752 3270 1945 3341 parvis
1970 3271 2014 3304 9°
2034 3274 2091 3324 et

434 3358 676 3428 abjectis
708 3359 1046 3414 horninibus
1077 3358 1457 3431 benignitatis
1488 3358 1711 3430 aliquid
1752 3359 2086 3415 conferatis.

433 3445 936 3509 Quemadmodum
955 3447 1110 3501 enim
1131 3446 1227 3501 ille
1244 3447 1455 3501 salutis
1478 3463 1620 3501 meae
1652 3464 1847 3510 causa,
1870 3448 2087 3519 omnia,

431 3549 796 3605 quaecunque
848 3551 979 3589 sum
1022 3551 1149 3607 ego,
1184 3542 1416 3605 peccato
1465 3539 1724 3605 excepto,
1760 3535 1947 3590 factus
1979 3540 2086 3605 est,

432 3623 507 3677 ita
539 3622 624 3678 vel
656 3623 903 3677 minima
935 3638 1065 3678 mea
1094 3622 1285 3678 ofﬁcia
1315 3622 1373 3676 in
1408 3639 1468 3678 se
1508 3623 1753 3695 recipit;
1787 3624 1906 3679 sive
1936 3628 2087 3680 tecto

2174 1036 2350 1109 ὑμῶν.
2410 1036 2693 1113 Ὕμέτερον
2741 1038 2867 1112 γάρ,
2929 1036 3028 1091 οὐκ
3086 1034 3242 1109 ὶμὸν,
3301 1037 3365 1091 τὸ
3420 1036 3631 1113 κέρδος·
3695 1039 3741 1094 εἰ
3777 1036 3834 1093 δὲ

2171 1126 2260 1180 καὶ
2319 1128 2611 1201 ἡμέτερον,
2690 1127 2773 1181 ὃτί
2847 1126 3127 1202 ὑμέτερον,
3207 1127 3664 1205 ἀντιστρεφούσης
3729 1135 3833 1196 τῆς

2174 1214 2440 1292 ὡφελείας
2473 1215 2561 1293 ἀφ’
2586 1216 2733 1287 ὑμῶν
2768 1214 2842 1276 εἷς
2890 1216 3060 1288 ἡμᾶς,
3119 1214 3297 1292 ὥσπερ
3352 1216 3403 1270 ἂν
3463 1220 3581 1278 ταῖς
3645 1216 3834 1292 αὐγαῖς

2171 1309 2279 1359 τῶν
2329 1302 2792 1361 ἆντανακλάσεων.
2843 1304 2907 1360 Εἰ
2958 1303 3508 1382 ἐπτωχοτρονρήσατε,
3550 1305 3595 1358 εἰ
3658 1304 3832 1375 ἐξενο-

2178 1389 2471 1467 δοχτςσατε,
2523 1391 2567 1446 εἰ
2619 1392 2787 1466 ἁγίων
2832 1389 3001 1453 πόδας
3052 1390 3282 1466 ἐνίψατε,
3319 1393 3365 1446 εἰ
3393 1396 3704 1471 τρυφῶντες
3764 1395 3834 1463 τῇ

2173 1480 2579 1559 καταργουμὲνῃ
2635 1481 2828 1557 γαστρὶ
2886 1478 3148 1552 (δεδόσθω
3225 1482 3373 1557 γάρ),
3434 1481 3523 1535 καὶ
3574 1479 3664 1537 διὰ
3720 1486 3829 1535 τῶν

2175 1570 2409 1627 ἐντολῶν
2438 1570 2805 1649 ἐτρυφήσατες
2868 1570 2943 1632 ὡς
2997 1570 3095 1624 οὐκ
3151 1568 3259 1624 ἔστι
3310 1572 3509 1641 ταύτης
3536 1572 3714 1649 τρυφή
3749 1593 3833 1633 τις

2175 1659 2435 1733 ἀμείνων,
2495 1657 2619 1714 οὐδὲ
2679 1658 3025 1732 μονιμωτέρα
3085 1665 3200 1721 τοῖς
3268 1680 3469 1737 τρυφᾳν
3530 1660 3833 1723 ἐθέλουσιν.

2175 1747 2249 1804 Ei’
2287 1770 2433 1811 τινας
2484 1751 2595 1822 (46)
2645 1752 2753 1803 τῶν
2805 1747 3263 1824 λειτουργούντων
3310 1753 3387 1819 τῷ
3438 1750 3831 1825 θυσιαπηρῖῳ,

2176 1838 2265 1893 καὶ
2294 1837 2479 1899 καλῶς
2523 1839 2829 1910 πενομένων
2868 1835 3015 1910 (δότε
3043 1838 3145 1913 γάρ
3181 1859 3271 1911 μοι
3301 1838 3388 1891 καὶ
3420 1843 3579 1893 τοῦτο
3612 1839 3832 1909 εἰπεῖν),

2178 1926 2252 1988 εἷς
2286 1923 2512 1999 δύναμιν
2563 1926 2909 1999 ἀνεπαύσατε,
2944 1927 3015 1980 ’ἶν’
3063 1927 3474 1990 ἀπερισπάστως
3528 1930 3638 2001 (47)
3680 1930 3829 2000 μᾶλ-

2181 2016 2276 2072 λον
2325 2021 2402 2087 τῷ
2462 2017 2828 2092 θυσιαστηρίῳ
2894 2014 3261 2092 παρεδρεύωσι
3319 2020 3456 2091 (48),
3510 2018 3603 2071 καὶ
3666 2039 3831 2090 μετα-

2180 2099 2547 2178 λαμϐάνοντες
2595 2109 2702 2159 τῶν
2755 2105 3047 2181 ὑμετέρων,
3101 2106 3169 2159 τὰ
3207 2106 3332 2181 παρ’
3388 2105 3588 2161 ἑαυτῶν
3619 2107 3829 2161 ἀντεισ-

2182 2192 2456 2272 φίρωσιν;
2506 2193 2581 2257 ὡς
2630 2194 2857 2269 αἰσχρὸν
2906 2198 3073 2249 ταῦτα
3118 2194 3209 2249 καὶ
3257 2196 3405 2267 ἡμᾶς
3447 2195 3834 2263 ἀπαιτεῖν,Μὶ

2187 2284 2260 2355 μὴ
2316 2280 2575 2359 παρέχειν
2630 2282 2791 2355 ὑμᾶς.
2848 2282 2958 2337 Ούκ
3005 2282 3325 2351 ἐνουθέτησα
3382 2280 3439 2338 δὶ
3494 2289 3687 2357 ταῦτα,
3743 2282 3839 2337 ἵνα

2186 2369 2357 2433 οὕτως
2388 2372 2437 2426 ἐν
2472 2371 2594 2445 ἐμοὶ
2626 2371 2847 2447 γένηται
2874 2370 3064 2444 (καλὸν
3124 2373 3227 2448 γὰρ
3291 2394 3385 2446 μοι
3431 2371 3645 2447 μᾶλλον
3699 2372 3840 2428 cirro-

2189 2463 2386 2530 Θανεῖν,
2437 2462 2471 2531 ἢ
2521 2460 2817 2532 κενωθῆναί
2868 2484 2971 2535 μου
3016 2463 3079 2517 τὸ
3132 2461 3422 2538 καύχημα,
3466 2464 3557 2516 καὶ
3607 2461 3839 2535 ἄμισθόν

2192 2572 2286 2624 μοι
2337 2551 2579 2626 γενέσθαι
2635 2551 2697 2605 τὸ
2754 2550 3080 2628 Εὗαγγὲλιον
3133 2551 3355 2607 ἐνταῦθα
3400 2552 3839 2627 καρπωσαμὲνῳ.

2188 2640 2258 2695 Τὸ
2314 2641 2406 2713 μὲν
2457 2640 2559 2715 γὰρ
2608 2639 3051 2715 εὐαγγελίσασθαι
3098 2643 3232 2715 (49),
3289 2648 3387 2710 τῆς
3449 2641 3694 2715 ἀνάγκης
3730 2661 3744 2674 ·
3808 2646 3842 2709 ἡ

2192 2727 2484 2808 φιλοτιμία
2541 2727 2617 2800 δὲ,
2683 2729 2747 2784 τὸ
2805 2727 3115 2803 ἀδάπανον)
3168 2727 3389 2785 ἀλλ”ίν’
3425 2730 3580 2803 ὑμεῖς
3641 2733 3847 2804 μάθητε

2193 2819 2418 2895 Χριστὸν
2474 2820 2529 2872 εὗ
2578 2824 2777 2891 ποιεῖν,
2824 2817 2912 2873 διὰ
2951 2823 3048 2873 τοῦ
3095 2818 3183 2873 καὶ
3228 2823 3336 2873 τῶν
3381 2825 3589 2894 μικρῶν
3639 2842 3761 2875 τινα
3791 2821 3845 2875 εὗ

2193 2912 2388 2963 ποιεῖν.
2451 2905 2691 2979 Ἐπειδὴ,
2743 2908 2818 2969 ὡς
2871 2907 3044 2962 πάντα
3088 2908 3187 2963 ’ὀσα
3217 2908 3347 2984 ἐγὼ,
3378 2909 3526 2978 πλὴν
3556 2910 3845 2985 ἁμαρτίας,

2196 2996 2406 3071 ἐγένετο
2441 2993 2511 3050 δι’
2550 2995 2645 3069 ἐμὲ
2669 3014 2683 3027 ’
2717 2994 2859 3050 οὕτω
2916 2996 3005 3051 καὶ
3035 2997 3102 3051 τὰ
3148 2994 3413 3073 ἐλάχιστα
3449 3002 3557 3052 τῶν
3594 2996 3737 3070 ἐμῶν
3771 2998 3848 3059 εἷς

2195 3085 2379 3139 ἑαυτὸν
2457 3082 2792 3161 ἀναδέχεταιο
2860 3084 2955 3140 κᾶν
3017 3085 3210 3154 στέγης
3452 3084 3695 3159 μεταδῷς
3748 3087 3847 3141 κᾶν

2197 3172 2519 3247 ἐνδύματος,
2588 3172 2682 3229 κᾶν
2759 3173 2811 3229 ἐν
2887 3172 3101 3253 φυλακῇ
3170 3176 3452 3251 ἐπισκέψῃ,
3513 3177 3606 3230 κᾶν

2196 3268 2423 3318 στοῦντα
2479 3260 2594 3337 ἴδῃς
2625 3281 2636 3292 ·
2692 3263 2755 3317 τὸ
2804 3262 3164 3341 φαυλότατον,
3192 3263 3288 3318 κᾶν
3348 3265 3584 3340 ποτηρίῳ
3613 3267 3844 3339 ψυχροῦ

2201 3352 2352 3425 μόνῳ
2410 3352 2709 3426 καταψυξῃς
2770 3350 2989 3427 γλώσαν
3065 3354 3389 3426 πιεζομένου
3460 3355 3593 3427 (51),
3653 3352 3848 3429 ὥσπερ

2197 3438 2367 3496 ἐδεῖτο
2414 3442 2660 3515 Λαζάρου
2706 3444 2807 3495 τοῦ
2853 3442 3086 3507 πένητος
3146 3443 3175 3496 ὁ
3232 3442 3446 3515 κάμνων
3506 3442 3559 3496 ἰν
3586 3440 3849 3519 τῃφλογὶ

2198 3529 2485 3601 πλούσιος,
2535 3530 2624 3583 καί
2671 3551 2721 3584 τι
2764 3532 2875 3604 (52)
2905 3533 3003 3600 τῆς
3036 3530 3258 3586 ἰνταυθα
3285 3533 3492 3610 τρυφῆς
3522 3527 3846 3603 ἀντιλαϐὼν,

2196 3620 2285 3675 καὶ
2341 3624 2438 3675 τοῦ
2490 3623 2744 3696 περιορᾷν
2799 3620 3043 3693 Λάζαρον
3116 3624 3379 3676 πεινῶντα
3436 3620 3525 3675 καὶ
3583 3620 3849 3693 ἡλκωμέ-

430 3728 744 3783 pauperem
777 3712 1231 3782 donaveris,sive
1251 3713 1309 3766 in
1328 3711 1561 3768 vincula
1591 3714 1922 3784 conjectum
1946 3714 2076 3769 invi-

2196 3731 2308 3781 νον,
2353 3710 2414 3764 τὸ
2465 3681 2662 3764 ἐκεέθεν
2700 3681 2911 3764 δεῖσθαι’
2949 3681 3060 3784 (53)
3119 3708 3388 3786 Λαζάρου,
3447 3709 3539 3765 καὶ
3594 3681 3670 3784 μή
3721 3681 3850 3786 τυγ-

430 3802 599 3870 seris,
637 3802 755 3857 sive
785 3806 1163 3874 aegrotantem
1198 3802 1436 3869 adieris,
1471 3802 1592 3857 sive
1623 3802 1896 3875 denique,
1932 3805 2085 3876 quod
2197 3798 2404 3876 χάνειν.

430 3889 781 3947 vilissimum
815 3895 924 3959 est,
958 3891 1215 3948 hominis
1248 3892 1342 3947 siti
1374 3891 1638 3965 oppressi
1692 3891 1957 3965 linguam
1989 3893 2114 3949 solo
2146 3891 2370 3964 frigidm
2417 3888 2625 3962 poculo
2657 3888 3108 3961 refrigeraveris,
3159 3889 3311 3961 quod
3366 3906 3399 3944 a
3447 3906 3703 3962 paupere
3736 3892 3851 3946 La-

431 3997 563 4035 zaro
596 3982 944 4052 exposcebat
991 3981 1151 4036 dives
1200 3980 1317 4051 ille,
1370 3982 1469 4053 qui
1502 3966 1561 4036 in
1614 3982 1854 4037 ﬂamma
1897 3983 2301 4054 torquebatur,
2353 3996 2418 4035 ac
2466 3995 2570 4051 pro
2619 3978 2799 4049 hujus
2845 3978 2976 4034 vitae
3030 3978 3454 4051 voluptatibus,
3487 3984 3545 4035 et
3592 3978 3849 4051 deliciis,

433 4070 751 4142 Lazarique
781 4070 1095 4126 esurientis
1143 4075 1199 4125 et
1246 4070 1495 4126 ulcerosi
1542 4076 1903 4143 contemptu,
1938 4073 2089 4128 hanc
2139 4071 2466 4127 mercedem
2499 4068 2801 4135 referebat,
2836 4072 2900 4123 ut
2943 4067 3063 4123 illic
3112 4068 3394 4125 Lazarum
3442 4075 3695 4142 rogaret,
3738 4088 3849 4126 nec

431 4164 625 4214 tamen
660 4160 787 4231 ejus
818 4177 984 4232 opem
1020 4160 1362 4232 impetraret
1390 4161 1460 4215 θί.

499 4247 759 4304 νιιιιωο
782 4250 1017 4319 quidem
1048 4253 1207 4319 sunt,
1237 4266 1363 4321 quae
1395 4267 1429 4304 a
1458 4249 1621 4305 vobis
1657 4249 1987 4323 exigimus;
2019 4267 2084 4307 ac

430 4353 532 4407 pro
564 4342 717 4392 certo
750 4338 956 4405 habeo,
977 4338 1219 4393 minime
1252 4338 1307 4393 id
1340 4338 1505 4395 vobis
1532 4339 1739 4410 pudori
1764 4341 2085 4412 esse,quod

426 4424 551 4479 vitta
608 4426 862 4481 rationes
892 4444 925 4481 a
953 4427 1119 4481 vobis
1152 4442 1552 4498 reposcamus,
1589 4444 1691 4483 nec
1736 4428 1910 4483 etiam
1945 4430 2088 4498 fore,

426 4529 557 4568 cum
592 4530 690 4569 eas
721 4519 977 4571 extremo
1027 4514 1125 4571 illo
1159 4516 1253 4570 die
1284 4515 1618 4572 referendas
1670 4516 1982 4587 habebitis,
2017 4518 2088 4573 ad

2266 4249 2406 4302 Z'"A
2489 4246 2581 4318 μὲν
2655 4242 2746 4300 οὖν
2824 4245 2962 4319 ὑμᾶς
3038 4246 3391 4319 ἀπαιτοῦμεν,
3464 4247 3633 4302 ταῦτά
3682 4247 3799 4302 ἔστι
3841 4293 3854 4305 .

2194 4338 2282 4394 καὶ
2316 4334 2442 4403 οἷδ’,
2496 4334 2578 4390 ὅτι
2627 4334 2731 4389 αύκ
2778 4333 3117 4410 αἰσχύνεσθε,
3166 4336 3286 4390 οὕτε
3342 4336 3471 4409 παρ’
3526 4341 3691 4409 ῆμῶν
3739 4341 3856 4409 (57)

2197 4425 2583 4499 ἀπαιτούμενοι
2636 4423 2825 4499 λόγον,
2886 4422 3007 4479 οὕτε
3058 4425 3203 4501 παρὰ
3255 4427 3365 4499 (55)
3406 4431 3503 4494 τῆς
3532 4424 3857 4488 τελεπαὲας

2198 4517 2430 4592 ἡμέρας,
2482 4515 2556 4569 εἷς
2605 4516 2671 4584 ἢν
2732 4514 2901 4569 πάντα
2950 4512 3233 4589 συνάγεται
3280 4515 3345 4569 τὰ
3393 4516 3657 4591 ἡμέτερα,
3718 4518 3859 4571 κατὰ

498 4682 543 4759 ﬁ”
563 4682 775 4759 _Matth.
806 4699 929 4759 xui,
962 4684 1032 4759 8_._
1067 4683 1307 4759 _33_Gen.
1334 4699 1488 4759 xxvi,
1526 4683 1639 4759 l3.
1689 4684 1734 4719 ⁸⁴
1766 4685 1912 4759 Psal.
1951 4703 2076 4741 LXX)

2216 4685 2355 4754 6,8.
2432 4684 2736 4759 "ibid.8.
2814 4684 3284 4752 «nmmo.
3362 4685 3855 4759 "ICor.v1,t3.

428 4754 473 4789 ⁸⁸
504 4756 525 4810 Ι
556 4754 683 4810 Cor.
715 4770 792 4825 ιιι,
827 4755 915 4811 15.
991 4754 1036 4790 ⁸⁹
1065 4755 1088 4811 Ι
1119 4755 1247 4812 Cor.
1282 4772 1359 4824 ιιι,
1393 4756 1480 4811 18.
1558 4757 1602 4792 ⁸ο
1630 4757 1835 4813 Matth.
1867 4774 2001 4827 xxv,
2034 4759 2076 4812 44

2200 4759 2242 4795 ⁸³
2280 4759 2417 4814 Luc.
2451 4758 2661 4828 xv1,24
2692 4771 2821 4827 sqq.
2892 4833 2900 4845 ι

430 4951 941 5078 δθιοεοίἔιιιὶῐεοο,
990 4951 1050 5007 ἱιι
1100 4969 1245 5022 quos
1291 4954 1672 5011 ascendentes
1724 4954 1827 5019 illi,
1860 4955 1961 5028 qui
2011 4956 2081 5012 ad
2112 4960 2160 5026 D

433 5028 641 5078 cantan
689 5041 753 5078 os
784 5024 1034 5078 hvmnos
1065 5030 1229 5078 erant
1257 5026 1528 5078 ordinati.
1552 5026 1674 5078 haec
1702 5028 1831 5078 insa
1860 5027 2085 5078 cantica

433 5024 753 5099 cantandos
784 5024 1034 5099 hymnos
1065 5030 1229 5080 erant
1257 5026 1528 5099 ordinati,
1552 5026 1674 5082 heae
1702 5028 1831 5099 ipsa
1860 5024 2085 5083 cantica

433 5096 841 5152 concinebant.
864 5096 993 5151 Haec
1022 5102 1214 5152 autem
1248 5098 1472 5153 cantica
1502 5096 1757 5155 tractant
1786 5101 1856 5154 de
1888 5116 2085 5155 ascen-

435 5185 498 5243 su
532 5176 587 5243 et
616 5168 805 5243 reditu
850 5169 1188 5243 Judaaorum
1217 5186 1253 5243 ο
1281 5170 1570 5243 Babylone
1621 5171 1681 5225 in
1729 5172 2079 5226 Jerusalem.

432 5240 594 5296 Unde
626 5241 871 5312 mystico
920 5257 1095 5296 sensu
1127 5241 1165 5294 ii
1202 5240 1477 5297 dicuntur
1523 5243 1822 5298 Graduum
1854 5244 2083 5299 cantica

432 5312 754 5385 concinere,
788 5312 889 5385 qui
919 5312 1129 5367 virtute
1161 5314 1493 5385 proﬁciunt.
1532 5336 1553 5362 ι

498 5384 611 5453 (45)
649 5380 1033 5450 Ιῖλεοεῖάζοντα.
1068 5380 1179 5439 Or:
1202 5385 1252 5450 1,
1284 5382 1492 5438 πλεῖον.

500 5455 610 5526 (46)
635 5460 809 5516 Τίνας.
842 5456 967 5527 Duo
1000 5456 1200 5527 Itegg.,
1233 5474 1371 5510 τινα.

526 5524 612 5599 47)
644 5524 1254 5599 ἈπερισπάστωνῙὈτ.
1300 5529 1354 5599 ﬂ,
1405 5524 1783 5599 ἀπερισπάτως
1836 5529 2074 5599 [prave].

458 5594 1069 5717 agégzwflapedpvﬁwm.
1122 5602 1241 5653 Duo
1296 5594 1473 5669 R'egg.
1512 5594 1588 5653 vet
1644 5598 1739 5652 0r.
1800 5594 1876 5669 1,-
1910 5594 2077 5671 προέ-

430 5684 706 5721 εορευωσι.

493 5684 706 5737 ρευωσι.

500 5737 611 5809 (49)
682 5734 1165 5809 Εὖαγγελίσασθαι.

432 5804 631 5859 σεσθαι.

1261 5738 1385 5795 Duo
1473 5738 1609 5795 Colb
1636 5779 1647 5792 .
1676 5780 1689 5806 ,
1776 5736 2027 5814 εύαγγεΛί
2054 5771 2078 5782 -

2263 4955 2375 5029 (50)
2410 4955 2656 5030 Στὲγηςη
2679 4953 2857 5030 Coisl.
2901 4954 2926 5008 1
2958 4952 3142 5030 addit,
3174 4950 3303 5030 rivi.
3328 4974 3357 5002 «ε
3390 4952 3508 5010 sive
3531 4958 3712 5030 _tecto
3743 4956 3850 5013 ali-

2194 5024 2368 5101 quem
2400 5024 2713 5101 exceperis,
2746 5027 2865 5082 sive
2898 5024 3243 5101 vestimento
3272 5026 3599 5083 donaveris.
3637 5050 3670 5076 υ

2266 5101 2378 5170 (51)
2439 5094 2789 5170 Πιεζομένόυ.
2844 5094 3108 5170 Οοὶδὶηῇ
3159 5102 3216 5152 et
3273 5103 3425 5170 Sam,
3486 5097 3844 5170 πιεζομένην,

2194 5194 2221 5221 ‹‹
2251 5167 2509 5243 arentem
2540 5167 2638 5226 siti
2670 5171 2931 5243 linguam
2962 5167 3475 5243 refrigeraveris.»

2262 5243 2381 5333 (ὃς)
2410 5242 2609 5333 Καὶμτι.
2645 5242 2738 5298 Sic
2758 5238 3031 5313 quisque
3070 5238 3251 5312 com,
3284 5240 3456 5297 Coisl.
3495 5242 3517 5296 1
3554 5246 3613 5297 et
3640 5244 3838 5299 Gomb.

2193 5319 2253 5369 lu
2285 5314 2400 5381 ed.,
2435 5314 2521 5367 καί
2550 5334 2654 5375 τις.

2262 5388 2375 5457 (53)
2406 5386 2633 5439 Ἐκεῖθεν
2685 5379 2913 5451 δεῖσθαι,
2944 5386 3053 5438 etc.
3104 5380 3233 5440 Bill.
3270 5398 3282 5438 :
3317 5407 3345 5432 «
3381 5386 3444 5438 ut
3472 5382 3590 5439 illic
3629 5386 3840 5442 Lazaro

2190 5474 2338 5528 opus
2368 5457 2625 5515 haberet.
2663 5478 2689 5505 ››

2260 5530 2370 5613 (ξω
2401 5531 2592 5601 Ημῶν.
2624 5528 2715 5583 Sic
2742 5528 2882 5600 Reg.
2918 5526 3015 5581 hm
3046 5527 3105 5579 et
3134 5525 3391 5598 quinque
3410 5523 3575 5586 Colb.
3596 5529 3660 5584 In
3682 5528 3831 5593 ediL,

2190 5600 2372 5747 W535
2411 5668 2545 5727 Οὔτε
2590 5671 2753 5747 παρὰ.
2805 5672 2900 5729 Sic
2946 5677 3171 5746 septem
3217 5672 3393 5745 Regg.
3446 5670 3509 5728 In
3559 5671 3724 5742 edit.,
3770 5666 3830 5721 οὗ

2185 5743 2351 5818 παρά.
