4094 6212
388 365 540 425 1237

1489 364 1784 426 ORATIO
1827 363 2040 424 XXVI.
2092 395 2169 408 —-
2198 363 2274 422 IN
2325 362 2688 425 SElPSUM.

3641 363 3798 425 1238

379 493 442 551 τὸ
495 493 828 570 εἰρημένον·
891 493 1049 572 Κάγὼ
1101 489 1340 570 ἔρχομαι
1407 494 1474 549 τὰ
1542 492 1888 571 βουλεύματα
1937 515 1991 549 κς

2111 555 2114 562 ,
2145 511 2317 568 quem
2351 494 2549 550 omnia
2565 498 2766 550 nostra
2786 494 3164 567 colliguntur,
3181 496 3676 566 quemadmodum
3699 496 3793 553 his

376 583 472 647 τάς
556 584 776 660 πράξεις
863 584 1012 657 ὑμῶν
1101 589 1408 661 συναγαγεῖν
1435 604 1448 616 °
1536 585 1647 656 καὶ,

1729 581 1870 641 Ἰδοὺ
1935 581 2026 638 ἄν·

2134 585 2326 642 verbis
2357 586 2655 656 Scriptura
2707 587 2956 641 testatur
2988 601 2999 638 :
3036 587 3101 639 Et
3129 600 3230 657 ego
3259 587 3437 657 venio,
3471 589 3531 640 ut
3557 587 3792 643 consilia

379 677 600 750 θρωπος
658 675 789 747 (26),
864 674 954 727 καὶ
1019 672 1082 727 τὸ
1150 671 1306 749 ἔργον
1368 673 1555 744 αὐτοῦ,
1609 673 1698 728 καὶ
1748 673 1776 727 ὁ
1836 674 1991 746 μισθὸ

2133 678 2311 729 vestra
2360 677 2413 729 et
2458 677 2696 729 actiones
2743 689 3059 744 congregem
3111 675 3175 725 9⁵³.
3229 677 3314 742 Ει,
3365 676 3495 729 Ecce
3532 675 3711 744 homo,
3740 684 3788 732 et

378 761 542 818 αὐτοῦ
603 762 719 837 μετ’
772 761 958 818 αὐτοῦ.
1015 764 1090 817 Τὰ
1125 759 1182 816 δὲ
1235 759 1498 838 ἡμέτερα,
1553 763 1642 817 καὶ
1692 761 1722 817 ἃ
1752 763 1895 837 παρὰ
1924 765 2022 831 τῆς

373 851 604 926 ἐρημίας
664 851 790 924 ὑμῖν
845 850 1167 924 κομίζομεν.
1226 850 1447 920 Ἐπειδῆ
1478 850 1566 906 καὶ
1597 849 1787 913 Ἠλίας
1845 849 2021 920 ἡδέως

372 940 742 1020 ἐνεφιλοσόφει
789 944 868 1012 τῷ
916 939 1220 1016 Καρμήλῳ,
1277 940 1368 994 καὶ
1416 939 1669 1009 Ἰωάννης
1709 961 1774 1014 τῃ
1804 939 2017 1015 ἐρήμῳ,

367 1029 458 1086 καὶ
518 1031 728 1100 Ἰησοῦς
794 1028 976 1098 αὐτὸς,
1045 1028 1140 1090 τὰς
1201 1030 1294 1103 μὲν
1349 1029 1567 1104 πραξεις
1622 1034 1740 1090 τοῖς
1797 1025 2016 1104 ὄχλοις,

366 1121 464 1182 τὰς
514 1119 678 1194 εὐχὰς
725 1115 783 1172 δὲ
834 1116 904 1192 τῇ
952 1115 1134 1193 σχολῇ
1190 1116 1279 1172 καὶ
1333 1122 1450 1179 ταῖς
1500 1117 1775 1193 ἐρημίαις,
1829 1116 1904 1178 ὡς
1951 1117 2018 1170 τὰ

365 1205 575 1278 πολλὰ,
654 1206 1003 1283 προσένεμεν.
1068 1205 1127 1260 Τί
1183 1208 1528 1279 νομοθετῶν;
1586 1207 1673 1267 Ὡς
1720 1205 1897 1278 οἶμαι,
1953 1205 2016 1260 τὸ

364 1296 566 1374 χρῆναί
593 1317 647 1352 τι
693 1296 783 1351 καὶ
831 1295 1148 1371 ἡσυχάζειν,
1209 1293 1346 1350 ὥστε
1399 1293 1695 1359 ἀοολώτως
1742 1315 2013 1368 προσομι-

364 1385 480 1442 λεῖν
535 1390 612 1458 τῷ
662 1390 798 1458 Θεῷ,
860 1385 949 1440 καὶ
1019 1386 1211 1461 μικρὸν
1263 1383 1544 1459 ἐπανάγειν
1597 1386 1689 1440 τὸν
1734 1387 1856 1438 νοῦν
1907 1383 2013 1438 ἀπὸ

362 1481 473 1532 τῶν
524 1475 921 1548 πλανωμένων.
968 1474 1041 1528 Οὐ
1089 1473 1192 1550 γὰρ
1223 1471 1382 1535 αὐτὸς
1407 1471 1578 1528 ἐδεῖτο
1610 1472 2014 1548 ἀναχωρήσεως

363 1562 513 1638 (οὐδὲ
542 1566 644 1641 γὰρ
673 1565 817 1640 εἶχεν
851 1564 927 1626 εἱς
971 1563 1000 1618 δ
1054 1585 1107 1618 τι
1139 1561 1395 1636 συσταλῇ,
1431 1564 1559 1625 Θεὸς
1592 1561 1688 1636 ὥν,
1719 1563 1809 1617 καὶ
1841 1563 2012 1617 πάντα

360 1653 635 1730 πληρῶν),
695 1651 820 1708 ἀλλ’
870 1650 940 1705 ’ἶν’
989 1655 1153 1725 ἡμεῖς
1203 1651 1454 1725 μάθωμεν
1506 1649 1592 1708 καί
1623 1651 1866 1727 πράξεως
1897 1672 2011 1706 και-

360 1744 477 1818 ρὸν,
547 1742 636 1797 καὶ
713 1739 979 1816 ἀσχολίας
1040 1738 1402 1816 ὑψηλοτέρας.
1461 1739 1589 1796 Τίνα
1645 1738 1734 1795 οὖν
1789 1743 1856 1794 τά
1909 1747 2008 1810 τῆς

357 1831 496 1906 ἐμῆς
530 1833 642 1904 (57)
690 1831 962 1905 ἐρημίας;
1012 1829 1294 1903 Βούλομαι
1342 1831 1467 1906 γὰρ,
1501 1830 1574 1892 ὡς
1609 1831 1802 1906 ἀγαθὸς
1833 1828 2004 1902 ἔμπο-
2035 1868 2083 1933 Β

357 1942 449 1998 ρος
476 1921 565 1976 καὶ
595 1919 930 1995 πανταχόθεν
963 1917 1278 1996 κερδαίνων,
1305 1919 1586 1974 κάντεῦθέν
1615 1940 1668 1973 τι
1711 1939 2002 1995 προσενεγ-

352 2015 464 2065 κεῖν
499 2010 625 2083 ὑμῖν
660 2011 962 2085 ἀγώγιμον.

2132 780 2266 835 opus
2294 765 2428 835 ejus,
2479 771 2530 818 et
2556 779 2761 818 merces
2804 764 2920 833 ejus
2947 780 3070 818 cum
3114 779 3175 818 co
3204 763 3266 817 93.
3299 763 3430 818 Jam
3463 769 3662 820 nostra
3692 781 3787 820 ex-

2133 869 2443 924 ponamus,
2478 856 2653 925 atque
2682 869 2769 918 ea,
2804 869 2933 923 quae
2965 870 2996 906 a
3026 851 3342 908 solitudine
3395 853 3563 909 vobis
3595 853 3783 909 atl‘eri-

2131 958 2284 996 mus.
2309 943 2455 997 Nam
2487 945 2544 997 et
2573 941 2724 997 Elias
2759 940 3006 997 libenter
3035 942 3093 996 in
3127 942 3387 998 Carmelo
3417 941 3787 1015 philosopha-

2128 1033 2226 1085 tur
2254 1031 2299 1065 9‘
2329 1035 2386 1085 et
2416 1031 2672 1085 Joannes
2703 1031 2762 1085 in
2815 1032 3039 1085 deserto
3071 1032 3134 1102 9⁵,
3167 1034 3223 1086 et
3252 1032 3425 1086 Jesus
3467 1030 3593 1104 ipse
3622 1032 3686 1098 οδ,
3719 1039 3783 1088 ut

2128 1121 2382 1176 actiones
2436 1119 2801 1174 multitudini
2833 1119 3257 1192 hominumque
3309 1121 3667 1192 frequentia),
3700 1122 3782 1178 ita

2125 1225 2323 1280 preces
2355 1207 2535 1280 quieti
2566 1207 2825 1278 locisque
2853 1209 2923 1263 ab
2955 1208 3264 1264 hominum
3301 1211 3650 1265 commercio
3683 1228 3777 1267 se-

2124 1297 2302 1353 motis
2350 1297 2466 1352 fere
2512 1297 2826 1351 tribuebat.
2876 1297 3024 1361 Quid
3074 1296 3230 1365 hinc,
3262 1297 3418 1352 velut
3461 1298 3582 1353 lata
3630 1298 3774 1372 lege,

2123 1387 2368 1443 statuit?
2397 1385 2616 1457 Nempe
2645 1385 2814 1441 nobis
2846 1401 3099 1458 quoque,
3135 1390 3199 1441 ut
3256 1387 3485 1458 opinor,
3508 1389 3772 1444 nonnihil

2119 1475 2541 1546 quiescendum
2573 1491 2720 1542 esse,
2759 1479 2822 1529 ut
2851 1474 3046 1530 animo
3098 1474 3340 1529 minime
3369 1475 3604 1531 turbido
3635 1493 3770 1533 cum

2121 1564 2235 1619 Deo
2265 1580 2585 1630 versemur,
2610 1566 2984 1632 mentemque
3016 1565 3087 1618 ab
3117 1563 3376 1619 erroneis
3407 1563 3565 1619 hisce
3597 1566 3771 1622 rebus

2119 1651 2428 1724 paululum
2458 1651 2829 1705 reducamus.
2863 1651 3060 1722 Neque
3093 1651 3248 1706 enim
3280 1651 3393 1722 ipsi
3445 1653 3768 1710 secessione

2118 1757 2267 1812 opus
2297 1744 2421 1795 erat
2468 1741 2608 1811 (non
2641 1739 2796 1795 enim
2827 1740 3083 1794 habebat
3138 1756 3250 1811 quo
3285 1757 3344 1795 se
3375 1741 3764 1814 contraheret,

2118 1845 2250 1884 cum
2282 1829 2436 1884 Deus
2489 1832 2660 1894 esset,
2696 1832 2752 1883 et
2782 1828 2979 1884 omnia
3023 1827 3352 1900 impleret);
3385 1845 3585 1884 verum
3617 1835 3680 1885 ut
3711 1836 3766 1886 et

2113 1917 2378 1982 actionis,
2411 1921 2467 1972 et
2515 1916 2874 1973 sublimioris
2926 1916 3327 1987 occupationis
3373 1920 3606 1988 tempus
3636 1935 3763 1974 esse

2112 2007 2495 2063 disceremus.
2557 2005 2695 2070 Quis
2753 2021 2886 2076 ergo
2944 2005 3279 2061 solitudinis
3347 2010 3550 2060 nostras
3609 2010 3754 2062 477

354 2102 580 2156 fructus
608 2099 875 2157 exstitit?
904 2100 1068 2155 Libet
1097 2098 1275 2167 enim,
1308 2098 1494 2154 instar
1524 2098 1660 2154 boni
1694 2098 2072 2171 negotiatoris
2102 2101 2159 2153 et
2189 2101 2481 2168 quaestum
2515 2097 2924 2167 undecumque
2974 2095 3314 2165 factitantis,
3349 2097 3415 2149 ut
3445 2094 3580 2150 hinc
3611 2112 3760 2167 quo-

352 2207 465 2262 que
495 2190 658 2246 vobis
686 2188 953 2245 nonnihil
985 2189 1269 2243 mercium
1303 2187 1562 2243 offeram.

473 2278 483 2296 Ι
529 2277 540 2298 ν
642 2276 652 2294 9
913 2274 924 2295 Ῑ
1164 2281 1176 2300 ἱ
1390 2276 1403 2292 \
1555 2272 1602 2298 Ῑδ
1871 2273 1886 2294 Ι

418 2283 470 2334 Η
544 2271 812 2345 Εὸαϐιζον
863 2276 1006 2330 οὕτω
1063 2296 1162 2330 κατ
1213 2274 1466 2349 ἐμαυτον,
1531 2275 1640 2345 ἦοη
1699 2274 1994 2345 κλινουσης

347 2368 579 2443 ἡμέρας.
615 2367 776 2434 Ἀκτὴ
801 2362 857 2420 δὲ
885 2368 950 2434 ἦν
1001 2365 1029 2419 ὁ
1060 2364 1356 2441 περίπατος
1387 2387 1399 2399 ο
1431 2363 1520 2419 καὶ
1553 2365 1655 2440 γάρ
1684 2385 1801 2426 πως
1834 2362 1996 2418 εἷ’ωθα

341 2455 472 2518 τοὺς
525 2455 725 2518 πόνους
786 2453 865 2508 ἀεὶ
915 2458 1034 2516 ταῖς
1090 2453 1366 2516 τοιαύταις
1420 2451 1657 2509 διαλύειν
1711 2454 1989 2508 ἀνέσεσιν·

343 2544 460 2599 ἐπεὶ
511 2541 652 2616 μηδὲ
713 2544 874 2620 νευρά
935 2543 1082 2620 φέρει
1133 2542 1196 2598 τό
1241 2541 1492 2597 σύντονον
1552 2542 1635 2596 ἀεὶ
1679 2542 1990 2614 τεινομένη,

339 2634 429 2689 καὶ
482 2631 651 2689 δεῖταί
688 2655 739 2688 τι
793 2633 983 2710 μικρὸν
1025 2637 1131 2689 τῶν
1161 2630 1438 2710 γλυφίδων
1607 2629 1912 2698 ἐκλύεσθαι,
1945 2630 1990 2686 εἷ

346 2721 544 2796 μέλλοι
589 2724 911 2793 ταθήσεσθαι
957 2721 1142 2790 πάλιν,
1183 2722 1273 2776 καὶ
1328 2723 1402 2795 μή
1451 2722 1730 2797 ἄχρηστος
1781 2718 1988 2776 ἔσεσθαι

337 2817 417 2884 τῷ
462 2811 672 2884 τοξότῃ,
727 2807 866 2883 μηδὲ
915 2809 1177 2881 ἀνόνητος
1222 2810 1274 2865 ἐν
1304 2814 1477 2884 καιρῷ
1506 2812 1783 2886 χρήσεως.
1831 2805 1989 2866 Ἐϐά-

343 2898 493 2969 διζον
527 2897 641 2969 οὖν,
693 2899 784 2954 καὶ
841 2900 893 2954 οἱ
927 2901 1021 2972 μὲν
1047 2897 1209 2961 πόδες
1239 2898 1515 2976 ἐφέροντο,
1547 2901 1582 2969 ἡ
1633 2896 1691 2953 δὲ
1721 2895 1843 2974 ὄψις
1875 2900 1990 2975 εἶχε

338 2991 438 3058 τὴν
501 2986 789 3050 θάλασσαν.
847 2989 911 3043 Ἡ
960 2986 1018 3042 δὲ
1185 2989 1359 3061 θέαμα
1415 2987 1522 3062 οὐχ
1577 2985 1706 3058 ἡδὺ,
1752 2987 2061 3093 καίτοιγεϐ

345 3073 436 3093 ,ΙΊΧ
580 3073 640 3093 ηδ
860 3075 887 3093 τ
1043 3075 1068 3093 ΙΙ
1287 3075 1306 3093 ‘
1343 3078 1355 3093 Ι
1646 3075 1659 3093 Ι
1971 3075 1984 3093 \

340 3073 528 3137 ἄλλως
574 3073 785 3144 ἣδιστον
828 3075 979 3144 οὖσα,
1039 3075 1162 3130 ὅταν
1212 3075 1427 3151 γαλήνῃ
1482 3075 1850 3154 πορφύρηται,
1898 3075 1988 3130 καὶ

336 3163 646 3239 προσπαίζη
692 3170 811 3227 ταῖς
857 3167 1043 3228 ἀκταῖς
1084 3162 1189 3234 ἡδύ
1217 3187 1272 3220 τι
1329 3165 1417 3218 καὶ
1476 3167 1702 3238 ἣμερον.
1735 3164 1910 3221 Ἀλλὰ
1937 3165 1989 3219 τί

2178 2276 2328 2330 VIII.
2361 2273 2808 2329 Inambulabam
2859 2288 2965 2346 ego
2994 2273 3176 2342 solus,
3224 2276 3496 2345 vergente
3539 2275 3665 2344 jam
3696 2275 3756 2331 in

2104 2381 2377 2421 occasum
2396 2364 2730 2419 sole.Locus
2760 2379 2930 2435 porro
2948 2363 3007 2418 in
3039 2379 3153 2434 quo
3173 2362 3562 2434 spatiabatur,
3579 2363 3757 2419 maris

2103 2453 2230 2525 ripa
2262 2457 2403 2509 erat.
2437 2457 2676 2524 Semper
2723 2453 2878 2507 enim
2912 2451 3068 2508 soleo
3117 2451 3457 2522 hujusmodi
3506 2451 3753 2508 oblecta-

2103 2542 2316 2597 mentis
2347 2541 2574 2597 labores
2606 2540 2918 2596 dissolvere
2960 2545 3017 2596 et
3048 2539 3303 2595 relaxare
3337 2557 3350 2607 ;
3383 2541 3753 2612 quandoqui-

2101 2632 2233 2688 dem
2260 2648 2366 2688 nec
2397 2635 2736 2703 perpetuam
2768 2630 3197 2686 contentionem
3231 2646 3444 2685 nervus
3475 2629 3621 2686 ferre
3652 2648 3752 2702 po-

2101 2725 2234 2790 test,
2251 2722 2350 2777 sed
2384 2719 2564 2776 laxari
2596 2735 3020 2792 nonnunquam
3052 2735 3222 2774 arcus
3253 2735 3472 2775 cornua
3502 2723 3747 2791 oportet,

2101 2813 2149 2869 si
2182 2814 2417 2885 quidem
2454 2830 2658 2868 rursus
2681 2811 3071 2868 intendendus
3093 2811 3272 2878 sit,ac
3302 2827 3417 2866 non
3450 2811 3749 2884 sagittario

2101 2903 2323 2959 inutilis
2353 2907 2478 2957 tum
2505 2903 2902 2967 futurus,cuin
2933 2917 2998 2956 eo
3022 2901 3303 2955 utendum
3329 2900 3455 2955 erit.
3473 2901 3747 2956 Inambu-

2101 2991 2294 3048 labam
2345 2992 2544 3064 igitur,
2577 2996 2751 3062 atque
2783 2991 2863 3045 ita
2912 2989 3160 3062 pedibus
3190 2989 3428 3055 ferebar,
3462 2993 3526 3044 ut
3569 2989 3750 3045 oculi-

2101 3081 2280 3137 maris
2333 3087 2572 3153 aspectu
2625 3080 2972 3135 fruerentur.
3010 3079 3125 3133 Nec
3170 3094 3304 3134 vero
3353 3079 3751 3149 spectaculum

2096 3168 2241 3224 illud
2274 3169 2472 3224 lmtum
2503 3186 2568 3224 ac
2595 3169 2928 3239 jucundum
2975 3170 3120 3235 erat,
3158 3183 3499 3239 quanquam
3531 3167 3753 3240 alioqui

334 3252 458 3309 τότε
513 3252 837 3331 (φθέγγομαι
872 3256 984 3327 (59)
1014 3274 1116 3328 γαρ
1148 3251 1326 3323 ἡδέως
1357 3255 1445 3308 καὶ
1655 3254 1720 3308 τὰ
1771 3253 1990 3330 ῥήματα

2121 3259 2591 3314 ucundissimum
2624 3275 2752 3314 esse
2783 3257 2985 3324 soleat,
3008 3275 3142 3313 cum
3172 3257 3600 3330 tranquillitate
3621 3275 3755 3331 pur-

331 3349 430 3412 τῆς
465 3344 740 3419 Γραφῆς);
784 3339 1015 3415 Ἀνέμου
1068 3341 1312 3418 μεγάλου
1359 3343 1638 3414 πνέοντος,
1681 3339 1985 3417 διηγείρετό

330 3452 388 3485 τε
435 3429 524 3485 καὶ
575 3429 870 3506 ἐπωρύετο·
928 3435 1036 3485 τῶν
1085 3429 1142 3485 δὲ
1182 3432 1460 3504 κυμάτων,
1512 3427 1540 3484 ὅ
1571 3429 1723 3508 φιλεῖ
1753 3425 1981 3498 συμϐαί-

329 3540 434 3574 νειν
491 3517 542 3573 ἐν
596 3524 712 3580 τοῖς
769 3517 1041 3580 τοιούτοις
1080 3521 1340 3591 κινήμασι
1373 3522 1508 3593 (61),
1538 3519 1604 3573 τὰ
1638 3521 1731 3592 μὲν
1763 3517 1980 3596 πόῤῥω-

330 3609 414 3662 θεν
471 3605 816 3680 ἀνιστάμενα,
866 3608 956 3662 καὶ
1009 3609 1143 3661 κατᾶ
1202 3609 1392 3680 μικρὸν
1447 3609 1826 3686 κορυφούμενα
1887 3609 1982 3664 εἴτ’

328 3693 718 3768 ἐλαττούμενα,
775 3696 910 3770 πρὸς
969 3699 1088 3758 ταῖς
1147 3695 1330 3757 ἀκταῖς
1387 3695 1574 3751 ἐλύετο
1613 3699 1745 3768 (62)·
1805 3697 1871 3750 τὰ
1928 3695 1984 3750 δὲ

326 3790 444 3845 ταῖς
496 3783 700 3859 γείτοσι
780 3784 1000 3858 πέτραις
1076 3783 1485 3858 προσπίπτοντα
1542 3784 1629 3838 καὶ
1687 3784 1983 3858 ἀποκρουό-

333 3893 484 3944 μενα,
519 3873 592 3933 εἷς
650 3869 825 3948 ἄχνην
855 3869 1082 3950 ἀφρώδη
1130 3873 1218 3926 καὶ
1268 3873 1436 3945 ψιλήν
1470 3875 1581 3946 (63)
1614 3872 1980 3948 ἐσκορπίζετο.

327 3963 492 4017 ’Ἑνθα
528 3960 811 4037 κάχληκες
868 3962 986 4036 μὲν,
1043 3960 1131 4016 καί
1189 3961 1370 4039 φυκία,
1433 3962 1521 4016 καὶ
1578 3963 1835 4037 κήρυκες,
1891 3962 1981 4015 καὶ

325 4054 434 4105 τῶν
467 4049 701 4127 ὀστρέων
743 4053 810 4106 τὰ
862 4050 1200 4129 ἐλαφρότατα
1230 4049 1476 4121 ἐξωθεῖτο
1507 4050 1596 4104 καὶ
1630 4050 1930 4104 ἀπεπτύετο
1964 4070 1976 4083 ·

327 4136 438 4194 ἔστι
481 4136 538 4194 δὲ
596 4139 627 4194 ἃ
681 4141 772 4196 καὶ
819 4139 1092 4215 ἡρπάζετο
1149 4138 1336 4209 πάλιν,
1413 4137 1828 4215 ἀναχωροῦντος
1883 4144 1979 4193 τοῦ

325 4227 589 4300 κύματος.
651 4229 718 4283 Ai
772 4225 829 4282 δὲ
881 4228 1015 4297 ἦσαν
1064 4227 1294 4282 ἅσειστοι
1339 4228 1429 4282 καὶ
1485 4228 1781 4298 ἀτίνακτοι,
1825 4228 1975 4283 οὐδὲν

324 4335 387 4390 γε
434 4317 597 4385 ἧττον
643 4316 678 4386 ἢ
731 4314 1090 4394 διοχλοῦντος
1133 4314 1371 4386 οὐδενός,
1404 4316 1549 4386 πλὴν
1578 4317 1702 4372 ’ὀσον
1733 4323 1849 4380 τοῖς
1881 4317 1974 4372 κύ-

330 4425 460 4477 μασι
488 4404 805 4480 βάλλεσθαι.

397 4673 468 4728 ϐ’.
502 4674 769 4729 Ἐντεῦθεν
831 4670 952 4727 οἶδά
998 4695 1047 4728 τι
1098 4673 1232 4749 πρὸς
1281 4673 1606 4752 φιλοσοφίαν
1644 4672 1970 4752 ὠφεληθεὶς,

326 4761 415 4814 καὶ
460 4761 596 4836 (οἶος
653 4761 758 4837 ἐγὼ
814 4760 987 4817 πάντα
1034 4761 1317 4818 συντείνων
1371 4765 1483 4838 (64)
1535 4763 1670 4839 πρὸς
1716 4763 1968 4836 ἐμαυτὸν,

326 4849 414 4903 καὶ
462 4849 698 4923 μάλιστα
745 4850 791 4905 εί
837 4850 1068 4927 τύχοιμι
1118 4852 1254 4928 πρός
1292 4874 1344 4908 τι
1399 4856 1506 4908 τῶν
1567 4847 1973 4926 συμϐαινόντων

2095 3347 2376 3418 purascit,
2411 3363 2475 3402 ac
2517 3347 2815 3402 littoribus
2847 3345 3131 3403 blandum
3181 3347 3460 3418 quiddam
3491 3351 3547 3402 et
3578 3364 3756 3404 suave

2098 3435 2324 3491 alludit.
2355 3437 2463 3490 Sed
2519 3437 2659 3506 quid
2694 3441 2819 3492 tum
2845 3437 2873 3491 ‘I
2903 3436 3060 3491 Mare
3106 3436 3377 3508 (libenter
3423 3436 3577 3491 enim
3623 3442 3756 3493 utor

2097 3524 2410 3596 Scripturae
2441 3525 2678 3597 verbis),
2712 3529 2885 3581 vento
2916 3542 3128 3597 magno
3160 3526 3357 3591 ﬂante,
3391 3526 3754 3582 excitabatur

2095 3618 2152 3668 et
2183 3614 2531 3669 int‘remebat
2557 3615 2600 3649 ⁹⁷
2626 3633 2638 3681 ;
2671 3615 2881 3669 fluctus
2913 3619 3211 3683 autem,ut
3239 3615 3298 3670 in
3328 3615 3544 3670 talibus
3576 3617 3750 3671 rebus

2096 3703 2214 3758 fieri
2251 3703 2567 3770 consuevit,
2603 3705 2775 3758 modo
2821 3703 3021 3774 procul
3072 3708 3468 3774 exsurgentes,
3503 3719 3750 3774 seseque

2092 3791 2374 3861 paulatim
2395 3791 2452 3844 in
2475 3807 2771 3845 summam
2790 3791 3160 3846 altitudinem
3183 3793 3506 3857 efferentes,
3530 3809 3594 3847 ac
3620 3809 3748 3864 pos-

2090 3883 2184 3935 tea
2212 3880 2615 3934 decrescentes
2667 3880 2736 3933 ad
2782 3879 2971 3950 ripam
3021 3879 3431 3942 solvebantur;
3465 3882 3636 3936 modo
3685 3882 3741 3936 in

2091 3967 2451 4039 propinquas
2475 3972 2667 4038 petras
2695 3967 3037 4034 incidentes,
3055 3973 3231 4038 atque
3261 3968 3396 4024 inde
3427 3969 3743 4041 repulsi,in

2089 4072 2431 4128 spumosam
2455 4072 2521 4111 ac
2553 4061 2785 4112 tenuem
2810 4056 3181 4128 asperginem
3200 4057 3742 4115 dilabebantur.Hic

2089 4148 2144 4199 et
2175 4145 2380 4216 lapilli,
2412 4149 2468 4200 et
2516 4144 2680 4216 algae,
2713 4149 2769 4200 et
2799 4146 3072 4212 murices,
3105 4149 3162 4200 et
3205 4146 3505 4203 levissima
3552 4152 3743 4204 ostrea

2088 4235 2547 4290 extrudebantur
2600 4237 2656 4290 et
2713 4235 2882 4306 quasi
2932 4236 3408 4307 exspuebantur;
3460 4236 3742 4292 nonnulla

2087 4323 2259 4378 etiam
2293 4326 2449 4380 unda
2482 4325 2784 4381 recedente
2819 4342 3023 4382 rursus
3056 4326 3515 4398 abripiebantur.
3562 4327 3739 4382 Petrae

2009 4400 2054 4464 D
2086 4417 2281 4468 autem
2313 4413 2542 4469 interim
2595 4431 2710 4470 non
2744 4414 2941 4470 minus
2990 4415 3245 4470 immotae
3276 4420 3334 4471 et
3379 4415 3738 4472 inconcussa:

2083 4503 2481 4574 remanebant,
2515 4520 2686 4575 quam
2718 4505 2766 4559 si
2797 4503 2959 4559 nulla
2985 4503 3222 4559 omnino
3253 4504 3339 4559 vis
3372 4505 3517 4576 ipsis
3543 4505 3740 4561 admo-

2079 4596 2329 4662 veretur,
2363 4590 2475 4647 nisi
2509 4593 2660 4664 quod
2692 4595 2978 4648 ﬂuctuum
3011 4593 3224 4649 ictibus
3257 4593 3735 4650 verberabantur.

2157 4680 2246 4734 IX.
2281 4680 2360 4734 Ex
2392 4680 2500 4736 hoc
2533 4681 2864 4753 spectaculo
2895 4681 3162 4736 nonnihil
3196 4681 3467 4738 utilitatis
3499 4683 3569 4739 ad
3603 4683 3738 4755 phi-

2083 4767 2411 4840 losophiam
2432 4769 2758 4841 percepisse
2791 4787 2883 4826 me
2904 4770 3252 4843 sensi,et(ut
3285 4772 3483 4827 omnia
3510 4773 3581 4827 ad
3614 4789 3734 4829 me-

2083 4857 2278 4930 ipsum
2310 4858 2524 4915 referre
2553 4864 2728 4930 atque
2757 4859 3006 4933 dirigere
3054 4860 3231 4931 soleo,
3263 4878 3329 4917 ac
3361 4861 3734 4932 potissimum

395 5011 441 5047 ⁹²
474 5010 584 5068 Isa.
618 5025 765 5078 um,
793 5012 879 5068 18.
958 5013 1001 5049 98
1030 5017 1142 5070 Isa.
1173 5030 1266 5083 XL,
1298 5015 1387 5072 10.
1463 5014 1508 5051 ⁹⁴
1540 5015 1612 5071 ΙΙΙ
1642 5016 1782 5087 Reg.
1815 5031 1975 5084 xvm,

2171 5017 2215 5052 9⁵
2245 5017 2384 5073 Luc.
2418 5034 2458 5087 ι,
2489 5018 2579 5074 80.
2656 5019 2700 5054 9⁸
2731 5019 2868 5076 Luc.
2902 5035 2955 5087 v,
2988 5019 3076 5076 16.
3151 5020 3194 5055 9⁷
3223 5020 3392 5078 Joan.
3425 5038 3502 5090 v1,
3537 5023 3622 5078 18.

412 5186 502 5269 _56)
537 5187 891 5269 ⁸Ἀνθρωπος.
941 5190 1115 5247 Sacer
1167 5194 1381 5264 textus,
1432 5191 1646 5269 Κύριος.
1701 5193 1970 5265 Vulgata,

324 5284 351 5310 ‹‹
384 5274 689 5316 Dominus.
726 5281 755 5309 »

364 5407 371 5410 _
397 5331 507 5410 (.57)
539 5331 734 5410 'lipﬁc.
769 5333 939 5388 Deest
963 5332 1024 5390 in
1056 5333 1288 5390 duobus
1320 5334 1786 5410 Regg.,quatuor
1814 5336 1971 5393 Colb.

325 5402 521 5555 et
543 5404 889 5555 ίδλυφίδωνμε
919 5477 1100 5555 Arcus
1132 5493 1408 5544 cornua,»
1441 5477 1496 5533 id
1528 5481 1635 5555 est,
1651 5494 1972 5555 «Aerenas,»

328 5561 430 5601 seu
461 5545 798 5622 gincisuras
818 5567 847 5597 »
869 5547 928 5604 in
950 5553 1206 5606 extrema
1235 5565 1404 5606 arcus
1419 5550 1822 5622 parte,quibus
1844 5545 1974 5608 ner-

328 5633 434 5675 vus
464 5617 762 5676 inseritur.

400 5689 514 5765 (59)
545 5689 886 5769 Φθὰγγομαι.
919 5691 1059 5768 Reg.
1091 5691 1212 5762 bm,
1243 5689 1557 5771 φθέγξομαι.

2296 5192 2705 5283 ξςαίκῡοθειέι]
2739 5198 2878 5283 fteg.
2911 5215 2968 5256 ιι.

2156 5267 2568 5343 (61)]ςινήμασι
2623 5271 2792 5326 Deest
2821 5267 2880 5326 in
2935 5269 3203 5343 pluribus
3237 5275 3407 5340 Regg.
3461 5271 3518 5322 et
3547 5267 3642 5323 Or.
3676 5267 3730 5324 4.

2085 5338 2200 5413 Nec
2233 5338 2448 5413 Billius
2464 5343 2744 5413 agnoscit.

2154 5411 2268 5486 (62)
2299 5409 2538 5486 Ἐλύετό.
2575 5415 2634 5486 In
2668 5413 3045 5486 quibusdam,
3075 5409 3338 5486 διελύετο.

2154 5484 2266 5552 (63)
2301 5481 2505 5550 Ψιλήν.
2559 5485 2651 5541 Sic
2684 5481 2946 5558 plerique
2996 5481 3164 5540 codd.
3198 5486 3254 5537 et
3297 5485 3422 5535 Bas.
3459 5481 3734 5540 Mendose

2175 5555 2267 5610 ed.
2301 5554 2565 5610 ,ὑψηλήιμ

2085 5553 2142 5608 in
2175 5555 2267 5610 ed.
2301 5554 2565 5612 .étlmlriv.

2175 5576 2267 5610 ea.
2301 5576 2565 5629 ,υψηΛην.

2156 5627 2271 5700 (64)
2306 5627 2625 5684 Συντιίνων.
2678 5628 2773 5684 Or.
2833 5629 2857 5683 1
2909 5642 3042 5682 cum
3091 5624 3222 5682 aliis
3272 5623 3558 5700 pluribus,
3608 5647 3734 5680 συν-

2080 5695 2265 5770 τείνω,
3274 5695 3287 5698 ⁷
