4094 6212
374 329 527 389 1239

1609 334 1675 392 S.
1724 331 2095 392 GREGORII
2139 329 2534 392 THEOLOGI

3624 333 3777 394 1240

370 461 419 518 si
452 464 522 518 ad
551 463 803 536 aliquem
829 479 1022 518 rerum
1056 467 1326 520 eventum
1345 462 1575 520 animus
1593 481 1755 521 meus
1787 467 2013 531 estuet,

2132 459 2458 536 ἰλιγγιάσας,
2519 460 2549 516 ὅ
2596 462 2687 516 καὶ
2728 467 2818 517 νῦν
2870 462 3134 537 πέπονθα)
3181 461 3241 516 οὗ
3280 463 3569 538 παρέργως
3601 461 3780 535 ἐδεξά-

370 556 426 607 et
455 557 732 624 tanquam
765 553 1048 625 vertigine
1080 554 1392 623 afﬁciatur,
1417 559 1480 610 ut
1511 554 1653 611 mihi
1689 571 1842 610 nunc
1874 553 2017 610 acci-

371 641 475 710 dit)
512 657 623 696 non
680 641 864 697 obiter
888 647 944 696 et
993 642 1351 716 negligenter
1379 643 1457 714 id,
1493 645 1646 716 quod
1696 642 1883 700 oculis
1915 643 2017 698 ob-

367 730 728 799 versabatur,
766 731 958 803 accepi
987 749 999 800 ;
1033 739 1090 787 et
1121 733 1176 786 in
1209 733 1534 788 doctrinam
1569 733 1712 788 mihi
1744 732 1850 787 hoc
1881 746 2016 803 spe-

367 819 661 873 ctaculum
711 820 905 876 cessit.
937 823 1146 876 Annon
1199 822 1379 890 enim,
1429 822 1788 893 inquiebam,
1834 836 2018 888 mare,

371 906 487 962 vita
520 907 635 963 haec
667 913 866 965 nostra
897 915 1070 979 est,et
1101 928 1192 967 res
1224 911 1493 967 humanis
1516 912 1543 966 ?
1571 912 1718 966 Nam
1748 911 1842 965 hic
1873 927 2019 982 quo-

370 1012 482 1067 que
514 996 768 1053 multum
801 1003 886 1054 est
918 999 1329 1056 amaritudinis
1359 1005 1416 1056 et
1447 999 1873 1056 instabilitatis.
1907 1001 2019 1054 An-

370 1102 482 1140 non
514 1087 690 1156 venti,
722 1088 1074 1146 tentationes
1123 1090 1482 1162 ingruentes,
1515 1093 1570 1144 et
1614 1088 1895 1161 inopinati
1931 1105 2020 1143 re-

369 1191 499 1229 rum
549 1177 1027 1242 eventus?Quod
1079 1177 1219 1233 mihi
1262 1178 1746 1234 animadvertisse
1792 1177 2023 1233 videtur

371 1263 569 1330 David,
604 1281 734 1320 cum
771 1266 986 1322 diceret
1019 1284 1031 1321 :
1067 1268 1289 1322 Salvum
1340 1283 1427 1322 me
1453 1270 1562 1337 lac,
1610 1268 1854 1336 Domine,
1887 1282 2022 1338 quo-

371 1353 522 1408 niam
575 1355 925 1410 intraverunt
980 1371 1143 1426 aquae
1212 1373 1384 1428 usque
1438 1356 1506 1411 ad
1562 1359 1811 1411 animam
1867 1356 2020 1411 478

367 1458 550 1498 meam
573 1443 932 1512 “.Et,Lz'bera
950 1448 1134 1513 me,de
1149 1446 1442 1518 profundis
1457 1462 1729 1516 aquarum
1743 1446 1882 1500 “Et
1902 1463 2027 1501 rur'

369 1549 492 1598 sus,
514 1533 644 1587 Veni
669 1535 727 1587 in
762 1535 1122 1590 altitudinem
1150 1537 1342 1604 maris,
1365 1543 1419 1592 et
1447 1537 1730 1606 tempestas
1761 1535 2024 1590 demersit

367 1637 455 1675 me
487 1625 526 1675 ί.
562 1621 735 1678 Porro
781 1640 1006 1690 eorum,
1038 1624 1137 1694 qui
1172 1628 1491 1691 tentantur,
1526 1623 1624 1680 alii
1669 1624 1835 1694 mihi,
1870 1623 2025 1680 velut

369 1707 666 1766 levissima
735 1713 1001 1784 quaedam
1050 1730 1294 1785 corpora
1341 1718 1396 1769 et
1444 1713 1686 1786 spiritus
1743 1713 2019 1785 expertia,

370 1800 558 1872 abripi
592 1800 954 1873 distrahique
984 1803 1349 1872 videbantur,
1375 1819 1440 1858 ac
1472 1819 1541 1858 ne
1572 1801 1864 1858 tantillum
1899 1801 2022 1874 qui-

369 1889 500 1943 dem
549 1889 925 1944 adversarum
975 1907 1168 1945 rerum
1222 1890 1506 1962 impetum
1555 1891 2020 1959 sustinere;nec

369 1977 524 2032 enim
567 1977 747 2033 robur
793 1983 851 2033 et
901 1979 1236 2034 ﬁrmitatem
1287 1980 1526 2046 habent,
1559 1996 1747 2052 neque
1793 1980 2024 2051 pondus

369 2067 677 2140 prudentis
705 2072 762 2123 et
779 2068 1027 2124 cordata;
1059 2069 1469 2141 rationis,quai
1501 2069 1758 2125 fortuitis
1789 2069 2024 2125 casibus

369 2159 737 2226 obluctetur;
771 2157 866 2213 alii
921 2161 1116 2213 autem
1148 2161 1321 2229 petrae
1374 2157 1560 2214 instar
1587 2175 1735 2226 esse,
1765 2176 1831 2213 ac
1862 2162 2026 2230 petra

371 2249 471 2304 illa
499 2249 540 2316 ³,
571 2263 751 2320 supra
779 2262 952 2318 quam
989 2251 1237 2316 stamus,
1258 2252 1314 2302 et
1343 2264 1519 2319 quam
1548 2247 1816 2318 colimus,
1837 2247 2020 2320 digni,

372 2338 708 2412 quicunque
739 2335 1017 2391 nimirum
1051 2334 1459 2409 philosophica
1499 2335 1723 2392 ratione
1751 2340 2019 2408 utuntur,

371 2446 436 2484 ac
465 2443 646 2498 supra
676 2424 830 2496 vulgi
862 2423 1254 2500 humilitatem
1299 2426 1498 2494 evecti,
1531 2426 1794 2482 humana
1824 2425 2023 2482 omnia

366 2517 609 2572 immoto
639 2517 696 2571 et
727 2515 892 2569 ﬁrmo
943 2513 1137 2569 animo
1169 2515 1380 2584 ferunt,
1415 2519 1586 2585 atque
1629 2530 1726 2571 eos
1759 2515 2017 2586 quidem,

363 2605 464 2677 qui
495 2604 711 2660 talibus
743 2604 917 2658 rebus
949 2604 1315 2674 quatiuntur,
1336 2604 1600 2673 irrident,
1623 2603 1707 2659 vel
1743 2603 2022 2659 miseran-

363 2700 460 2751 tur
489 2693 659 2767 (illud
690 2693 761 2748 ob
791 2691 1180 2764 philosophici
1209 2693 1390 2748 animi
1422 2692 2017 2764 generositatem,hoc

361 2787 600 2856 propter
647 2781 1072 2837 humanitatem
1123 2785 1180 2837 et
1225 2781 1858 2853 commiserationem);
1904 2781 2016 2854 ipsi

362 2875 558 2930 autem
589 2875 759 2942 turpe
788 2885 916 2926 esse
965 2874 1256 2940 statuunt,
1287 2888 1380 2928 res
1408 2887 1616 2943 graves
1648 2874 1704 2926 et
1753 2871 2014 2940 acerbas,

361 2979 498 3020 cum
529 2962 764 3028 absunt,
782 2963 1255 3030 contemnere,ac
1288 2977 1359 3016 ne
1388 2977 1592 3034 graves
1617 2959 1854 3033 quidem
1887 2958 2018 3016 illas

2130 573 2236 625 μην
2269 551 2328 606 τὸ
2361 551 2635 626 ὁρώμενον
2673 572 2684 583 ·
2739 551 2830 606 καὶ
2895 574 2986 626 μοι
3017 552 3081 606 τὸ
3111 551 3285 624 θέαμα
3313 550 3588 626 παίδευμα
3634 555 3780 630 γίνε-

2123 660 2230 695 ται.
2267 641 2335 696 Ἥ
2381 642 2480 716 γὰρ
2529 643 2627 696 οὐκ
2680 638 2814 720 ἔφην
2875 640 3002 717 ἐγὼ,
3055 639 3296 695 θάλασσα
3331 643 3424 715 μὲν
3457 643 3485 697 ὁ
3512 643 3780 720 ἡμέτερος

2131 727 2246 801 βίος
2275 728 2364 782 καὶ
2421 728 2485 782 τὰ
2506 730 2818 803 ἀνθρώπινα
2849 729 3017 803 (πολῦ
3047 728 3147 806 γὰρ
3178 729 3275 784 κάν
3307 729 3486 804 τούτῳ
3512 731 3575 786 τὸ
3606 732 3784 805 ἁλμυ-

2129 817 2219 893 ρὸν
2296 817 2383 872 καὶ
2459 819 2725 893 ἄστατον),
2801 818 3077 893 πνεύματα
3125 815 3182 873 δὲ
3239 820 3292 873 οἱ
3351 819 3783 890 προσπίπτοντες

2127 908 2422 983 πειρασμοὶ
2461 907 2549 962 καὶ
2594 907 2692 962 ὕσα
2731 913 2837 964 τῶν
2897 905 3176 979 ἀδοκήτων
3213 927 3227 978 ;
3274 909 3344 966 ’Ό
3393 931 3486 982 μοι
3518 907 3669 965 δοκεῖ
3697 913 3787 965 καὶ

2131 997 2158 1051 ὁ
2189 997 2634 1068 θαυμασιώτατος
2685 993 2850 1053 Δαϐὶδ
2899 999 3259 1068 κατανοήσας,
3316 999 3502 1054 Σῶσόν
3556 1021 3644 1073 με,
3676 999 3787 1054 Κύ-

2133 1106 2234 1162 ριε,
2285 1084 2481 1161 λέγειν,
2532 1088 2615 1142 ὃτι
2663 1087 2986 1157 εἶσήλθοσαν
3033 1083 3198 1141 ὕδατα
3236 1083 3338 1150 ἕως
3393 1090 3580 1165 ψυχῆς
3641 1109 3780 1161 μουο

2130 1175 2240 1247 καὶ,
2289 1174 2468 1230 Ῥὔσαί
2528 1197 2596 1249 με
2647 1175 2706 1231 ἐκ
2760 1180 2868 1230 τῶν
2934 1177 3145 1251 βαθοων
3197 1180 3304 1230 τῶν
3367 1173 3575 1232 ὑδάτων
3608 1198 3620 1208 ·
3656 1176 3786 1232 Ἕλ-

2131 1265 2221 1319 θον
2282 1261 2339 1318 δὲ
2398 1263 2473 1326 εἰς
2527 1265 2594 1319 τὰ
2663 1265 2797 1340 βάθη
2873 1271 2973 1333 τῆς
3045 1263 3340 1339 θαλάσσης)
3393 1266 3484 1319 xui
3540 1267 3779 1341 καταιγῖς

2130 1353 2478 1408 κατεπόντισε
2540 1373 2625 1426 με.
2681 1357 2792 1407 Τῶν
2849 1350 2906 1406 δὲ
2968 1352 3372 1430 πειραζομένων
3428 1356 3483 1408 οἱ
3529 1355 3620 1428 μὶν
3663 1354 3773 1410 ἐδό-

2129 1463 2255 1497 κουν
2308 1463 2399 1514 μοι
2447 1442 2521 1504 ὡς
2564 1443 2631 1496 τὰ
2677 1440 2982 1519 κουφότατα
3024 1441 3113 1496 καὶ
3145 1441 3316 1497 ἄπνοπι
3347 1443 3762 1520 παρασύρεσθαι,

2132 1532 2220 1586 xui
2278 1528 2403 1586 οὐδὲ
2462 1533 2652 1607 μικρὸν
2699 1531 2940 1606 ἀντέχειν
3000 1530 3133 1608 πρὸς
3161 1532 3255 1594 τὰς
3291 1532 3544 1606 ἐπηρείας
3578 1555 3590 1567 ο
3649 1533 3778 1590 οὐδὲ

2131 1620 2230 1697 γὰρ
2255 1616 2400 1696 ἔχειν
2434 1621 2486 1676 ἐν
2517 1621 2730 1682 ἑαυτοῖς
2763 1619 3117 1697 στερρότητα,
3147 1620 3237 1676 καὶ
3299 1621 3461 1697 βάρος
3511 1623 3784 1698 λογισμοῦ

2135 1710 2433 1788 σώφρονος,
2466 1709 2555 1765 xui
2603 1715 2720 1772 τοῖς
2770 1709 3202 1785 προσπίπτουσιν
3249 1706 3642 1774 ἀντίϐαίνοντος
3677 1733 3690 1744 .
3727 1715 3786 1767 oc,

2136 1796 2194 1853 δὲ
2250 1800 2381 1856 εἶναι
2443 1798 2629 1876 πέτρα,
2680 1806 2781 1869 τῆς
2840 1797 3039 1875 πέτρας
3097 1797 3308 1870 ἐκείνης
3378 1798 3535 1873 ἄξιοι,
3595 1801 3674 1877 ἐφ’
3718 1805 3786 1872 ἧς

2139 1883 2468 1964 βεϐήκαμεν,
2519 1889 2608 1944 καὶ
2651 1888 2687 1962 ᾖ
2733 1886 3091 1964 λατρεύομεν,
3141 1887 3257 1943 ’ὀσοι
3317 1887 3598 1967 φιλοσόφῳ
3625 1892 3778 1965 χρώ-

2137 1999 2285 2052 μενοι
2335 1977 2510 2054 λόγῳ,
2567 1978 2657 2032 καὶ
2707 1973 3240 2054 ὑπεραναϐεϐηκότες
3286 1979 3384 2046 τήν
3416 1983 3522 2032 τῶν
3553 1977 3775 2033 πολλῶν

2129 2066 2508 2138 ταπεινότητα,
2569 2068 2742 2122 πάντα
2799 2068 3048 2144 φέρουσιν
3122 2066 3375 2130 ασείστως
3445 2067 3532 2122 xui
3595 2067 3780 2122 ἅτινά-

2129 2177 2294 2227 κτως,
2324 2157 2413 2213 καὶ
2445 2154 2739 2232 διαγελῶσι
2775 2156 2868 2230 μὲν
2901 2157 3042 2230 )65),
3074 2156 3108 2225 ἢ
3144 2154 3355 2212 ἐλεοῦσι
3384 2155 3513 2218 τοὺς
3562 2158 3783 2231 σειομές-

2131 2267 2251 2308 νους
2297 2247 2380 2320 (τὸ
2433 2247 2528 2320 μὲν
2581 2246 2684 2300 ὑπὸ
2735 2244 3084 2324 φιλοσοφίας,
3142 2247 3204 2300 τὸ
3255 2243 3312 2300 δὲ
3343 2245 3444 2300 ὑπὸ
3477 2245 3782 2322 φιλανθρω-

2129 2335 2296 2410 πίας)·
2357 2335 2507 2390 αὐτοὶ
2564 2332 2621 2390 δὲ
2677 2339 2784 2390 τῶν
2843 2334 3087 2411 αἰσχρῶν
3139 2334 3391 2404 τίθενται,
3425 2335 3630 2390 ἀπόντα
3684 2337 3777 2407 μὲν

2127 2426 2195 2479 τὰ
2238 2422 2382 2480 δεινὰ
2426 2429 2790 2502 περιφρονεῖν,
2847 2422 3058 2497 μᾶλλον
3108 2421 3164 2478 δὲ
3211 2421 3351 2497 μηδὲ
3395 2420 3542 2479 δεινὰ
3572 2423 3772 2479 οἳεσθαι

2127 2513 2409 2590 παρόντων
2452 2510 2509 2568 δὲ
2539 2515 2823 2584 ἡττᾶσθαι,
2863 2512 2951 2566 καὶ
3006 2517 3193 2582 ταῦτα,
3252 2511 3450 2581 τίνων,
3508 2517 3616 2567 τῶν
3643 2533 3775 2588 παρ-

2129 2603 2468 2680 ερχομένων,
2528 2603 2602 2664 ὡς
2660 2600 2958 2675 ἱσταμένων
2993 2603 3104 2675 (66)
3140 2620 3152 2634 ‘
3186 2601 3275 2656 xui
3308 2606 3406 2656 τοῦ
3453 2607 3648 2676 καιροῦ
3683 2603 3776 2674 μὲν

2128 2690 2228 2763 ἔξω
2259 2689 2599 2768 φιλοσοφεῖν,
2634 2690 2685 2745 ἐν
2720 2687 2778 2744 δὲ
2805 2694 2922 2752 ταῖς
2982 2688 3193 2766 χρείαις
3241 2689 3612 2769 ἀφιλοσόφους
3659 2692 3775 2769 φαί-

2125 2792 2306 2844 νεσθαι
2341 2799 2353 2812 ’
2387 2779 2567 2856 ὥσπερ
2601 2780 2658 2834 ἂν
2689 2776 2845 2840 εἷ’τις
2905 2779 3134 2853 ἅριστων
3202 2780 3387 2834 ἑαυτὸν
3417 2780 3631 2852 νομίζοι
3672 2783 3776 2854 (67)

2124 2874 2230 2925 τῶν
2281 2867 2558 2940 ἀθλητῶν,
2606 2865 2748 2941 μηδὲ
2795 2862 3128 2922 καταϐαίνων
3172 2867 3248 2930 εἰς
3280 2866 3685 2943 στάδιον·
3738 2871 3773 2937 ἢ

2125 2953 2462 3033 κυϐερνήτην
2516 2960 2622 3011 τῶν
2679 2953 3004 3030 εὐδοκίμων,
3055 2956 3105 3012 ἐν
3169 2958 3265 3029 μέτ
3320 2962 3442 3020 ταῖς
3481 2955 3774 3032 εὐδίαιςτῇ

362 3051 718 3117 existimare,
753 3066 886 3104 cum
935 3053 1130 3106 autem
1172 3051 1405 3116 adsunt,
1455 3050 1855 3116 succumbere,
1888 3066 2014 3121 per—

2132 3048 2292 3123 τέχνῃ
2347 3046 2486 3122 μέγα
2543 3049 2843 3124 φρονοῦντα
2899 3047 3035 3120 (69),
3091 3044 3143 3099 ἐν
3197 3042 3254 3100 δὲ
3281 3051 3401 3109 ταῖς
3437 3045 3622 3116 ζάλαις
3651 3049 3765 3120 μεθ-

362 3142 498 3197 inde
530 3139 752 3195 scilicet
781 3143 956 3210 atque
985 3156 1062 3194 ea:
1095 3156 1207 3195 non
1241 3140 1428 3209 ﬂuxae,
1465 3140 1566 3196 sed
1599 3140 1778 3194 firmae
1811 3155 1876 3194 ac
1901 3143 2015 3195 sta-

2132 3137 2270 3192 ιέντα
2300 3134 2424 3197 τοὺς
2458 3132 2666 3196 οἷάκας.

360 3231 510 3286 biles
557 3228 711 3296 sint;
745 3233 922 3299 atque
951 3234 1113 3284 extra
1160 3233 1394 3302 tempus
1427 3229 1664 3302 quidem
1716 3227 2138 3301 philosophari,
2166 3244 2300 3284 cum
2333 3231 2530 3282 autem
2561 3242 2707 3298 opus
2751 3229 2861 3294 est,
2890 3224 3273 3298 philosophiae
3305 3228 3548 3298 expertes
3583 3241 3752 3296 appa-

362 3334 487 3372 rere
521 3334 534 3371 :
569 3316 1064 3388 quemadmodum
1097 3316 1145 3372 si
1177 3317 1310 3389 quis
1340 3316 1694 3373 athletarum
1727 3317 1992 3373 omnium
2025 3315 2580 3389 praestantissimum
2613 3330 2675 3370 se
2705 3329 2834 3371 esse
2863 3318 3144 3383 censeret,
3180 3330 3254 3370 ne
3283 3315 3335 3370 in
3363 3329 3593 3369 arenam
3638 3313 3766 3384 qui.

361 3407 494 3460 dem
527 3406 927 3473 descendens;
961 3409 1061 3460 aut
1090 3408 1336 3477 probum
1371 3411 1428 3462 et
1460 3406 1713 3462 nobilem
1763 3407 2233 3478 gubernatorem,
2267 3406 2326 3460 in
2377 3402 2804 3476 tranquillitate
2847 3403 3083 3476 quidem
3133 3408 3318 3460 artem
3349 3419 3513 3459 suam
3544 3400 3768 3475 magni-

361 3496 465 3550 ﬁce
481 3495 736 3566 jactans,
769 3499 966 3549 coorta
997 3501 1193 3550 autem
1222 3498 1568 3566 tempestate
1597 3494 1994 3567 gubernacula
2024 3496 2095 3550 de
2125 3494 2402 3551 manibus
2433 3509 2678 3566 ponens.

432 3584 494 3638 Χ.
532 3583 816 3648 Quoniam
849 3599 1020 3654 porro
1053 3583 1109 3638 in
1138 3583 1246 3639 hos
1276 3600 1575 3640 sermones
1607 3583 1786 3640 semel
1815 3583 2016 3652 incidi,

2202 3583 2236 3639 I'
2293 3581 2443 3639 Ἐπεὶ
2502 3579 2560 3635 δὲ
2615 3579 2751 3650 ἅπαξ
2810 3578 2886 3642 εἷς
2940 3577 3169 3642 τούτους
3228 3581 3491 3650 κατέστην
3519 3577 3645 3640 τοὺς
3675 3577 3769 3632 λό-

360 3673 604 3729 alteram
639 3672 778 3728 mihi
807 3689 1034 3744 quoque
1067 3671 1808 3746 imaginem,praasentibus
1839 3673 2013 3728 rebus

2132 3691 2251 3746 γους
2307 3672 2441 3745 (70),
2497 3670 2588 3724 καὶ
2643 3670 2781 3744 πρὸς
2837 3668 3017 3746 ἑτέραν
3064 3667 3235 3738 ἦλθον
3311 3669 3516 3736 εἰκόνα,
3578 3665 3774 3746 σφόδρα

360 3763 679 3818 admodum
712 3766 1150 3834 congruentem,
1175 3762 1472 3834 proposui.
1492 3763 1708 3818 Forsan
1743 3778 1833 3817 me
1861 3760 2017 3817 velut

2132 3765 2240 3822 τοῖς
2299 3763 2529 3835 παροῦσι
2581 3753 3003 3833 συμϐαίνουσαν.
3061 3759 3214 3834 Τάχα
3284 3779 3349 3832 με
3408 3757 3636 3834 γέροντα
3688 3755 3775 3811 καὶ

360 3851 705 3907 delirantem
728 3866 927 3906 senem
958 3867 1023 3906 ac
1048 3851 1434 3907 fabulatorem
1458 3850 1835 3917 habebitis,si
1865 3850 2017 3906 hanc

361 3944 536 3998 etiam
569 3940 733 3996 vobis
775 3958 1132 4012 exposuero;
1166 3959 1452 4015 exponam
1502 3946 1720 4010 tamen,
1755 3943 2016 4013 quando-

361 4029 598 4101 quidem
632 4037 688 4084 et
732 4030 1028 4102 Scriptura
1082 4031 1427 4104 plerumque
1457 4032 1528 4086 ad
1579 4048 1671 4087 res
1701 4030 2017 4087 dilucidius

360 4116 733 4188 explicandas
765 4117 1103 4187 hujusmodi
1137 4120 1417 4192 exemplis
1449 4119 1532 4175 uti
1563 4120 1882 4175 consuevit.
1916 4121 2018 4175 Est

361 4206 628 4277 quasdam
661 4206 719 4260 in
754 4206 968 4262 fabulis
1003 4207 1197 4279 arbor,
1232 4226 1358 4282 qua:
1391 4226 1526 4264 cum
1558 4209 1800 4264 caeditur
1845 4208 2015 4277 viret,

358 4298 414 4349 et
445 4295 724 4350 adversus
777 4295 993 4350 ferrum
1027 4301 1248 4367 certat;
1281 4315 1367 4364 ac,
1402 4299 1452 4354 si
1483 4299 1554 4352 de
1603 4313 1663 4353 re
1694 4313 1840 4354 nova
1870 4314 2015 4353 novo

360 4400 522 4439 more
553 4383 912 4455 loquendum
945 4391 1056 4457 est,
1089 4391 1274 4443 morte
1302 4387 1461 4456 vivit,
1496 4390 1553 4443 et
1599 4387 1853 4444 sectione
1884 4385 2012 4458 pul-

2130 3849 2434 3925 μυθολόγον
2484 3848 2754 3922 νομίσετε,
2814 3847 2872 3902 ἂν
2925 3850 3038 3922 (71)
3093 3847 3182 3902 καὶ
3239 3846 3368 3921 ὑμῖν
3409 3847 3609 3918 ταύτην
3634 3869 3776 3923 γνω-

2127 3938 2260 4012 ρίσω
2318 3941 2451 4012 (72)·
2510 3937 2834 4014 γνωριστέον
2886 3934 2930 3992 δ’
2960 3934 3073 4006 οὖν,
3107 3935 3223 3991 ἐπεὶ
3279 3938 3368 3991 xui
3425 3944 3527 4006 τήν
3564 3937 3774 4014 Γραφὴν

2125 4025 2246 4082 οἶδα
2301 4025 2572 4090 πολλάκις
2629 4025 2903 4088 τοιούτοις
2955 4027 3250 4102 χρωμένην
3312 4025 3388 4089 εἰς
3449 4027 3772 4105 σαφεστέραν

2137 4113 2392 4193 διήγησιν
2451 4118 2796 4190 (73).ω.’Έστι
2851 4137 2904 4170 τι
2953 4116 3110 4190 μύθῳ
3139 4117 3251 4190 (74)
3308 4115 3495 4192 φυτὸν,
3526 4113 3558 4170 ὅ
3593 4112 3784 4170 θάλλει

2124 4207 2474 4279 τεμνόμενον,
2517 4206 2605 4260 xui
2653 4206 2786 4280 πρὸς
2829 4206 2920 4260 τὸν
2963 4201 3183 4280 σίδηρον
3211 4203 3529 4280 ἀγωνίζεται
3564 4225 3576 4237 ·
3611 4205 3703 4258 καὶ
3735 4203 3779 4258 εἷ

2126 4292 2206 4350 δεῖ
2258 4291 2574 4372 παραδόξως
2631 4294 2800 4349 εἰπεῖν
2869 4294 2990 4371 περὶ
3067 4291 3376 4369 παραδόξου
3432 4293 3778 4369 πράγματος,

2124 4385 2335 4458 θανάτῳ
2394 4388 2482 4458 ζῇ,
2532 4382 2624 4439 καὶ
2666 4387 2814 4457 τομῇ
2860 4382 3069 4461 φύεται,
3119 4381 3205 4438 xui
3264 4381 3474 4453 αὔξεται
3535 4379 3784 4437 δαπανώ-

431 4563 473 4597 ”
503 4563 662 4619 Psal.
695 4579 891 4634 vam,
921 4568 974 4621 2.
1052 4565 1099 4601 3°
1125 4565 1267 4623 ibid.
1300 4568 1387 4622 13.
1469 4570 1486 4604 ί
1520 4567 1660 4623 ibid.
1692 4567 1746 4622 3.
1824 4566 1845 4600 ³
1874 4566 1898 4621 Ι
1927 4566 2054 4623 Cor.
2093 4583 2149 4633 x,
2184 4567 2234 4620 4.

583 4742 880 4819 Διαγελῶσι
931 4743 1048 4816 μέν.
1100 4746 1238 4818 Reg.
1291 4764 1327 4803 a
1369 4751 1427 4803 et
1475 4746 1569 4802 0r.
1621 4748 1672 4812 1,
1724 4743 2012 4820 διαγελῶσι

2132 4742 2324 4820 τεςῗᾷν.

367 4811 582 4868 μᾶλλον
593 4854 605 4866 .

367 4863 718 4958 sin-(663653!
757 4881 1232 4961 παρερχομένων,
1289 4887 1365 4949 ὡς
1425 4886 1746 4961 ἱσταμένων.
1809 4887 2008 4961 Elias:

363 4981 390 5032 (ι
424 4957 708 5028 tanquam
740 4957 1130 5024 durabilibus,
1165 4975 1295 5015 cum
1327 4957 1647 5032 transeant,
1684 4976 1788 5015 nec
1822 4960 1878 5013 in
1911 4975 2010 5014 σου

363 5031 495 5085 dem
544 5033 698 5085 statu
747 5035 1148 5102 permaneant.
1180 5051 1207 5084 ιι
1246 5033 1412 5088 Leuv.
1449 5055 1475 5083 «
1510 5031 1832 5088 Praesertim
1885 5047 2014 5102 quae

360 5105 682 5170 transeant,
717 5118 783 5156 ac
815 5101 1060 5158 minime
1091 5104 1212 5159 ﬁxas
1244 5103 1441 5170 sint.)

578 5170 1040 5247 Νομίζοιηβοίει.
1079 5175 1126 5246 1,
1162 5169 1560 5247 ὑπολαμϐάνοι.

362 5312 389 5368 δ
432 5241 545 5316 (68)
606 5241 696 5307 Εἰς
774 5241 1007 5302 στάδιον.
1071 5241 1131 5302 In
1209 5241 1530 5313 nonnullis,
1598 5246 1674 5308 sic
1751 5247 1812 5300 τὸ
1887 5247 2010 5302 στά-

399 5335 498 5368 ιον.

399 5335 498 5370 ιον.

431 5388 544 5465 (6ο)
573 5384 720 5462 Μέγα
745 5385 1086 5465 θρονοῦντα.
1138 5389 1278 5462 Reg.
1330 5389 1387 5458 b,
1419 5389 1594 5446 Coisl.
1649 5390 1670 5444 1
1724 5393 1783 5445 et
1824 5388 1920 5443 Or.
1958 5391 2012 5458 1,

362 5455 888 5547 μεγαλοφρονοῦντὲ

577 5529 797 5615 ἕόγομς.
836 5533 992 5615 Hui},
1025 5530 1349 5615 Λογισμούς.

433 5601 863 5673 (71)Νομίσετε,
926 5601 1005 5658 ἃν.
1065 5601 1157 5657 Sic
1214 5609 1331 5673 tres
1390 5604 1590 5673 Regg.,
1650 5606 1767 5658 tres
1824 5601 2006 5673 Golb.,

362 5669 456 5725 ΟΡ.
497 5672 544 5738 1,
577 5669 686 5727 etc}
722 5673 782 5728 In
815 5673 989 5729 Coisl.
1022 5674 1074 5742 1,
1106 5672 1354 5745 νομίσητ’
1387 5669 1568 5729 ἂνίΙῖλ
1600 5673 1714 5742 ed.,
1761 5669 2011 5753 vepjcuVL

2196 4818 2302 4888 (72)
2333 4812 2540 4884 Ταύτην
2585 4813 2859 4889 γνωρίσω.
2894 4813 2957 4870 In
2991 4813 3372 4886 quibusdam,
3417 4815 3587 4867 ταῦτα
3637 4834 3779 4888 γνω·

2124 4887 2303 5030 ρίῗὲυέ)
2335 4957 2617 5030 Διήγησιν.
2671 4960 2793 5012 Duo
2843 4956 3045 5083 RegE.,
3097 4955 3268 5012 Cois].
3321 4956 3370 5019 1,
3426 4955 3524 5011 Or.
3577 4956 3633 5020 1,
3693 4952 3782 5026 δή·

2122 5026 2319 5083 λωσινρ
2349 5027 2570 5083 Ailudit
2598 5028 2692 5083 hic
2723 5029 2794 5083 ad
2826 5045 2961 5083 nare
3005 5026 3146 5083 olas.
3179 5043 3306 5083 ante
3338 5028 3395 5082 in
3427 5028 3616 5083 sacris
3636 5029 3780 5083 Scri-

2123 5039 2319 5101 Αωσινε
2349 5039 2570 5084 Ailudlt
2599 5039 2692 5083 mc
2723 5039 2794 5084 ad
2825 5039 3146 5100 parab0las,
3179 5043 3306 5100 quas
3338 5044 3395 5082 In
3427 5039 3616 5084 sacris
3636 5039 3780 5084 ser:-

2122 5105 2313 5174 pturis
2345 5100 2782 5174 reperiuntur.__
2923 5171 2954 5174 _
3123 5170 3135 5174 _
3759 5170 3769 5174 _

2191 5173 2304 5244 (74)
2362 5168 2514 5224 "lia—ct
2569 5190 2620 5223 τι
2658 5169 2860 5244 -μύθιμ
2923 5171 3062 5244 Reg.
3113 5170 3259 5244 Aha).
3307 5168 3448 5244 Ἐστι
3507 5187 3561 5244 τι
3641 5170 3778 5244 παραὶ

2191 5201 2235 5240 \l
2253 5201 2304 5244 ‘il
2392 5201 2514 5224 ILU'Lb
2570 5201 2620 5223 ἰι
2687 5201 2860 5243 μυυψ.
2925 5201 3061 5242 ιιυδ.
3123 5201 3244 5225 υω.
3323 5201 3448 5222 μυιι
3519 5201 3561 5221 ιι
3642 5201 3728 5223 nu'
3753 5201 3773 5221 1

2125 5241 2301 5326 adea»,
2324 5247 2442 5326 Huc
2475 5242 2687 5326 Μείζονι-ξ.
2705 5246 2894 5315 potest
2913 5242 3067 5315 quod
3096 5241 3168 5297 de
3198 5240 3332 5297 ilice
3362 5241 3651 5298 Horatius
3680 5201 3773 5296 lib.

2122 5332 2200 5382 ιν,
2231 5316 2340 5372 ode
2371 5317 2423 5387 4,
2457 5316 2696 5388 scripsit
2725 5332 2740 5371 :

2263 5460 2425 5515 Duris
2453 5462 2514 5515 ut
2545 5458 2658 5514 ilex
2687 5465 2838 5513 tonsa
2873 5455 3219 5527 bipennibus,

2261 5533 2450 5601 Nigrw
2476 5532 2649 5603 feraci
2675 5528 2888 5600 frondis
2922 5529 2981 5603 ίῃ
3011 5528 3224 5603 Algido,

2331 5598 2441 5659 Per
2468 5598 2692 5670 damna,
2725 5617 2822 5672 per
2848 5599 3042 5670 caedes,
3075 5598 3149 5655 ab
3180 5600 3314 5670 ipso,

2333 5675 2488 5730 Ducit
2515 5690 2639 5747 opes
2669 5675 3029 5745 animumque
3055 5672 3230 5744 ferro.
