4094 6212
309 353 460 413 1241

1414 360 1709 424 ORATIO
1752 360 1961 423 XXVI.
1997 389 2073 403 -—

2110 358 2188 419 ΙΝ
2234 352 2602 417 SEIPSUM.
3558 343 3713 405 {242

311 506 490 558 μενον.
538 488 712 539 Ταῦτα
766 486 858 558 μὲν
910 487 1000 540 οὗν
1046 490 1159 560 (75)
1191 489 1217 543 ὁ
1253 494 1440 565 μῦθος,
1471 494 1558 547 καὶ
1590 495 1625 562 ἡ
1658 491 1951 567 αὐτονομία

2067 491 2230 559 lulat,
2262 494 2458 563 atque,
2490 506 2623 546 cum
2650 486 2993 556 assumitur,
3025 482 3251 540 crescit.
3277 480 3512 538 Habetis
3547 478 3713 534 fabu-

304 579 401 629 τοῦ
449 572 771 647 πλάσματος
821 577 950 649 (76)·
1003 575 1125 651 ἐμοὶ
1158 575 1215 633 δὲ
1246 576 1394 635 δοκεῖ
1423 587 1603 661 σαφῶς
1771 586 1953 637 τοιοῦ-

303 685 396 719 τον
431 662 563 718 εἷναί
592 684 645 717 τι
677 664 704 717 ὁ
737 663 1055 743 φιλόσοφος.
1089 665 1384 741 Εὐδοκιμεῖ
1424 674 1535 745 (78)
1590 677 1708 735 τοῖς
1764 672 1951 726 πάθεσι

307 752 393 807 καὶ
427 751 564 822 ὕλην
628 754 820 829 ἀρετῆς
872 760 1104 809 ποιεῖται
1162 757 1228 811 τὰ
1258 757 1497 836 λυπηρὰ,
1530 759 1619 815 καὶ
1648 767 1763 823 τοῖς
1804 761 1950 815 ἐναν-

306 841 447 903 τίοις
481 840 947 917 ὶγκαλλωπίζεται
984 862 998 876 ·
1070 847 1208 917 μήτε
1262 853 1377 909 τοῖς
1403 846 1597 921 δεξιοῖς
1628 850 1821 911 ὅπλοις
1851 855 1953 918 τῆς

308 927 652 999 δικαιοσύνης
694 930 1000 1006 αἰρόμενος,
1036 936 1174 1006 μήτε
1228 940 1343 997 τοῖς
1371 936 1673 1013 ἀριστεροῖς
1703 933 1953 1011 καμπτό-

310 1040 473 1093 μενος
510 1040 522 1053 ’
558 1017 683 1074 ἀλλ’
726 1021 755 1074 ὁ
793 1020 953 1078 αὐτὸς
984 1020 1081 1077 οὐκ
1110 1022 1159 1077 ἐν
1190 1029 1307 1087 τοῖς
1336 1023 1518 1089 αὐτοῖς
1548 1026 1626 1081 ἀεὶ
1661 1024 1954 1100 διαμένων,

306 1109 341 1177 ἢ
393 1109 481 1163 καὶ
531 1106 924 1185 δοκιμώτερος,
976 1110 1156 1187 ὥσπερ
1208 1112 1259 1167 ἐν
1310 1115 1526 1187 καμίνῳ
1556 1115 1781 1192 χρυσὸς,
1819 1115 1958 1192 εὐρι-

306 1197 590 1270 σχόμενος.
653 1202 954 1271 Σκοπῶμεν
1016 1197 1073 1254 δὲ
1130 1200 1301 1265 οὕτως
1336 1222 1348 1235 ·
1383 1201 1729 1279 Εὐπατρίδης
1779 1204 1954 1273 ἐστίνς

308 1283 723 1357 ἀντεπιδείξεται
773 1290 885 1361 (79)
940 1288 1040 1357 τὴν
1099 1289 1383 1366 εὐτροπίαν
1441 1296 1520 1364 τῷ
1551 1290 1738 1366 α’ίματι
1774 1314 1785 1326 ·
1821 1291 1958 1349 ὥστε

307 1372 528 1452 διχόθεν
588 1373 915 1449 εὐδοκιμεῖν,
973 1379 1063 1432 καὶ
1120 1378 1617 1456 γενεαλογούμενος
1675 1385 1810 1456 (80),
1868 1382 1959 1437 καὶ

311 1464 615 1541 ὁρώμενος.
676 1468 937 1541 Δυσγενὴς
995 1468 1086 1523 τὸν
1144 1467 1428 1545 ἀνδριάντα
1477 1471 1566 1526 καὶ
1629 1472 1720 1528 τὸν
1778 1470 1958 1542 πηλὸν

309 1551 481 1630 (εἷ’περ
537 1574 588 1607 τι
651 1555 786 1632 μέγα
840 1555 1023 1626 πηλὸς
1070 1557 1257 1629 πηλοῦ
1311 1557 1611 1639 διαφέρει);
1644 1561 1960 1616 ἀντεισοίσει

307 1644 406 1712 τὴν
434 1645 733 1718 νοουμένην
796 1644 1082 1721 εὐγένειαν,
1132 1648 1222 1701 καὶ
1266 1648 1332 1717 ἥν
1370 1647 1590 1713 ἕκαστος
1622 1651 1808 1705 ἑαυτὸν
1841 1648 1962 1704 δια-

308 1731 532 1787 πλάττει
579 1733 715 1809 πρὸς
755 1733 817 1789 τὸ
847 1740 1032 1811 χεῖρον
1065 1737 1099 1805 ἢ
1137 1736 1350 1811 βέλτιον
1380 1742 1492 1813 (81)
1526 1758 1538 1771 ³
1565 1741 1660 1809 τήν
1695 1738 1753 1796 δὲ
1782 1739 1960 1809 ἄλλην

309 1823 763 1933 παΙραγράῴεταέκ
790 1824 888 1893 ’ὀσῃ
930 1825 1199 1901 σπείρεται
1244 1828 1278 1896 ἢ
1326 1827 1608 1907 γράφεται,
1640 1829 1714 1893 ὡς
1748 1827 1962 1892 οὐδενὸς
1991 1868 2039 1933 Β

331 1912 366 1933 .b
403 1932 424 1933 η
450 1932 453 1933 ,
502 1932 529 1933 γ.
560 1910 587 1933 ,\
680 1911 691 1933 Ι
745 1928 753 1933 μ
810 1910 830 1933 Ἴ
976 1914 1042 1933 vn
1226 1914 1238 1933 Ι
1448 1918 1458 1933 1
1755 1918 1768 1933 1
1937 1918 1951 1933 \

309 1909 455 1984 ἀξίαν
499 1910 589 1965 καὶ
639 1907 924 1981 κίϐδηλον.
976 1914 1127 1970 Ἐστι
1174 1914 1277 1992 γάρ
1320 1937 1371 1971 τι
1404 1918 1557 1991 γένος
1584 1918 1799 1992 τρισσόν
1830 1938 1843 1951 ο
1898 1918 1960 1973 τὸ

318 1999 411 2071 μὶν
471 2000 672 2064 ἄνωθεν
729 2000 1016 2078 ἠργμένον,
1068 2001 1099 2057 8
1144 2005 1336 2067 πάντες
1384 2005 1540 2079 ἔσμεν
1600 2007 1830 2084 εὐγενεῖς
1880 2007 1962 2063 ἐπ’

317 2086 437 2156 ἴσης
493 2091 604 2162 (82)
660 2088 774 2145 ἐπεὶ
830 2092 946 2146 κατ’
1004 2091 1185 2147 εῗκόνα
1235 2098 1369 2149 Θεοῦ
1426 2095 1752 2170 γεγόναμεν·
1809 2098 1871 2152 τὸ
1904 2094 1997 2165 δὲ,

312 2175 419 2231 ἀπὸ
467 2178 662 2253 σαρκὸς
706 2178 1003 2256 ἐργόμενον
1055 2184 1190 2256 (83),
1236 2182 1335 2238 οὐκ
1382 2182 1483 2239 οἶδ’
1512 2183 1565 2240 εἷ’
1602 2207 1686 2248 τις
1721 2185 1961 2260 εὐγενὴς,

313 2270 471 2321 τοῦτο
520 2268 691 2346 φθορᾷ
738 2269 1116 2343 συνιστάμενον
1154 2290 1165 2303 ⁸
1216 2272 1277 2326 τὸ
1327 2270 1383 2327 δὲ
1422 2271 1527 2327 ἀπὸ
1558 2273 1747 2337 κακίας
1776 2276 1809 2344 ἢ
1844 2275 1963 2349 ἀρε-

310 2362 411 2425 τῆς
442 2357 866 2432 γνωριζόμενον,
918 2358 979 2413 οὗ
1024 2358 1235 2433 μᾶλλον
1284 2360 1371 2415 καὶ
1412 2363 1577 2431 ἦττον
1608 2359 1959 2437 μεταλαμϐά-

309 2464 469 2517 νομεν
524 2444 645 2500 ὅσον
707 2446 788 2515 ἂν,
840 2447 1018 2519 οἶμαι,
1168 2452 1498 2526 τηρήσωμεν
1554 2452 1654 2520 τήν
1689 2452 1956 2523 εἷλκὸνα,ἢ

311 2530 727 2611 διαφθείρωμεν.
779 2535 987 2606 Ταύτην
1047 2537 1310 2614 ἀγαπήσει
1361 2542 1474 2613 (84)
1529 2542 1627 2609 τὴν
1694 2541 1960 2615 εὐγένειαν

311 2619 400 2698 ὅγε
453 2622 675 2693 ἀληθῶς
722 2624 886 2702 σοφὸς
931 2626 1020 2680 καὶ
1072 2625 1389 2706 φιλόσοφος.
1435 2628 1505 2683 Τὸ
1563 2630 1665 2705 γὰρ
1704 2632 1956 2706 τέταρτον

309 2710 483 2785 γένος,
516 2707 638 2767 τότε
684 2712 896 2783 ἀξιώσω
929 2711 1121 2789 λόγου,
1148 2717 1240 2770 τὸν
1274 2716 1324 2771 ἐν
1356 2719 1637 2793 γράμμασι
1668 2718 1759 2773 καὶ
1792 2740 1960 2795 προσ-

306 2802 599 2875 τάγμασιν,
634 2802 758 2857 ’ὀταν
826 2803 913 2857 καὶ
972 2803 1179 2867 κάλλος
1388 2804 1736 2881 ἀποδέξιυμαι
1783 2809 1846 2863 τὸ
1905 2809 1956 2864 ἐν

308 2890 591 2964 χρώμασι,
640 2890 728 2944 καὶ
778 2891 1008 2961 πίθηκον
1055 2890 1283 2947 αἰδεσθῶ
1322 2893 1515 2949 λέοντα
1546 2895 1678 2950 εἶναι
1708 2896 1957 2953 κεκελευ-

308 2975 522 3030 σμένον.

308 2996 522 3050 σμενον.

2061 581 2200 650 lam,
2231 582 2368 653 jure
2417 596 2523 635 suo
2573 578 2804 650 quidvis
2857 575 3036 631 libere
3084 573 3533 644 contingentem.
3568 567 3714 624 Mihi

2061 688 2192 727 vero
2223 670 2563 741 hujusmodi
2592 668 2868 740 quiddam
2890 665 3059 737 plane
3076 679 3202 718 esse
3222 661 3307 715 vir
3330 658 3714 733 philosoyhus

2061 761 2310 817 videtur.
2342 760 2531 815 Floret
2559 757 2715 813 enim
2747 758 2900 812 inter
2948 752 3262 820 cruciatus,
3295 766 3361 805 ac
3391 747 3545 803 479
3586 746 3713 803 vita:

2064 849 2362 905 molestias
2386 848 2542 904 velut
2574 846 2804 901 virtutis
2830 848 3085 918 segetem
3116 841 3431 909 existimat,
3447 842 3625 910 atque
3657 838 3715 891 in

2065 938 2323 993 adversis
2355 937 2530 1009 gestit
2559 941 2616 992 et
2647 934 2965 1008 gloriatur;
2999 948 3103 989 nec
3134 931 3206 986 ob
3248 931 3448 985 dextra
3468 925 3715 999 justitizn

2065 1044 2227 1082 arma
2280 1027 2535 1093 effertur,
2564 1042 2667 1081 nec
2712 1025 2784 1080 ob
2830 1023 3071 1080 sinistra
3116 1019 3473 1087 inﬂectitur,
3507 1017 3607 1072 sed
3655 1015 3716 1070 in

2065 1116 2311 1171 diversis
2342 1116 2517 1171 rebus
2547 1115 2701 1170 idem
2734 1129 2963 1185 semper
3008 1110 3219 1183 suique
3246 1107 3457 1164 similis
3486 1122 3718 1179 perma-

2066 1209 2182 1273 net,
2215 1209 2387 1277 atque
2419 1204 2560 1260 adeo
2612 1203 2927 1276 probatior,
2961 1203 3243 1271 tanquam
3275 1213 3481 1254 aurum
3512 1197 3573 1252 in
3605 1196 3717 1251 for-

2067 1312 2229 1363 nace,
2265 1294 2572 1367 reperitur.
2605 1292 2768 1357 Quod
2800 1295 2864 1346 ut
2908 1290 3283 1362 perspicuum
3333 1288 3453 1357 ﬁat,
3486 1286 3567 1341 ita
3596 1300 3718 1340 rem

2068 1384 2489 1456 expendamus.
2541 1381 2733 1441 Nobili
2780 1380 2906 1436 loco
2959 1382 3136 1433 natus
3183 1379 3318 1433 est?
3362 1374 3718 1430 Probitatem

2070 1490 2301 1529 morum
2351 1472 2581 1545 generis
2628 1468 2926 1544 splendori
2978 1472 3251 1539 Opponet,
3281 1468 3456 1535 atque
3502 1480 3571 1518 ex
3617 1462 3720 1517 ad-

2068 1576 2233 1615 verso
2266 1559 2644 1631 spectandam
2675 1558 2972 1629 producet.
2990 1555 3075 1610 Ita
3104 1552 3323 1626 duplici
3356 1549 3590 1606 nomine
3612 1550 3724 1606 cla-

2072 1666 2173 1704 rus
2203 1648 2349 1715 erit;
2384 1664 2592 1719 nempe
2640 1650 2695 1702 et
2732 1647 3023 1716 majorum
3072 1641 3453 1715 imaginibus,
3485 1643 3543 1696 et
3588 1656 3723 1710 pro-

2071 1737 2199 1811 pria
2227 1736 2437 1794 virtute
2485 1737 2801 1809 inspectus.
2834 1735 3095 1791 Obscuro
3144 1736 3201 1788 et
3230 1729 3472 1804 ignobili
3510 1744 3722 1801 genere

2071 1830 2234 1883 ortus
2252 1831 2360 1893 est,
2377 1830 2660 1899 quantum
2684 1825 2755 1881 ad
2782 1827 3037 1881 statuam
3059 1826 3115 1877 et
3134 1820 3323 1876 lutum
3351 1818 3617 1875 atlineit?
3638 1816 3723 1889 (Si

2071 1916 2213 1988 quid
2244 1920 2442 1971 tamen
2476 1914 2672 1988 magni
2705 1914 2854 1969 inter
2881 1912 3070 1968 lutum
3102 1927 3169 1966 ac
3212 1909 3403 1965 lutum
3436 1907 3720 1974 interest).

2069 2006 2153 2061 Ad
2206 2005 2568 2078 spiritualem
2617 2002 2979 2059 nobilitatem
3032 1999 3193 2055 illius
3240 1998 3366 2054 loco
3415 1996 3634 2064 afferet,
3667 1997 3725 2050 et

2071 2112 2248 2167 quam
2281 2094 2393 2150 sibi
2443 2093 2715 2166 quisque,
2751 2092 2834 2148 vel
2884 2092 2941 2147 in
2977 2088 3206 2153 melius,
3241 2086 3326 2143 vel
3375 2086 3434 2141 in
3464 2083 3722 2140 deterius

2070 2184 2294 2257 efﬁngit
2325 2200 2338 2241 :
2374 2184 2631 2255 reliquas
2683 2186 2878 2238 autem
2931 2179 3287 2245 nobilitates,
3326 2193 3453 2247 quae
3500 2173 3589 2231 vel
3637 2172 3724 2229 fe-

2069 2278 2299 2341 runtur,
2326 2272 2413 2328 vel
2446 2272 2779 2344 principum
2811 2268 3231 2342 diplomatibus
3279 2266 3722 2336 comparantur,

2071 2370 2132 2418 ut
2166 2360 2307 2418 viles
2337 2367 2394 2417 et
2441 2360 2823 2428 adulterinas,
2857 2357 3131 2430 nulloque
3162 2356 3222 2411 in
3267 2353 3451 2427 pretio
3493 2351 3717 2408 haben-

2070 2453 2195 2519 das,
2229 2451 2429 2523 procul
2478 2448 2864 2506 submovebit.
2898 2449 2997 2503 Est
3042 2447 3198 2503 enim
3250 2441 3462 2515 triplex
3508 2457 3715 2515 genus.

2069 2540 2281 2612 Unum,
2314 2540 2469 2612 quod
2499 2554 2750 2612 superne
2772 2536 3055 2609 originem
3073 2535 3268 2604 traxit,
3293 2532 3448 2605 quod
3478 2531 3715 2603 quidem

2068 2630 2117 2686 si
2149 2631 2603 2699 consideremus,
2637 2643 2843 2683 omnes
2890 2640 3157 2699 peraeque
3205 2620 3430 2679 nobiles
3481 2636 3712 2687 sumus,

2068 2720 2284 2792 quippe
2314 2721 2385 2776 ad
2419 2719 2734 2791 imaginem
2768 2716 2863 2773 Dei
2902 2715 3079 2772 creati
3108 2715 3149 2768 ³.
3182 2711 3464 2781 Alterum,
3496 2710 3651 2781 quod
3684 2726 3718 2765 a

2067 2809 2353 2882 sanguine
2384 2808 2792 2881 proﬁciscitur,
2825 2807 2995 2877 cujus
3039 2802 3260 2859 ratione
3290 2800 3445 2856 haud
3477 2799 3716 2871 quidem

2065 2899 2289 2966 scio,an
2303 2898 2619 2970 quisquam
2634 2895 2847 2954 nobilis
2862 2893 2974 2950 dici
2986 2892 3331 2965 possit,cum
3344 2888 3719 2961 corruptione

2067 2991 2310 3044 constet.
2362 2987 2624 3043 Tertium
2673 3004 2707 3041 a
2753 2985 2966 3039 virtute
3013 2984 3116 3038 aut
3160 2981 3301 3036 vitio
3359 2976 3715 3051 agnoscitur,

308 3067 493 3166 cujus.
510 3067 595 3123 vel
628 3069 865 3166 uberius
893 3070 982 3127 vel
1032 3070 1241 3129 exilius
1269 3073 1585 3147 participes
1634 3076 1940 3147 efﬁcimur,
1972 3080 2166 3150 prout,
2200 3077 2426 3150 opinor,
2470 3076 2725 3132 divinam
2778 3073 3095 3145 imaginem
3131 3070 3213 3127 vel
3263 3069 3552 3141 integram
3592 3082 3715 3122 ser-

307 3155 655 3253 vaverimus,
688 3156 775 3253 vel
826 3160 1280 3253 corruperimus.
1314 3165 1507 3234 Atque
1556 3163 1706 3220 hanc
1736 3166 1976 3221 demum
2008 3165 2372 3222 nobilitatem
2426 3164 2832 3237 amplectetur,
2866 3160 3139 3234 quisquis
3186 3174 3317 3215 vere
3365 3155 3600 3228 sapiens
3647 3173 3715 3212 ac

304 3242 693 3343 philosophus
725 3246 917 3343 fuerit.
946 3248 1099 3343 l‘iam
1130 3254 1405 3343 quartum
1435 3251 1599 3343 illud
1632 3253 1954 3310 nobilitatis
2003 3271 2208 3327 genus,
2242 3255 2394 3326 quod
2444 3254 2502 3309 in
2555 3253 2889 3326 principum
2938 3247 3358 3323 diplomatibus
3406 3249 3461 3301 et
3508 3244 3716 3300 edictis

305 3333 593 3432 censistit,
773 3333 901 3432 _ullo
946 3334 1073 3432 loco
1105 3353 1168 3392 ac
1216 3340 1402 3410 pretio
1434 3341 1684 3432 habebo,
1734 3358 1869 3399 eum
1902 3343 2074 3400 sitam
2125 3345 2185 3400 in
2217 3343 2508 3400 coloribus
2557 3341 3053 3416 pulchritudinem
3106 3336 3411 3410 amplexus
3444 3335 3603 3390 fuero
3635 3333 3711 3389 si-

305 3422 604 3493 miamque
630 3422 702 3478 ob
733 3423 788 3477 id
813 3424 1073 3480 venerari
1101 3442 1348 3499 coepero,
1382 3431 1536 3501 quod
1568 3431 1658 3487 leo
1688 3448 1813 3488 esse
1836 3433 2009 3505 jussa
2038 3434 2135 3490 sit.

376 3511 479 3564 IA'.
541 3506 676 3573 Νὲος
725 3508 873 3579 lteri;
925 3513 1071 3566 Κατὰ
1122 3517 1230 3568 τῶν
1290 3520 1474 3580 παθῶν
1520 3516 1951 3594 ἀνδρισθήσεται,

2133 3523 2225 3579 ΧΙ.
2257 3522 2494 3579 Juvenis
2523 3526 2612 3579 est
2632 3522 2660 3577 ‘I
2689 3522 2979 3577 Adversus
3015 3517 3257 3573 vitiosos
3286 3512 3466 3571 animi
3516 3514 3713 3568 motus

304 3596 393 3651 καὶ
440 3600 602 3652 τοῦτο
653 3596 947 3653 ἀπολαύσει
991 3603 1089 3668 τῆς
1138 3602 1414 3676 νεότητος,
1462 3606 1524 3659 τὸ
1577 3610 1652 3680 μὴ
1705 3610 1772 3663 τὰ
1819 3611 1952 3665 νέων

302 3691 512 3756 παθεῖν,
563 3684 708 3742 ἀλλά
755 3684 918 3759 δεῖξαι
958 3684 1319 3765 πρεσϐυτικὴν
1354 3692 1612 3769 φρόνησιν
1648 3696 1699 3750 ἐν
1731 3696 1950 3771 ἀκμαίῳ

301 3777 380 3848 τῷ
430 3777 641 3849 σώματι
678 3795 692 3810 ³
748 3776 835 3831 καὶ
886 3781 1142 3855 χαιρήσει
1197 3781 1268 3852 τῇ
1323 3780 1445 3857 νίκῃ
1498 3781 1666 3839 πλέον
1721 3787 1755 3855 ἢ
1802 3787 1853 3840 οἱ
1899 3785 1948 3841 ἐν

300 3863 583 3939 Ὀλυμπίᾳ
663 3866 1131 3942 στεφανούμενον
1218 3872 1426 3942 νικήσει
1493 3874 1596 3949 γὰρ
1656 3873 1708 3928 ἐν
1782 3880 1952 3949 κοινῷ

300 3954 507 4029 θεάτρῳ
561 3959 630 4029 τῇ
690 3955 998 4032 οἰκουμένῃ,
1075 3960 1166 4012 καὶ
1240 3959 1394 4031 νίκην
1463 3959 1719 4036 ἄπρατον.
1796 3963 1948 4019 Νεύει

302 4046 437 4121 πρὸς
468 4051 643 4121 γῆρας
669 4064 683 4115 ;
718 4043 876 4101 Ἀλλ’
908 4046 1036 4122 οὐχὶ
1067 4049 1291 4124 γηράσει
1325 4048 1411 4105 καὶ
1442 4052 1541 4121 τήν
1602 4055 1806 4129 ψυχήν·
1861 4050 1946 4108 δέ·

301 4136 441 4207 ξεται
470 4135 569 4203 τὴν
620 4131 888 4205 διάλυσιν,
931 4136 1007 4198 ὡς
1042 4139 1372 4213 προθεσμίαν
1407 4141 1700 4217 ἀναγκαίας
1733 4141 1945 4199 ἐλευθε-

302 4223 411 4299 ρία’
466 4220 643 4292 ἧδὲως
702 4225 818 4297 (86)
871 4224 1005 4298 πρὸς
1033 4225 1099 4279 τὰ
1129 4226 1253 4299 ἑξῆς
1288 4224 1666 4304 μεταϐήσεται,
1699 4229 1821 4286 ἔνθα
1848 4231 1949 4288 οὐκ

299 4310 439 4367 ἔστιν
508 4314 706 4389 ἄωρος,
786 4311 911 4368 οὐδὲ
975 4310 1306 4389 πρεσϐύτης,
1383 4317 1527 4374 ἀλλά
1590 4319 1783 4383 πάντες
1846 4322 1944 4391 τήν

297 4403 662 4475 πνευματικὴν
713 4400 933 4472 ἠλικίαν
982 4403 1205 4462 τέλειοι.
1254 4409 1419 4481 Ὥρας
1478 4405 1713 4485 ἔλαχέν;
1770 4411 1944 4466 Ἀντι-

298 4492 512 4570 στίγψὲι
567 4492 631 4546 τὸ
660 4489 869 4555 κάλλος
924 4496 1004 4565 τῷ
1048 4492 1263 4568 κάλλει,
1292 4496 1355 4551 τὸ
1382 4503 1484 4566 τῆς
1508 4500 1694 4573 ψυχῆς
1724 4503 1802 4572 τῷ
1848 4503 1946 4555 τοῦ

299 4582 573 4654 σώματος.
612 4578 867 4658 Παρῆλθε
884 4583 947 4638 τὸ
978 4583 1132 4645 ἄνθος
1164 4582 1560 4662 ἀνεπηρέαστον
1592 4607 1605 4656 ;
1639 4588 1776 4643 νεύει
1808 4590 1943 4667 πρὸς

297 4672 505 4744 ἑαυτὸν,
554 4667 680 4727 οὐδὲ
727 4668 869 4727 οἶδεν
919 4673 1220 4747 ὁρώμενος.
1251 4674 1491 4751 Αἰσχρὸς
1521 4678 1639 4751 (87)
1665 4678 1728 4734 τὸ
1757 4679 1944 4757 φαινό-

365 4789 389 4823 ⁸
418 4789 560 4846 Gen.
592 4806 634 4857 ι,
662 4789 755 4846 21.

505 4905 686 4978 Ταῦτα
720 4904 813 4977 μὶν
847 4904 961 4978 ρῦν.
994 4906 1125 4978 Haec
1154 4908 1368 4965 desunt
1397 4909 1457 4965 in
1486 4915 1579 4968 0r.
1616 4912 1667 4966 1.

367 4973 479 5047 (76)
523 4973 892 5048 Ἡαύτονομία
935 4981 1033 5030 τοῦ
1070 4975 1413 5052 πλάσματος.
1466 4982 1580 5039 Sic.
1630 4986 1725 5039 Or.
1779 4984 1828 5040 1.
1880 4984 1941 5040 In

293 5046 407 5102 θᾶ..
450 5044 753 5102 αὐτονομία
783 5045 1126 5102 πλάσματος.

372 5089 407 5115 .,
450 5067 753 5131 αυτοναμια
783 5067 1126 5129 πλασματος.

506 5120 843 5201 Σαφῳς.“5ιο
871 5120 1067 5201 plures
1097 5126 1274 5195 Regg.
1308 5127 1365 5179 et
1410 5123 1569 5179 Colb.
1605 5128 1669 5180 In
1702 5126 1818 5191 ed.,
1852 5146 1942 5178 σα-

293 5187 698 5265 φίςεροςε,Ε-ἱο
730 5187 1019 5265 Βθεξρω.

304 5256 315 5265 ’
365 5261 481 5333 (78)
530 5256 843 5333 Εὐδοκιμεῗῖ
894 5263 1017 5319 Duo
1064 5264 1267 5337 Regg.,
1317 5264 1488 5321 Coisl.
1542 5267 1567 5321 1
1616 5271 1674 5323 et
1723 5268 1942 5337 Comb.,

292 5329 647 5385 ὶνευδοκιιιεῖ.

316 5352 527 5386 νευοοκι
539 5352 647 5388 μει.

363 5406 474 5476 (79)
534 5398 999 5473 ’Δντεπιδείξεταῃ
1048 5409 1157 5461 etc.
1219 5429 1247 5456 «
1298 5406 1653 5464 Probitatem
1710 5425 1940 5467 morum

293 5492 357 5531 ex
372 5478 440 5551 ad
452 5493 613 5551 verso
628 5476 856 5551 generis
869 5476 1117 5533 claritati
1146 5478 1595 5551 respondentem
1614 5483 1934 5537 ostendet.-

362 5548 475 5620 (80)
521 5545 1042 5629 Γενέαλογρύμενος.
1076 5552 1186 5605 etc.
1220 5545 1260 5600 «ἶ
1282 5551 1433 5629 Tum
1476 5553 1784 5623 majorum,
1814 5557 1939 5611 tum

292 5635 395 5693 per
425 5637 485 5693 se
506 5620 839 5693 etpropria
866 5620 1079 5676 virtute
1109 5622 1484 5693 conspicuus.
1522 5645 1551 5673 »

362 5692 475 5766 (81)
504 5688 751 5749 Βιχτιοῡ.
784 5691 985 5752 Plures
1013 5693 1191 5768 Regg.
1223 5688 1282 5753 et
1309 5694 1404 5753 0r.
1436 5695 1460 5755 Ι
1500 5695 1725 5756 addunt
1755 5714 1770 5756 :
1802 5693 1939 5751 Ταύ-

2065 3612 2308 3668 viriliter
2338 3629 2401 3667 se
2448 3616 2630 3685 geret,
2662 3616 2836 3683 atque
2886 3609 2993 3664 hoc
3024 3606 3314 3663 commodi
3359 3620 3427 3660 ex
3464 3601 3712 3674 juvenili

2061 3705 2224 3758 aetate
2254 3700 2555 3773 percipiet,
2589 3705 2653 3754 ut
2702 3700 2773 3754 iis
2804 3698 3131 3766 aﬁ‘ectibus,
3162 3694 3377 3767 quibus
3426 3692 3542 3747 haec
3574 3694 3713 3747 istas

2061 3791 2309 3846 obnoxia
2338 3794 2447 3857 est,
2494 3806 2607 3844 non
2641 3787 2962 3859 indulgeat,
2993 3785 3094 3841 sed
3127 3785 3182 3838 in
3214 3780 3432 3855 vigenti
3470 3794 3710 3851 corpore

2060 3878 2303 3935 senilem
2336 3877 2707 3950 prudentiam
2756 3875 3045 3945 exhibeat,
3077 3873 3478 3944 majoremque
3504 3885 3574 3925 ex
3600 3868 3709 3924 hac

2059 3965 2301 4023 victoria
2331 3965 2645 4038 voluptatis
2674 3980 2913 4021 sensum
2962 3962 3172 4034 capiet,
3200 3978 3378 4034 quam
3412 3958 3513 4032 qui
3544 3975 3705 4014 coro-

2060 4072 2195 4111 nam
2220 4056 2276 4110 in
2301 4054 2584 4128 Olympiis
2608 4051 3358 4127 adipiscuntur.Victoriam
3376 4049 3532 4105 enim
3566 4048 3709 4104 feret

2058 4144 2117 4200 in
2150 4144 2447 4201 communi
2476 4144 2634 4201 orbis
2688 4149 2851 4199 terra:
2885 4142 3131 4208 theatro,
3165 4144 3220 4197 et
3258 4140 3495 4212 quidem
3522 4138 3706 4194 victo-

2057 4232 2204 4290 riam
2238 4234 2481 4291 minime
2530 4233 2812 4290 venalem.
2866 4233 2953 4288 Ad
2985 4234 3345 4288 senectutem
3373 4226 3608 4301 vergit?
3640 4228 3708 4283 At

2056 4340 2170 4380 non
2194 4322 2390 4379 animo
2415 4340 2644 4396 quoque
2666 4326 2929 4379 senescat
2951 4340 2964 4389 ;
2983 4319 3532 4389 dissolutionem,ut
3564 4333 3705 4388 pra:-

2056 4412 2326 4470 stitutum
2377 4412 2714 4469 necessariae
2766 4410 3055 4467 libertatis
3104 4414 3357 4481 tempus,
3408 4405 3701 4479 accipiet:

2054 4502 2245 4558 libens
2277 4504 2347 4559 ad
2381 4520 2466 4573 ea,
2492 4520 2616 4575 quae
2646 4502 2796 4558 hanc
2827 4500 3001 4556 vitam
3034 4502 3374 4569 sequuntur,
3408 4497 3702 4569 migrabit,

2056 4592 2155 4649 ubi
2185 4608 2356 4648 nemo
2404 4595 2492 4648 est
2538 4591 2909 4660 immaturus,
2949 4588 3104 4646 480
3153 4604 3322 4644 nemo
3374 4603 3569 4655 senex,
3602 4587 3700 4642 sed

2058 4698 2262 4738 omnes
2293 4681 2354 4737 in
2384 4679 2674 4753 spirituali
2705 4683 2871 4734 astate
2900 4677 3160 4751 perfecti.
3197 4676 3442 4733 Pulcher
3472 4674 3606 4733 est?
3638 4676 3702 4731 Id

1972 4919 2020 4985 D
2048 4912 2471 4986 enviyamﬁcu
2500 4912 2619 4986 51in;
2671 4909 2939 4986 εὐγενειαν
2986 4908 3077 4986 ὅγε
3101 4908 3370 4986 ἀληθῶς-
3398 4910 3561 4986 σοφὸς
3611 4909 3701 4963 καὶ

2053 4981 2386 5060 φιλόσοφος..
2411 5007 2451 5060 <_<_
2476 4983 2636 5060 Illam
2687 4981 3049 5039 nobilitatem
3081 4983 3283 5055 diliget
3314 4982 3410 5037 ille
3449 4981 3579 5039 vere
3607 4998 3701 5037 sa-

2053 5054 2227 5129 piens
2248 5054 2306 5112 et
2333 5054 2738 5129 philosophus.
2770 5075 2796 5106 η

2265 5121 2383 5208 Ἐπ’
2413 5121 2737 5208 ξ’σηςδΟτλ1
2772 5126 3156 5208 opnjunptim,
3189 5122 3398 5195 ἐπίσης.

2145 5200 2235 5270 83)
2267 5196 2619 5289 Ἐρχόμενον.
2654 5200 2749 5255 Or.
2786 5200 2838 5266 1,
2870 5195 3198 5325 ἆρχὲμενον.

2145 5272 2237 5325 84)
2266 5276 2471 5325 Ταυτην
2503 5269 2792 5325 ἀγαπήσει.
2823 5274 2931 5325 etc.
3015 5286 3095 5325 asc
3138 5287 3198 5325 ιιε

2122 5262 2237 5339 (84)
2266 5262 2477 5344 Τάῦξην
2503 5269 2792 5344 ἀγαπήσει,
2823 5262 3100 5344 ὸιόίῘ-Ιὲεο
3138 5282 3325 5344 usque
3353 5266 3425 5322 ad
3473 5262 3544 5317 Τὸ
3573 5262 3695 5338 γάρ,

2052 5342 2265 5397 desunt
2294 5343 2354 5414 in
2385 5341 2739 5414 quibusdam
2772 5345 2947 5414 Regg.
2983 5348 3040 5397 et
3070 5343 3165 5395 0r.
3200 5341 3251 5414 4.

2122 5415 2230 5484 (85)
2264 5409 2500 5484 Κάλχας,
2554 5409 2662 5470 etc.
2713 5409 2918 5469 Billf?
2958 5435 2986 5464 ι(
3020 5428 3153 5467 cum
3204 5409 3412 5480 pictam
3464 5423 3698 5480 quoque

2051 5486 2548 5555 pulchritudinem
2580 5485 2933 5541 laudandam
2968 5485 3205 5555 duxero.
3242 5503 3270 5555 »ξ

2122 5558 2229 5631 (86)
2260 5554 2482 5631 Ἡδέως..
2518 5562 2694 5631 Regg.
2725 5576 2779 5631 a,
2813 5558 2847 5611 b
2881 5562 2938 5631 et
2967 5553 3224 5631 Coisl‘ai,
3260 5546 3442 5631 ἱλὲως.

2118 5620 2230 5701 (87)
2260 5625 2518 5706 Αἴσχρός.
2552 5620 3001 5704 Ιιῖἧυὶὓιιεὰαῐη
3031 5623 3266 5681 additur
3293 5620 3424 5679 ἐστι.
