4094 6212
376 402 536 462 1243

1620 404 1686 463 8.
1733 403 2104 467 GREGORII
2149 406 2543 471 THEOLOGI

3631 415 3797 474 1244

370 536 524 605 aget,
560 534 624 587 ut
650 529 1022 603 pulchritudo
1054 530 1262 587 animae
1294 532 1553 603 corporis
1593 532 2016 605 pulchritudini

2134 556 2329 609 μενον;
2390 536 2515 593 ἀλλ’
2566 537 2765 618 εὐφυὴς
2822 539 2885 595 τὸ
2918 541 3311 616 κρυπτόμενον,
3345 542 3525 619 ὥσπερ
3584 542 3635 599 ἰν
3696 546 3799 601 κᾶ-

369 638 438 678 ex
470 621 710 677 adverso
742 619 1043 691 refulgeat.
1096 622 1423 677 Inoﬂ‘ensus
1452 622 1560 677 flos
1609 624 1931 694 praeteriit?
1962 625 2016 680 In

2137 623 2260 679 λυκι
2338 624 2495 703 ῥόδον
2565 627 2801 705 ἀνθηρὸν
2876 630 2973 685 οὐκ
3028 630 3236 707 ἀνθηρᾷ
3292 630 3383 687 καὶ
3443 630 3665 706 ἀνόδμῳ
3723 636 3793 690 τὸ

374 711 635 781 seipsum
667 709 956 781 vergit,ac
987 726 1058 764 ne
1089 710 1338 782 spectari
1369 711 1606 783 quidem
1638 726 1700 767 se
1730 714 1909 770 novit.
1930 718 2028 770 De-

2134 713 2515 775 εὐωδέστατον,
2570 719 2784 794 Ὡραῖος
2832 717 3025 775 κάλλει
3078 718 3223 796 παρὰ
3285 719 3413 783 τοὺς
3479 722 3630 784 υἱοὺς
3678 729 3793 778 τῶν

370 799 576 855 formis
604 801 693 854 est
718 802 1003 869 quantum
1036 800 1107 855 ad
1137 799 1195 855 id
1228 801 1382 873 quod
1417 800 1474 855 in
1506 804 1804 873 aspectum
1838 804 2016 858 caditi

2133 803 2429 880 ἀνθρώπων
2458 824 2471 875 ;
2523 804 2648 861 οὐδὲ
2689 809 2875 880 καιρὸν
2910 806 3100 863 δίδωσι
3152 808 3215 863 τὸ
3249 809 3399 871 ἐκτὸς
3433 812 3789 887 καθορᾶσθαι,

371 890 446 944 At
473 904 539 943 ea
588 891 751 959 parte
802 888 1095 945 formosus
1143 893 1200 944 et
1248 890 1502 961 elegans,
1538 907 1666 962 quae
1718 889 2021 948 oculorum

370 978 555 1034 aciem
583 977 768 1051 fugit;
801 994 944 1033 rosa:
977 994 1092 1033 non
1124 978 1432 1043 absimilis,
1464 995 1591 1050 quae
1621 979 1679 1033 in
1709 980 1886 1036 bacca
1917 998 2022 1038 nec

368 1067 713 1134 ﬂorida,nec
743 1068 918 1123 odore
946 1068 1354 1141 grata,florida
1382 1073 1578 1123 tamen
1610 1068 1739 1141 ipsa
1767 1073 1856 1125 est
1885 1087 2021 1127 sua-

363 1157 788 1229 vissimumque
807 1157 1041 1213 odorem
1060 1157 1529 1228 efﬂat.Specwsus
1546 1163 1728 1229 forma
1743 1173 1865 1229 prae
1883 1159 2021 1229 ﬁliis

364 1247 686 1305 hominum‘
712 1250 735 1303 Ρ
761 1247 843 1302 Ne
873 1246 1130 1318 spatium
1154 1246 1680 1318 quidem,id,quod
1711 1249 2016 1303 externum

361 1342 469 1409 est,
502 1336 822 1408 aspiciendi
854 1335 1372 1407 concedit,quippe
1402 1336 1500 1406 qui
1534 1340 1919 1407 spectatorem
1941 1338 2015 1393 ad

362 1428 657 1484 internum
691 1426 988 1482 hominem
1012 1426 1310 1481 convertit.
1333 1426 1517 1482 Proba
1536 1426 1866 1483 valetudine
1887 1432 1975 1483 est
1994 1431 2018 1483 Ρ

358 1518 441 1572 Ad
476 1516 699 1588 optima
727 1531 967 1587 quaeque
998 1515 1247 1570 sanitate
1276 1517 1512 1584 utetur;
1538 1516 1894 1584 admonebit,
1926 1516 2013 1571 in-

360 1606 639 1677 crepabit,
654 1605 965 1660 verborum
996 1603 1215 1659 aculeis
1237 1607 1476 1676 punget,
1493 1604 1795 1661 insomnes
1812 1609 2012 1662 noctes

360 1694 624 1766 ducet,lin
658 1694 815 1749 nuda
843 1693 1021 1749 humo
1053 1691 1595 1765 dormiet,corporis
1627 1692 1837 1749 molem
1860 1698 2013 1750 exte-

359 1784 586 1853 nuabit,
636 1786 870 1839 terrena
917 1786 973 1837 et
1020 1781 1277 1838 coelestia
1324 1781 1742 1853 speculabitur,
1776 1800 2009 1840 summo

358 1872 555 1928 studio
586 1876 832 1927 mortem
864 1870 1263 1926 meditabitur.
1280 1871 1479 1926 Morbo
1501 1869 1774 1927 laborat?
1796 1873 2012 1944 Pugna-

357 1961 461 2017 bit.
496 1962 658 2027 Quod
692 1961 742 2017 si
773 1960 965 2017 victus
995 1959 1189 2030 fuerit,
1220 1960 1433 2030 vincet,
1465 1960 1574 2017 hoc
1600 1960 1823 2017 scilicet
1851 1979 2009 2018 asse-

358 2054 549 2119 cutus,
584 2054 650 2106 ut
680 2067 793 2105 non
842 2052 969 2122 jam
1000 2049 1257 2123 amplius
1305 2054 1544 2122 pugnet.
1577 2049 1749 2106 Dives
1779 2051 1916 2106 est?
1946 2052 2007 2106 Id

357 2139 552 2196 studio
583 2140 839 2208 habebit,
860 2144 925 2195 ut
953 2139 1162 2212 opibus
1193 2138 1529 2195 minuatur:
1563 2156 1878 2212 pauperem
1900 2140 2009 2195 bo-

2135 893 2513 972 μεταστρὲφων
2560 897 2653 951 τὸν
2701 898 2893 966 θεατὴν
2946 898 3080 974 πρὸς
3124 899 3215 953 τὸν
3250 897 3401 961 ἐντὸς
3431 901 3544 973 (88)
3572 900 3787 977 ἅνθρωο

2130 1004 2254 1039 πον.
2288 984 2545 1054 Εὖεκτεῖ;
2598 988 2865 1063 Χρήσεται
2907 991 2975 1060 τῇ
3009 987 3184 1061 ὑγιείᾳ
3213 989 3349 1059 πρὸς
3378 989 3440 1042 τὸ
3477 988 3785 1063 βέλτιστον

2129 1075 2463 1146 νουθετήσει,
2512 1071 2731 1145 πλήξει,
2782 1074 2934 1151 λόγῳ
3000 1075 3449 1153 παρῥησιάσεται,
3509 1077 3790 1153 ἀγρυπνή-

2129 1182 2231 1229 σει,
2311 1165 2668 1238 χαμευνήσει,
2754 1162 3058 1235 νηστεύσει,
3140 1166 3363 1221 κενώσει
3437 1167 3539 1234 τήν
3615 1166 3780 1237 ὕλην,

2126 1252 2389 1326 θεωρήσει
2441 1251 2510 1307 τὰ
2573 1252 2783 1327 ἐπίγεια
2841 1252 2932 1307 καὶ
2988 1254 3056 1307 τὰ
3112 1254 3358 1328 οὐράνια,
3430 1255 3567 1310 κατᾶ
3611 1263 3784 1311 πᾶσαν

2127 1338 2366 1408 σπουδὴν
2401 1337 2690 1412 μελετήσει
2736 1342 2828 1396 τὸν
2889 1340 3133 1397 θάνατον.
3197 1342 3606 1418 ’Δρῥωστήσεις
3653 1352 3770 1400 Μα-

2124 1429 2354 1503 χήσεται
2389 1448 2402 1462 ⁶
2462 1429 2520 1483 ἂν
2574 1426 2631 1485 δὲ
2668 1431 2901 1505 ἡττηθῇ,
2960 1431 3170 1501 νικήσει
3219 1427 3403 1486 λαϐὼν
3457 1433 3522 1486 τὸ
3586 1433 3767 1505 μηκέτι

2126 1516 2409 1591 μάχεσθαι.
2461 1517 2729 1580 Πλούσιός
2776 1518 2887 1573 ἐστι
2924 1539 2936 1588 ;
2988 1518 3359 1597 Φιλοσοφήσει
3398 1520 3461 1575 τὸ
3491 1520 3776 1577 ἆποπλου-

2119 1610 2251 1676 τεῖν,
2309 1604 2604 1680 μεταδώσει
2653 1612 2729 1679 τῷ
2786 1605 3028 1680 δεομένῳ
3075 1612 3182 1663 τῶν
3224 1603 3414 1679 ὄντων,
3446 1610 3519 1671 ὡς
3560 1611 3777 1666 οἰκονό-

2124 1715 2225 1767 μος
2255 1698 2362 1749 τῶν
2396 1693 2724 1771 ἀλλοτρίων·
2751 1693 2825 1750 ’ἶν’
2880 1696 3080 1758 ἐκεῖνός
3111 1718 3168 1751 τε
3200 1697 3256 1752 εὖ
3289 1700 3426 1771 πάθῃ
3476 1701 3547 1767 τῆ
3607 1721 3777 1771 μετα-

2121 1780 2309 1858 λήψει.
2369 1785 2459 1838 καὶ
2518 1784 2710 1846 αὐτοὺς
2764 1782 2901 1861 πρὸς
2943 1786 3070 1841 Θεὸν
3117 1788 3391 1863 συναχθῇ,
3424 1785 3592 1860 μηδὲν
3627 1785 3777 1863 ἔχων

2118 1872 2264 1941 πλὴν
2288 1878 2385 1929 τοῦ
2426 1878 2657 1950 σταυροῦ
2694 1874 2783 1929 καὶ
2840 1879 2938 1929 τοῦ
2969 1876 3251 1947 σώματος.
3286 1876 3542 1946 Πένεταις
3599 1884 3780 1931 Πλου-

2119 1964 2272 2033 τήσει
2320 1963 2471 2036 Θεὸν,
2523 1962 2611 2018 καὶ
2667 1965 2728 2019 τὸ
2783 1961 3082 2039 καταγελᾷν
3127 1968 3233 2019 τῶν
3288 1964 3543 2039 ἐχόντων,
3586 1966 3656 2026 ὡς
3689 1965 3776 2019 de!

2124 2052 2218 2126 μὲν
2264 2053 2583 2126 κτωμένων,
2636 2051 2718 2107 ἀεὶ
2768 2050 2826 2108 δὲ
2881 2053 3213 2126 πενομένων,
3262 2054 3343 2126 τῷ
3412 2052 3617 2109 δεῖσθαι
3676 2058 3777 2108 τοῦ

2118 2138 2395 2213 πλείονος,
2425 2142 2514 2196 καὶ
2546 2141 2811 2197 πινόντων
2864 2140 2957 2197 ἵνα
3013 2140 3183 2197 πλὲου
3214 2145 3326 2213 (89)
3359 2140 3687 2216 διψήσωσιν.

356 2244 565 2285 norum
598 2246 841 2285 suorum
876 2228 1218 2301 participem
1253 2228 1443 2297 faciet,
1492 2232 1775 2300 tanquam
1806 2228 2132 2286 alienorum
2160 2231 2576 2304 ﬁdiSpensator,
2612 2238 2677 2288 ut
2707 2237 2765 2289 et
2816 2233 2913 2289 ille
2941 2233 3049 2289 hac
3094 2233 3463 2306 perceptione
3509 2235 3776 2304 juvetur:

354 2322 413 2375 et
438 2319 564 2391 ipse
596 2319 668 2374 ad
703 2319 881 2374 Deum
915 2317 1242 2389 colligatur,
1275 2316 1421 2372 nihil
1474 2321 1682 2390 praeter
1710 2334 1941 2374 crucem
1992 2322 2048 2374 et
2077 2335 2288 2392 corpus
2320 2320 2558 2377 habens.
2605 2322 2832 2394 Pauper
2878 2322 3015 2378 est?
3047 2322 3152 2377 Pro
3181 2321 3401 2378 divitiis
3447 2321 3637 2378 Deum
3669 2322 3777 2378 ha-

354 2406 533 2476 bebit,
565 2411 623 2463 et
651 2405 859 2461 divites
886 2406 1173 2473 irridebit,
1206 2410 1271 2461 ut
1319 2406 1441 2478 qui,
1472 2406 1608 2462 licet
1638 2407 1942 2463 facultates
1992 2424 2129 2464 suas
2159 2409 2422 2480 quotidie
2471 2413 2745 2481 augeant,
2777 2426 3009 2483 semper
3053 2423 3251 2467 tamen
3301 2427 3590 2484 pauperes
3623 2411 3766 2489 sint,

356 2496 497 2568 quia
525 2495 794 2568 pluribus
824 2495 1110 2567 indigent,
1144 2494 1494 2567 bibuntque,
1523 2499 1586 2551 ut
1616 2496 1824 2567 majori
1855 2496 1954 2551 siti
1985 2496 2447 2553 inﬂammentur.

425 2585 549 2643 XII.
590 2586 765 2643 Fame
792 2584 1076 2640 vexatur?
1106 2584 1252 2640 Cum
1301 2584 1506 2640 avibus
1552 2585 1759 2656 aletur,
1791 2584 2007 2657 quibus

355 2674 546 2730 victus
595 2673 841 2730 sationis
881 2677 935 2729 et
970 2674 1251 2730 arationis
1302 2689 1505 2746 expers
1555 2678 1645 2729 est
1675 2691 1688 2729 :
1723 2691 1855 2729 cum
1884 2674 2012 2730 Elia

356 2764 510 2835 apud
542 2763 1007 2835 Sarephthanam
1051 2764 1203 2821 vivet
1234 2778 1248 2818 :
1281 2763 1544 2835 Lecythus
1581 2765 1689 2820 olei
1717 2781 1829 2820 non
1875 2764 2009 2834 deﬁ-

356 2854 479 2920 ciet,
530 2856 581 2908 et
630 2853 835 2925 hydria
881 2855 1083 2924 farinae
1129 2868 1239 2909 non
1274 2854 1560 2909 minuetur
1589 2853 1630 2909 ⁵.
1678 2852 1800 2921 Ille,
1834 2853 2012 2909 fontis

356 2942 561 3011 instar,
594 2957 827 3014 semper
851 2942 1129 2999 scaturiet
1158 2967 1172 3011 ;
1203 2942 1324 2999 haec
1356 2943 1611 2998 fructum
1632 2942 1865 3015 copiose
1886 2958 2015 3014 pro-

358 3032 605 3099 feret,ut
633 3031 808 3089 vidua
838 3032 1136 3104 hospitum
1170 3032 1435 3088 studiosa
1462 3032 1799 3100 honoretur,
1816 3048 1881 3088 ac
1912 3048 2016 3087 nu-

358 3123 473 3177 trix
520 3121 833 3178 nutriatur.
865 3120 973 3177 Siti
1025 3120 1309 3194 angitur?
1338 3122 1548 3177 Fontes
1581 3122 1632 3177 ei
1664 3126 1721 3178 et
1771 3120 2017 3177 ﬂumina

2188 2586 2288 2642 IB'.
2348 2590 2548 2657 Πεινᾷ;
2627 2585 2773 2641 Μετὰ
2826 2590 2932 2641 τῶν
2988 2586 3183 2661 ὀρνέων
3244 2587 3357 2660 (90)
3412 2588 3776 2663 τραφήσεται,

2119 2675 2203 2737 οἷς
2234 2675 2262 2729 6
2299 2674 2412 2748 βίος
2464 2672 2702 2751 ἄσπορος
2751 2674 2841 2730 καὶ
2866 2675 3137 2749 ἀνήροτος
3172 2695 3185 2707 ο
3222 2677 3355 2748 μετᾶ
3384 2674 3575 2731 Ἡλίου
3611 2678 3780 2747 ζήσε-

2117 2784 2205 2818 ται
2260 2764 2406 2840 παρὰ
2459 2770 2526 2835 τῆ
2586 2766 2884 2844 Σαραφθίᾳ·
2951 2767 3012 2822 Ὀ
3075 2764 3369 2839 καμψάκης
3424 2768 3523 2819 τοῦ
3583 2764 3773 2819 ila-{ou

2122 2851 2221 2907 οὐκ
2277 2851 2539 2927 ἐκλείψει,
2596 2852 2684 2908 καὶ
2737 2856 2771 2923 ὴ
2834 2850 2990 2928 ὑδρία
3040 2858 3137 2908 τοῦ
3190 2852 3425 2929 ἀλεύρου
3476 2853 3575 2908 οὐκ
3620 2853 3781 2908 ἐλατ-

2121 2942 2332 3012 τονήσει
2367 2960 2380 2974 °
2428 2942 2457 2996 6
2510 2942 2603 3015 μὲν
2650 2940 2731 2996 ἀεὶ
2762 2943 3021 3018 πηγάσει,
3060 2944 3095 3012 ἠ
3156 2940 3213 2996 δὲ
3269 2946 3573 3019 γεωργήσει
3605 2941 3785 2997 πλου-

2125 3031 2277 3099 σίως,
2331 3028 2421 3085 ’ίνα
2468 3032 2678 3104 τιμηθῆ
2740 3032 2891 3107 χήρα
2967 3030 3272 3108 φιλόξενος,
3327 3030 3417 3085 καὶ
3474 3032 3645 3110 τρέφῃ
3694 3031 3786 3085 τὸν

2123 3118 2387 3195 τρέφοντα
2435 3120 2570 3188 (91).
2623 3120 2885 3192 Διψήσει;
2939 3119 3144 3193 Κρῆναι
3197 3116 3376 3190 τούτῳ
3416 3117 3505 3172 καὶ
3537 3116 3781 3189 ποταμοὶ

360 3215 562 3285 potum
612 3211 1093 3284 suppeditabunt,
1127 3215 1185 3268 et
1212 3212 1446 3283 quidem
1493 3215 1699 3298 potum
1726 3225 1842 3267 non
1891 3210 2013 3265 ine-

2130 3208 2189 3262 τὸ
2240 3208 2426 3278 ποτὸν,
2458 3207 2622 3262 ποτὸν
2675 3206 2736 3262 οὐ
2799 3206 3078 3279 μεθύσκον,
3137 3204 3263 3261 οὐδὲ
3299 3205 3669 3283 μετρούμενον·
3704 3206 3767 3259 ἂν

359 3301 673 3371 briantem,
708 3316 813 3356 nec
861 3300 1215 3357 dimensum.
1249 3300 1410 3366 Quod
1444 3299 1493 3356 si
1547 3297 1745 3355 omnia
1784 3306 2019 3371 propter

362 3387 608 3444 nimiam
639 3388 960 3444 siccitatem
993 3388 1287 3456 deficiant,
1308 3389 1585 3444 torrentis
1605 3405 1757 3459 aqua
1772 3388 2019 3443 fortasse

364 3477 523 3534 sitim
547 3477 797 3534 sedabit.
814 3477 1044 3549 Algebit
1068 3482 1090 3534 Ρ
1114 3478 1272 3532 Idem
1300 3493 1532 3549 quoque
1552 3476 1730 3532 Paulo
1748 3476 2016 3545 accidit“;

360 3568 461 3624 sed
490 3566 748 3639 quandiu
768 3568 795 3622 ?
816 3570 917 3621 Est
946 3570 1003 3621 et
1032 3566 1329 3638 quoddam
1359 3570 1535 3637 petra
1566 3566 2013 3632 indumentum;

361 3657 536 3712 ﬁdem
566 3654 673 3712 tibi
718 3655 830 3710 Job
880 3654 1073 3725 faciat,
1120 3653 1214 3710 his
1263 3654 1456 3710 verbis
1508 3659 1727 3711 utens:
1760 3656 1833 3710 Eo
1880 3653 2020 3726 quod

358 3755 505 3801 veste
533 3748 800 3812 carerent,
830 3751 992 3814 petra
1025 3744 1216 3800 induti
1257 3748 1385 3798 sunt
1416 3745 1455 3798 ⁷.
1486 3745 1642 3812 Jam,
1675 3761 1802 3816 quae
1835 3744 2017 3816 perfe-

363 3834 543 3892 ctiora
567 3837 725 3905 sunt,
754 3834 1078 3890 considera.
1096 3832 1426 3890 Maledictis
1455 3833 1808 3890 lacerabitur
1826 3833 1854 3889 ?
1882 3833 2020 3888 Vin-

363 3929 454 3981 cet
486 3941 600 3979 non
632 3925 947 3996 regerendo
980 3922 1311 3979 maledicta.
1346 3923 1813 3980 Persecutionem
1844 3923 2021 3995 patie-

361 4015 505 4070 tur?
537 4014 882 4072 Sustinehit.
935 4012 1496 4086 Blasphemabitur?
1525 4012 1883 4069 Obsecrabit.
1915 4016 2019 4069 Ca-

362 4102 606 4161 lumniis
664 4106 1008 4174 premetur?
1049 4102 1198 4159 481
1260 4103 1478 4159 Orabit.
1537 4102 1901 4158 Percutietur
1958 4101 2019 4156 in

364 4193 627 4250 dextram
677 4192 973 4249 maxillam
995 4192 1023 4247 ?
1052 4192 1336 4248 Praebebit
1373 4195 1429 4247 et
1472 4191 1748 4259 alteram;
1780 4190 2017 4247 tertiam

365 4282 565 4353 etiam,
599 4282 649 4338 si
680 4282 941 4354 haberet,
962 4282 1454 4354 objecturus,quo
1487 4280 1676 4354 magis
1707 4282 1779 4336 ad
1811 4279 2020 4336 lenita-

366 4375 484 4427 tem
528 4385 929 4442 percussorem
977 4369 1225 4439 erudiat,
1258 4386 1428 4443 opere
1477 4370 1710 4438 docens,
1746 4386 1873 4442 quae
1899 4385 2019 4425 ser-

368 4476 541 4516 mone
571 4476 686 4515 non
736 4463 948 4532 potest.
983 4459 1218 4515 Probris
1266 4459 1631 4532 impetetur?
1659 4460 1727 4515 Et
1755 4458 2021 4514 Christus

368 4565 600 4624 quoque
634 4565 648 4603 :
684 4548 1022 4605 afflictionis
1075 4549 1349 4605 societate
1397 4549 1718 4605 ornabitur.
1751 4546 2021 4615 Quamvis

365 4640 541 4696 etiam
574 4637 978 4695 Samaritanus
1008 4637 1299 4707 vocetur’,
1319 4637 1587 4710 quamvis
1616 4637 1667 4694 ei
1687 4637 2016 4710 objiciatur,

366 4728 522 4802 quod
545 4727 899 4783 daemonium
916 4727 1126 4785 habeat
1147 4729 1327 4794 “,cum
1349 4727 1465 4784 Deo
1492 4726 1692 4785 omnia
1711 4727 2017 4800 suscipiet,

366 4820 433 4875 Et
459 4816 593 4875 licet
622 4815 807 4874 multa
837 4816 1190 4885 toleraverit,
1223 4814 1411 4873 multa
1439 4816 1630 4873 adhuc
1670 4816 1784 4890 ipsi
1814 4831 2018 4888 super-

2128 3298 2296 3351 πάντα
2351 3294 2580 3371 ἐπιλίπῃ
2617 3298 2730 3367 (92)
2790 3294 2860 3351 δι’
2919 3291 3240 3372 ἀνομϐρίαν,
3291 3294 3561 3370 χειμάρῥῳ
3590 3295 3773 3369 τυχὸν

2127 3388 2527 3457 ποτισθήσεται.
2586 3387 2869 3463 Ῥιγώσεις
2919 3390 3089 3440 Τοῦτο
3116 3386 3207 3441 καὶ
3242 3381 3469 3452 Παῦλος,
3520 3383 3648 3439 ἀλλ’
3683 3383 3781 3438 ἐπὶ

2127 3476 2291 3531 πόσον
2321 3479 2470 3549 (93);
2516 3478 2668 3532 Ἔστι
2712 3496 2763 3529 τι
2804 3475 2894 3530 καὶ
2942 3477 3140 3549 πέτρας
3181 3473 3386 3548 ἔνδυμα
3416 3492 3428 3505 ’
3462 3472 3695 3529 πειθέτω
3728 3494 3785 3527 σε

2129 3568 2157 3621 6
2188 3561 2315 3630 Ἰὼϐ
2371 3564 2542 3641 λέγων
2575 3585 2587 3597 ·
2651 3566 2804 3641 Παρᾶ
2857 3565 2919 3619 τὸ
2973 3566 3049 3637 μὴ
3100 3563 3247 3640 ἔχειν
3292 3562 3485 3624 αὐτοὺς
3524 3565 3639 3637 (94)
3668 3562 3787 3617 mg-

2128 3677 2259 3727 πην,
2320 3675 2516 3729 πετραν
2574 3650 2981 3729 περιεϐάλοντο.
3045 3652 3249 3709 Σκόπει
3314 3674 3407 3726 μοι
3471 3653 3560 3707 καὶ
3608 3654 3677 3707 τὰ
3706 3672 3790 3706 τε-

2129 3742 2391 3818 λεώτερα.
2442 3740 2949 3819 Λοιδορηθήσεται;
3007 3745 3217 3813 νικήσει
3274 3748 3351 3814 τῷ
3415 3742 3490 3814 μή
3549 3740 3792 3795 ἀντιλοι-

2130 3831 2423 3910 δορεῖσθαι.
2499 3834 2911 3907 Διωχθήσεται;
2970 3831 3227 3902 ἀνέξεται.
3306 3829 3786 3906 Βλασφημηθήσε-

2127 3942 2254 3993 ταις
2356 3920 2739 3995 παρακαλέσει.
2837 3914 3340 3991 Διαϐληθήσεταις
3435 3918 3785 3995 προσεύξεται

2127 4014 2235 4082 Τὴν
2296 4008 2467 4082 δεξιὰν
2520 4010 2907 4087 ῥαπισθήσεται
2953 4008 3178 4084 σιαγόνα
3224 4010 3383 4082 (95);
3424 4008 3641 4082 παρέξει
3698 4006 3791 4059 καὶ

2127 4102 2225 4170 τὴν
2261 4100 2606 4176 ἑτέραν
2668 4099 2714 4154 εί
2742 4099 2932 4176 τρίτην
2973 4098 3108 4174 εἶχε,
3161 4095 3249 4152 καί
3308 4097 3508 4166 ταύτην
3560 4096 3620 4149 ἃν
3657 4116 3787 4170 προ-

2129 4185 2485 4261 εϐάλετο,²ίνα
2519 4184 2732 4261 μᾶλλον
2766 4184 2952 4259 διδάξῃ
2980 4187 3345 4262 μακροθυμεῖν
3376 4184 3469 4239 τὸν
3530 4182 3789 4251 παίοντα,

2130 4276 2273 4354 ἔργῳ
2324 4275 2618 4348 παιδεύων,
2676 4276 2709 4331 ἃ
2768 4277 2842 4349 μὴ
2896 4275 3046 4351 λόγῳ
3088 4272 3310 4336 δυνατὸς
3340 4268 3792 4346 ᾖν.’ονειδισθή-

2131 4385 2313 4436 σεται;
2362 4370 2523 4422 τοῦτο
2572 4366 2662 4420 καὶ
2712 4367 2739 4420 6
2789 4363 3045 4441 Χριστός
3078 4365 3444 4437 τιμηθήσεται
3491 4368 3558 4430 τῆ
3592 4382 3788 4415 κοινω-

2128 4456 2217 4529 νίᾳ
2265 4460 2361 4511 τοῦ
2418 4456 2643 4517 πάθους.
2705 4454 2813 4511 Κᾶν
2866 4452 3212 4529 Σαμαρείτης
3245 4450 3467 4526 ἀκούσῃ,
3512 4449 3610 4504 κᾶν
3670 4446 3789 4503 δαι-

2134 4550 2301 4619 μονᾷν
2353 4543 2619 4620 ἐγκληθῆ.
2674 4542 2808 4615 μετὰ
2849 4546 2983 4599 Θεοῦ
3012 4541 3184 4597 πάντα
3229 4538 3450 4611 δέξεται.
3487 4536 3683 4595 Πολλὰ
3714 4535 3791 4591 ἔτι

2048 4604 2096 4670 D
2129 4604 2326 4709 λείψει,
2356 4604 2453 4689 κθν
2481 4604 2856 4707 πολλὰῑπάθῃ,
2907 4626 3049 4702 ὅξος,
3078 4629 3251 4707 χολὴ,
3300 4604 3562 4707 ’στᾶφανος
3624 4626 3789 4681 ἀκάν-

2126 4726 2292 4794 θινος,
2350 4725 2620 4797 σκῆπτρον
2666 4718 2993 4794 καλάμινον,
3053 4718 3276 4796 χλαμὺς
3340 4716 3590 4786 κοκκίνη,
3621 4737 3786 4771 σταυ-

2130 4814 2243 4891 ρὸς,
2288 4811 2445 4885 ἧλοι,
2504 4810 2695 4886 λῃσταὶ
2754 4807 3234 4885 συσταυρούμενοι,
3292 4805 3581 4881 παριόντες
3636 4800 3788 4879 ὀϐρίο

438 4990 461 5028 ⁸
491 4989 643 5048 Psal.
674 5006 823 5061 κων,
848 4991 903 5047 3.
980 4990 1002 5025 ⁵
1033 4988 1109 5047 III
1139 4989 1279 5063 Reg.
1309 5006 1449 5057 xvn,
1477 4989 1533 5059 9,
1568 4989 1653 5046 14.
1728 4988 1751 5023 ⁸
1783 4987 1833 5045 ΙΙ
1857 4987 1986 5045 Cor.
2015 5002 2096 5059 xx,
2125 4987 2216 5043 27.
2292 4989 2313 5025 ⁷
2341 4987 2453 5046 Job
2482 5005 2639 5059 xxxv,
2667 4989 2725 5045 8.
2799 4986 2820 5022 ⁸
2847 4985 3021 5042 Joan.
3051 5000 3175 5053 vm,
3208 4984 3297 5040 48.
3373 4981 3395 5017 ⁹
3424 4978 3568 5037 ibid.

438 5199 550 5274 (88)
584 5193 788 5274 ’_E_vt_6c._
821 5195 931 5274 Sic_
964 5195 1258 5274 Reg._bm,
1306 5196 1568 5270 quinque
1613 5194 1798 5264 Colb.,
1846 5192 2019 5252 Cois].

370 5276 423 5345 1,
445 5265 562 5345 διό.
596 5268 746 5345 Male
775 5269 837 5345 in_
866 5268 983 5335 ed.,
1016 5265 1189 5345 ἐκτός..

439 5344 553 5411 (89)
586 5339 780 5397 Ηλὲον.
818 5342 881 5396 In
914 5340 1239 5411 nonnullis,
1272 5338 1487 5395 πλεῖον.

441 5408 555 5486 (90)
588 5411 735 5486 Μετᾷ
782 5415 885 5465 τῶν
935 5410 1158 5486 ὀρνέων,
1192 5408 1301 5486 etc.
1324 5408 1918 5486 AAlluditeregorius
1951 5408 2022 5464 ad

441 5431 555 5486 (νυ)
588 5431 735 5469 Μετα
782 5432 885 5465 των
935 5431 962 5465 o
1001 5431 1158 5483 νιων,
1192 5431 1301 5467 etc.
1334 5431 1553 5466 Alluuls
1605 5431 1918 5479 uregonus
1951 5431 2022 5464 au

369 5488 547 5543 verba
575 5484 780 5541 Matth.
813 5502 892 5549 vr,
1042 5508 1068 5534 «
1107 5483 1397 5554 Respicite
1426 5479 1685 5537 volatilia
1714 5479 2022 5548 cceli,quo-

374 5558 533 5682 pialrln
557 5574 672 5612 non
703 5560 927 5625 serunt,
962 5570 1151 5627 neque
1179 5558 1425 5622 metunt,
1461 5567 1649 5622 neque
1674 5555 2026 5624 congregant

374 5646 434 5682 in
510 5643 692 5682 orrea.
726 5647 757 5675 »

510 5644 692 5682 orrea.
726 5647 757 5675 ))

373 5646 434 5683 1n
466 5643 692 5683 norrea.
726 5647 757 5675 »

447 5698 561 5767 (91)
592 5694 691 5751 Καὶ
704 5690 882 5770 τρέφῃ
898 5694 989 5749 τὸν
1022 5695 1343 5770 τρὲφοντα.‹ι
1376 5692 1716 5753 Nurientem
1747 5692 2026 5763 nutriat,»

447 5713 561 5767 (νι)
592 5713 691 5751 και
713 5714 744 5747 τ
783 5713 882 5770 εφῃ
898 5713 989 5749 τον
1022 5714 1052 5748 τ
1092 5713 1343 5770 εφοντα.‹ι

380 5780 613 5837 nempe,
641 5787 671 5816 «
704 5713 890 5825 Elian:
918 5713 1285 5838 preplletam.
1315 5786 1345 5816 ››

2203 5190 2318 5264 (92)
2400 5188 2699 5264 Ἐπιλίπῃ.
2762 5190 2920 5264 Reg.
2980 5189 3080 5245 bm
3152 5189 3211 5244 et
3279 5182 3602 5251 Combef.,
3661 5178 3781 5235 ιπε-

2130 5261 2315 5408 λεξξέ)
2345 5330 2496 5390 Ἀλλ’
2546 5330 2632 5408 ἐπὶ
2664 5330 2855 5408 πόσον.
2905 5330 3240 5408 legendum
3290 5327 3416 5408 sine
3462 5325 3785 5408 intem-oga:

2133 5396 2516 5466 tio‘ne'censet
2560 5406 2820 5462 Comhef.
2853 5420 2867 5459 :
2902 5396 3027 5457 ἀλλ’
3076 5400 3165 5456 ἐπὶ
3209 5399 3399 5471 ποσόν,
3446 5397 3540 5454 sed
3590 5396 3783 5467 alget»)

2132 5480 2483 5552 aliquandiu.
2508 5478 2814 5552 Itagetiam
2830 5475 2973 5552 legit
3003 5476 3172 5531 Leuv.

2203 5548 2315 5623 ('94)
2346 5548 2573 5623 Αὐτούς.
2606 5550 2777 5607 Deest
2804 5549 2862 5623 in
2894 5548 3032 5623 Reg.
3064 5563 3119 5623 α.

2226 5612 2316 5695 95)
2350 5620 2605 5695 Σιαγόνα.
2642 5624 2810 5695 Deest
2838 5620 2898 5679 in
2930 5612 3201 5695 pruribus
3231 5612 3421 5695 coddn
3676 5681 3691 5693 .
3735 5677 3747 5690 _

2166 5680 2317 5821 ὥῗὲῖέ
2375 5680 2596 5771 Ετέραν.
2657 5693 2724 5751 In
2783 5680 3115 5764 nonnullis,
3173 5680 3493 5765 ἀριστεράν,
3552 5704 3583 5736 κ
3641 5680 3775 5740 δίιιὶο

2324 5806 2338 5821 .
2370 5787 2403 5819 η

2132 5780 2338 5823 stram.
2370 5787 2403 5819 κ

2299 5552 2317 5766 l
