4094 6212
377 372 534 432 1245

1440 369 1735 434 ORATIO
1781 369 1999 431 XXVI.
2033 399 2111 414 ——
2139 370 2217 430 IN
2264 368 2631 432 SEIPSUM.

3643 365 3797 428 1246

378 509 577 572 ζοντες.
630 508 721 558 Δεῖ
763 502 865 581 γὰρ
910 504 1022 577 (97)
1062 503 1226 558 πλέον
1259 499 1403 579 ἔχειν
1437 502 1588 571 Θεὸν,
1622 499 1674 555 ἐν
1717 504 1796 572 τῷ
1829 499 2010 556 πλεῖοι

2135 504 2327 571 erunt,
2362 519 2489 575 quae
2528 504 3047 575 perferat,acetum
3080 500 3424 573 nempe,fel,
3446 516 3659 557 corona
3680 499 3794 572 spi-

374 592 551 671 φέρειν
586 592 816 666 ἀτιμαζό
825 614 979 667 μενον
990 637 1003 651 .

2130 606 2261 657 nea,
2303 596 2599 664 sceptrum
2620 590 3303 664 arundineum,chlamys
3321 589 3775 658 coccinea,crux,

373 684 542 751 clavi,
577 684 834 740 latrones
863 683 1041 739 simul
1092 683 1249 739 cruci
1298 682 1477 748 affixi,
1526 681 2001 754 praetereuntium
2051 680 2415 738 contumeliae
2448 682 2511 737 ¹⁰.
2546 681 2771 737 Primae
2813 681 2973 737 enim
3025 680 3209 736 Deum
3258 679 3471 734 habere
3516 694 3621 750 par
3672 682 3781 749 est,

375 773 533 846 quod
565 772 698 845 plus
730 772 1062 844 ignominiaa
1096 771 1421 843 pertulerit.

447 860 524 914 Il'.
559 857 727 916 Οὐδὲν
777 857 1181 935 ἀναλωτότερον
1220 857 1564 937 φιλοσοφίας,
1596 855 1747 913 οὐδὲν
1781 856 2025 928 ἄληπτόα

369 969 549 1024 τερον.
595 951 776 1003 Πάντα
819 946 1039 1003 ἐνδώσει
1092 948 1377 1024 πρότερον,
1435 946 1471 1017 ἤ
1505 948 1825 1025 φιλόσοφος.
1859 948 2020 1009 Ὀνος

370 1037 511 1093 ἐστὶν
569 1034 754 1114 ἄγριος
807 1037 858 1092 ἐν
919 1038 1134 1113 ἐρήμῳ,
1193 1038 1355 1115 φησὶν
1415 1038 1444 1091 6
1502 1032 1647 1107 Ἰὼϐ,
1699 1034 1878 1098 ἄνετος
1930 1036 2018 1091 καὶ

371 1125 675 1202 ἐλεύθερος,
731 1125 1041 1203 καταγελῶν
1111 1124 1457 1201 πολυοχλίας
1539 1123 1781 1197 πόλεως,
1873 1126 2019 1198 μέμ-

366 1220 458 1290 ψιν
552 1214 863 1291 φορολόγου
955 1217 1031 1289 μὴ
1139 1214 1371 1272 ἀκούων.
1472 1213 1795 1290 Μονόκερώς
1885 1214 2017 1289 ἐστι,

370 1309 507 1375 ζῶον
583 1303 908 1377 αὐτόνομον.
978 1303 1041 1361 Ei
1116 1302 1446 1380 βουλήσεταί
1525 1324 1608 1357 σοι
1685 1300 2015 1373 δουλεῦσαι;

366 1394 412 1448 εἷ
468 1391 650 1464 δήσεις
709 1393 865 1449 αὐτὸν
928 1391 1014 1448 ἐπὶ
1066 1389 1311 1471 φάτνης,
1372 1392 1417 1447 εἰ
1478 1392 1580 1447 ὑπὸ
1624 1392 1777 1468 ζυγὸν
1837 1390 2018 1466 ἀχθή-

365 1503 511 1537 σεται
540 1484 688 1556 (98);
746 1485 907 1536 Ὅταν
960 1480 1174 1537 πάντων
1224 1479 1529 1557 ἐξείργηται
1578 1485 1685 1535 τῶν
1744 1479 1829 1535 ἐπὶ
1888 1483 2013 1555 γῆς,

365 1570 780 1626 κατεσκεύασται
809 1570 954 1643 αὐτῷ
983 1571 1246 1647 πτέρυγες
1287 1568 1467 1646 ὥσπερ
1525 1570 1705 1639 ἀετοῦ,
1766 1569 2014 1645 ἐπιστρέ-

367 1664 455 1733 ψει
505 1660 579 1722 εἷς
624 1661 716 1714 τὸν
776 1659 922 1714 οἶκον
958 1664 1054 1713 τοῦ
1085 1658 1487 1735 προεστηκότος
1520 1660 1633 1732 (99)
1662 1657 1847 1727 αὐτοῦ,
1880 1658 2014 1735 πρὸς

368 1750 495 1806 Θεὸν
554 1751 935 1821 ἀναπτήσεται.
994 1750 1149 1806 Εἴπω
1199 1770 1250 1804 τι
1313 1746 1628 1827 κεφάλαιον.
1687 1748 1790 1802 Δύο
1854 1752 2021 1803 ταῦτα

367 1836 727 1915 δυσκράτητα,
790 1840 918 1901 Θεὸς
962 1840 1051 1893 καὶ
1104 1838 1357 1914 ἅγγελος·
1419 1838 1509 1892 καὶ
1556 1839 1617 1891 τὸ
1644 1836 1825 1915 τρίτον
1858 1834 2017 1915 φιλό-

366 1949 551 1998 σοφος,
609 1926 773 1990 ἄυλος
828 1928 880 1982 ἐν
930 1926 1054 2001 ὕλῃ,
1113 1927 1164 1981 ἐν
1215 1928 1430 1999 σώματι
1478 1926 1897 2003 ἀπερίγραπτος,
1929 1926 2017 1982 ἐπὶ

362 2020 462 2094 γῆς
493 2016 764 2093 οὐράνιος,
820 2016 871 2072 ἐν
904 2017 1125 2071 πάθεσιν
1184 2018 1417 2088 ἀπαθὴς,
1482 2018 1655 2071 πάντα
1696 2017 2015 2089 ἡττώμενος

361 2105 507 2174 πλὴν
568 2108 944 2184 φρονήματος,
1002 2110 1162 2160 νικῶν
1199 2110 1279 2177 τῷ
1334 2106 1575 2160 νικᾶσθαι
1630 2103 1758 2167 τοὺς
1799 2110 2012 2181 κρατεῖν

360 2195 694 2269 νομίζοντας.
754 2193 1015 2252 Ἐπείδὲ
1070 2195 1161 2250 τὸν
1222 2194 1519 2273 φιλόσοφον
1568 2196 1703 2267 ἡμῖν
1763 2195 1791 2248 6
1850 2191 2014 2270 λόγος

361 2281 606 2362 ἔγραψεν,
665 2284 784 2349 ὅθεν
842 2287 1015 2357 εἷπον,
1063 2283 1381 2361 ἀρξάμενος,
1422 2282 1568 2361 φέρε,
1628 2282 1773 2358 παρὰ
1822 2287 2011 2337 τοῦτον

359 2378 426 2428 τὰ
507 2376 748 2450 ἡμέτερα
820 2376 1184 2450 θεωρήσωμεν
1262 2371 1437 2445 (δοκῶ
1509 2374 1613 2449 γὰρ
1708 2372 1856 2447 κάγὼ
1939 2374 2014 2447 (1)

362 2466 581 2536 Πνεῦμα
612 2468 743 2519 Θεοῦ
778 2459 948 2539 ἔχειν,
978 2464 1068 2518 καὶ
1118 2460 1172 2517 εἷ’
1219 2483 1326 2517 τινι
1384 2460 1591 2516 τούτων
1650 2461 1856 2535 τρωτὸς
1904 2458 2013 2535 ἑγὼ

359 2555 451 2608 καὶ
482 2551 782 2626 ἁλώσιμος)
817 2571 831 2586 ⁶
879 2551 953 2606 ’ἔν’
984 2552 1028 2606 εἰ
1084 2553 1180 2625 μετ
1235 2552 1552 2624 ἡττώμενον
1608 2550 1900 2626 εὑρίσκοιεν
1961 2550 2012 2604 οἱ

363 2647 644 2716 μισοῦντες
700 2643 790 2696 καὶ
838 2639 1230 2715 πολεμοῦντες,
1283 2641 1731 2716 συγγινώσκοιντο
1760 2643 1888 2714 γοῦν
1909 2646 2010 2709 τῆς

359 2732 748 2808 ἐγχειρήσεως,
809 2730 855 2786 εἰ
928 2732 1017 2786 καὶ
1093 2733 1169 2803 μὴ
1218 2737 1319 2799 τῆς
1380 2730 1746 2805 προαιρέσεως
1783 2745 1796 2760 '
1860 2728 1904 2782 εἰ
1956 2726 2013 2784 δὲ

354 2818 634 2895 κρείττονα
682 2822 791 2873 τῶν
844 2816 1239 2891 πολεμούντων
1271 2818 1361 2872 καὶ
1396 2816 1758 2891 ὑψηλότερον,
1816 2814 1853 2886 ἤ
1910 2822 2012 2886 τῆς

352 2907 543 2969 κακίας
602 2905 993 2983 ἀπαλλαγεῖεν,
1052 2909 1086 2976 ἢ
1140 2907 1453 2981 καινοτέραν
1514 2903 1637 2960 ὁδὸν
1671 2912 1769 2975 τῆς
1800 2902 2011 2969 ἀδικίας

349 2996 715 3067 ἐπινοήσαιεν,
769 2996 844 3057 ὡς
886 3003 985 3065 τῆς
1036 2995 1315 3072 παρούσης
1358 2994 1885 3073 καταφρονουμένης,
1919 2994 2009 3050 καὶ

2204 860 2350 915 ΧΙΙΙ.
2386 858 2541 915 Nihil
2574 859 2945 931 philosophia
2985 858 3194 914 fortius
3223 860 3331 927 est,
3365 856 3790 929 inexpugnabi-

2130 948 2246 1004 lius
2276 948 2443 1005 nihil.
2465 950 2674 1004 Omnia
2707 949 2870 1021 prius
2904 950 3129 1017 cedent,
3152 964 3328 1019 quam
3364 951 3429 1003 ut
3460 963 3674 1002 manus
3696 947 3794 1002 det

2131 1038 2535 1110 philosophus.
2575 1038 2788 1109 Onager
2816 1042 2894 1093 est
2926 1039 2985 1092 in
3030 1038 3258 1104 deserto,
3290 1041 3353 1092 ut
3405 1052 3538 1091 cum
3568 1036 3674 1091 Job
3705 1036 3789 1092 lo-

2132 1144 2281 1199 quar
2310 1130 2378 1197 11,
2411 1128 2624 1183 solutus
2665 1132 2716 1183 et
2752 1128 2907 1197 liber,
2938 1127 3091 1183 urbis
3136 1126 3401 1182 tumultus
3447 1126 3661 1193 ridens,
3693 1142 3787 1181 ex-

2128 1217 2339 1274 actoris
2365 1218 2666 1272 clamorem
2686 1232 2795 1271 non
2825 1216 3075 1271 audiens.
3116 1216 3402 1273 Unicornis
3434 1223 3534 1284 est,
3566 1214 3790 1271 animal

2124 1306 2242 1361 suis
2273 1307 2479 1377 legibus
2527 1307 2733 1361 vivens.
2766 1310 2913 1362 Nam
2942 1306 3046 1360 tibi
3089 1305 3298 1359 servire
3337 1303 3519 1359 votet?
3548 1306 3691 1359 Num
3718 1304 3787 1358 li-

2123 1395 2278 1467 gabis
2309 1412 2432 1450 eum
2461 1395 2529 1450 ad
2559 1398 2838 1466 prwsepe?
2878 1396 3019 1450 Num
3050 1394 3151 1449 sub
3174 1394 3381 1465 jugum
3421 1392 3653 1448 ducetur
3674 1396 3699 1447 ?
3726 1388 3787 1448 Si

2126 1485 2402 1541 omnibus
2435 1489 2597 1540 terrae
2630 1485 2957 1540 commodis
2988 1483 3385 1556 prohibeatur,
3405 1486 3616 1555 paratas
3648 1486 3789 1538 sunt

2124 1574 2235 1646 ipsi
2269 1573 2372 1628 ala:
2391 1575 2547 1629 sicut
2564 1573 2772 1644 aquila:
2800 1598 2813 1641 ;
2833 1574 2903 1629 ad
2932 1574 3160 1644 patroni
3185 1572 3276 1629 sui
3299 1574 3542 1628 domum
3564 1588 3626 1629 se
3649 1589 3781 1628 con-

2127 1664 2308 1731 feret;
2342 1664 2413 1717 ad
2446 1662 2629 1719 Deum
2681 1662 3025 1717 convolabit.
3060 1661 3134 1716 Ut
3162 1661 3219 1715 in
3253 1677 3489 1717 summa
3534 1661 3727 1718 dicam
3760 1677 3775 1717 :

2133 1754 2251 1808 Duo
2285 1752 2405 1808 haec
2437 1752 2697 1825 superari
2733 1755 3051 1823 nequeunt,
3084 1750 3236 1806 Deus
3268 1754 3325 1806 et
3352 1749 3635 1822 angelus;
3669 1754 3783 1805 ter-

2126 1841 2275 1898 tium
2306 1845 2394 1898 est
2424 1840 2830 1914 philosophus,
2849 1841 2907 1895 in
2932 1839 3174 1897 materia
3195 1838 3450 1894 materiae
3480 1840 3781 1911 expers,in

2127 1946 2365 2002 corpore
2398 1931 2962 2003 incircumscriptus,
2994 1929 3054 1984 in
3086 1934 3241 1985 terra
3270 1928 3538 1997 cmlestis,
3562 1929 3620 1982 in
3651 1944 3783 1999 pas-

2125 2020 2395 2075 sionibus
2424 2019 2791 2091 impatibilis,
2824 2018 3100 2074 omnibus
3134 2018 3307 2074 rebus
3334 2016 3487 2073 vinci
3519 2032 3582 2072 se
3612 2016 3781 2073 facile

2125 2109 2337 2177 ferens,
2389 2114 2778 2181 praeterquam
2830 2108 3010 2164 animi
3060 2106 3484 2180 magnitudine,
3535 2122 3600 2162 eo
3648 2106 3777 2178 ipso

2125 2199 2279 2269 quod
2314 2197 2463 2253 vinci
2495 2215 2557 2254 se
2579 2198 2817 2270 patitur,
2832 2197 3147 2254 devincens
3176 2195 3412 2268 eos,qui
3444 2195 3777 2268 superiores

2123 2286 2236 2342 sibi
2266 2304 2394 2342 esse
2412 2286 2703 2343 videntur.
2720 2286 3004 2352 Quoniam
3025 2290 3218 2342 autem
3240 2284 3655 2357 philosophum
3678 2302 3779 2342 no-

2122 2376 2213 2431 bis
2244 2376 2505 2448 depinxit
2533 2375 2738 2446 oratio,
2770 2376 2926 2431 unde
2964 2375 3102 2443 dixi,
3136 2392 3359 2444 exorsa,
3394 2391 3519 2447 age,
3543 2375 3671 2445 jam
3701 2374 3775 2430 ad

2122 2465 2249 2536 ejus
2282 2481 2549 2520 normam
2599 2482 2690 2521 res
2737 2468 2970 2520 nostras
3013 2464 3406 2535 expendamus
3436 2463 3596 2535 (nam
3650 2462 3775 2535 ipse

2124 2570 2360 2626 quoque
2393 2553 2677 2625 Spiritum
2709 2554 2809 2609 Dei
2840 2553 3055 2609 habere
3084 2553 3282 2608 videor
3306 2552 3492 2617 ",etsi
3527 2568 3618 2608 me
3648 2551 3777 2607 cui-

2122 2642 2280 2714 piam
2307 2659 2527 2711 eorum,
2559 2660 2687 2715 quas
2718 2643 2858 2713 dixi,
2894 2643 2965 2698 ad
2994 2643 3209 2697 vulnus
3241 2646 3454 2714 patere,
3488 2642 3560 2697 ab
3589 2658 3774 2713 eoque

2122 2732 2386 2803 superari
2419 2749 2533 2787 non
2567 2731 2838 2803 diffitear)
2859 2750 2872 2800 ;
2894 2735 2958 2786 ut
2982 2732 3030 2787 si
3054 2747 3147 2788 me
3176 2731 3412 2804 quidem
3438 2730 3770 2788 inferiorem

2120 2820 2553 2893 inveniant,qui
2588 2821 2732 2876 mihi
2764 2821 2960 2877 infesti
2990 2825 3149 2891 sunt,
3164 2837 3230 2876 ac
3251 2819 3468 2875 bellum
3492 2820 3770 2892 inferunt,

2119 2909 2229 2965 etsi
2262 2927 2373 2965 non
2407 2926 2592 2981 pravae
2620 2909 2959 2977 voluntatis,
2992 2913 3050 2965 at
3079 2913 3231 2965 certe
3275 2912 3521 2965 conatus
3553 2909 3645 2965 sui
3677 2925 3773 2965 ve-

2120 2999 2282 3054 niam
2313 3003 2776 3071 consequantur:
2797 2999 2889 3055 sin
2918 3003 3113 3055 autem
3148 2998 3241 3066 iis,
3272 2998 3371 3070 qui
3404 3013 3496 3053 me
3520 2996 3673 3054 bello
3695 2998 3775 3053 la-

353 3085 429 3159 μή
485 3085 620 3159 πρὸς
671 3088 741 3158 τῇ
797 3084 961 3157 κακίᾳ
1008 3085 1097 3140 καὶ
1143 3081 1320 3139 ἄνοιαν
1375 3082 1716 3159 έγκαλοὶντο,
1757 3084 1831 3146 ὡς
1880 3084 2009 3139 ἀνο-

2127 3088 2470 3144 cessendum
2515 3089 2826 3156 duxerunt,
2859 3089 3322 3160 prastantiorem
3353 3104 3419 3143 ac
3466 3087 3772 3144 sublimio-

354 3174 581 3247 μοῦντες
629 3171 902 3245 διακενῆς,
959 3173 1049 3227 καὶ
1107 3170 1231 3228 οὐδέ
1288 3169 1490 3235 εἰδότες
1563 3174 1641 3248 (2)
1713 3170 1914 3228 ἀδικεῖν
1974 3171 2005 3228 6'

352 3259 742 3331 σπουδάζουσιν
753 3306 767 3320 .

2114 3193 2235 3233 rem
2263 3202 2277 3247 ;
2310 3181 2411 3233 aut
2438 3177 2510 3233 ab
2541 3177 2915 3249 improbitate
2945 3194 3053 3232 sua
3083 3176 3404 3245 discedant,
3431 3181 3532 3232 aut
3564 3192 3770 3233 novam

2112 3269 2265 3322 certe
2293 3267 2453 3339 (nam
2484 3270 2830 3338 praesentem
2849 3265 3305 3337 contemnimus)
3342 3265 3587 3321 lzndendi
3618 3266 3773 3322 viam

353 3354 701 3427 excogitent,
735 3371 807 3410 ne
839 3352 1059 3427 alioqui
1113 3357 1323 3427 printer
1368 3353 1827 3426 improbitatem,
1879 3356 2144 3411 amentiae
2193 3356 2371 3413 etiam
2422 3361 2480 3412 et
2527 3357 2865 3413 stoliditatis
2918 3361 3116 3412 notam
3164 3357 3433 3423 subeant,
3466 3356 3626 3412 velut
3655 3356 3774 3411 ini-

354 3443 635 3516 quitatem
668 3444 885 3499 frustra
916 3446 1336 3515 perpetrantes,
1370 3443 1522 3499 482
1555 3460 1619 3499 ac
1650 3461 1724 3499 ne
1770 3442 2051 3516 injuriam
2082 3444 2321 3517 quidem
2372 3446 2586 3501 inferre
2616 3446 2886 3513 scientes,
2920 3462 3054 3501 cum
3102 3445 3161 3501 in
3192 3446 3250 3501 id
3280 3462 3517 3502 summo
3568 3446 3762 3502 studio

352 3532 719 3589 incumbant.

428 3626 523 3677 IA’.
602 3620 661 3674 Τί
711 3621 813 3697 γὰρ
872 3621 947 3693 (3)
1024 3616 1090 3687 ’δὴ
1122 3618 1212 3673 καὶ
1280 3616 1617 3689 λυπήσουσιν
1702 3618 1789 3674 ἐπὶ
1838 3622 2011 3675 πάντα

356 3707 639 3778 ἰλθόντεςς
689 3707 918 3781 Ἲόωμεν
964 3707 1061 3769 ’ὸςα
1108 3706 1167 3761 ἃν
1209 3702 1492 3777 ἀδικηθείη
1534 3709 1680 3781 παρά
1710 3709 2007 3785 ἀνθρώπων

356 3796 656 3874 ἅνθρωπος.
733 3794 1082 3852 ’Δπαίδευτον
1149 3793 1552 3868 ὀνομάσουσιν;
1606 3795 1743 3851 Μίαν
1816 3797 2004 3876 σοφίαν

2191 3624 2339 3679 XIV.
2390 3625 2539 3691 Quid
2585 3624 2741 3679 enim
2794 3640 2907 3690 me,
2958 3624 3227 3691 obsecro,
3278 3623 3483 3678 ledere
3532 3626 3770 3694 queant,

2118 3729 2251 3767 cum
2286 3712 2481 3767 omnia
2511 3710 2839 3767 tentarint?
2870 3711 3134 3783 Singula,
3157 3712 3216 3766 in
3250 3711 3463 3783 quibus
3492 3711 3667 3767 homo
3700 3715 3771 3768 ab

2117 3800 2456 3857 hominibus
2488 3799 2765 3870 injuriam
2815 3801 3076 3871 accipere
3108 3803 3319 3872 potest,
3352 3800 3762 3872 inspiciamus.

355 3884 495 3957 οἶδα,
538 3888 601 3941 τὸ
650 3880 928 3965 φοϐεῖσθαι
978 3887 1104 3941 Θεὸν
1149 3886 1348 3962 (Ἀρχή
1395 3906 1453 3940 τε
1498 3887 1599 3962 γὰρ
1648 3886 1859 3964 σοφίας,
1908 3887 2008 3965 φό-

353 3972 449 4040 ϐος
504 3976 727 4052 Κυρίου¹
780 3975 871 4031 καὶ
925 3973 1085 4037 τέλος
1148 3973 1335 4051 λόγου,
1393 3976 1455 4031 τὸ
1511 3980 1611 4030 itis
1675 3975 1855 4049 ἄκουε,
1911 3978 2001 4033 τὸν

353 4066 482 4121 Θεὸν
541 4059 734 4143 φοϐοῦ.
783 4068 959 4120 Ταῦτα
1011 4064 1280 4138 Σολομὼν
1344 4066 1372 4119 6
1417 4065 1752 4144 σοφώτατος.
1818 4068 2004 4139 Δειξά-

2127 4071 2359 4140 οἱεηιίεε,
2392 4072 2561 4125 timor
2608 4070 2827 4125 Domini
2859 4070 2941 4139 13;
2990 4074 3040 4126 et
3086 4071 3217 4141 ﬁnis
3261 4070 3551 4136 sermonis,
3582 4071 3769 4126 omnia

350 4176 525 4211 τωσαν
586 4156 678 4210 οῦν
736 4151 963 4232 ἄφοϐον,
1020 4152 1111 4208 καὶ
1168 4156 1543 4224 νικησάτωσαν
1609 4156 1731 4230 [4])”
1790 4161 1889 4225 τῆς
1947 4153 2003 4211 δὲ

2127 4159 2264 4225 ludi,
2293 4160 2463 4215 Deum
2514 4160 2645 4214 time
2676 4159 2736 4214 ¹⁴.
2772 4158 2901 4213 Haec
2950 4157 3370 4231 sapientissimi
3413 4156 3574 4214 illius
3604 4158 3766 4215 Salo-

352 4243 530 4332 ὀίλλης
551 4241 793 4332 Ασοφίας,
850 4243 1094 4332 τήνμεν
1141 4240 1512 4332 παρέδραμον,
1542 4244 1641 4313 τὴν
1675 4240 1732 4298 δέ
1760 4241 2001 4319 προσλα-

2127 4246 2304 4303 nonis
2334 4248 2508 4303 verba
2560 4252 2716 4304 sunt.
2751 4248 3001 4303 Probent
3050 4263 3142 4303 me
3191 4247 3421 4304 timoris
3469 4252 3764 4320 expertem

351 4328 463 4389 ϐεἶν
519 4330 754 4409 εὔχομαι
801 4333 890 4386 καὶ
942 4330 1172 4403 ἐλπίζω,
1204 4330 1414 4409 θαῤῥῶν
1444 4332 1524 4404 τῷ
1577 4333 1872 4405 Πνεύματι.
1904 4339 2001 4389 Πε-

2127 4341 2331 4407 asse,et
2359 4337 2644 4410 vicerint).
2662 4336 2969 4409 Reliquam
2993 4340 3188 4393 autem
3219 4336 3566 4410 sapientiam
3591 4341 3765 4409 atque

348 4422 460 4478 νίαν
512 4420 886 4498 ἐγκαλέσουσι,
938 4422 1037 4490 τὴν
1089 4419 1225 4494 ἐμὴν
1271 4422 1619 4496 περιουσίαν;
1653 4417 1762 4475 εἷ’θε
1788 4420 1891 4498 γὰρ
1923 4424 1999 4496 (5)

2127 4426 2690 4499 loctrinam,partim
2722 4425 2991 4497 praeterii,
3026 4425 3238 4499 partim
3273 4441 3572 4482 assumere
3603 4431 3759 4499 opto,

349 4510 728 4585 ἀποδυσαίμην
788 4510 879 4566 καὶ
936 4511 1003 4564 τὰ
1052 4508 1211 4586 ῥάκια
1255 4514 1443 4583 ταῦτα,
1489 4506 1580 4564 ’ίνα
1626 4510 1832 4586 γυμνὸς
1882 4508 1997 4566 δια-

2127 4519 2282 4587 itque
2312 4517 2507 4585 etiam,
2541 4516 2796 4587 Spiritus
2825 4515 3012 4571 sancti
3043 4531 3151 4588 ope
3200 4516 3404 4583 fretus,
3435 4515 3492 4571 in
3527 4532 3628 4588 spe
3659 4516 3759 4572 ha-

348 4598 542 4675 δράμω
586 4600 681 4662 τὰς
724 4598 952 4663 ἀκάνθας
998 4603 1097 4655 τοῦ
1150 4597 1291 4675 βίου’
1354 4596 1462 4656 εἴθε
1488 4598 1579 4654 καὶ
1609 4600 1700 4655 τὸν
1729 4598 1892 4675 βαρὺν
1919 4602 1997 4676 (6)

2127 4620 2235 4660 ›οο.
2270 4604 2679 4677 Paupertatem
2730 4604 3029 4675 objicient,
3061 4620 3222 4660 meas
3266 4604 3488 4662 scilicet
3517 4622 3674 4678 opes,
3707 4610 3765 4663 et

2115 3996 2242 4051 qua:
2272 3980 2331 4036 in
2364 3982 2570 4037 timore
2608 3980 2703 4037 Dei
2731 3980 2844 4036 sita
2873 3984 2981 4037 est.
3018 3981 3186 4053 (Nam
3220 3984 3277 4036 et
3312 3980 3656 4053 principium
3684 3998 3770 4036 sa-

418 4756 464 4794 ιο
494 4755 701 4812 Matth.
733 4770 904 4825 xxvr;
935 4770 1115 4824 xxvn,
1146 4754 1389 4826 passim.
1468 4756 1511 4791 “
1540 4754 1650 4811 Job
1678 4770 1869 4825 xxxrx,
1901 4753 1938 4809 5
1964 4771 2010 4812 se

2166 4758 2213 4793 ¹²
2245 4757 2267 4814 l
2298 4758 2425 4815 Cor.
2459 4774 2561 4827 vn,
2591 4758 2681 4813 40.
2759 4757 2805 4793 ¹³
2834 4761 3001 4815 Prov.
3033 4772 3075 4825 ι,
3103 4759 3158 4811 7.
3238 4759 3283 4796 ﬁ
3312 4758 3493 4817 Eccle.
3536 4776 3638 4833 xu,
3672 4761 3758 4816 13.

2117 3890 2423 3946 Indoctum
2448 3890 2865 3946 nominabunt?
2881 3890 3067 3946 Unam
3086 3889 3237 3947 hanc
3254 3889 3601 3961 sapientiam
3625 3891 3768 3960 scio,
3854 3888 3861 3893 ’

439 4911 532 4982 97)
562 4912 653 4964 Δεῖ
679 4907 805 4984 γάρ,
836 4912 946 4967 etc.
971 4908 1173 4984 Billius
1204 4925 1268 4984 :_«
1300 4909 1612 4983 Superiora
1638 4911 1794 4967 enim
1816 4912 2000 4984 Deum

347 4980 560 5039 habere
588 4980 833 5055 oportet,
865 4998 931 5038 eo
963 4982 1196 5055 nomine
1226 4980 1287 5055 in
1317 4980 1719 5055 contemptum
1758 4983 2000 5040 venien-

347 5061 486 5121 tem,
515 5053 675 5126 quod
709 5053 904 5126 plures
936 5054 1229 5126 cruciatus
1261 5054 1425 5109 ferat.
1457 5074 1486 5126 η

662 5123 1430 5201 βόυλήσεταιε..ῌἀχθησεται.
1452 5125 1645 5201 ΔξΓοίιυε
1667 5123 1787 5201 _hic
1837 5124 2002 5182 locus

346 5198 403 5281 in
427 5195 584 5281 'tiillii
613 5195 677 5281 et
724 5196 1095 5281 Leuxenl‘gla‘ii
1127 5195 1612 5281 interpretatione.
1650 5196 1999 5279 depravatus

346 5269 577 5341 legitur.
600 5269 707 5341 _Sic
736 5268 908 5341 vertit
960 5268 1088 5323 Bill.
1125 5284 1201 5341 τι(
1235 5267 1295 5322 Si
1325 5267 1433 5322 tibi
1465 5267 1681 5341 servire
1718 5268 1996 5341 animum

345 5338 658 5409 induxerit,
706 5339 936 5413 yidebis
966 5356 1099 5395 eum
1147 5339 1207 5394 in
1241 5338 1482 5411 praasepi
1512 5355 1526 5393 :
1561 5338 1610 5393 si
1642 5339 1753 5394 sub
1788 5340 1999 5413 jugum

344 5414 595 5469 ducatur
624 5428 636 5466 :
672 5409 721 5467 si
750 5434 778 5461 »
813 5420 921 5466 etc.

416 5486 527 5555 (99)
555 5485 682 5556 Τοῦ,
712 5478 1133 5556 προεστηκότος.
1168 5482 1261 5538 Sic
1312 5482 1426 5538 duo
1477 5481 1655 5555 Regg.
1702 5485 1761 5538 et
1809 5483 1904 5540 Or.
1940 5485 1990 5540 1.

344 5553 517 5613 Deest
541 5556 638 5609 τοῦ
668 5553 729 5609 in
757 5553 851 5610 ed.

441 5627 494 5700 ι)
527 5625 711 5700 Κάγώ.
744 5625 917 5700 Deest
944 5624 1004 5682 in
1036 5624 1219 5700 0;.“1.

439 5689 498 5772 2)
526 5689 766 5762 Είδότιςι
800 5697 940 5772 Reg.
973 5714 1007 5758 a
1036 5696 1220 5771 addit,
1249 5689 1493 5753 ἐκκαλεῖν
1523 5693 1635 5757 καί.

2181 4911 2262 4990 (3)
2290 4908 2507 4990 Ti_ydp,
2541 4915 2696 4990 etc.g
2730 4914 2927 4990 Ecqua
2957 4916 3114 4973 enim
3144 4932 3253 4974 nos
3282 4916 3343 4973 in
3372 4920 3541 4990 parte,
3563 4916 3762 4990 lzesuri

2112 4988 2255 5039 sunt
2274 4984 2609 5062 rideamus,
2640 4984 2873 5062 singula
2902 4984 3395 5060 percurrentesjd
3427 4989 3643 5062 quibus
3664 4988 3763 5045 ho-

2112 5056 2309 5131 mo_ab
2341 5055 2682 5131 hominibus
2713 5055 2839 5114 laedi
2869 5055 3078 5131 potest.
3113 5083 3141 5111 »

2294 5125 2700 5201 Νικησάτωσαν.
2733 5133 2795 5185 In
2832 5125 3153 5201 nonnullis,
3185 5132 3508 5187 νικάτωσαν.

2183 5198 2261 5270 (5)
2294 5196 2427 5252 Εἴθε
2467 5199 2591 5272 γάρ.
2642 5202 2910 5275 Quinque
2958 5196 3149 5273 Colb.,'
3193 5205 3291 5261 Or.
3345 5205 3396 5271 1,
3449 5202 3664 5273 aliique
3713 5199 3758 5255 εί

2146 5289 2231 5325 αο.

2108 5287 2410 5467 ingesto.
2434 5341 2523 5395 καὶ
2553 5342 2642 5396 τὸν
2678 5342 2861 5418 βαρύν,
2898 5351 3009 5402 etc.
3046 5347 3182 5456 ιιθεξ.
3216 5346 3333 5410 bm,
3366 5343 3537 5399 Coisl.
3576 5346 3625 5408 ι,
3659 5344 3756 5401 Or.

2110 5412 2160 5467 1.
2194 5431 2226 5467 a
2253 5430 2407 5467 noue
2437 5415 2666 5467 ontimaz
2701 5422 2845 5467 notm
2893 5419 3088 5467 cndd..
3122 5437 3167 5467 ε.
3198 5416 3300 5467 γὰο
3346 5413 3433 5467 καὶ
3463 5413 3553 5467 τὸν
3592 5414 3755 5467 ϐαρὺν

2110 5412 2160 5490 l_,
2194 5412 2407 5490 aliique
2437 5412 2853 5490 Optimae'notm'
2893 5419 3088 5482 codd.,
3122 5412 3167 5469 ii
3198 5416 3300 5490 γὰρ
3346 5413 3433 5490 καί
3458 5413 3553 5490 τὸν
3592 5414 3755 5489 βαρὺν

2109 5482 2380 5559 ἀπεθέμῇν
2417 5482 2658 5559 χὶτῶνα,
2698 5509 2725 5541 ιι
2755 5488 2804 5543 si
2847 5490 3002 5545 enim
3053 5482 3219 5543 esset.
3250 5482 3549 5559 possibile,
3580 5482 3757 5559 grave

2108 5557 2586 5631 corporis-istius
2633 5559 3044 5631 indumentum
3094 5557 3269 5615 citius
3319 5557 3689 5631 deponerem.
3725 5584 3753 5611 »

2106 5626 2171 5683 In
2202 5623 2317 5699 ἑὼ,
2352 5623 2457 5707 εἴτε
2480 5627 2570 5683 καὶ
2589 5629 2709 5707 -τὸνΔ
2749 5629 2978 5707 βραχύν,
2999 5653 3040 5707 γι(
3071 5631 3192 5690 sive
3221 5632 3372 5692 hanc
3396 5623 3595 5692 'etiam
3622 5631 3712 5689 ἣν

2101 5714 2252 5774 vem,
2282 5700 2551 5775 exiguam
2582 5700 2927 5773 tunic'a'm,"»
2957 5706 3067 5760 etc.
