4094 6212
394 282 545 348 1251

1018 282 1084 344 S.
1133 280 1503 346 GREGORII
1548 282 1941 345 NHEOLOGI
1989 280 2280 346 ORATIO
2326 284 2546 347 XXV].
2580 320 2657 330 —
2685 280 2765 346 IN
2811 286 3177 352 SEIPSUM.

3644 297 3807 361 1252

386 420 446 476 in
478 422 645 476 nocte
674 419 782 474 hac
810 433 1015 473 omnes
1041 416 1384 473 scandalum
1416 416 1575 491 passi
1603 420 1743 472 sunt
1773 416 1837 470 2³.
1870 415 2027 472 Nihil
2059 417 2301 490 propius
2329 418 2551 475 factum
2581 423 2691 490 est,
2726 436 2902 493 quam
2938 424 3003 477 ut
3033 422 3238 481 Petrus
3267 425 3445 482 etiam
3494 444 3589 485 me
3630 431 3809 503 abju-

390 514 547 567 raret
576 509 622 543 2⁵
652 525 666 563 :
701 524 767 564 ac
798 523 1171 580 nequaquam
1198 507 1444 563 fortasse
1478 506 1575 562 flet
1604 523 1821 575 amare,
1857 511 1920 561 ut
1951 511 2184 578 peccato
2220 508 2541 563 medeatur.

458 598 655 654 XVIII.
690 596 851 651 Unus
882 612 983 668 egs
1013 597 1224 665 audax,
1256 601 1320 651 ut
1344 601 1606 669 apparet,
1640 612 1705 651 ac
1732 596 1997 652 temerita

2215 596 2299 682 IH'
2355 595 2532 657 Μόνος
2585 594 2871 673 τολμηρὸς
2921 597 3053 673 ἐγὼ,
3110 602 3199 655 καὶ
3275 602 3505 679 θράσους
3584 606 3800 682 γέμων,

384 689 467 746 tis
497 687 727 759 plenus,
761 703 916 742 unus
946 685 1005 741 in
1038 687 1214 741 rebus
1245 685 1557 742 horrendis
1589 702 1692 758 spe
1721 686 1875 741 bona
1896 686 2031 740 sub-

2140 684 2212 745 ὡς
2243 680 2405 741 ἔοικε·
2459 685 2625 759 μόνος
2666 684 2885 749 εὔελπις
2924 687 2976 742 ἐν
3004 695 3120 751 τοῖς
3149 685 3426 767 φοϐεροῖς,
3464 693 3627 767 μόνος
3655 680 3798 773 ἠχαρ-

386 777 579 848 nixus,
608 793 764 832 unus
794 779 1130 832 constanter
1158 775 1401 831 adversa
1428 775 1771 846 tolerans,et
1798 774 1994 845 public

2134 773 2370 849 τερικὸς,
2431 774 2520 829 καὶ
2581 772 2821 847 δημοσίᾳ
2870 778 3279 853 προτιθέμενος,
3327 781 3419 835 καὶ
3466 780 3575 855 ἰδίᾳ
3622 772 3800 842 κατα-

384 866 741 940 pr0positus,
786 870 843 922 et
890 864 1175 937 pravatim
1210 868 1623 937 comtemptus,
1670 868 1728 919 et
1758 880 1827 919 ex
1856 862 1993 918 belli

2137 862 2524 940 φρονούμενος,
2558 863 2648 919 καί
2678 864 2944 939 Ἀνατολῇ
2975 866 3063 921 καὶ
3098 867 3253 923 Δύσει
3303 874 3383 942 τῷ
3429 871 3795 943 πολεμεῖσθαι

384 972 511 1027 quas
543 953 690 1010 mihi
719 954 1070 1026 inferuntur,
1103 952 1324 1011 Orienti
1353 957 1411 1009 et
1440 952 1733 1010 Occidenti
1765 956 1960 1009 notus.
1986 958 1997 1001 1

2133 952 2559 1027 γνωριζόμενος.
2644 957 2755 1023 Τῆς
2829 955 3145 1018 ἀπονοίαςί
3221 959 3341 1015 Ἐὰν
3418 964 3797 1034 παρατάξηταί

380 1045 675 1118 insignem
706 1043 1050 1100 audaciam!
1076 1042 1137 1099 Si
1163 1044 1460 1100 consistant
1486 1043 1784 1099 adversum
1813 1056 1902 1097 mc
1915 1058 1997 1099 cat

2134 1040 2218 1095 ἐπ’
2295 1040 2394 1115 ἒμὶ
2469 1038 2821 1118 παρεμϐολὴ,
2900 1044 2962 1100 οὗ
3039 1040 3407 1122 φοϐηθήσεται
3482 1052 3517 1121 ἡ
3596 1051 3795 1127 καρδία

385 1143 524 1205 stra,
556 1150 665 1191 non
698 1135 908 1190 timebit
930 1150 1024 1191 cor
1070 1150 1273 1189 meum.
1303 1135 1372 1191 Si
1415 1136 1675 1204 exsurgat
1730 1132 1997 1188 adversus

2137 1151 2242 1203 μου
2274 1150 2287 1163 ·
2349 1130 2435 1186 ἐὰν
2494 1131 2762 1206 ἐπαναστῇ
2835 1133 2919 1188 ἐπ’
2992 1133 3089 1207 ἐμὲ
3164 1134 3434 1211 πόλεμος,
3502 1139 3553 1194 ἐν
3619 1141 3793 1216 ταύτῃ

386 1239 476 1279 me
498 1224 852 1296 praeliumﬁn
880 1224 979 1279 hoc
1006 1239 1104 1293 ego
1120 1222 1349 1295 sperabo
1378 1222 1442 1278 ³⁵.
1471 1227 1550 1277 Ac
1577 1225 1811 1277 tantum
1834 1221 2020 1288 abest,

377 1317 443 1370 ut
471 1312 797 1385 quidquam
836 1312 1231 1369 humanarum
1281 1316 1338 1367 et
1394 1311 1769 1384 praesentium
1822 1326 2020 1367 rerum

378 1403 654 1458 acerbum
686 1407 744 1458 et
771 1400 1219 1457 formidolosum
1243 1400 1594 1469 existimem,
1628 1404 1694 1455 ut
1723 1398 2018 1471 meipsum

374 1492 626 1547 missum
658 1490 895 1561 faciens,
928 1507 1027 1547 eos
1054 1489 1313 1563 lugeam,
1354 1489 1457 1562 qui
1488 1489 1635 1545 mihi
1684 1489 2017 1545 molestiam

369 1579 829 1636 exhibuerunt.0
862 1579 1127 1635 membra
1157 1578 1298 1635 olim
1329 1578 1845 1645 Christi,memhra
1869 1577 2017 1634 mihi

370 1669 683 1736 chara,etsi
702 1685 858 1725 nunc
884 1672 1180 1740 corrupta,
1199 1668 1353 1725 485
1386 1669 1652 1725 membra
1680 1667 1859 1740 hujus
1884 1684 2015 1740 gre-

365 1760 480 1831 gis,
511 1774 683 1829 quem
716 1757 881 1830 prius
911 1757 1087 1814 etiam
1120 1759 1261 1827 fere,
1295 1774 1473 1830 quam
1503 1757 1729 1813 collecti
1780 1757 2009 1814 essetis.

364 1847 726 1921 prodidistis.
749 1847 1051 1912 Quomodo
1071 1847 1341 1903 distracti
1374 1847 1611 1918 estis,ac
1632 1846 2007 1916 distraxistis,

2132 1218 2240 1295 ἐγὼ
2289 1218 2518 1289 ἐλπίζω.
2569 1227 2834 1277 Τοσοῦτον
2880 1222 3073 1298 ἀπέχω
3118 1229 3215 1280 τοῦ
3264 1222 3493 1304 φοϐερὸν
3536 1231 3794 1304 ἡγεῖσθαί

2123 1329 2181 1362 τι
2212 1314 2319 1364 τῶν
2348 1310 2652 1386 παρόντων,
2684 1312 2825 1366 ώστε
2868 1311 2931 1367 τὰ
2987 1315 3103 1368 κατ’
3134 1315 3365 1387 ἒμαυτὸν
3396 1318 3570 1395 ἀφεὶς,
3600 1322 3788 1396 θρηνῶ

2126 1397 2253 1461 τοὺς
2312 1397 2677 1471 λυπήσαντας.
2720 1400 2872 1468 Mm
2938 1405 3171 1477 Χριστοῦ
3409 1428 3563 1476 ποτε,
3634 1409 3782 1480 μέλη

2124 1487 2283 1561 τίμια
2340 1487 2485 1562 ἐμοὶ,
2539 1489 2584 1543 εἰ
2632 1490 2718 1544 καὶ
2777 1492 2891 1564 (29)
2936 1495 3029 1547 νῦν
3073 1490 3450 1571 διεφθαρμένα,
3504 1496 3646 1570 μέλη
3678 1507 3782 1569 τῆς

2129 1576 2373 1651 ποίμνης
2426 1577 2650 1649 ταύτης,
2700 1582 2762 1648 ἣν
2815 1578 3194 1655 προδεδώκατε
3243 1589 3461 1659 μικροῦ,
3510 1588 3599 1641 καὶ
3648 1591 3780 1663 πρὶν

2123 1669 2477 1743 συναχθῆναι.
2530 1673 2656 1731 Πῶς
2714 1667 3067 1740 διεσπάσθητε
3125 1671 3215 1727 καὶ
3292 1670 3631 1743 διεσπάσατε,
3700 1678 3782 1741 ὡς

2126 1753 2307 1831 βοίδια
2370 1759 2484 1831 (30)
2564 1755 2777 1830 δεσμῶν
2857 1759 3156 1833 ἀνειμένα;
3224 1765 3346 1825 πῶς
3411 1766 3780 1842 θυσιαστηρίῳ

2121 1847 2500 1921 θυσιαστήριον
2570 1845 2970 1923 ἀντηγείρατε;
3038 1852 3158 1911 πῶς
3224 1848 3459 1926 ἐγένεσθε
3524 1853 3600 1915 εἷς
3649 1853 3779 1929 ἐρή-

366 1937 537 2010 quasi
568 1937 768 1993 tenelli
790 1938 964 1993 boves
985 1935 1236 1993 vinculis
1261 1935 1491 1993 soluti?
1511 1937 1803 2009 quomodo
1827 1936 1997 1993 altare

2122 1955 2292 2006 μωσιν
2343 1933 2602 2005 ἐξάπινα;
2652 1940 2768 1997 πῶς
2812 1937 2901 1991 καὶ
2946 1936 3099 1993 αὐτοί
3146 1940 3470 2015 νενέκρωσθε
3499 1946 3566 2015 τῇ
3596 1948 3776 2018 τομῇ,

363 2028 642 2083 adversus
672 2026 855 2084 altare
892 2025 1204 2083 erexistis?
1233 2027 1526 2099 quomodo
1562 2030 1798 2099 repente
1846 2025 1906 2081 in
1937 2027 2009 2083 de

363 2116 709 2174 solationem
741 2134 808 2173 ac
834 2116 1170 2174 vastitatem
1202 2115 1335 2172 facti
1358 2116 1502 2173 estis
1528 2117 1571 2152 ²⁶
1588 2115 1615 2171 ?
1634 2117 2010 2189 quomodo,et

360 2206 477 2278 ipsi
509 2223 612 2279 per
640 2205 792 2262 hanc
821 2205 1140 2262 sectionem
1164 2208 1349 2261 morte
1380 2205 1568 2261 affecti
1591 2204 1817 2276 estis,et
1836 2204 2007 2261 nobis

362 2294 1281 2367 doloreminussistis?quomodo
1304 2298 1607 2366 pastorum
1630 2293 2006 2366 simplicitate

362 2384 435 2440 ad
456 2384 651 2457 gregis
680 2383 1131 2440 dissolutionem
1148 2387 1203 2439 et
1223 2382 1463 2439 exitium
1478 2381 1648 2439 abusi
1669 2383 1810 2438 estis
1830 2384 1857 2437 ?
1879 2383 2004 2439 Non

357 2473 515 2529 enim
547 2489 645 2529 eos
675 2473 748 2528 ob
769 2473 1119 2545 imperitiam
1149 2472 1593 2544 reprehendam,
1617 2471 1720 2528 sed
1746 2475 2003 2528 vestram

356 2562 798 2635 improbitatem
829 2562 1133 2618 accusabo.
1169 2561 1509 2633 Corruptelae
1539 2561 2005 2632 tuaerraeLquis

2116 2024 2205 2078 καὶ
2252 2026 2401 2097 ἡμᾶς
2448 2023 2630 2101 ἀλγεῖν
2681 2028 3063 2097 πεποιήκατε;
3115 2032 3231 2090 πῶς
3272 2026 3544 2100 ἁπλότητι
3572 2033 3773 2105 ποιμέ-

2114 2134 2220 2167 νων
2271 2115 2383 2187 (31)
2428 2114 2503 2175 εἷς
2553 2114 2793 2187 ποίμνης
2842 2113 3087 2171 διάλυσιν
3138 2121 3581 2195 κατεχρήσασθε;
3636 2119 3773 2179 Οὐδὲ

2115 2202 2218 2278 γὰρ
2252 2201 2489 2265 ἐκείνους
2548 2204 2833 2281 μέμφομαι
2879 2212 2981 2275 τῆς
3033 2203 3302 2283 ἀπειρίας,
3349 2206 3475 2264 ἀλλ’
3506 2210 3648 2283 ὑμᾶς
3682 2212 3770 2267 αἰ-

2111 2292 2371 2363 τιάσομαι
2427 2298 2526 2361 τῆς
2574 2292 2785 2354 κακίας.
2853 2297 2929 2367 Τῇ
3000 2292 3264 2373 διαφθορᾷ
3329 2318 3448 2370 σου,
3518 2300 3763 2375 Ἰσραήλ,

2108 2380 2191 2441 τίς
2244 2381 2542 2456 βοηθήσειε
2587 2381 2649 2435 Τί
2695 2383 2976 2459 φάρμακον
3025 2384 3267 2459 εὕρωμαι
3485 2388 3760 2443 συνουλω-

2108 2469 2298 2538 τικόν;
2347 2475 2504 2525 ποῖον
2557 2468 2885 2544 ἐπίδεσμον;
2935 2477 3050 2534 πῶς
3078 2476 3297 2548 συνάψω
3344 2477 3411 2529 τὰ
3458 2474 3757 2545 diendum;

2110 2558 2216 2613 τίσι
2263 2556 2505 2635 δάκρυσι,
2551 2560 2656 2614 τίσι
2708 2558 2921 2647 λόγ-οις,
2968 2562 3104 2617 τίσιν
3141 2562 3327 2639 εὐχαῖς
3356 2566 3671 2640 θεραπεύσω
3700 2568 3761 2621 τὸ

354 2660 628 2709 succurret
658 2652 702 2685 ²⁷
727 2651 754 2706 ?
785 2651 943 2715 and
975 2650 1467 2707 medicamentum
1498 2649 1827 2719 nanciscar,
1858 2650 1997 2706 cica-

2112 2647 2424 2725 σύντριμμα
2448 2668 2461 2717 ;
2493 2649 2528 2719 ἢ
2560 2650 2704 2725 τάχα
2730 2649 2822 2705 τὸν
2851 2654 3041 2705 τοῦτον
3066 2652 3265 2728 τρόπον
3290 2671 3303 2722 ;

357 2741 522 2798 tricis
552 2740 904 2797 abducenda
934 2741 1050 2797 vim
1084 2740 1350 2796 habens?
1381 2756 1496 2811 qua
1527 2740 1705 2795 fascia
1732 2738 1945 2796 vulnus
1978 2738 2247 2812 obligabo
2269 2739 2297 2795 ?
2327 2740 2618 2812 quomodo
2674 2740 2971 2811 disjuncta
3006 2748 3348 2799 connectam
3368 2744 3397 2798 ?
3428 2746 3645 2817 quibus
3677 2746 3759 2803 la-

363 2832 600 2903 crymis,
633 2829 845 2901 quibus
876 2830 1088 2899 verbis,
1122 2829 1339 2902 quibus
1368 2828 1641 2902 precibus
1670 2828 1807 2884 huic
1838 2828 2121 2884 calmitati
2158 2828 2483 2885 medebor?
2514 2848 2589 2886 an
2620 2829 2730 2885 hoc
2762 2831 3007 2886 fortasse
3036 2833 3257 2888 modo?

427 2922 573 2979 XIX.
601 2921 856 2979 Trinitas
888 2925 1109 2994 sancta,
1150 2926 1210 2977 et
1266 2920 1583 2991 adoranda,
1632 2924 1691 2976 et
1719 2920 1997 2993 perfecta,

2180 2919 2279 2975 ΙΘ’.
2339 2920 2510 2995 Τριὰς
2589 2919 2734 2994 ἁγία,
2799 2920 2889 2974 καὶ
2964 2923 3333 2996 προσκυνητή,
3402 2922 3491 2977 καὶ
3557 2922 3761 2997 τελεία,

357 3018 415 3069 et
442 3029 567 3084 qua:
599 3017 753 3068 recte
803 3030 837 3069 a
886 3010 1055 3068 nobis
1107 3011 1482 3084 conjungeris
1524 3014 1704 3083 atque
1732 3009 1997 3081 religiose

2112 3005 2193 3061 καὶ
2250 3006 2432 3070 καλῶς
2490 3008 2576 3085 ὑφ’
2622 3011 2781 3081 ἡμῶν
2830 3008 3167 3084 συνάγομὲνη
3220 3031 3277 3066 τε
3326 3012 3416 3065 καὶ
3468 3006 3758 3087 σεϐομένη,

354 3103 585 3173 coleris,
618 3106 788 3159 tuum
819 3101 929 3158 hoc
959 3118 1108 3173 opus
1139 3105 1251 3168 est,
1283 3104 1387 3156 tua
1425 3099 1765 3156 conﬁciendi
1816 3099 1997 3170 hujus

2112 3095 2197 3149 σὸν
2230 3096 2291 3149 τὸ
2323 3092 2499 3172 ἔργον,
2533 3096 2622 3152 σὸν
2654 3098 2715 3151 τὸ
2745 3097 3096 3173 κατόρθωμα.
3133 3098 3208 3153 Σὺ
3262 3101 3488 3163 τούτους
3544 3124 3601 3157 τε
3658 3103 3757 3157 πά-

351 3192 567 3265 negotii
592 3191 743 3249 laus.
768 3190 1083 3263 Utinamjtu
1102 3190 1207 3246 hos
1223 3190 1393 3245 nobis
1405 3188 1997 3258 restituas,hactenus

2112 3182 2191 3239 λιν
2245 3185 2712 3257 ἀποκαταστήσαις
2755 3189 2913 3260 ἡμῖν,
2962 3193 3220 3243 τοσοῦτον
3260 3186 3587 3261 διαστάντας,
3621 3191 3743 3246 ὅσον

351 3300 385 3337 a
408 3281 577 3337 nobis
598 3282 941 3354 diremptos,
972 3284 1036 3336 ut
1064 3297 1167 3353 per
1195 3281 1385 3352 ipsam
1435 3278 1889 3350 disjunctionem
1922 3278 1995 3333 ad

348 3370 720 3426 concordiam
750 3375 806 3425 et
836 3370 994 3441 pacis
1026 3370 1292 3427 studium
1315 3368 1658 3424 erudiantur
1688 3384 1702 3422 :
1738 3384 1803 3423 ac
1825 3366 1993 3423 nobis

347 3478 453 3533 pro
484 3461 665 3531 hujus
696 3460 823 3517 vitae
839 3458 1142 3516 laboribus
1164 3464 1221 3516 et
1241 3458 1520 3515 aerumnis
1538 3457 1796 3513 ccblestia
1816 3458 1989 3527 bona,

345 3555 401 3606 et
431 3551 503 3606 ab
536 3549 697 3606 omni
728 3547 973 3606 dissidio
1002 3546 1859 3619 immunia,rependas.Horum
1886 3564 1991 3603 au-

342 3644 463 3697 tem
493 3638 839 3713 primarium
871 3637 1017 3694 illud
1048 3642 1157 3706 est,
1202 3642 1261 3694 et
1291 3636 1638 3705 maximum,
1686 3639 1752 3692 ut
1780 3636 1990 3708 purius

338 3729 684 3802 pleniusque
706 3746 741 3785 a
762 3732 820 3785 te
834 3725 1760 3800 illuminati,sciamus,quomodo
1782 3725 1986 3781 eadem

337 3823 394 3875 et
409 3818 605 3875 unitas
626 3816 1055 3889 intelligeris,et
1083 3816 1339 3873 Trinitas
1354 3814 1627 3887 reperiris
1652 3833 1666 3882 ;
1688 3815 1984 3886 quomodo

334 3907 655 3980 ingenitus,
688 3907 947 3980 genitus,
979 3910 1037 3961 et
1066 3905 1407 3977 procedens,
1466 3921 1581 3960 una
1623 3904 1700 3960 sit
1750 3908 1980 3972 natura,

330 4002 448 4054 tres
477 3997 882 4069 proprietates,
920 3996 1068 4052 Unus
1096 3995 1258 4060 Deus,
1286 3994 1386 4066 qui
1412 4009 1468 4048 es
1490 4008 1657 4065 super
1683 3994 1897 4062 omnia,
1931 4001 1986 4049 et

328 4103 433 4157 per
460 4087 725 4157 omnia,ct
751 4086 811 4139 in
842 4085 1095 4140 omnibus
1124 4084 1167 4117 ³⁸
1197 4099 1210 4140 :
1244 4082 1346 4155 qui
1369 4098 1474 4138 nec
1494 4080 1847 4154 superoriori
1876 4098 1981 4138 nec

328 4173 591 4230 inferiori
620 4174 807 4246 gradu
840 4171 1277 4241 collocaris,nec
1308 4170 1618 4240 decrescis,
1634 4187 1739 4226 nec
1769 4170 1977 4226 sectio-

328 4278 463 4318 nem
477 4262 741 4319 admittis
760 4280 774 4332 ;
808 4279 874 4318 ac
892 4259 1103 4334 partim
1117 4259 1355 4332 quidem
1370 4260 1497 4330 jam
1514 4258 1971 4331 comprehende-

2102 3271 2455 3345 παιδευθῆναι
2510 3280 2589 3347 τῷ
2642 3280 2917 3352 χωρισμῷ
2958 3276 3095 3353 πρὸς
3154 3278 3442 3352 ὁμόνοιαν·
3489 3280 3577 3333 καὶ
3607 3283 3745 3352 ἡμῖν

2100 3368 2207 3417 τῶν
2255 3362 2487 3419 ἐντεῦθεν
2541 3364 2766 3440 μόχθων
2811 3363 3081 3436 ἀντιδοίης
3124 3367 3193 3422 τὰ
3242 3367 3518 3442 ἐπουράνια
3562 3390 3624 3423 τε
3652 3368 3747 3424 καὶ

2103 3453 2445 3511 ἀστασίαστα.
2508 3456 2629 3511 Τῶν
2691 3451 2747 3509 δέ
2803 3453 2910 3510 ἐστι
2964 3457 3028 3511 τὸ
3085 3461 3300 3533 πρῶτον
3360 3460 3470 3532 (33)
3517 3458 3608 3513 καὶ
3661 3460 3755 3532 μὲ-

2098 3563 2305 3617 γιστον,
2351 3540 2733 3621 ὲλλαμφθῆναί
2776 3565 2858 3598 σοι
2907 3543 3231 3622 τελεώτερόν
3274 3567 3333 3601 τε
3381 3550 3497 3619 (34)
3540 3548 3627 3601 καί
3656 3569 3753 3601 κα-

2101 3632 2428 3707 θαρώτερον,
2458 3636 2577 3694 πῶς
2636 3634 2670 3701 ἡ
2718 3629 2879 3705 αὒτὴ,
2928 3633 3017 3687 καὶ
3070 3634 3234 3706 μονὰς
3285 3638 3404 3707 νοῇ,
3440 3634 3529 3688 καὶ
3587 3637 3749 3710 Τριὰς

2098 3719 2313 3795 εὑρίσκῃ
2338 3740 2350 3752 ·
2384 3724 2499 3782 πῶς
2527 3722 2590 3775 τὸ
2622 3720 2933 3797 ἀγέννητον,
2964 3722 3054 3776 καὶ
3099 3722 3163 3776 τὸ
3212 3724 3491 3799 γεννητὸν,
3552 3726 3642 3777 καὶ
3686 3725 3752 3778 τὸ

2095 3820 2310 3884 προϊον,
2364 3809 2459 3882 μία
2498 3809 2679 3888 φύσις,
2724 3816 2873 3886 τρεῖς
2923 3808 3213 3881 ἰδιότητες,
3267 3814 3361 3874 Εἷς
3394 3814 3547 3883 Θεὸς,
3599 3815 3625 3867 ὁ
3660 3814 3751 3867 ἐπὶ

2091 3896 2327 3968 πάντων,
2404 3897 2493 3953 καὶ
2576 3896 2665 3954 διὰ
2728 3901 2967 3971 πάντων,
3038 3901 3128 3955 καὶ
3204 3900 3256 3955 ἐν
3344 3908 3541 3956 πᾶσιν.
3621 3900 3753 3957 οὔτε

2090 3987 2507 4065 ὑπερτιθέμενος
2539 3991 2672 4064 (35),
2718 3989 2842 4044 οὕτε
2895 3988 3329 4063 μετατιθέμενος,
3382 3990 3505 4046 οὔτε
3555 3993 3748 4063 μειού-

2094 4099 2274 4151 μενος,
2308 4078 2432 4133 οὕτε
2477 4074 2831 4152 τεμνόμενος·
2882 4078 2946 4133 τὸ
2996 4079 3090 4153 μὶν
3140 4077 3261 4156 ἄρτι
3290 4076 3753 4155 καταλμϐαιόμε-

2087 4188 2196 4235 νος,
2237 4168 2301 4222 τὸ
2350 4164 2407 4221 δὲ
2458 4167 2811 4240 ζητούμενος,
2861 4169 2993 4223 ποτὲ
3050 4167 3126 4239 δὲ,
3178 4168 3303 4224 ὅσον
3344 4171 3409 4243 εἴ,
3457 4172 3625 4247 τυχὸν
3654 4193 3755 4226 κσ-

2083 4253 2568 4334 ταληφθησόμενος
2609 4262 2726 4319 τοῖς
2774 4255 2999 4312 ἐνταῦθα
3053 4256 3235 4321 καλῶς
3299 4262 3560 4330 ζητήσασι
3628 4264 3753 4334 (36)

329 4351 432 4418 ris,
465 4352 679 4424 partim
721 4350 1058 4424 inquireris,
1108 4348 1425 4421 aliquando
1478 4353 1675 4404 autem
1706 4348 1976 4420 fortasse,

2112 4345 2176 4399 ῐιά
2222 4344 2344 4422 βίου
2410 4346 2501 4400 καὶ
2547 4345 2795 4422 θεωρίας
2847 4343 2893 4419 ᾧ
2939 4352 3082 4401 πᾶσα
3127 4344 3273 4419 δόξα,
3324 4350 3484 4422 τιμὴ,
3541 4350 3754 4425 κράτος

328 4446 589 4513 quantus
618 4438 1359 4515 es,percipieris,nimirum
1391 4438 1463 4495 ab
1488 4437 1692 4509 iis,qui
1722 4454 1825 4510 per
1843 4438 1976 4494 vita

2116 4435 2162 4497 ίς
2190 4431 2317 4497 τοὺς
2348 4433 2565 4497 αἰῶνας.
2602 4436 2796 4510 Ἀμήν.

329 4530 683 4602 probitatem
713 4535 770 4587 et
800 4527 1361 4602 contemplationem
1388 4531 1444 4583 te
1469 4527 1530 4584 in
1560 4526 1670 4584 hoc
1710 4526 1923 4584 saeculo
1971 4529 2125 4584 recte
2174 4524 2548 4597 quaesiverint
2577 4541 2591 4581 :
2624 4525 2717 4581 cui
2761 4525 2956 4583 omnis
2983 4523 3187 4598 gloria,
3237 4525 3425 4582 honor
3471 4531 3531 4583 et
3558 4526 3758 4603 impe—

327 4619 484 4677 rium
514 4620 575 4676 in
606 4619 838 4676 saecula.
872 4622 1072 4677 Amen.

396 4735 683 4864 ’36Matth.
714 4752 869 4808 τινι,
901 4737 991 4792 31.
1068 4736 1117 4771 ²⁴
1142 4734 1284 4790 ibid.
1318 4734 1507 4789 69-75.
1586 4733 1630 4768 ²⁸
1660 4732 1812 4789 ΡεαῙο
1842 4749 1996 4805 XX“:

2160 4732 2206 4768 2⁸
2234 4730 2391 4789 Psal.
2446 4748 2619 4800 Lxxu,
2682 4731 2769 4787 19.
2846 4730 3050 4789 2'lOse.
3110 4748 3234 4798 xm,
3292 4732 3347 4788 9.
3422 4732 3468 4769 ³⁷
3521 4733 3751 4807 Ephes.

330 4823 409 4878 1v,
438 4823 495 4865 υ.

395 4934 510 5005 (28)
537 4928 693 5001 Μὲλη
726 4926 991 5006 Χριστοῦ..
1017 4953 1044 4982 ‹‹
1077 4930 1340 5006 Membra
1379 4928 1648 5006 Christi.-
1686 4928 1790 4984 Hic
1822 4928 1977 4985 desi-

367 5001 469 5060 nat
489 5001 620 5073 eos,
649 5005 747 5076 qui
777 5001 912 5061 cum
944 5003 1016 5059 ab
1046 5018 1112 5059 eo
1145 5001 1288 5058 nihil
1322 5001 1443 5057 laesi
1474 5002 1745 5076 fuissent,
1782 5006 1979 5074 partes

359 5076 566 5133 daximi
598 5074 783 5133 secuti
815 5080 1004 5141 erant,
1036 5081 1215 5145 atque
1247 5091 1380 5131 eum
1431 5074 1765 5145 pontificem
1817 5091 1977 5129 crea-

322 5153 546 5221 verant,
579 5148 748 5221 altari
778 5148 1268 5221 adversusialtare
1296 5152 1510 5221 erecto.

404 5222 517 5291 (29)
534 5214 613 5273 Ἐί
635 5219 749 5291 καί.
773 5219 869 5291 Sic
900 5219 1194 5291 Reg._bm.
1230 5218 1292 5273 In
1326 5218 1441 5287 ed.,
1473 5214 1562 5271 καὶ
1587 5214 1649 5272 εί.

399 5288 513 5362 (30)
544 5288 759 5348 Βοίδια.
797 5314 819 5340 ι
853 5288 1083 5362 Buculi.
1119 5312 1149 5339 »

404 5356 516 5434 (31)
582 5367 707 5424 Πῶς
774 5358 1047 5430 ἁπλότητι
1137 5356 1409 5430 ποιμένων
1441 5402 1455 5413 .
1496 5358 1556 5412 Si
1589 5357 1723 5412 Elia:
1790 5358 1934 5414 fides
1959 5399 1973 5425 ,

404 5435 649 5506 ’egorius
679 5435 776 5492 hic
806 5435 878 5489 de
911 5450 973 5489 se
1002 5431 1217 5506 plurali
1256 5446 1500 5485 numero
1540 5429 1834 5506 loquitur.
1863 5430 1976 5506 ,νο-

2112 5356 2189 5414 ιοι*
2232 5356 2445 5430 oneris,
2480 5356 2585 5415 nec
2616 5356 3039 5432 transponeris.
3074 5382 3102 5410 ››

2302 5431 2595 5503 Ζητήσασι.
2629 5430 2767 5506 Reg.
2801 5449 2856 5500 a,
2889 5429 3102 5501 ἐκζητήι

332 5429 649 5507 Gregorius
679 5435 776 5492 hic
806 5435 878 5489 de
911 5429 984 5489 se
1002 5431 1217 5507 plurali
1243 5429 1500 5485 numero
1539 5429 1834 5507 loquitur.
1863 5430 1976 5507 _Ve-

2156 5429 2269 5506 (36)
2302 5431 2595 5503 Ζητήσασι.
2629 5430 2767 5507 Reg.
2788 5429 2856 5500 ‘a,
2889 5429 3238 5501 ἑκζητήσασι.

331 5499 481 5560 ιίιῑιῖ
506 5506 628 5562 haee
674 5499 1076 5578 interpretatio
1125 5518 1259 5559 cum
1308 5499 1692 5573 sequentibus
1731 5500 1975 5558 minime

2090 4934 2380 5037 congruit;
2915 4997 2942 5021 υ

2161 5002 2274 5077 (3:)
2304 5005 2586 5077 Ερρωμξιισ
2621 5000 2851 5077 Res-1).
2886 5016 3133 5077 ειιρρμαειο

2160 5072 2271 5146 (33)
2303 5072 2393 5146 Τᾷ
2414 5075 2652 5146 πρῶτον.
2684 5072 2856 5146 Deest
2881 5072 3033 5129 «sia
3058 5074 3161 5146 Or.
3192 5075 3241 5128 1.

2160 5145 2266 5215 (34)
2290 5141 2625 5219 Τελεῶτερόν
2650 5163 2729 5200 τε.
2764 5145 2859 5201 Sic
2889 5147 3005 5202 duo
3053 5145 3231 5219 Regg.
3290 5150 3349 5202 et
3403 5150 3526 5203 tres
3572 5147 3750 5206 Colb.

2087 5215 2261 5271 Deest
2285 5235 2344 5268 τε
2375 5216 2436 5271 in
2465 5215 2556 5271 ed.

2159 5288 2270 5359 (35)
2300 5282 2434 5362 Οὔτε
2462 5286 2899 5360 υπερτιθέμενος.
2934 5292 3044 5362 etc.
3077 5287 3209 5344 Bill.
3248 5306 3262 5346 :
3302 5310 3329 5344 ι
3374 5289 3478 5362 qui
3508 5308 3621 5347 nec
3654 5311 3750 5350 su-
