4036 6384
548 273 685 332 1527

542 389 787 445 rentibus
813 388 924 446 suis
945 388 1047 446 hoc
1063 389 1264 458 dicere,
1291 404 1412 446 cum
1440 390 1542 448 hoc
1567 393 1845 462 dixissent,
1866 393 2127 465 negabant

546 479 801 536 Pharisaei
827 495 949 537 reos
969 495 1108 549 esse,
1139 482 1185 536 si
1213 481 1521 552 parentibus
1540 483 1653 539 suis
1678 498 1784 540 non
1812 491 2128 556 praestarent

540 572 822 627 honorem.

614 662 776 719 XVII.
800 661 899 739 [lb.
923 680 1009 730 xv,
1027 663 1137 737 I5.]
1167 663 1344 721 Omnis
1367 665 1613 737 plautatio
1638 684 1788 737 quam
1807 684 1907 723 non
1927 670 2125 739 planta

538 754 608 809 uit
634 752 790 808 Pater
815 771 954 810 meus
982 755 1212 823 caelestis,
1241 756 1616 811 eradicabitur:
1656 758 1708 813 id
1750 767 1852 824 est,
1894 759 2123 816 carnalis

538 847 819 918 cupiditas,
852 846 1140 903 secundum
1182 864 1338 920 quam
1388 851 1680 925 sentientes
1719 850 2122 908 olfendebantur

540 937 608 999 de
634 938 1002 1009 prmtermissis
1030 953 1207 994 rerum
1233 939 1421 1010 signis,
1452 940 1533 995 vel
1560 941 1721 996 etiam
1750 940 2120 998 traditionibus

536 1031 686 1096 suis;
730 1038 785 1086 et
825 1038 1086 1100 praecepta
1115 1030 1237 1087 vitae
1263 1046 1369 1087 non
1397 1032 1677 1100 curabant,
1703 1048 1822 1104 quae
1850 1048 1881 1088 a
1909 1035 2118 1106 cupidi-

432 1155 435 1170 ς
535 1130 645 1207 tate
669 1122 905 1176 animum
936 1130 1179 1193 purgant.

605 1234 791 1291 XVIII.
823 1234 922 1308 [lb.
945 1251 1056 1305 vm,
1086 1236 1185 1302 l5;
1207 1253 1293 1303 xv,
1320 1235 1437 1311 28.]
1469 1237 1622 1307 Quod
1642 1248 1696 1295 et
1732 1254 1953 1309 puerum
1982 1240 2122 1297 Cen-

531 1328 782 1393 turionis,
813 1336 869 1384 et
913 1328 1075 1383 ﬁliam
1101 1328 1418 1385 Chananaxe
1465 1330 1704 1386 mulieris
1745 1347 1850 1387 non
1895 1333 2117 1389 veniens

534 1418 603 1475 ad
649 1417 836 1473 domos
877 1433 1085 1481 eorum.
1114 1419 1316 1485 salvat;
1350 1420 1612 1491 signiﬁcat
1638 1422 1857 1489 Gentes,
1886 1423 1953 1479 ad
1982 1440 2118 1495 quas

532 1525 643 1567 non
671 1511 836 1578 venit,
863 1510 1037 1567 salvas
1077 1511 1187 1566 fore
1214 1526 1311 1582 per
1340 1513 1560 1567 verbum
1602 1527 1774 1569 suum.
1805 1515 1957 1581 Quod
1990 1515 2118 1589 ipsis

529 1602 841 1674 rogantibus
885 1602 977 1657 ﬁlii
1020 1613 1308 1667 sanantur,
1350 1602 1694 1673 intelligenda
1740 1615 1824 1661 est
1862 1606 2117 1662 Ecclesia:

527 1707 782 1763 persona,
805 1707 925 1762 quae
966 1692 1067 1748 sibi
1112 1700 1194 1747 est
1239 1701 1294 1747 et
1331 1701 1500 1747 mater
1539 1702 1594 1748 et
1640 1693 1732 1749 ﬁlii
1758 1713 1771 1749 :
1797 1711 1918 1750 nam
1957 1697 2115 1753 simul

529 1799 743 1849 omnes,
768 1783 959 1854 quibus
1004 1793 1213 1839 constat
1249 1782 1511 1850 Ecclesia,
1540 1793 1709 1840 mater
1746 1787 1973 1854 dicitur;
2002 1788 2114 1843 sin-

528 1876 638 1946 guli
659 1884 837 1931 autem
865 1874 1022 1930 iidem
1047 1875 1144 1945 ipsi
1180 1875 1271 1930 ﬁlii
1299 1876 1654 1946 appellantur.
2024 1884 2035 1901 '

601 1967 744 2025 XIX.
770 1966 869 2040 [lb.
899 1982 987 2032 xv,
1010 1964 1124 2039 30.]
1163 1966 1313 2034 Quod
1345 1966 1512 2022 turba:
1545 1968 1846 2024 obtulerunt
1890 1970 2116 2028 Domino

527 2069 727 2123 mutos;
768 2060 858 2130 qui
895 2074 1019 2114 eum
1058 2073 1163 2113 non
1205 2059 1457 2126 laudant,
1498 2060 1584 2115 vel
1638 2076 1743 2116 non
1797 2062 2116 2120 canﬁtentur

524 2151 687 2208 ﬁdem
700 2166 721 2203 ξ
738 2149 1023 2220 cwcos;qui
1046 2165 1148 2205 non
1166 2149 1485 2220 intelligunt,
1507 2150 1715 2206 etiamsi
1745 2152 2118 2223 obtemperant

524 2240 836 2311 iubentibus
860 2257 872 2293 :
895 2241 1110 2306 surdos;
1141 2240 1231 2310 qui
1271 2256 1376 2294 non
1407 2241 1780 2312 obtemperant
1803 2244 2009 2300 etiamsi
2034 2246 2116 2301 in-

525 2333 771 2404 telligunt
791 2350 804 2386 :
822 2331 1061 2398 claudas;
1090 2330 1180 2402 qui
1208 2338 1474 2402 praecepta
1505 2347 1613 2387 non
1634 2333 1875 2405 implent.

595 2447 715 2504 XX.
746 2445 844 2520 [lb.
879 2461 984 2511 xvr,
1011 2443 1067 2511 2,
1099 2442 1179 2516 5.]
1206 2443 1357 2511 Quod
1385 2444 1519 2501 dixit
1543 2446 1816 2513 Dominus,
1850 2448 2011 2503 Facto
2031 2467 2114 2505 ue-

523 2557 668 2613 spere
692 2540 887 2604 dicitis,
926 2538 1171 2593 Serenum
1204 2539 1336 2604 erit;
1360 2539 1695 2596 rubicundum
1724 2552 1797 2598 cst
1838 2546 1971 2598 enim
2006 2561 2109 2599 ca:-

524 2635 669 2699 lum;
700 2632 749 2686 id
775 2641 876 2695 est,
899 2631 1153 2701 sanguine
1180 2630 1442 2700 passionis
1466 2630 1693 2700 Christi,
1724 2633 1776 2686 in
1815 2636 1986 2703 primo
2011 2636 2109 2691 ad-

521 2733 682 2782 ventu
716 2723 1045 2793 indulgentia
1071 2732 1411 2792 peccatorum
1440 2723 1612 2778 datur.
1648 2723 1718 2777 Et
1749 2742 1916 2792 mane,
1945 2726 2111 2782 Hodie

520 2827 822 2889 tempestas;
849 2817 988 2869 rubet
1008 2814 1139 2868 enim
1165 2830 1281 2867 cum
1308 2813 1510 2868 histilia
1532 2815 1711 2869 cwlum
1730 2832 1750 2881 ;
1772 2817 1823 2871 id
1840 2826 1940 2885 est,
1967 2818 2106 2889 quod

520 2908 755 2967 secundo
791 2908 1018 2961 adventu
1064 2906 1185 2976 igne
1228 2907 1564 2975 praecedente
1590 2919 1844 2966 venturus
1873 2922 1973 2966 est.
2004 2912 2108 2968 Fa-

521 3002 646 3057 ciem
673 3015 789 3070 ergo
820 2995 931 3051 caeli
955 2996 1190 3067 judicare
1223 2998 1417 3062 nostis;
1440 2999 1585 3069 signa
1615 3011 1783 3055 autem
1828 3012 2106 3074 temporum

521 3109 625 3148 non
661 3089 905 3162 potestis?
929 3087 1086 3158 Signa
1133 3096 1431 3157 temporum
1462 3088 1596 3144 dixit
1634 3090 1703 3146 de
1745 3092 1975 3147 adventu
2009 3108 2106 3149 suo

522 3184 605 3240 vel
634 3182 898 3254 passione,
933 3181 1017 3235 cui
1052 3178 1227 3235 simile
1253 3188 1337 3235 est
1374 3195 1585 3236 roseum
1612 3184 1809 3239 coelum
1836 3201 2058 3254 vespere
2088 3207 2102 3244 :

521 3284 578 3332 et
613 3275 740 3329 item
784 3272 851 3328 de
897 3271 1238 3326 tribulatione
1263 3280 1389 3328 ante
1411 3273 1695 3332 adventuum
1726 3293 1878 3332 suum
1906 3278 2103 3349 futura,

520 3365 610 3422 cui
639 3363 810 3419 simile
834 3373 917 3417 est
940 3377 1095 3417 mane
1118 3378 1327 3418 roseum
1346 3380 1468 3419 cum
1486 3366 1692 3421 tristitia
1709 3369 1925 3424 cmlum.

590 3476 734 3534 XXI.
767 3475 866 3550 [lb.
897 3492 1025 3540 xvn,
1056 3474 1170 3548 11.]
1195 3475 1347 3543 Quod
1375 3477 1509 3531 dixit
1537 3475 1970 3545 Domitiustlias
1996 3487 2105 3555 qui-

520 3573 636 3627 dem
655 3580 887 3627 venturus
906 3579 994 3633 est,
1016 3578 1063 3623 et
1085 3571 1303 3624 restituet
1318 3573 1524 3638 omnia;
1546 3574 1595 3628 id
1623 3584 1721 3639 est,
1747 3577 1830 3632 vel
1851 3593 1946 3634 eos
1971 3596 2105 3650 quos

519 3662 823 3734 persecutio
847 3660 1158 3715 Antichristi
1197 3663 1625 3731 eonturbaverit;
1657 3668 1738 3722 vel
1779 3678 1837 3723 ut
1875 3670 1987 3740 ipse
2021 3689 2106 3728 re-

520 3755 707 3812 stituat
735 3753 1013 3807 moriendo
1037 3767 1156 3818 qua!
1180 3753 1358 3808 debet.

596 3855 763 3922 XXII.
788 3862 890 3937 [lb.
921 3879 1044 3944 xvn,
1070 3864 1158 3930 M,
1189 3862 1299 3937 I8.]
1324 3864 1475 3932 Quod
1509 3865 1662 3935 dixit,
1702 3869 1854 3940 Stepe
1879 3875 2011 3929 cadit
2051 3876 2125 3931 in.

516 3960 709 4032 ignem,
750 3966 797 4010 et
835 3954 1107 4026 aliquando
1136 3955 1187 4009 in
1209 3972 1393 4027 aquam
1423 3975 1435 4010 :
1462 3957 1636 4029 ignem
1676 3960 1742 4014 ad
1774 3963 1927 4027 iram,
1959 3966 2099 4035 quod

518 4053 625 4107 alta
666 4058 815 4121 petat
849 4067 861 4103 :
894 4064 1083 4119 aquam
1132 4048 1198 4102 ad
1244 4047 1542 4121 voluptates
1581 4053 1777 4108 carnis.
1809 4053 1936 4110 Item
1965 4059 2100 4128 quod

516 4145 703 4202 dicunt
725 4141 987 4214 discipuli,
1021 4140 1190 4207 Quare
1216 4160 1307 4197 nos
1332 4160 1432 4197 non
1471 4147 1727 4216 potuimus
1752 4148 1931 4220 ejicere
1953 4153 2105 4206 cum?

516 4254 589 4295 ne
636 4237 743 4293 illis
789 4235 1056 4291 miraculis
1108 4233 1361 4289 faciendis
1411 4239 1790 4295 extollerentur
1830 4242 1881 4295 in
1919 4260 2106 4313 super-

515 4335 684 4397 hiam,
727 4328 983 4385 admoniti
1031 4338 1153 4381 sunt
1202 4328 1376 4395 potius
1421 4345 1515 4398 per
1561 4329 1913 4388 humilitatem
1958 4336 2099 4405 ﬁdei,

520 4423 673 4498 quasi
720 4438 816 4492 per
859 4420 1058 4489 sinapis
1085 4434 1328 4490 granum,
1358 4421 1640 4477 elationem
1674 4432 1957 4497 terrenam,
1986 4448 2102 4501 qua:

518 4516 719 4576 montis
745 4515 959 4570 nomine
986 4511 1277 4582 signiﬁcata
1300 4522 1403 4580 est,
1436 4529 1627 4571 curare
1656 4527 1714 4573 ut
1738 4522 2003 4578 transiret.

590 4629 783 4690 XXIII.
821 4627 922 4703 [lb.
944 4644 1072 4691 xvn,
1101 4626 1216 4699 25.]
1244 4626 1394 4694 Quod
1440 4629 1591 4697 dixit,
1621 4630 1761 4703 Erga
1803 4636 1945 4692 liberi
1987 4652 2104 4695 sunt

521 4726 733 4801 ﬁtii:iu
759 4720 903 4778 omni
956 4735 1120 4790 regno
1171 4719 1568 4789 intelligendum
1618 4734 1699 4777 est
1738 4726 1933 4783 liberos
1981 4748 2102 4789 esse

521 4820 681 4887 (mos,
711 4814 765 4870 id
797 4821 906 4880 est,
938 4827 1042 4866 non
1086 4826 1204 4867 esse
1234 4812 1538 4883 vectigales.
1568 4814 1730 4872 Multo
1769 4835 1895 4890 ergo
1936 4825 2102 4895 magis

520 4907 675 4965 liberi
705 4920 824 4962 esse
861 4903 1060 4959 debent
1101 4902 1153 4957 in
1195 4902 1432 4972 quolibet
1461 4921 1623 4976 regno
1655 4917 1866 4966 terreno
1896 4913 1986 4969 lilii
2014 4932 2101 4971 re-

518 4998 611 5072 gni
632 4998 770 5053 illius
798 4997 897 5051 sub
921 5010 1026 5065 quo
1048 5001 1171 5048 sunt
1196 4994 1372 5048 omnia
1402 5010 1560 5066 regna
1595 4988 1824 5054 terrena.

591 5088 783 5146 XXIV.
814 5087 914 5160 [lb.
950 5102 1093 5152 xvtn,
1125 5083 1202 5157 6.]
1225 5085 1373 5152 Quod
1420 5087 1671 5145 Dominus
1706 5091 1852 5161 dicit,
1882 5096 1983 5162 Qui
2005 5116 2101 5154 au-

521 5192 621 5236 teni
659 5177 1072 5234 scandalizaverit
1113 5193 1267 5230 unum
1315 5178 1376 5230 de
1419 5180 1615 5247 pusillis
1659 5183 1789 5249 istis,
1830 5186 1880 5241 id
1906 5199 2005 5254 est,
2035 5208 2097 5248 ex

517 5272 828 5337 humilibus,
858 5269 1043 5340 quales
1086 5268 1200 5322 vult
1226 5283 1346 5324 esse
1374 5268 1664 5340 discipulos
1692 5288 1836 5341 suos,
1870 5294 1976 5334 non
2007 5281 2103 5336 ob-

520 5360 885 5433 temperando,
916 5360 998 5415 vel
1038 5358 1197 5415 etiam
1223 5362 1688 5429 contraveniendo,
1721 5366 1855 5421 sicut
1882 5369 1949 5424 de
1974 5371 2100 5428 Ale-

516 5454 725 5510 xandro
780 5451 972 5506 aerario
1024 5448 1308 5521 Apostolus
1358 5448 1485 5505 dicit
1535 5450 1615 5522 (Il
1667 5451 1801 5509 Tim.
1854 5473 1925 5525 1v,
1960 5461 2097 5530 IL);

518 5547 720 5618 expedit
757 5546 803 5600 ei
839 5553 894 5599 ut
936 5543 1072 5598 mala
1112 5542 1336 5597 asinaria
1376 5544 1711 5612 suspendatur
1738 5549 1868 5606 collo
1894 5555 2020 5624 ejus,
2054 5567 2102 5613 et

520 5638 864 5710 νιυαιεὶρὶιειιιν
907 5636 959 5690 1η
1002 5632 1311 5706 profundum
1349 5635 1538 5690 maris:
1562 5637 1610 5691 id
1641 5649 1740 5704 est,
1768 5649 2008 5717 congruit
2050 5652 2098 5707 ei

517 5729 781 5798 θυνωῖιθε
813 5741 986 5787 rerum
1020 5721 1423 5794 temporalium,
1457 5727 1538 5783 cui
1579 5730 1724 5786 stulti
1754 5743 1806 5789 ct
1830 5740 1956 5798 caeci
1984 5743 2093 5798 col-

1393 275 1858 346 QUESTIONUM
1897 276 2459 352 EVANGELIORUM,
2488 285 2547 343 S.
2586 288 2951 348 AUGUSTINI

3665 297 3822 357 I328

2234 394 2479 468 ligantur,
2501 416 2622 458 eum
2648 404 2947 463 devinctum
2974 407 3208 479 pondere
3227 424 3324 469 suo
3341 412 3571 471 deducat
3614 413 3687 469 ad
3732 418 3827 471 in-

2236 492 2471 549 teritum.

2302 586 2468 644 XXV.
2486 589 2585 663 [lb.
2605 608 2751 661 xvm,
2768 593 2933 651 24-5!
2949 594 2987 670 .]
3003 596 3153 664 Quod
3174 598 3369 655 oblatus
3394 609 3463 657 est
3478 600 3699 656 Domino
3726 602 3823 655 de-

2229 678 2358 734 bitor
2381 681 2550 737 decem
2585 685 2800 741 millium
2837 688 3166 755 talentorum,
3198 701 3244 745 et
3274 693 3429 763 jussit
3459 711 3569 748 eum
3605 711 3820 748 venum-

2228 771 2363 837 dari,
2389 781 2435 827 et
2458 790 2665 830 uxorem
2683 779 2813 849 ejus,
2844 790 2890 835 et
2918 780 3071 849 ﬁlios.
3095 793 3141 837 et
3170 785 3338 839 omnia
3360 803 3474 858 quae
3503 786 3737 851 habebat,
3765 796 3812 841 et

2228 863 2416 919 reddi:
2445 866 2841 939 intelligendum
2882 881 2965 928 est
3003 873 3187 930 decem
3231 888 3616 947 prarceptorum
3653 879 3813 951 Legis

2227 968 2347 1010 eum
2378 954 2543 1014 fuisse
2567 958 2894 1028 debitorem;
2926 972 2979 1019 et
3009 980 3103 1034 pro
3128 965 3415 1036 cupiditate
3440 979 3596 1040 atque
3625 972 3809 1040 operi-

2226 1044 2326 1100 bus
2354 1049 2485 1114 suis,
2515 1057 2763 1122 tanquam
2790 1070 2959 1110 uxore
3003 1064 3057 1111 et
3092 1056 3230 1123 ﬁliis,
3265 1075 3448 1129 ptenas
3472 1062 3684 1118 solvere
3712 1063 3810 1118 de-

2225 1136 2427 1204 buisse,
2454 1141 2595 1211 quod
2623 1153 2709 1199 est
2729 1146 2954 1215 pretium
2980 1146 3093 1215 ejus
3119 1165 3131 1200 :
3156 1150 3382 1218 pretium
3410 1152 3552 1206 enim
3585 1152 3809 1219 venditi,

2225 1232 2540 1301 supplicium
2586 1234 2822 1291 damnati
2870 1237 3201 1311 intelligitur.
3244 1243 3394 1310 Quod
3434 1243 3590 1309 dixit,
3627 1243 3815 1300 Noluit

2224 1324 2481 1395 ignoscere
2507 1343 2744 1384 conservo
2769 1347 2884 1395 sua,
2915 1332 3003 1386 sed
3026 1332 3149 1387 abiit
3180 1343 3227 1388 et
3263 1336 3395 1390 misit
3428 1353 3539 1390 eum
3560 1337 3611 1390 in
3638 1354 3816 1391 carce-

2226 1431 2352 1483 rem,
2400 1425 2455 1472 et
2497 1419 2726 1490 reliqua;
2774 1422 3191 1494 intelligendum,
3232 1427 3399 1481 tenuit
3450 1440 3631 1483 contra
3680 1445 3815 1485 eum

2224 1506 2368 1563 hunc
2388 1509 2642 1577 animum,
2674 1520 2730 1567 ut
2748 1513 3005 1584 supplicia
3038 1515 3111 1570 illi
3141 1516 3317 1572 vellet.
3346 1519 3600 1574 Conservi
3622 1530 3812 1576 autem

2222 1600 2313 1670 qui
2359 1613 2707 1659 narraverunt
2732 1606 2957 1661 Domino
2983 1624 3099 1678 quae
3126 1609 3342 1678 ﬁebant,
3374 1621 3545 1681 potest
3585 1613 3816 1686 intelligi

2223 1689 2481 1759 Ecclesia,
2513 1709 2631 1763 quae
2656 1703 2710 1750 et
2732 1695 2877 1750 illum
2904 1699 3080 1765 solvit,
3111 1711 3165 1754 et
3191 1700 3333 1754 illum
3358 1701 3499 1770 ligat.

2295 1782 2484 1837 XXVI.
2517 1783 2617 1857 [lb.
2647 1803 2755 1851 xtx,
2785 1788 2872 1854 25,
3040 1789 3189 1857 Quod
3233 1792 3305 1847 ait
3351 1794 3601 1848 Dominus
3621 1839 3634 1859 ,
3670 1797 3816 1853 divi-

2224 1882 2331 1928 tem
2370 1890 2475 1929 non
2516 1876 2714 1933 intrare
2742 1881 2794 1935 in
2833 1897 3053 1951 regnum
3087 1882 3215 1947 Dei;
3247 1896 3301 1939 ct
3328 1886 3573 1956 discipuli
3598 1889 3808 1957 dicunt,

2224 1967 2352 2034 Quis
2380 1979 2539 2041 potest
2566 1972 2733 2026 salvus
2754 1974 2905 2042 ﬁeri?
2928 1992 3046 2028 cum
3071 1978 3221 2045 pauci
3249 1978 3354 2032 sint
3378 1978 3566 2035 divites
3590 1981 3807 2037 incum.

2221 2063 2496 2131 paratione
2517 2064 2867 2118 multitudinis
2894 2080 3179 2136 pauperum
3208 2069 3637 2140 :intelligvndum
3662 2074 3802 2143 quod

2220 2167 2408 2209 omnes
2431 2155 2519 2225 qui
2546 2155 2667 2209 talia
2688 2157 2922 2226 cupiunt,
2945 2157 2997 2211 in
3021 2173 3205 2213 eorum
3232 2176 3451 2216 numero
3474 2160 3661 2219 haberi
3687 2166 3803 2219 ani-

2218 2242 2615 2299 madverterint.

2291 2333 2501 2388 XXVII.
2523 2333 2620 2407 [lb.
2644 2334 2852 2407 xx.l7.]
2869 2336 3019 2405 Quod
3048 2338 3301 2397 Dominus
3324 2356 3561 2398 seorsum
3590 2361 3651 2399 se
3674 2345 3801 2400 dno-

2217 2423 2319 2478 hus
2345 2423 2618 2495 discipulis
2648 2441 2921 2495 passurum
2955 2429 3117 2483 refert
3143 2428 3239 2503 (α),
3268 2432 3333 2487 ad
3373 2434 3797 2494 conﬁrmandum

2216 2512 2269 2567 in
2293 2525 2561 2582 posterum
2595 2516 2955 2573 testimonium
2979 2521 3101 2574 fecit
3121 2539 3131 2573 :
3153 2522 3274 2591 quia
3298 2523 3446 2586 dixit,
3471 2524 3536 2579 In
3566 2542 3657 2581 ore
3676 2530 3798 2583 duo-

2216 2622 2328 2659 rum
2345 2605 2420 2658 vel
2441 2606 2590 2659 trium
2616 2609 2814 2662 testium
2834 2610 2981 2663 stabit
3014 2628 3160 2665 omne
3182 2614 3382 2668 verbum
3409 2615 3623 2688 (Matth.
3652 2636 3793 2687 xvut,

2217 2695 2327 2765 I6).
2360 2695 2429 2751 Ut
2454 2697 2593 2751 enim
2623 2714 2792 2769 neque
2834 2701 3138 2772 vulgaretur
3176 2705 3317 2774 quod
3357 2706 3585 2774 dicebat,
3620 2727 3791 2782 neque

2214 2782 2423 2843 careret
2490 2789 2703 2845 humani
2759 2793 3044 2848 testimonii
3110 2797 3396 2865 ﬁrmitate,
3460 2801 3793 2871 paucioribus

2214 2893 2370 2948 quam
2401 2879 2607 2935 duobus
2635 2882 2813 2938 dicere
2840 2898 2946 2939 non
2973 2888 3162 2954 potuit.
3188 2886 3285 2943 Vel
3310 2889 3375 2943 ad
3402 2903 3789 2948 sacramentum

2213 2968 2488 3024 charitatis
2538 2972 2923 3027 ostendendum
2965 2993 2978 3028 :
3019 2976 3192 3031 minus
3244 2980 3384 3032 enim
3451 2996 3607 3050 quam
3657 2983 3794 3039 inter

2210 3060 2346 3117 duos
2372 3062 2602 3119 charitas
2642 3079 2761 3120 esse
2808 3081 2912 3119 non
2948 3076 3139 3136 potest.
3178 3069 3303 3123 Erat
3335 3080 3507 3128 autem
3556 3074 3644 3130 ille
3690 3091 3788 3130 non

2212 3154 2530 3209 necessitate
2548 3154 2711 3209 debiti
2737 3166 2957 3227 propter
2986 3172 3257 3228 peccatum
3280 3177 3454 3231 smmi,
3485 3165 3577 3219 sed
3597 3167 3666 3222 ad
3691 3169 3790 3223 sol-

2211 3244 2380 3297 venda
2409 3254 2584 3299 nostra
2613 3258 2829 3315 peccata
2854 3248 3111 3304 eharitatc
3134 3266 3404 3321 passurus.

2284 3334 2518 3390 XXVIII.
2549 3334 2646 3408 [lb.
2672 3353 2760 3403 xx,
2785 3338 3000 3412 29-54.]
3027 3341 3109 3396 Ab
3145 3341 3357 3398 Jcricho
3386 3347 3656 3416 egreditur
3690 3351 3788 3406 Do-

2211 3425 2411 3489 minus;
2435 3428 2542 3494 jam
2581 3427 2647 3482 de
2668 3428 2765 3482 ista
2792 3440 2931 3484 terra
2960 3435 3346 3491 resurrectione
3371 3436 3672 3496 discedens.
3697 3442 3785 3497 Sea

2208 3529 2444 3588 quuntnr
2469 3534 2589 3574 eum
2624 3521 2789 3575 turba:
2820 3524 3026 3590 multae;
3053 3523 3278 3580 credunt
3302 3528 3354 3581 in
3384 3544 3502 3582 cum
3528 3532 3707 3601 pepuli
3735 3540 3786 3588 et

2208 3621 2413 3681 gentes.
2445 3613 2560 3667 Duo
2592 3624 2766 3669 autent
2796 3618 2921 3671 caeci
2965 3618 3209 3673 sedentes
3228 3620 3379 3689 juxta
3407 3621 3563 3690 viam,
3590 3625 3787 3694 signiti-

2209 3713 2333 3756 cant
2359 3704 2424 3758 de
2456 3713 2678 3774 utroque
2707 3708 2896 3776 populo
2922 3710 3176 3778 quosdam
3198 3713 3307 3780 jam
3336 3712 3667 3770 cohaerentes
3697 3731 3786 3787 per

2211 3794 2369 3849 ﬁdem
2392 3794 2773 3865 dispensationi
2805 3800 3100 3869 temporali,
3125 3803 3414 3856 secundum
3442 3819 3596 3873 quam
3626 3806 3784 3861 Chri-

2209 3896 2322 3941 stus
2347 3888 2425 3940 via
2455 3898 2566 3953 est;
2600 3898 2651 3943 et
2678 3890 3040 3947 desiderantes
3061 3892 3364 3960 illuminari,
3392 3895 3441 3948 id
3464 3904 3564 3960 est,
3584 3896 3783 3966 aliquid

2210 3978 2276 4033 de
2306 3979 2462 4035 Verbi
2490 3982 2785 4038 a'ternitate
2814 3984 3122 4055 intelligere,
3158 3987 3297 4058 quod
3336 4000 3639 4045 transeunte
3660 3991 3783 4047 Jcsu

2209 4070 2493 4140 impetrare
2529 4090 2571 4127 e:
2598 4075 2831 4142 pibant,
2863 4076 2913 4130 id
2956 4086 3058 4143 est,
3088 4094 3181 4149 per
3225 4081 3469 4135 meritum
3514 4081 3636 4147 ﬁdei
3683 4098 3781 4154 qua

2208 4164 2443 4219 creditur
2473 4164 2632 4219 Filius
2663 4168 2750 4221 Dei
2782 4178 2833 4222 et
2862 4181 3015 4224 natus
3042 4170 3218 4228 .homo
3251 4183 3305 4226 et
3346 4188 3532 4243 passus
3573 4187 3782 4245 propter

2209 4269 2326 4309 nos.
2357 4255 2460 4310 Per
2485 4256 2619 4311 hanc
2648 4259 2788 4312 enim
2819 4260 3265 4330 dispensationem
3296 4265 3443 4334 quasi
3478 4266 3662 4321 transit
3704 4267 3781 4322 Je-

2209 4362 2317 4414 sus,
2342 4350 2463 4419 quia
2493 4350 2607 4404 talis
2636 4352 2774 4407 actio
2813 4355 3118 4424 temporalis
3152 4365 3250 4409 est.
3283 4356 3572 4425 Oportebat
3604 4373 3777 4415 autem

2210 4449 2266 4493 ut
2312 4448 2512 4494 tantum
2558 4442 2867 4511 clamarent,
2904 4445 3074 4500 donec
3119 4446 3421 4502 resistentis
3464 4448 3561 4502 sibi
3619 4452 3778 4506 tnrhm

2209 4533 2487 4604 strepitum
2517 4532 2826 4600 vincerent;
2865 4536 2915 4590 id
2958 4546 3055 4603 est,
3088 4546 3191 4592 tam
3239 4550 3640 4608 perseveranter
3667 4543 3778 4596 aui-

2208 4643 2351 4681 mum
2392 4628 2729 4684 intenderent
2759 4630 2960 4684 orando
3002 4639 3157 4701 atque
3206 4633 3484 4701 pulsando,
3510 4651 3779 4706 quousque

2206 4719 2638 4774 consuetudinem
2656 4720 3037 4775 desideriorqu
3057 4724 3365 4790 carnalium,
3395 4741 3511 4794 qum
3536 4736 3776 4797 tanquam

2210 4809 2359 4862 turba
2386 4809 2646 4879 obstrepit
2669 4812 2974 4879 cogitationi
2999 4812 3169 4867 lucem
3200 4815 3436 4869 veritatis
3461 4826 3676 4871 auctare
3706 4815 3776 4868 ri-

2206 4898 2334 4955 dere
2358 4902 2591 4962 conanti,
2625 4902 2705 4955 vel
2746 4903 2910 4970 ipsam
2951 4902 3219 4956 hominum
3261 4907 3546 4961 carnalium
3577 4908 3773 4962 turbam

2208 4991 2377 5046 studia
2418 4992 2703 5061 Spiritualia
2747 4993 3141 5063 impedientem,
3176 4996 3460 5051 fortissima
3490 5000 3777 5055 intentione

2208 5092 2538 5153 superarent.
2569 5083 2747 5153 Itaque
2776 5084 2995 5140 audiens
3023 5085 3181 5142 Iesus
3212 5089 3301 5158 qui
3328 5090 3429 5154 ait,
3460 5088 3652 5145 Pitcnti
3692 5091 3776 5144 (lu-

2208 5177 2338 5230 bitur
2372 5184 2417 5229 et
2448 5192 2676 5246 qutt'rens
2706 5175 2937 5245 inveniet,
2966 5188 3012 5233 et
3046 5180 3270 5251 pulsanti
3302 5182 3773 5252 aperieturtdluttli.

2207 5282 2296 5333 vn,
2328 5264 2407 5340 7),
2437 5267 2710 5323 venientes
2734 5268 2800 5321 ad
2829 5283 2908 5335 se,
2938 5269 3053 5340 ipso
3083 5272 3283 5326 scilicet
3318 5272 3563 5328 desiderii
3590 5275 3775 5327 ardore

2208 5359 2578 5430 pervenientes
2601 5360 2668 5415 ad
2701 5361 2754 5416 id
2785 5362 2924 5432 quod
2951 5362 3271 5428 desiderant,
3300 5372 3447 5420 stans
3470 5380 3564 5421 eos
3595 5362 3771 5435 tangit,

2208 5460 2367 5525 atque
2400 5452 2681 5506 illuminat.
2714 5452 2827 5507 Non
2855 5454 2996 5509 enim
3023 5454 3157 5509 sicut
3184 5455 3270 5510 illa
3294 5454 3618 5526 dispensatio
3647 5465 3772 5512 tem-

2207 5546 2423 5616 poralis.
2456 5547 2525 5600 ita
2553 5545 2710 5599 etiam
2741 5545 2899 5600 Verbi
2926 5549 3192 5601 aeternitas
3229 5550 3433 5614 transit,
3460 5565 3576 5618 qua:
3607 5551 3657 5605 in
3689 5562 3772 5605 se-

2207 5639 2319 5710 ipsa
2346 5654 2565 5693 manens
2593 5638 2766 5693 oannia
2790 5639 3004 5693 innovat
3028 5638 3173 5712 (Sap.
3195 5658 3283 5712 vn,
3302 5641 3417 5715 27).
3446 5642 3772 5717 Quapropter

2269 5749 2341 5817 (τι)
2364 5757 2398 5801 tt
2420 5756 2623 5804 neti-act.
2647 5764 2752 5815 cap.
2782 5750 2857 5804 12.
