4036 6380
294 457 442 516 1329

288 571 419 641 quia
446 572 583 629 fides
606 573 987 634 incarnationis
1011 577 1319 654 temporalis
1341 576 1411 635 ad
1448 585 1645 636 aeterna
1689 578 1888 634 intelli-

288 667 471 735 genda
493 684 594 724 nos
623 679 907 741 prmparat,
929 679 1231 727 transeunte
1258 672 1382 729 Iesu
1403 672 1659 728 admoniti
1681 681 1804 728 sunt
1827 681 1887 729 ut

293 759 750 826 illuminarentur,
777 771 833 818 et
862 762 931 818 ab
963 771 1137 820 stante
1166 765 1445 822 illuminati
1476 773 1620 822 sunt.
1648 763 1881 837 Tempo-

295 852 435 907 ralia
460 854 600 908 enim
630 862 922 918 transeunt,
954 865 1151 912 :cterna
1176 865 1339 913 stant.

365 944 560 1002 XXIX.
588 946 691 1019 [11).
728 963 836 1013 xxi,
861 947 975 1021 21.]
1002 948 1152 1016 Quod
1182 951 1435 1006 Dominus
1478 950 1610 1007 dicit
1641 950 1885 1023 discipuli

283 1035 424 1099 suis,
455 1034 654 1091 Dicetis
676 1040 833 1092 monti
853 1039 990 1106 huic,
1019 1039 1165 1095 Tolle
1196 1051 1242 1095 et
1269 1042 1417 1112 jacta
1453 1052 1499 1097 te
1534 1043 1590 1098 in
1626 1060 1786 1107 mare,
1814 1043 1885 1100 de

276 1129 540 1200 superbia
584 1129 718 1185 dixit
759 1147 876 1201 qua:
924 1132 993 1186 ad
1036 1134 1319 1190 smcnlares
1343 1136 1572 1206 pertinet
1602 1153 1619 1193 :
1648 1136 1749 1192 boc
1775 1136 1879 1193 sibi

273 1233 477 1275 servus
500 1221 597 1276 Dei
615 1221 795 1278 dicere
811 1222 989 1291 debet,
1008 1235 1064 1278 ut
1086 1241 1206 1281 eam
1226 1243 1256 1280 ιι
1280 1242 1341 1283 se
1364 1229 1610 1298 repellat,
1635 1231 1759 1301 quia
1781 1230 1881 1301 ipsi

276 1327 389 1367 non
430 1314 705 1383 congruit.
738 1313 831 1370 Vel
868 1316 1011 1386 quod
1053 1333 1150 1388 per
1195 1333 1384 1375 eorum
1428 1321 1606 1387 fidem,
1633 1323 1754 1393 quia
1786 1338 1881 1394 per

278 1418 379 1458 eos
421 1404 773 1475 Erangelium
817 1407 1163 1476 prmdicatum
1202 1419 1303 1477 est,
1337 1412 1450 1483 ipse
1492 1413 1746 1469 Dominus
1787 1414 1877 1484 qui

280 1510 441 1550 mons
471 1497 777 1567 appellatus
804 1507 888 1554 est
916 1498 1066 1573 (lsai.
1092 1518 1146 1579 ιι,
1171 1502 1253 1576 2).
1276 1505 1481 1562 ablatus
1504 1515 1589 1563 est
1606 1523 1636 1563 a
1654 1507 1874 1575 Iudaeis,

277 1593 340 1639 ut
367 1587 421 1640 in
455 1586 662 1642 Gentes
692 1599 940 1659 tanquam
968 1591 1020 1645 in
1049 1607 1194 1649 mare
1223 1596 1683 1664 porrojaccrelur.

350 1675 531 1731 XXX.
571 1677 674 1751 [lb.
705 1694 813 1747 xxt,
842 1679 958 1754 44.]
975 1682 1126 1747 Quod
1156 1684 1408 1741 Dominus
1434 1687 1578 1755 dicit,
1607 1687 1675 1744 Et
1691 1690 1776 1759 qui
1794 1706 1880 1746 ce-

272 1770 463 1823 ciderit
492 1788 652 1839 super
687 1771 907 1843 lapidem
947 1776 1100 1829 istum
1139 1778 1486 1850 confringatur
1506 1797 1525 1834 :
1553 1797 1704 1851 super
1735 1799 1883 1853 quem

274 1874 397 1915 vero
416 1862 688 1930 ceciderit,
712 1875 937 1921 conteret
962 1884 1072 1921 eum
1100 1884 1123 1923 ,ι
1145 1868 1213 1924 dc
1257 1870 1340 1925 bis
1368 1871 1495 1927 dicit
1522 1875 1663 1943 quod
1690 1875 1884 1933 cadent

274 1969 449 2025 super
476 1972 627 2023 eum,
658 1956 748 2027 qui
787 1957 935 2012 illum
966 1960 1127 2016 modo
1155 1971 1522 2033 contemnunt,
1555 1969 1639 2023 vel
1676 1970 1881 2040 injuriis

278 2045 563 2112 afficiunt;
587 2048 707 2103 ideo
726 2050 960 2106 nondum
978 2054 1194 2123 penitus
1214 2056 1561 2125 interereunt,
1583 2062 1679 2117 sed
1703 2073 1881 2121 tamen

287 2138 724 2210 confringuntur,
772 2149 830 2197 ut
865 2159 968 2199 non
1012 2156 1157 2202 recte
1194 2149 1469 2206 ambulent
1499 2170 1513 2205 :
1543 2168 1707 2222 super
1748 2171 1882 2225 quos

283 2242 474 2286 autem
507 2233 668 2299 cadit,
699 2235 881 2291 veniet
904 2237 1007 2291 illis
1027 2239 1258 2310 desuper
1280 2242 1332 2297 in
1356 2244 1557 2313 judicio
1578 2261 1698 2302 cum
1727 2263 1882 2318 poma

278 2323 636 2395 perditzonis;
683 2326 803 2383 ideo
854 2328 1015 2398 dixit,
1046 2330 1301 2389 Conteret
1340 2350 1451 2398 eos,
1487 2346 1543 2392 ut
1580 2338 1688 2393 sint
1734 2338 1882 2409 impii

278 2421 543 2486 tanquam
571 2417 763 2487 pulvis,
794 2434 955 2489 quem
998 2423 1210 2492 projicit
1238 2437 1422 2481 ventus
1468 2445 1498 2482 a
1544 2427 1680 2486 facie
1726 2441 1882 2488 terra:

279 2505 458 2581 (Pun.
494 2525 537 2574 ε,
570 2509 651 2581 ιι).

353 2597 560 2655 XXXI.
585 2598 687 2673 [lb.
715 2618 848 2670 χχιι,
878 2603 1020 2678 2-9.]
1041 2605 1193 2674 Quod
1223 2607 1478 2665 Dominus
1499 2610 1663 2677 dixit,
1696 2613 1881 2671 Simile

278 2704 354 2748 est
382 2710 608 2765 regnum
635 2695 877 2751 caelorum
904 2698 1097 2754 homini
1123 2700 1231 2771 regi
1261 2702 1348 2771 qui
1385 2702 1502 2772 fecit
1531 2707 1734 2776 nuptias
1772 2707 1882 2777 filio

278 2800 411 2847 suo;
441 2786 668 2856 nuptias
700 2786 835 2843 dixit
863 2788 1096 2845 Verbum
1124 2790 1458 2847 incarnatum
1479 2835 1496 2859 ,
1522 2795 1641 2865 quia
1669 2796 1723 2851 in
1766 2798 1883 2866 ipso

280 2876 511 2933 homine
558 2888 811 2950 suscepto
856 2880 1092 2937 Ecclesia
1147 2883 1260 2939 Deo
1304 2885 1550 2955 copulata
1589 2898 1690 2942 est.
1730 2890 1884 2957 Quod

278 2970 455 3034 dixit,
484 2969 655 3025 Tauri
702 2973 799 3027 mei
841 2984 889 3027 et
938 2974 1106 3030 altilia
1147 2978 1311 3032 occisa
1337 2987 1455 3033 sunt
1483 2996 1503 3034 :
1531 2990 1710 3035 tauros
1753 2982 1887 3038 dixit

280 3064 567 3135 principes
586 3065 823 3136 plebium
842 3081 858 3129 ;
876 3067 1042 3123 altilia
1070 3084 1219 3136 vero,
1249 3069 1427 3126 omnia
1444 3072 1707 3141 saginata.
1729 3073 1881 3140 Quod

280 3157 421 3213 dixit
449 3158 732 3224 Dominus,
753 3156 834 3214 Ite
853 3160 923 3214 ad
969 3160 1132 3215 exitus
1148 3161 1362 3227 viarum,
1386 3172 1431 3216 et
1446 3179 1783 3234 quoscumque
1808 3165 1889 3219 in-

282 3250 553 3317 veneritis,
575 3260 747 3305 vocate
772 3252 841 3305 ad
866 3252 1070 3323 nuptias
1094 3269 1112 3306 :
1131 3254 1229 3308 vite
1255 3254 1622 3323 intelliguntur
1638 3255 1888 3325 dogmata

284 3343 588 3409 Gentium;
616 3347 738 3415 quia
769 3360 838 3401 ex
862 3346 1109 3402 omnibus
1132 3346 1236 3400 illis
1263 3346 1331 3401 ad
1357 3348 1568 3417 nuptias
1596 3356 1882 3417 venerunt,

286 3432 345 3488 id
370 3445 490 3490 cst.
525 3430 739 3489 Christo
761 3435 1122 3491 crediderunt.

362 3526 587 3582 XXXII.
626 3525 725 3599 [lb.
751 3544 881 3592 xxn,
902 3527 1020 3601 25.]
1053 3527 1203 3595 Quod
1231 3528 1508 3585 Sadducaei
1542 3529 1728 3586 dicunt
1766 3531 1873 3586 Do-

290 3617 440 3672 mino
455 3658 475 3683 ,
514 3615 742 3672 Fuerunt
765 3618 905 3690 apud
932 3635 1024 3674 nos
1040 3628 1230 3690 septem
1252 3616 1453 3691 fratres,
1474 3631 1519 3674 et
1535 3636 1668 3676 unus
1681 3632 1890 3693 accepta

289 3726 452 3765 uxore
478 3709 625 3775 obiit,
653 3718 699 3765 et
726 3710 975 3765 secundus
998 3751 1013 3776 ,
1064 3721 1113 3765 et
1159 3712 1364 3775 caeteri;
1393 3711 1761 3782 intelliguntur
1790 3711 1890 3768 lto-

292 3802 467 3857 miocs
499 3801 682 3870 impii,
714 3803 802 3873 qui
832 3802 1064 3858 fructum
1086 3803 1310 3874 justitiae
1354 3819 1460 3860 non
1491 3813 1779 3875 potuerunt
1805 3794 1887 3862 af-

292 3890 432 3949 ferre
459 3895 519 3948 in
545 3904 683 3948 terra
715 3908 810 3963 per
837 3909 1024 3950 oumes
1071 3905 1277 3965 septem
1303 3897 1484 3951 mundi
1525 3907 1741 3960 mtatcs,
1770 3900 1890 3968 qui—

292 3981 394 4038 bus
433 3982 547 4041 ista
591 3992 732 4038 terra
770 3984 1013 4040 consistit
1043 4003 1056 4040 :
1086 3995 1271 4056 postea
1309 3987 1451 4042 enim
1494 3999 1549 4043 et
1598 3989 1711 4058 ipsa
1748 3997 1888 4044 terra

296 4076 558 4142 transiet,
598 4091 693 4146 per
718 4091 876 4145 quam
926 4091 1114 4132 omnes
1152 4076 1226 4132 illi
1279 4078 1427 4148 quasi
1456 4088 1661 4149 septem
1712 4080 1890 4135 mariti

294 4168 559 4222 stcriliter
581 4168 923 4223 transierunt.

368 4258 619 4316 XXXIII.
644 4259 745 4332 [11).
775 4276 880 4314 xxu
902 4301 917 4327 ,
941 4260 1056 4333 40.]
1082 4261 1234 4330 Quod
1262 4262 1519 4318 Dominus
1542 4262 1693 4329 dicit,
1721 4262 1790 4317 In
1809 4264 1890 4321 his

293 4352 499 4407 duobus
527 4354 797 4425 prwccpu's
823 4364 925 4408 tota
952 4354 1062 4410 Lea:
1094 4357 1275 4427 pendet
1300 4366 1346 4412 et
1371 4355 1683 4427 Prophelat;
1708 4358 1890 4428 pendet

295 4443 465 4509 dixit,
501 4443 553 4498 id
581 4452 695 4511 cst,
721 4445 812 4501 illo
832 4445 1079 4511 refertur,
1109 4447 1181 4502 ibi
1214 4449 1372 4503 habet
1398 4449 1576 4505 finem.

368 4534 622 4590 XXXIV.
656 4535 756 4609 [lb.
788 4554 971 4602 χχχιιι,
1002 4541 1089 4605 17,
1124 4539 1236 4612 19.]
1263 4540 1414 4608 Quod
1438 4542 1693 4599 Dominus
1723 4543 1883 4612 dixit,

297 4628 439 4693 Quid
468 4629 607 4684 enim
630 4632 795 4700 majus
813 4642 884 4686 est
902 4672 918 4697 ,
955 4650 1155 4700 aurum,
1186 4651 1251 4689 an
1278 4637 1519 4707 templum
1542 4637 1678 4706 quod
1703 4641 1892 4694 sancti-

297 4723 416 4791 ficat
443 4725 667 4778 aurum?
690 4733 747 4778 et
774 4723 899 4779 item
941 4725 1115 4791 dixit,
1147 4727 1282 4793 Quid
1305 4729 1438 4783 enim
1466 4731 1631 4801 majus
1660 4741 1765 4799 est,
1796 4732 1890 4787 do-

298 4831 444 4881 num,
468 4831 538 4868 an
563 4813 729 4868 altare
755 4818 889 4885 quod
927 4819 1210 4887 sanctiﬁcat
1233 4820 1459 4875 donum?
1487 4821 1886 4894 intelligendum

297 4906 561 4975 templum
587 4915 639 4961 et
666 4907 831 4962 altare
855 4908 1026 4978 ipsum
1051 4908 1317 4966 Christum
1339 4928 1354 4978 ;
1378 4927 1563 4968 aurum
1585 4921 1639 4968 et
1665 4913 1885 4983 donum,

296 4995 488 5053 laudes
516 5005 575 5053 et
599 4996 857 5053 sacriﬁcia
889 5015 1108 5070 precum
1129 5043 1142 5067 ,
1176 5019 1295 5072 qua)
1337 5003 1394 5059 in
1419 5019 1485 5059 eo
1515 5021 1609 5076 per
1652 5023 1776 5062 eum
1805 5010 1887 5063 of-

298 5085 547 5142 ferimus.
578 5086 696 5144 Non
746 5091 888 5146 enim
917 5091 1004 5147 ille
1042 5108 1139 5163 per
1181 5093 1327 5162 haec,
1369 5094 1465 5152 sed
1489 5096 1588 5153 ista
1617 5113 1713 5171 per
1737 5099 1885 5155 illum

295 5180 723 5236 sanctilicantur.

370 5271 595 5329 XXXV.
640 5271 738 5345 [lb.
765 5289 915 5343 χχιιι,
945 5274 1018 5332 '23
1037 5286 1082 5330 et
1103 5276 1217 5351 ΞΜ
1247 5278 1398 5347 Quod
1433 5279 1690 5338 Dominus
1713 5282 1881 5352 dixit,

302 5361 614 5422 Excolantes
656 5366 887 5435 culicem,
919 5368 1145 5424 refertur
1186 5369 1251 5425 ad
1302 5371 1353 5427 id
1382 5373 1526 5442 quod
1554 5374 1715 5437 dixit,
1742 5375 1887 5431 deci-

302 5472 453 5514 mare
481 5459 601 5513 illos
622 5457 821 5513 minuta
849 5475 1091 5531 qumque.
1118 5460 1378 5516 Camelnm
1404 5463 1688 5534 gluticntes,
1716 5465 1884 5521 refer-

307 5556 396 5604 tur
418 5548 486 5604 ad
516 5548 570 5603 id
595 5549 735 5619 quod
778 5549 941 5616 dixit,
967 5550 1249 5608 Prwteritis
1273 5557 1504 5625 graviora
1534 5554 1681 5627 Legis
1696 5574 1715 5622 ;
1735 5558 1885 5612 mise-

302 5639 605 5710 ricordiam,
631 5651 681 5696 et
706 5642 980 5713 judicium,
1023 5654 1069 5698 et
1109 5645 1263 5714 ﬁdem
1286 5660 1306 5699 :
1330 5655 1387 5701 ut
1427 5647 1527 5702 iste
1554 5648 1625 5702 sit
1665 5662 1883 5715 sensus,

304 5730 520 5791 Minima
535 5734 849 5800 observatis,
879 5737 1107 5792 maxima
1134 5739 1496 5794 contemnitis.
1521 5740 1597 5795 Ex
1620 5738 1721 5796 hac
1741 5743 1882 5798 enin:

306 5827 654 5896 perversitate
677 5828 838 5883 etiam
870 5827 994 5883 illud
1020 5829 1099 5884 eis
1126 5831 1345 5895 accidit,
1374 5846 1480 5901 quo
1516 5842 1740 5902 possunt
1768 5834 1883 5890 haec

311 5929 404 5987 pes
459 5918 765 5992 allegoriam
829 5919 1043 5987 referri,
1102 5931 1156 5977 ut
1208 5918 1536 5982 dimitterent
1587 5924 1881 5984 Barabbam

1680 459 1887 517 LIBER
1926 458 2198 522 PRIMUS.
2284 442 2289 447 ’

2600 408 2660 445 ιιι
3397 418 3405 428 ε

3440 485 3583 545 «1550

2000 575 2211 652 (Matth.
2239 585 2401 653 xiv",
2441 586 2554 660 20),
2590 589 2710 661 quia
2756 591 3001 651 videlicet
3043 595 3159 664 ipse
3205 612 3310 654 non
3338 600 3577 659 solveret

1996 672 2273 730 sabbatum
2290 718 2304 739 ,
2331 679 2474 748 quod
2500 695 2685 752 magna
2707 682 2972 753 diligentia
2994 688 3283 743 carnaliter
3309 691 3568 748 observa—

1995 762 2153 833 bant;
2179 768 2482 826 occiderent
2524 785 2725 830 autem
2755 776 3033 834 Dominum
3078 782 3429 851 spiritualiter
3447 786 3571 842 sab-

1993 855 2171 912 batum
2200 860 2553 918 insinuantem
2585 880 2682 935 per
2717 867 3131 926 miseriCordiam
3162 883 3215 928 et
3239 874 3496 943 judicium
3519 886 3576 933 et

1993 945 2174 1015 fidem,
2199 966 2317 1020 qua:
2345 952 2421 1007 illi
2451 955 2679 1012 maxime
2715 960 3144 1031 contemnebant.
3175 964 3306 1020 Nam
3340 976 3395 1021 et
3438 969 3573 1024 culi-

1991 1039 2069 1093 cis
2088 1041 2304 1097 nomine
2321 1059 2426 1098 non
2445 1045 2675 1103 absurde
2697 1048 2953 1119 liguratur
2971 1053 3257 1110 seditiosus
3281 1055 3569 1126 homicida;

1992 1130 2114 1199 quia
2138 1130 2238 1188 hoc
2268 1135 2465 1189 animal
2495 1145 2549 1192 et
2575 1139 2863 1209 Strcpeudo
2908 1141 3185 1213 inquietat,
3223 1157 3276 1201 et
3310 1149 3571 1220 sanguine

1991 1218 2287 1279 delectatur
2314 1243 2327 1280 :
2355 1235 2408 1281 et
2435 1230 2623 1285 cameli
2651 1231 2887 1289 'nomine
2938 1245 3156 1306 prepter
3204 1218 3570 1297 humiliantem

1991 1328 2051 1369 se
2073 1315 2140 1371 ad
2169 1316 2438 1374 subeunda
2464 1335 2625 1377 onera
2652 1326 3086 1396 magnitudinem,
3108 1329 3414 1402 intelligitur
3436 1347 3569 1389 con-

1988 1417 2241 1477 gruenter
2266 1410 2537 1466 Dominus.
2802 1416 2807 1421 ’
3600 1443 3605 1473 π

2064 1499 2299 1555 XXXVI.
2329 1500 2427 1574 [lb.
2447 1520 2594 1571 χχιιι,
2627 1505 2743 1579 37.]
2774 1508 2924 1576 Quod
2947 1509 3079 1564 dixit
3111 1512 3365 1570 Dominus
3388 1515 3453 1571 ad
3475 1515 3571 1572 Je-

1990 1591 2237 1658 rusalem,
2274 1593 2479 1658 Quoties
2505 1597 2640 1651 volui
2660 1615 2963 1671 congregare
2986 1603 3121 1671 ﬁlios
3145 1613 3274 1669 tuos,
3299 1606 3426 1660 sicut
3452 1608 3570 1677 gal-

1990 1683 2094 1738 lina
2142 1697 2413 1757 congregat
2454 1688 2588 1757 ﬁlios
2627 1707 2743 1745 suos
2783 1691 2873 1746 sub
2912 1694 3057 1760 alas,
3106 1704 3152 1748 ct
3195 1696 3437 1751 noluisti?
3465 1698 3570 1754 hoc

1988 1794 2156 1849 genus
2183 1780 2469 1835 animantis
2500 1798 2743 1853 magnum
2771 1784 3013 1841 affectum
3036 1787 3088 1841 in
3118 1787 3253 1843 filios
3281 1789 3457 1857 habet,
3491 1791 3564 1846 ita

1990 1879 2048 1925 ut
2096 1886 2279 1926 eorum
2322 1872 2625 1932 infirmitate
2690 1876 2875 1932 affecta
2926 1886 2979 1934 et
3004 1879 3117 1949 ipsa
3146 1880 3478 1948 infirmetur;
3509 1893 3569 1939 ct

1989 1962 2129 2031 quod
2151 1963 2419 2020 dlilicilius
2459 1966 2509 2021 in
2541 1972 2745 2023 caeteris
2774 1970 3131 2025 animantibus
3160 1974 3398 2028 invenies
3419 2015 3434 2040 ,
3461 1974 3563 2029 alis

1989 2054 2099 2109 suis
2126 2052 2262 2110 lilivrs
2288 2066 2589 2128 protegens,
2609 2070 2794 2115 Contra
2818 2061 3033 2116 milvum
3058 2075 3255 2133 pugnet
3280 2066 3563 2121 :sicetiam

1989 2154 2161 2200 mater
2189 2154 2369 2201 nostra
2399 2147 2665 2218 Sapientia
2686 2149 2780 2204 Dei
2800 2190 2815 2214 ,
2848 2167 2942 2221 per
2968 2153 3144 2208 carnis
3169 2156 3560 2225 susceptionem

1990 2232 2252 2290 infirmata
2272 2237 2661 2307 quodammodo
2679 2238 2840 2312 (unde
2869 2250 2924 2295 et
2942 2243 3225 2312 Apostolus
3244 2245 3401 2312 dicit,
3416 2244 3567 2312 Quod

1989 2325 2248 2395 infirmum
2269 2327 2387 2395 Dei,
2413 2331 2593 2403 fortius
2613 2342 2687 2386 est
2703 2332 2987 2388 hominibus
3015 2333 3062 2404 (Ι
3088 2335 3203 2390 Cor.
3235 2354 3272 2402 ι,
3303 2336 3418 2409 25),
3451 2354 3569 2409 pro-

1992 2418 2118 2487 tegit
2148 2418 2506 2476 infirmitatem
2529 2432 2786 2489 nostram,
2815 2433 2868 2478 et
2896 2425 3098 2481 resistit
3124 2426 3356 2495 diabolo,
3381 2444 3448 2484 ne
3469 2444 3568 2485 nos

1989 2508 2179 2577 rapiat.
2210 2508 2264 2562 In
2292 2526 2393 2580 qua
2416 2510 2747 2579 defensione,
2776 2515 2915 2584 quod
2942 2515 3029 2570 illa
3061 2516 3317 2574 adversus
3348 2519 3571 2575 miivum

1989 2608 2213 2653 conatur
2235 2600 2426 2656 affectu
2446 2642 2462 2669 ,
2488 2601 2603 2657 haec
2630 2602 2884 2660 adversus
2909 2606 3179 2663 diabolum
3218 2609 3426 2680 perficit
3464 2626 3565 2681 p0-

1991 2700 2201 2747 testate.
3566 2730 3574 2736 .

2063 2782 2325 2839 XXXVII.
2352 2783 2448 2858 [lb.
2475 2802 2618 2854 xxiv,
2645 2787 2759 2860 20].
2784 2788 2935 2856 Quod
2961 2789 3216 2847 Dominus
3241 2792 3393 2861 dixit,
3415 2792 3569 2849 Orate

1992 2890 2054 2929 ne
2079 2876 2168 2944 fiat
2191 2880 2314 2947 fuga
2340 2887 2500 2931 vestra
2529 2878 2690 2933 hieme
2717 2880 2792 2933 vel
2835 2881 3061 2948 sabbato,
3094 2882 3146 2937 id
3172 2891 3278 2950 est,
3306 2900 3372 2938 nc
3409 2884 3569 2955 impe-

1992 2964 2227 3019 dimcnlo
2251 2966 2429 3037 aliquo
2451 2967 2795 3023 detineamini
2816 2988 2827 3023 :
2852 2972 2973 3040 quia
3005 2981 3057 3026 ct
3083 2971 3278 3039 hieme,
3310 2974 3571 3031 imbribus

1992 3057 2077 3111 vel
2104 3056 2328 3126 frigore;
2359 3069 2413 3113 et
2439 3059 2679 3127 sabbato,
2711 3062 2763 3115 in
2781 3077 2884 3133 quo
2926 3064 3186 3132 proficisci
3216 3081 3320 3120 non
3352 3067 3565 3136 licebat,

1994 3146 2379 3217 impediebatur
2399 3150 2517 3220 quis
2543 3149 2611 3205 ab
2640 3151 2846 3207 itinere.
2880 3153 2972 3209 Vel
2992 3154 3131 3209 aliud
3151 3198 3167 3221 ,
3199 3171 3266 3210 ne
3292 3156 3342 3210 in
3364 3158 3571 3216 tristitia

1994 3247 2086 3291 aut
2115 3238 2293 3292 laetitia
2323 3254 2501 3295 rerum
2533 3243 2905 3312 temporalium
2945 3244 3064 3315 quis
3111 3245 3410 3302 inveniatur
3430 3264 3461 3302 a
3485 3247 3575 3305 die

1994 3327 2105 3383 illa.

2066 3419 2352 3475 XXXVIII.
2387 3419 2485 3494 [lb.
2516 3438 2660 3490 xxnv,
2690 3423 2910 3498 23-27.]
2950 3425 3099 3495 Quod
3131 3427 3384 3484 Dominus
3418 3429 3572 3495 dicit,

1998 3509 2144 3564 Sicut
2186 3511 2319 3565 enim
2363 3512 2537 3583 fulgur
2567 3513 2664 3567 erit
2686 3513 2747 3567 ab
2767 3515 2975 3581 oriente,
3004 3526 3049 3569 et
3083 3518 3302 3588 pervenit
3332 3519 3572 3590 usquead

1996 3601 2330 3666 occidentem;
2369 3603 2441 3656 ita
2465 3604 2557 3657 erit
2576 3613 2622 3658 et
2650 3604 2889 3660 adventus
2916 3605 3041 3661 Filii
3069 3608 3324 3674 hontinis;
3351 3611 3572 3668 orientis

1996 3699 2051 3745 et
2074 3691 2363 3748 occidentis
2383 3694 2598 3750 nomine
2627 3704 2794 3749 totum
2821 3697 3003 3752 orbem
3032 3699 3197 3753 voluit
3245 3700 3560 3770 signiﬁcare,

1995 3795 2093 3851 per
2120 3798 2277 3853 quem
2322 3782 2497 3839 futura
2526 3795 2641 3840 erat
2667 3786 2926 3854 Ecclesia,
2979 3789 3261 3859 incipiente
3287 3791 3572 3863 Evangelia

1995 3873 2064 3928 ab
2087 3873 2380 3930 Jerusalem
2407 3874 2557 3948 (Luc.
2589 3892 2732 3944 XXIV,
2759 3877 2875 3949 47),
2917 3878 3210 3934 secundum
3257 3881 3405 3936 illum
3443 3896 3571 3937 sen-

1998 3978 2118 4019 sum
2157 3982 2263 4036 quo
2296 3966 2462 4031 dixit,
2504 3967 2699 4021 Amodo
2745 3968 2968 4023 videbitis
3004 3969 3198 4025 Filium
3247 3971 3463 4027 hominis
3494 3988 3573 4029 vc-

1994 4056 2211 4111 nientem
2262 4058 2315 4112 in
2350 4058 2560 4113 nubibus
2588 4058 2798 4130 (Matth.
2844 4077 2986 4129 xxvr,
3017 4064 3129 4133 64).
3183 4062 3574 4121 Convonienter

1995 4148 2137 4202 enim
2163 4149 2456 4204 Ecclesium
2481 4153 2497 4183 ¹
2524 4167 2665 4207 nunc
2690 4153 2864 4223 fulgur
2889 4156 3201 4221 nominavit,
3233 4158 3371 4227 quod
3403 4159 3571 4234 maxi-

1996 4256 2081 4296 me
2108 4241 2244 4297 solet
2272 4243 2502 4299 emicare
2542 4243 2608 4298 de
2638 4243 2885 4300 nubibus.
2924 4245 3218 4303 Coustituta
3249 4263 3376 4317 ergo
3398 4260 3572 4305 aucto-

1995 4336 2154 4401 ritate
2172 4336 2426 4392 Ecclesia:
2471 4352 2566 4407 per
2606 4337 2791 4393 orbem
2823 4347 3081 4394 terrarum
3108 4341 3249 4394 clara
3274 4350 3432 4413 atque
3460 4358 3575 4397 nia--

1994 4429 2225 4497 nifesta,
2279 4439 2666 4500 consequenter
2728 4430 3017 4503 discipulos
3070 4432 3355 4502 admonet,
3412 4445 3573 4506 atque

1994 4536 2180 4576 attines
2231 4520 2437 4587 fideles,
2487 4532 2541 4575 et
2567 4522 2654 4591 qui
2687 4522 2739 4576 in
2766 4538 2887 4578 eum
2916 4523 3135 4579 crcderc
3178 4525 3459 4591 voluerint,
3508 4542 3574 4582 na

1994 4602 2347 4668 schismaticis
2375 4622 2533 4683 atque
2564 4613 2825 4668 luereticis
2874 4615 3108 4669 credant.
3144 4615 3571 4689 Unumquodque

1995 4704 2138 4759 enim
2158 4704 2411 4770 schisma,
2436 4714 2493 4760 et
2510 4720 2838 4775 unaquaeque
2855 4705 3092 4772 barresis,
3116 4716 3206 4761 aut
3228 4706 3399 4762 locum
3417 4722 3573 4762 suum

1996 4794 2157 4849 habet
2208 4795 2260 4848 in
2313 4795 2443 4849 orbe
2488 4804 2779 4857 terrarum,
2813 4804 3014 4864 partem
3063 4796 3295 4865 aliquam
3348 4806 3567 4861 tenens;

2003 4896 2094 4942 aut
2114 4887 2353 4942 obscuris
2381 4897 2538 4956 atque
2558 4886 2782 4941 occultis
2804 4887 3188 4941 conventiculis
3211 4888 3573 4943 curiositatem

1998 4978 2269 5034 hominum
2296 4977 2510 5047 decipit.
2541 4978 2657 5044 Quo
2689 4977 3070 5047 pertinetqood
3094 4978 3199 5045 ait,
3226 4979 3288 5034 Si
3311 4980 3420 5051 quis
3438 4981 3575 5035 vobis

1996 5072 2208 5137 dixerit,
2243 5070 2375 5125 Ecce
2398 5072 2477 5124 hic
2501 5079 2575 5124 est
2598 5068 2853 5135 Christus,
2875 5080 2962 5123 aut
2990 5071 3125 5135 illic,
3150 5072 3289 5142 quod
3316 5072 3577 5143 significat

1996 5174 2259 5219 terrarum
2291 5172 2464 5232 partes
2484 5171 2538 5215 et
2566 5162 2952 5231 provinciarum
2988 5175 3105 5217 :aut
3135 5165 3186 5217 in
3214 5165 3570 5235 penetralibus,

1995 5263 2081 5309 aut
2104 5256 2157 5309 in
2177 5254 2369 5308 deserto
2385 5296 2399 5320 ,
2423 5254 2565 5324 quod
2595 5253 2856 5324 significa:
2883 5254 3111 5309 obscura
3140 5264 3195 5311 et
3221 5258 3427 5312 occulta
3452 5273 3577 5312 cou-

2000 5346 2257 5403 venttcula
2289 5328 2677 5401 luureticorum.
2724 5345 2875 5413 Quod
2928 5361 3056 5418 ergo
3093 5348 3244 5415 dixit,
3275 5350 3342 5403 ab
3368 5350 3573 5404 oriente

1996 5442 2050 5496 in
2080 5439 2410 5496 occidentem
2442 5448 2817 5510 perventurum
2848 5439 3131 5495 adventum
3171 5456 3345 5505 suum,
3384 5450 3568 5495 contra

1995 5533 2113 5588 illos
2142 5532 2281 5587 valet
2304 5532 2391 5603 qui
2420 5547 2515 5603 per
2536 5540 2796 5587 terrarum
2825 5532 3104 5601 particulas
3130 5533 3487 5597 nominantur,
3518 5548 3571 5590 et

1996 5623 2177 5680 dicunt
2203 5623 2339 5694 apud
2365 5638 2424 5680 se
2453 5638 2572 5678 esse
2600 5623 2888 5678 Christum.
2920 5620 3071 5688 Quod
3097 5628 3272 5676 autem
3302 5624 3394 5688 ait,
3420 5622 3565 5677 Sicut

1997 5714 2192 5788 fulgur,
2224 5721 2407 5769 contra
2458 5712 2581 5768 illos
2622 5712 2785 5780 valet,
2838 5711 2927 5783 qui
2979 5705 3193 5765 occulte'
3240 5724 3566 5785 congregant

2059 5874 2077 5905 ί
2096 5880 2214 5922 Tres
2228 5878 2356 5931 Mss,
2375 5869 2707 5934 conﬁdenter
2722 5868 2850 5920 enim
2862 5844 3005 5926 etittm
3020 5881 3145 5934 nime
3160 5867 3344 5934 fthur,
3367 5878 3461 5922 etc.

1996 5934 2216 5996 totidem,
2234 5928 2567 5986 conuenienter
2582 5930 2754 5985 etenim
2766 5934 2875 5993 jam
2896 5944 3021 5984 nunc
3034 5928 3218 5996 fulgur,
3231 5928 3339 5984 'etcl
