4036 6450
361 397 501 456 1535

353 702 471 761 est,
510 707 735 763 quorum
775 690 986 746 diversa
1022 687 1237 746 nomina
1273 683 1467 755 singuli
1507 679 1855 752 Evangelistte
1884 677 1939 733 in

356 798 452 839 sua
492 783 715 853 quisque
739 779 1045 836 narratione
1069 775 1395 835 contexunt?
1414 773 1550 842 Quid
1577 780 1847 843 postremo
1871 767 1941 824 de

356 966 426 1023 ad
454 960 634 1023 David
677 964 1024 1037 quadraginta
1071 969 1195 1018 tres
1223 959 1592 1032 generationes
1626 962 1937 1021 enumerat,

356 1057 636 1113 Matthaaus
673 1065 848 1112 autem
892 1072 922 1110 a
966 1053 1130 1110 David
1164 1066 1334 1124 usque
1360 1051 1428 1107 ad
1456 1050 1735 1106 Dominum
1757 1047 1940 1118 viginti

358 1161 481 1207 octo
506 1151 588 1206 vel
618 1150 799 1222 viginti
819 1148 1068 1220 septem?
1092 1147 1235 1203 Certi
1261 1146 1407 1202 enim
1432 1142 1749 1200 sacramenti
1772 1139 1939 1212 gratia

262 1311 266 1315 ῥ
360 1257 528 1313 usque
572 1241 639 1296 ad
674 1239 1220 1311 transmigrationem,
1248 1245 1303 1292 et
1326 1236 1393 1290 ab
1418 1235 1529 1305 ipsa
1550 1234 1676 1289 item
1697 1229 1943 1288 transmi-

357 1336 599 1405 gratione
629 1351 765 1390 unus
791 1334 871 1389 bis
893 1342 1220 1389 numeratur.
1250 1327 1606 1399 Quaerendum
1634 1326 1793 1398 igitur
1811 1337 1943 1394 quo-

360 1425 520 1482 moda
556 1426 689 1481 duos
729 1436 907 1496 patres
943 1423 1178 1495 potuerit
1216 1421 1414 1477 habere
1454 1417 1674 1489 Ioseph.
1717 1416 1785 1472 Et
1810 1414 1942 1471 mihi

358 1516 572 1589 quidem
595 1517 644 1570 in
669 1515 949 1588 praesentia
970 1524 1078 1571 tres
1096 1528 1271 1571 causa:
1289 1519 1591 1577 occurrunt,
1610 1523 1834 1581 quarum
1853 1509 1946 1563 ali-

360 1623 520 1678 quam
570 1606 910 1679 Evangelista
955 1615 1172 1662 secutus
1198 1606 1289 1661 sit.
1342 1606 1451 1659 Aut
1480 1603 1621 1658 enim
1656 1614 1792 1657 unus
1826 1608 1943 1657 erat

357 1699 554 1771 Ioseph
578 1700 834 1755 naturalis
861 1708 1028 1770 pater,
1060 1707 1114 1754 et
1132 1698 1268 1753 alter
1293 1711 1417 1754 eum
1445 1694 1825 1766 adoptaverat:
1853 1702 1945 1749 aut

359 1807 508 1847 more
526 1791 850 1858 Judazorum,
879 1806 999 1846 cum
1014 1790 1137 1845 sine
1159 1787 1283 1844 ﬁliis
1294 1803 1433 1843 unus
1448 1785 1788 1852 decessisset,
1808 1799 1941 1840 uxo-

358 1898 472 1938 rem
512 1883 627 1953 ejus
667 1882 993 1953 propinquus
1030 1881 1335 1951 accipiens,
1381 1878 1547 1933 ﬁlium
1577 1892 1735 1950 quem
1763 1876 1945 1946 genuit

359 1974 656 2045 propinquo
703 1983 913 2028 mortuo
950 1972 1223 2042 deputavit
1261 1969 1436 2041 (Deut.
1480 1984 1621 2035 xxv,
1664 1967 1727 2033 5,
1761 1967 1858 2039 6);
1885 1976 1945 2023 ut

357 2081 477 2122 cum
505 2066 574 2121 ab
601 2066 771 2121 altero
800 2064 952 2120 alteri
977 2064 1188 2136 genitus
1210 2070 1354 2119 esset
1370 2060 1566 2132 Ioseph
1584 2102 1599 2124 ,
1622 2058 1943 2116 convenien-
1987 2067 1996 2089 ί

260 2178 269 2186 ·
359 2168 443 2216 ter
461 2158 597 2215 duos
613 2168 788 2229 patres
809 2157 1005 2215 habere
1022 2158 1315 2214 diceretur.
1331 2158 1438 2213 Aut
1453 2171 1590 2212 unus
1608 2154 1941 2226 Evangelista

357 2263 561 2325 patrem
599 2252 717 2323 ejus
741 2267 772 2306 a
798 2266 903 2323 quo
927 2252 1138 2322 genitus
1159 2260 1270 2318 est,
1303 2250 1631 2315 nominavit;
1658 2248 1795 2304 alter
1814 2260 1943 2303 vero

358 2344 444 2400 vel
472 2359 630 2400 avum
657 2352 955 2398 maternum
978 2383 995 2409 ,
1028 2343 1113 2399 vel
1134 2342 1362 2412 aliquem
1383 2341 1450 2398 de
1473 2339 1713 2410 cognatis
1726 2337 1943 2408 majori-

359 2436 459 2492 bus
493 2436 703 2507 posuit,
731 2434 816 2489 cui
838 2442 1055 2505 propter
1077 2433 1551 2504 consanguinitatis
1572 2430 1863 2497 vinculum,
1888 2429 1943 2483 in

359 2529 457 2585 ﬁlii
494 2530 613 2585 loco
644 2528 841 2599 Ioseph
878 2543 982 2583 non
1007 2527 1237 2583 absurde
1255 2525 1669 2581 constitueretur
1687 2565 1703 2591 ,
1736 2532 1795 2578 ut
1820 2520 1945 2577 inde

358 2623 468 2692 jam
508 2636 677 2692 usque
723 2621 791 2677 ad
835 2619 1004 2676 David
1045 2634 1150 2675 non
1189 2618 1436 2675 eumdem
1483 2633 1641 2690 quem
1666 2616 1946 2673 Mattbaaus

358 2713 758 2785 generationum
805 2712 1047 2767 ordinem
1076 2720 1298 2768 tereret.
1343 2709 1399 2766 ln
1430 2710 1621 2781 quibus
1650 2709 1825 2764 causis
1854 2708 1944 2763 illa

361 2806 572 2861 videtur
600 2805 829 2872 inﬁrma,
860 2820 1021 2875 quam
1063 2803 1302 2859 secundo
1330 2803 1448 2858 loco
1469 2801 1742 2870 posuimus
1775 2819 1788 2854 :
1817 2800 1943 2869 quia

340 2892 482 2956 cum
521 2901 744 2971 quisque
785 2897 925 2967 apud
960 2895 1174 2951 Iudaeos
1214 2893 1465 2951 defuncto
1509 2892 1673 2955 fratre
1713 2891 1797 2947 vel
1823 2904 1949 2961 pro-

360 2992 563 3062 pinquo
607 2992 811 3060 prolem
855 2988 924 3043 de
965 3000 1132 3042 uxore
1156 2985 1273 3056 ejus
1299 2985 1619 3049 exsuscitat,
1650 2978 1776 3039 illud
1792 2982 1945 3057 (quod

362 3084 598 3139 nascitur
636 3096 829 3135 nomen
872 3077 1105 3134 defuncti
1133 3077 1269 3132 solet
1292 3076 1537 3147 accipere
1564 3075 1659 3146 (ιι).
1689 3075 1830 3146 Ergo
1855 3083 1948 3130 aut

362 3172 579 3243 adoptio
606 3170 763 3226 solvit
788 3172 943 3225 istam
971 3168 1318 3240 quaestionem
1337 3207 1353 3234 ,
1380 3175 1474 3222 aut
1493 3166 1644 3237 origo
1662 3166 1942 3235 majorum,

363 3273 454 3320 aut
477 3263 649 3332 aliqua
674 3262 775 3315 alia
803 3276 964 3317 causa
987 3302 1002 3325 ,
1024 3273 1143 3331 qua:
1168 3258 1326 3315 nobis
1344 3258 1397 3313 in
1427 3258 1707 3329 praesentia
1727 3274 1833 3314 non
1848 3273 1945 3316 oc-

364 3357 546 3411 currit.
569 3352 902 3421 Quapropter
926 3358 1068 3406 tanta
1094 3359 1175 3405 est
1194 3364 1379 3405 eorum
1399 3348 1689 3416 dementia,
1704 3349 1794 3420 qui
1819 3348 1949 3405 faci-

366 3444 468 3500 lius
509 3442 813 3498 dilabuntur
849 3439 917 3496 ad
958 3440 1411 3510 Evangelistarum
1436 3439 1667 3509 aliquem
1694 3438 1763 3496 de
1790 3454 1946 3497 men-

334 3532 520 3592 ‘dacio
562 3532 978 3598 criminandum,
1017 3545 1178 3602 quam
1219 3543 1409 3586 causas
1442 3539 1712 3601 quaerant,
1748 3546 1845 3587 cur
1867 3529 1948 3586 di-

367 3640 520 3683 versa
559 3635 768 3698 patrum
811 3625 1023 3680 nomina
1062 3621 1256 3693 singuli
1293 3622 1865 3686 eommemoraverint,
1892 3630 1951 3676 ut

334 3722 337 3725 ’
370 3728 573 3774 temere
593 3717 798 3773 dicatur
819 3715 953 3771 duas
980 3713 1122 3770 solas
1139 3727 1258 3770 esse
1277 3726 1493 3777 causas,
1514 3711 1704 3783 quibus
1730 3710 1782 3766 id
1805 3721 1950 3768 recte

368 3811 483 3867 ﬁeri
522 3809 755 3879 potuerit
773 3850 789 3875 ,
825 3822 945 3864 cum
986 3815 1163 3862 tamen
1185 3803 1254 3862 ad
1274 3802 1582 3861 solvendam
1603 3803 1948 3875 quaestionem

369 3902 455 3959 vel
474 3918 638 3957 unam
666 3899 904 3955 invenire
926 3895 1177 3954 sufficiat.

440 3994 531 4050 Vl.
574 3992 673 4067 [lb.
699 4008 777 4057 ιιι,
804 3988 1020 4064 25-58.]
1038 3988 1174 4058 Quid
1193 3988 1294 4046 sibi
1315 3987 1445 4045 velit
1460 3986 1601 4059 quod
1620 3986 1951 4058 septuaginta

372 4096 577 4160 septem
608 4100 849 4156 personae
873 4083 1164 4141 secundum
1191 4081 1583 4154 generationes,
1622 4094 1754 4151 quas
1782 4079 1951 4135 Lucas

374 4188 587 4237 secutus
613 4185 713 4242 est,
742 4176 1101 4240 inveniuntur,
1135 4173 1301 4245 quaeri
1323 4181 1518 4243 potest.
1544 4171 1677 4227 Nam
1710 4179 1765 4227 et
1793 4170 1953 4242 hujus

374 4270 584 4327 numeri
634 4268 960 4324 mentionem
1003 4265 1257 4322 Dominus
1282 4262 1434 4331 fecit,
1464 4279 1584 4320 cum
1614 4278 1735 4320 eum
1766 4263 1953 4319 Petrus

374 4362 442 4416 de
468 4358 794 4416 dimittendis
817 4356 1046 4427 peccatis
1062 4355 1240 4411 fratris
1262 4355 1657 4425 interrogasset.
1680 4353 1767 4408 Ait
1785 4353 1950 4420 enim,

375 4465 482 4505 non
511 4449 684 4503 solum
713 4447 928 4515 septies,
961 4443 1054 4500 sed
1082 4444 1387 4514 septuagies
1406 4443 1603 4512 septies
1625 4456 1745 4509 esse
1776 4441 1955 4497 dimit-

376 4541 593 4597 tendum
615 4538 827 4610 (Matth.
853 4552 1003 4604 xviii,
1027 4536 1144 4609 2‘2).
1180 4535 1334 4593 Unde
1358 4545 1502 4592 recte
1536 4534 1771 4591 creditur
1803 4549 1954 4590 com-

376 4631 765 4688 memoratione
784 4628 944 4698 hujus
963 4628 1168 4685 numeri
1192 4628 1369 4683 omnia
1398 4636 1612 4697 peccata
1629 4625 1852 4697 iussisse
1873 4626 1956 4682 di-

374 4722 1002 4798 mitti;'quandoquidem
1045 4723 1159 4793 ipse
1198 4737 1293 4791 per
1318 4736 1475 4792 quem
1520 4728 1734 4792 peccata
1776 4720 1954 4775 omnia

375 4817 594 4874 dimissa
623 4823 765 4882 sunt,
795 4814 1182 4885 septuagesima
1224 4821 1278 4867 et
1329 4812 1551 4881 septima
1589 4811 1950 4881 generatione,

374 4908 667 4965 secundum
691 4905 1026 4977 evangelista:
1055 4903 1333 4959 memorati
1365 4902 1744 4967 testimonium,
1764 4903 1831 4957 ad
1860 4901 1957 4957 ho-

375 5002 550 5059 mines
579 4999 881 5055 humaniter
907 4997 1090 5054 venire
1116 4996 1361 5067 dignatus
1399 5004 1501 5051 est.
1526 4996 1954 5053 _Convenientis-

374 5095 512 5151 sime
534 5103 734 5157 autem,
765 5106 885 5147 cum
922 5091 992 5146 sit
1017 5088 1179 5147 etiam
1219 5088 1321 5144 alia
1360 5088 1528 5145 series
1552 5089 1955 5159 generationum

374 5200 535 5258 quam
564 5182 840 5240 Matthaeus
879 5180 1106 5253 explicat
1139 5178 1248 5251 (Id.
1294 5194 1333 5247 ι,
1368 5180 1542 5251 1-17),
1587 5179 1725 5238 hanc
1753 5181 1844 5238 ille
1872 5191 1952 5238 te-

258 5294 259 5297 ‘
321 5301 339 5363 ς
377 5276 512 5343 nuit,
539 5275 629 5345 qui
652 5272 917 5343 baptizata
942 5270 1165 5327 Domino
1189 5271 1560 5342 generationes
1589 5272 1732 5342 ipsas
1752 5288 1847 5342 per
1863 5287 1953 5329 se-

375 5366 647 5440 ptuaginta
673 5374 727 5419 et
752 5371 957 5433 septem
989 5375 1244 5431 personas
1268 5375 1481 5417 sursum
1516 5375 1702 5417 versus
1728 5377 1954 5418 enume-

374 5470 479 5515 rat.
508 5458 639 5515 Nam
667 5468 721 5512 et
748 5454 950 5517 reditus
974 5460 1124 5511 estet
1148 5461 1397 5523 tanquam
1411 5467 1666 5517 ascensus
1680 5452 1745 5509 ad
1765 5455 1953 5525 Deum,

375 5551 460 5606 cui
501 5558 622 5620 post
658 5554 997 5618 peccatorum
1026 5543 1366 5600 abolitionem
1398 5543 1824 5611 reconciliamur,
1856 5560 1952 5601 ex-

378 5654 614 5713 pressus,
647 5653 768 5693 cum
794 5650 1006 5693 sursum
1054 5649 1241 5690 versus
1281 5650 1376 5707 per
1426 5636 1544 5691 illas
1587 5638 1956 5707 generationes

375 5730 698 5791 ascenditur.
734 5728 799 5782 Et
826 5727 1008 5799 utique
1035 5742 1128 5798 per
1155 5726 1482 5800 Baptismum
1512 5727 1569 5783 ﬁt
1592 5728 1828 5785 omnium
1869 5745 1955 5784 rc-

441 5846 511 5907 (α)
533 5849 737 5895 Retract.
761 5842 846 5892 lib.
869 5841 919 5906 Ξ,
937 5853 1045 5903 cap.
1072 5839 1146 5890 12.

1205 377 1670 453 ουιεετιοιηυκ
1707 371 2266 442 EVANGELIORUM,
2305 376 2365 434 S.
2404 377 2774 437 AUGUSTINI

356 528 482 568 num
502 553 518 579 ,
563 510 652 582 qui
691 509 791 566 hoc
826 513 1006 579 putat,
1047 502 1203 561 facile
1240 500 1514 559 refellitur.
1542 495 1680 568 Quid
1703 498 1849 552 enim
1872 497 1940 548 de
1967 495 2014 569 τῇ

353 603 469 658 avis
488 644 503 668 ,
542 602 711 656 atavis
730 642 744 665 ,
780 597 1025 671 proavis,
1057 594 1371 666 czeterisque
1394 589 1682 663 majoribus
1699 587 1941 644 dicturus
1971 597 1997 610 κ

1986 696 2001 741 ;
2046 688 2189 745 sunt,
2219 680 2313 735 sed
2342 681 2455 753 ipsa
2481 682 2555 738 ibi
2580 685 2826 740 remissio
2852 695 3190 753 peccaton
3214 688 3474 753 omnium,
3499 703 3623 759 qua

1984 826 2008 851 ἡ
2047 771 2411 830 misericordia
2438 776 2556 846 ejus
2589 785 2646 831 et
2680 787 2942 847 potestate
2964 778 3156 834 donata
3186 788 3268 836 est
3292 780 3621 847 hominibus,

355 875 475 947 ipso
517 890 777 942 numero;
816 869 1243 944 quandoquidem
1266 867 1439 924 Lucas
1462 881 1493 921 a
1518 864 1746 921 Domino
1773 876 1941 933 usque
1984 861 1997 882 ξ

3485 377 3627 439 1358

2047 493 2233 547 missio
2251 503 2612 565 peccatorum,
2633 513 2753 571 quae
2775 498 2868 556 illo
2891 515 3113 559 numero
3135 501 3479 575 signiﬁcatur.
3506 500 3624 561 Non

2046 585 2188 641 enim
2212 586 2262 642 in
2287 587 2550 660 baptismo
2569 591 2780 648 Domini
2806 593 2905 664 ipsi
2928 594 3150 650 Domino
3168 604 3382 666 peccata
3401 594 3621 653 dimissa

2044 878 2145 935 per
2167 863 2317 920 illum
2349 865 2670 937 baptismum
2696 862 2911 924 Domini
2949 878 3003 924 et
3046 885 3140 940 per
3164 870 3312 926 illum
3344 887 3625 930 numerum

2045 957 2447 1026 generationum
2476 969 2787 1015 consecrata
2813 970 2975 1030 atque
3016 962 3221 1032 signata
3258 973 3362 1019 est.
3402 956 3513 1022 Nec
3544 974 3630 1022 te-

2045 1062 2195 1104 mere
2220 1048 2477 1104 Dominus
2499 1059 2555 1106 et
2583 1050 2775 1107 frustra
2800 1054 3188 1124 septuagesima
3211 1062 3270 1111 et
3292 1055 3517 1126 septima
3537 1071 3632 1127 ge-

2045 1139 2321 1197 neratione
2348 1142 2496 1197 venit
2520 1143 2814 1199 aboliturus
2838 1145 3014 1200 omnia
3040 1154 3277 1216 peccata,
3306 1148 3406 1205 nisi
3426 1141 3554 1219 quia
3571 1148 3627 1205 in
3734 1214 3737 1215 ν

2046 1231 2138 1288 illo
2164 1247 2389 1289 numero
2406 1233 2607 1305 aliquid
2627 1235 2774 1302 latet,
2797 1236 2939 1307 quod
2961 1238 3028 1294 ad
3052 1239 3490 1309 signiﬁcationem
3509 1257 3632 1313 per-

2047 1324 2214 1381 tineat
2237 1324 2476 1381 omnium
2503 1335 2867 1396 peccatorum.
2894 1328 3008 1386 Hoc
3030 1342 3207 1386 autem
3242 1332 3294 1386 in
3337 1332 3630 1393 undenario

2045 1423 2103 1470 et
2128 1416 2435 1486 septenario
2460 1415 2908 1497 considerandum
2936 1429 3051 1475 est:
3082 1420 3174 1493 qui
3205 1425 3412 1480 numeri
3444 1439 3540 1495 per
3565 1440 3628 1483 se

2045 1507 2398 1579 multiplicati,
2420 1507 2490 1564 ad
2517 1516 2721 1565 tantum
2750 1514 3095 1580 perveniunt;
3122 1528 3247 1570 nam
3275 1515 3525 1572 undecies
3544 1531 3633 1574 se-

2047 1608 2192 1670 ptem
2217 1599 2302 1655 vel
2318 1600 2520 1670 septies
2537 1599 2804 1669 undecim,
2831 1598 3163 1673 septuaginta
3183 1612 3238 1659 et
3252 1615 3455 1676 septem
3472 1606 3628 1663 ﬁunt.

2012 1694 2015 1697 “
2047 1689 2306 1748 Undecim
2333 1700 2512 1748 autem
2559 1694 3034 1765 transgressionem
3061 1695 3265 1752 denarii
3291 1696 3631 1769 signiﬁcant:

2047 1798 2109 1840 ac
2148 1784 2194 1840 si
2233 1784 2287 1840 in
2317 1784 2539 1840 denario
2589 1786 2846 1857 perfectio
2891 1787 3238 1845 beatitudinis
3282 1791 3631 1862 signiﬁcatur,

2047 1878 2191 1934 unde
2232 1887 2319 1934 est
2357 1877 2522 1934 etiam
2554 1878 2707 1947 illud,
2737 1880 2879 1950 quod
2923 1896 3111 1939 omnes
3152 1882 3399 1940 conducti
3440 1884 3508 1940 ad
3551 1886 3635 1943 vi-

2049 1967 2461 2036 neam,denario
2498 1979 2907 2026 remunerantur
2943 1970 2963 2043 (
2993 1970 3078 2027 Id.
3098 1973 3529 2047 xx,2-l0),quod
3570 1976 3632 2033 lit

2048 2075 2174 2117 cum
2203 2062 2503 2131 septenaria
2532 2072 2774 2119 creatura
2801 2062 3045 2120 Trinitati
3084 2066 3354 2124 Creatoris
3384 2069 3634 2141 adiungi-

2049 2164 2167 2221 tur;
2197 2151 2537 2210 manifestum
2562 2164 2646 2209 est
2663 2155 2805 2225 quod
2832 2158 3184 2228 transgressio
3205 2158 3409 2214 denarii
3436 2174 3633 2230 pecca-

2032 2253 2162 2299 tum
2210 2241 2472 2314 signiﬁcat
2529 2258 2626 2314 per
2664 2245 2966 2315 superbiam
3022 2248 3139 2316 plus
3186 2247 3383 2319 aliquid
3426 2248 3627 2308 habere

2049 2336 2330 2407 cupientis,
2349 2345 2404 2393 ct
2430 2337 2788 2407 integritatem
2810 2337 3294 2410 perfectionemque
3318 2341 3632 2400 amittentis.

2050 2432 2166 2488 Hoc
2193 2441 2372 2489 autem
2403 2432 2601 2501 septies
2624 2441 2904 2501 propterea
2934 2431 3164 2501 ducitur,
3203 2444 3261 2489 ut
3287 2442 3435 2491 motu
3461 2435 3633 2493 homi-

2049 2524 2135 2580 nis
2161 2523 2297 2579 facta
2326 2522 2658 2594 signiﬁcetur
2680 2522 2768 2579 illa
2796 2525 3170 2593 transgressio.
3197 2525 3457 2583 Ternario
3485 2528 3632 2585 enim

2050 2629 2276 2671 numero
2304 2615 2617 2684 incorporea
2662 2629 2787 2684 pars
2815 2614 3046 2671 hominis
3091 2617 3445 2688 signiﬁcatur;
3491 2619 3634 2678 unde

2049 2717 2134 2764 est
2155 2708 2299 2778 quod
2325 2723 2392 2764 ex
2421 2716 2533 2765 toto
2559 2709 2743 2776 corde,
2782 2718 2838 2764 et
2873 2724 2939 2766 ex
2970 2719 3077 2766 tota
3099 2712 3296 2777 anima,
3340 2721 3394 2769 et
3428 2729 3495 2772 ex
3523 2722 3630 2769 tota
3716 2713 3731 2721 ’

2050 2810 2230 2855 mente
2253 2799 2504 2868 jubemur
2531 2799 2750 2871 ddigere
2778 2800 2945 2857 Deum
2972 2801 3146 2872 (Deut.
3183 2819 3258 2873 vt,
3285 2804 3341 2872 5,
3368 2814 3413 2861 et
3441 2804 3629 2861 Matth.

2051 2907 2184 2959 χιιι,
2215 2890 2340 2964 57):
2370 2892 2713 2962 quaternario
2739 2908 2866 2950 vero
2891 2909 3117 2963 corpus;
3140 2896 3322 2953 multis
3344 2898 3487 2953 enim
3518 2912 3635 2953 mo-

2050 2984 2135 3039 dis
2148 2983 2531 3056 quadripartita
2548 2985 2812 3042 invenitur
2826 2996 3009 3042 natura
3030 2989 3290 3058 corporis.
3310 2990 3388 3045 Ex
3408 2990 3491 3045 his
3505 3005 3633 3063 ergo

2051 3076 2351 3147 conjunctis
2367 3074 2528 3132 homo
2545 3086 2820 3143 constans,
2836 3091 2943 3132 non
2966 3078 3194 3135 absurde
3215 3080 3518 3151 septenario
3534 3096 3634 3135 nu-

2051 3182 2204 3223 mero
2232 3166 2576 3238 signiﬁcatur.
2603 3166 2780 3224 Motus
2794 3177 2970 3223 autem
2988 3168 3040 3224 in
3070 3171 3304 3226 numeris
3322 3186 3429 3226 non
3450 3172 3631 3242 expri-

2051 3259 2357 3323 mitur,cum
2373 3254 2822 3326 dicimus,Unum,
2842 3258 2968 3325 duo,
2988 3259 3111 3327 tria,
3129 3271 3374 3332 quatuor,
3390 3273 3520 3327 etc.;
3537 3264 3631 3320 sed

2052 3365 2175 3407 cum
2199 3349 2444 3413 dicimus,
2473 3348 2672 3415 Semel,
2698 3350 2800 3418 bis,
2839 3360 2941 3417 ter,
2963 3360 3184 3422 quater:
3209 3366 3551 3425 quapmpter,
3579 3366 3635 3412 ut

2052 3442 2293 3512 dixi,non
2310 3450 2513 3512 septem
2527 3450 2582 3496 et
2597 3441 2864 3510 undecim,
2882 3443 2975 3499 sed
2986 3444 3183 3514 septies
3193 3446 3458 3512 undecim,
3474 3448 3633 3519 signi—
3730 3448 3734 3453 ’

2054 3534 2247 3591 ﬁcatur
2268 3533 2641 3605 transgressio,
2668 3549 2787 3604 qua:
2803 3546 2947 3590 motu
2974 3526 3111 3591 facta
3136 3547 3219 3592 est
3244 3538 3473 3596 hominis
3503 3556 3633 3612 pec.

2055 3626 2248 3693 cuntis,
2281 3625 2383 3682 hoc
2408 3634 2492 3681 est
2514 3623 2856 3698 perfectionis
2874 3642 2985 3682 suae
3003 3627 3348 3685 stabilitatem
3370 3638 3636 3704 transgre-

2056 3717 2252 3774 dientis
2275 3716 2561 3787 cupiditate
2599 3717 2827 3787 amplius
2864 3717 3063 3788 aliquid
3109 3718 3370 3787 habendi;
3403 3729 3459 3777 ut
3488 3732 3636 3781 tanto

2057 3817 2181 3878 post
2207 3824 2301 3878 per
2338 3806 2651 3879 prophetam
2689 3809 2880 3864 animm
2903 3807 3192 3875 diceretur,
3220 3809 3505 3882 Sperahas,
3532 3815 3577 3870 si
3603 3831 3635 3872 a

2057 3915 2147 3956 me
2158 3900 2519 3964 discessisses,
2536 3899 2732 3969 aliquid
2752 3900 2978 3972 amplius
3005 3909 3056 3956 te
3083 3901 3412 3959 habituram?
3437 3905 3513 3961 Ex
3530 3921 3636 3979 quo

2059 3991 2188 4046 vitio
2222 3990 2483 4061 superbia:
2509 3990 2686 4046 omnia
2711 4002 2925 4063 peccata
2966 3992 3287 4049 silvescunt:
3310 4010 3430 4065 quae
3460 3996 3638 4055 tamen

2056 4083 2415 4149 dimittuntur,
2444 4097 2564 4137 cum
2585 4081 2885 4152 septuagies
2902 4084 3100 4154 septies
3121 4085 3496 4155 ignoscendum
3516 4102 3637 4146 esse

2058 4176 2411 4233 admonemur
2430 4173 2641 4246 (Matth.
2669 4190 2826 4240 xvnl,
2847 4174 2964 4245 22),
2988 4184 3045 4231 ut
3063 4178 3417 4249 intelligamus
3436 4180 3636 4237 nullum

2060 4277 2333 4338 peccatum
2354 4265 2545 4336 excipi,
2574 4265 2714 4335 quod
2736 4266 3012 4337 paenitenti
3032 4275 3086 4321 et
3105 4268 3310 4323 veniam
3332 4268 3639 4341 deprecanti

2060 4374 2158 4428 per
2186 4358 2500 4423 Ecclesiam,
2526 4357 2680 4428 cujus
2697 4372 2977 4429 personam
3004 4358 3194 4415 Petrus
3209 4370 3401 4432 gestat,
3430 4354 3535 4420 non
3556 4365 3639 4422 di-

2060 4449 2317 4505 mittatur.

2137 4538 2246 4595 Vll.
2287 4538 2384 4613 [lb.
2409 4554 2487 4606 vt,
2512 4535 2590 4612 9.]
2610 4536 2762 4608 Quod
2798 4538 2928 4595 dicit
2951 4540 3204 4599 Dominus
3230 4543 3443 4613 Judmis,
3481 4549 3548 4604 de
3575 4565 3641 4607 eo

2026 4632 2153 4703 _qui
2176 4630 2403 4687 habebat
2426 4646 2641 4686 manum
2671 4630 2942 4688 dexteram
2968 4634 3192 4703 aridam,
3214 4635 3540 4713 lnterrogabo
3558 4660 3641 4700 vos

2060 4722 2108 4779 si
2131 4722 2244 4778 licet
2266 4721 2471 4779 sabbato
2489 4720 2612 4777 bene
2633 4722 2819 4793 facere,
2838 4740 2904 4778 an
2929 4725 3092 4791 male;
3114 4729 3335 4785 animam
3350 4733 3541 4787 salvam
3556 4734 3642 4804 fu-

2063 4830 2191 4880 care,
2205 4830 2271 4885 an
2288 4814 2515 4887 perdere.
2533 4813 2819 4882 Quaeritur,
2836 4830 2957 4872 cum
2969 4832 3162 4890 corpus
3177 4824 3461 4891 curaverit,
3479 4842 3644 4899 quare

2062 4907 2141 4963 sic
2162 4906 2587 4976 interrogaverit,
2617 4905 2838 4961 animam
2865 4908 3056 4963 salvam
3085 4913 3270 4982 facere,
3311 4930 3380 4969 an
3413 4918 3639 4988 perdere.

2064 4996 2164 5053 Vel
2188 4997 2328 5068 quod
2356 4997 2444 5052 illa
2471 4998 2721 5053 miracula
2750 5009 2968 5069 propter
2992 5001 3147 5057 ﬁdem
3175 5002 3420 5073 faciebat,
3449 5008 3535 5064 ubi
3561 5026 3646 5064 5::-

2062 5087 2144 5144 lus
2163 5098 2244 5145 est
2272 5090 2497 5143 animm:
2525 5090 2609 5144 vel
2631 5089 2775 5159 quod
2802 5089 2911 5159 ipsa
2937 5090 3142 5147 sanatio
3173 5110 3359 5149 manus
3384 5096 3644 5170 dextcrzr,

2062 5180 2286 5236 salutem
2308 5180 2500 5235 animm
2516 5180 2866 5252 signiﬁcabat,
2894 5197 3011 5251 qua:
3036 5197 3066 5237 a
3095 5184 3245 5241 bonis
3263 5190 3513 5258 operibus
3534 5208 3649 5248 cus-

2061 5289 2207 5342 sans,
2239 5272 2442 5328 aridam
2480 5273 2874 5344 quodammodo
2902 5273 3176 5333 dexteram
3210 5279 3406 5338 habere
3430 5284 3645 5340 videra-

2062 5374 2180 5421 tur:
2212 5364 2293 5420 vel
2320 5363 2554 5419 animam
2586 5379 2682 5435 pro
2710 5363 2926 5421 homine
2955 5367 3149 5437 posuit,
3184 5370 3323 5428 sicut
3348 5372 3455 5431 dici
3488 5376 3645 5442 solet.

2061 5453 2165 5510 Tot
2189 5454 2380 5510 animae
2406 5454 2477 5509 ibi
2508 5453 2735 5510 fuerunt.

2133 5555 2267 5612 VIII.
2308 5555 2407 5629 [lb.
2435 5572 2510 5622 vr,
2538 5554 2652 5630 38.]
2670 5556 2821 5625 Quod
2852 5556 3107 5616 Dominus
3132 5561 3279 5631 dicit,
3306 5564 3454 5633 Date,
3478 5580 3526 5625 et
3557 5587 3644 5623 rm-

2063 5648 2196 5703 ln'tur
2221 5646 2378 5712 vobis,
2406 5662 2694 5701 mensuram
2733 5648 2936 5714 bonam,
2966 5651 3242 5720 confertam
3268 5666 3316 5711 et
3344 5662 3643 5724 congit..t.uu

2062 5751 2110 5798 et
2134 5739 2763 5829 spperefﬂaentemdabunt
2789 5740 2841 5795 in
2867 5742 3035 5797 sinum
3055 5754 3289 5813 vestrum,
3306 5724 3383 5804 ὀι
3412 5720 3495 5804 illa
3525 5768 3635 5808 seu.

2066 5833 2226 5891 tentia
2252 5833 2416 5904 accipi
2442 5842 2635 5905 potest,
2665 5848 2765 5905 qua
2790 5834 2919 5891 dicit
2937 5844 2991 5893 et
3010 5836 3115 5892 alio
3143 5839 3277 5907 loco,
3311 5839 3378 5896 Ut
3403 5844 3500 5913 ipsi
3520 5851 3635 5901 iac-I-
