4036 6398
870 324 925 359 -Ι

322 382 333 391 ’
355 408 496 469 ωδ)

358 526 504 598 piunt
524 542 615 581 ros
633 527 693 582 in
717 516 909 583 «eterna
929 525 1245 581 tabernacula
1270 523 1419 594 (Luc.
1450 539 1558 590 ιν),
1589 522 1682 595 9):
1712 531 1772 576 ut
1799 516 1940 592 plebi

356 626 682 688 pﬁeceptum
714 633 837 673 esse
861 606 1116 679 videatur,
1148 616 1287 688 quod
1316 615 1512 671 dictum
1554 623 1655 681 est,
1702 614 1846 677 Date,
1893 623 1941 667 et

359 709 561 762 dabitur
584 709 748 764 vobis.
787 708 1085 765 Secundum
1113 724 1268 779 quam
1296 709 1610 763 sententiam
1640 707 1768 763 dicit
1791 708 1937 776 Apo-

358 799 547 865 stolus,
573 798 917 854 Comntunicet
938 800 1025 870 qui
1047 800 1382 854 catecbizatur
1403 799 1569 862 verbo,
1602 800 1646 853 ei
1668 801 1756 869 qui
1777 815 1832 854 se
1853 815 1940 852 ca-

367 893 594 956 tulum,
617 892 670 947 in
699 892 928 947 omnibus
951 892 1092 946 bonis
1114 889 1307 966 (Colat.
1337 907 1414 957 vn,
1438 893 1514 964 6).
1542 890 1658 946 Non
1686 891 1827 945 enim
1853 889 1939 945 di-

365 995 530 1048 ceret,
562 982 752 1037 dabunt
772 985 827 1037 in
852 984 1018 1038 sinunt
1040 994 1274 1047 vestrum,
1314 984 1411 1038 nisi
1451 983 1571 1053 quia
1601 998 1696 1053 per
1728 983 1937 1039 illorum

365 1073 574 1140 merita,
603 1075 811 1143 quibus.
839 1076 921 1131 vel
966 1075 1183 1130 calicem
1213 1092 1363 1145 aqua:
1410 1075 1614 1146 frigidm
1644 1078 1693 1131 in
1724 1079 1941 1134 nomine

354 1163 604 1234 discipuli
633 1164 901 1230 dederim,
934 1168 1232 1222 mercedem
1258 1167 1530 1222 cmlestem
1559 1168 1797 1239 recipere
1821 1185 1938 1225 me-

352 1255 617 1311 rebuntur
644 1254 854 1328 (Matth.
885 1272 941 1319 ι,
970 1255 1082 1331 42).

429 1364 523 1422 1X.
566 1365 664 1440 [lb.
692 1382 768 1431 vt,
796 1367 910 1442 '59.]
927 1371 1076 1437 Quod
1105 1371 1359 1428 Dominus
1383 1373 1531 1440 dicit,
1557 1371 1819 1446 Numquid
1842 1391 1936 1446 po-

358 1466 457 1513 test
472 1473 630 1513 oms
648 1474 834 1515 carum
858 1461 1077 1517 ducere?
1095 1479 1257 1518 nonne
1274 1464 1420 1519 ambo
1442 1466 1493 1519 in
1517 1466 1709 1535 foveam
1731 1466 1940 1521 cadunt?

354 1547 584 1605 fortasse
624 1549 727 1606 hoc
764 1552 885 1606 ideo
913 1554 1263 1624 subjunxerit,
1296 1574 1363 1612 ne
1391 1572 1666 1628 sperarem
1686 1575 1715 1613 a
1744 1561 1938 1616 Levitis

350 1654 745 1713 seaccepturos
777 1662 1074 1703 mensuram
1099 1651 1239 1706 illam
1265 1652 1332 1706 de
1352 1668 1452 1723 qua
1484 1653 1635 1721 dixit,
1670 1653 1938 1711 Dalmatia
1995 1696 2015 1716 .

350 1736 524 1791 sinum
553 1748 791 1805 vestrum,
837 1743 1083 1810 quoniam
1116 1744 1243 1812 ipsis
1287 1744 1482 1801 dabant
1508 1747 1762 1803 decimas.
1793 1748 1938 1816 Quos

348 1840 531 1882 cmcos
555 1828 708 1897 dixit,
739 1831 859 1900 quia
893 1833 1231 1902 Evangelium
1264 1852 1368 1891 non
1397 1847 1664 1907 tenerent;
1696 1851 1751 1896 ut
1792 1841 1934 1897 illam

348 1922 835 1976 remunerationem
862 1939 958 1992 per
983 1924 1268 1996 discipulos
1315 1929 1523 1984 Domini
1572 1934 1747 2001 potius
1789 1935 1937 2003 plebs

348 2009 614 2079 inciperet
637 2011 744 2081 jam
774 2029 990 2083 sperare
1028 2034 1041 2069 :
1074 2032 1206 2088 quos
1250 2020 1542 2075 imitatores
1584 2038 1710 2076 suos
1752 2024 1938 2079 volens

355 2101 658 2167 ostendere,
686 2102 884 2160 addidit
909 2106 1089 2174 etiam,
1126 2107 1245 2163 Non
1264 2121 1336 2165 est
1360 2110 1637 2183 discipulus
1661 2131 1810 2184 super
1828 2133 1938 2169 ma-

353 2191 592 2261 gistrum.

426 2304 497 2361 Χ.
539 2305 640 2380 [11).
664 2324 736 2374 vr,
764 2310 855 2375 47,
878 2311 992 2385 48.]
1009 2312 1159 2381 Quod
1186 2315 1439 2372 Dominus
1467 2317 1613 2384 dicit,
1646 2319 1823 2376 Omnis
1847 2325 1937 2395 qui

342 2397 486 2451 venit
504 2398 574 2452 ad
592 2415 688 2464 me,
717 2411 763 2454 et
786 2401 926 2455 audit
954 2420 1205 2459 sermones
1233 2423 1387 2475 meos,
1416 2418 1462 2462 et
1484 2410 1608 2478 facit
1628 2427 1729 2477 eos,
1762 2423 1932 2469 osten-

344 2488 473 2546 dant
508 2491 642 2547 vobis
684 2494 765 2548 cui
790 2496 970 2550 similis
992 2498 1096 2551 sit:
1122 2499 1302 2553 similis
1342 2511 1413 2554 est
1443 2502 1633 2557 homini
1659 2506 1933 2574 wdi/icanti

343 2584 579 2650 domum,
606 2587 691 2657 qui
716 2587 846 2655 fodit
876 2589 929 2644 in
950 2589 1127 2656 altum,
1158 2601 1205 2646 et
1230 2595 1395 2661 posuit
1423 2595 1802 2665 fundamentum
1840 2616 1932 2654 su-

345 2690 442 2746 per
466 2686 694 2746 petram;
724 2678 905 2736 fodere
932 2680 1084 2749 dixit,
1118 2684 1413 2740 humilitate
1440 2686 1725 2742 christiana
1753 2691 1932 2745 omnia

345 2776 563 2825 terrena
602 2770 882 2829 exhaurire
926 2763 993 2829 de
1030 2776 1191 2831 corde
1220 2792 1335 2838 suo.
1379 2795 1445 2835 ne
1484 2792 1698 2851 propter
1732 2781 1931 2853 aliquid

344 2858 463 2915 tale
491 2859 650 2916 Deum
672 2865 833 2918 colat.
864 2865 918 2919 In
943 2866 1109 2922 altum
1137 2877 1311 2924 autem
1336 2870 1536 2938 fodere,
1553 2872 1723 2927 donec
1750 2872 1817 2928 ad
1836 2889 1931 2946 pe-

340 2956 486 3004 tram
514 2955 822 3022 perveniat:
851 2956 903 3010 in
949 2967 1148 3013 tantum
1179 2960 1445 3016 Christum
1484 2965 1652 3033 gratis
1676 2967 1846 3035 sequi,
1875 2977 1933 3023 et

341 3042 513 3112 gratis
528 3057 648 3098 eum
664 3046 860 3111 colere,
880 3054 938 3102 ut
953 3066 1055 3106 non
1077 3052 1248 3107 solum
1273 3070 1374 3109 non
1403 3066 1619 3126 propter
1640 3059 1926 3128 superﬂua,

339 3132 440 3189 sed
463 3149 562 3189 nec
579 3149 793 3207 propter
816 3139 900 3195 illa
921 3156 1038 3211 qum
1056 3143 1304 3199 videntur
1323 3147 1443 3202 huic
1465 3150 1584 3204 vita:
1607 3152 1923 3219 necessaria,

337 3235 399 3281 et
428 3242 548 3295 qua:
575 3228 690 3284 sine
716 3230 867 3300 culpa
891 3247 922 3286 a
952 3236 1137 3303 quovis
1160 3235 1305 3306 justo
1330 3240 1464 3292 sumi
1500 3248 1550 3295 et
1592 3239 1778 3296 haberi
1807 3256 1929 3311 pos-

338 3328 497 3381 sunt,
527 3326 697 3374 tamen
743 3326 1048 3394 temporalia
1076 3334 1233 3397 atque
1264 3338 1471 3409 terrena
1499 3341 1643 3399 sunt,
1671 3332 1928 3390 colendus

338 3404 493 3461 Deus
522 3418 743 3478 putetur.

415 3518 512 3575 XI.
551 3520 651 3595 [Ib.
680 3538 773 3586 vn.
803 3525 874 3580 32
899 3526 1013 3601 55.]
1053 3528 1127 3584 De
1154 3532 1329 3601 pueris
1357 3534 1664 3592 sedentibus
1705 3538 1756 3593 in
1788 3540 1921 3610 foro,

336 3623 397 3670 et
421 3616 491 3669 ad
530 3616 753 3673 invicem
781 3620 1157 3690 clamantibus,
1193 3639 1452 3683 converso
1481 3632 1669 3686 ordine
1698 3632 1765 3687 ad
1796 3649 1925 3703 pro-

336 3708 516 3775 posita
532 3709 820 3779 respondit.
850 3712 982 3769 Nam
1004 3716 1144 3785 quod
1174 3718 1270 3784 ait,
1298 3719 1718 3789 Lamentavimus,
1752 3736 1799 3780 et
1823 3743 1925 3783 non

338 3799 598 3868 plorantis,
624 3802 691 3856 ad
714 3801 971 3861 Joannem
1001 3807 1248 3876 pertinet,
1271 3810 1421 3879 cujus
1446 3814 1764 3871 abstinentia
1791 3833 1821 3872 a
1847 3820 1925 3874 ei-

340 3888 426 3944 bis
445 3900 497 3945 et
520 3901 670 3962 potu,
702 3894 900 3950 luctum
927 3900 1252 3967 paenitentia:
1275 3904 1621 3973 signiﬁcabat.
1653 3908 1802 3976 Quod
1831 3929 1927 3968 au-

340 3987 451 4035 tem
483 3983 574 4047 ait,
607 3982 928 4042 Cantavintus
967 3988 1118 4057 tibiis,
1150 4002 1197 4046 et
1236 4010 1336 4049 non
1362 3996 1601 4066 saltastis,
1641 4001 1706 4055 ad
1746 4003 1920 4072 ipsum

340 4071 644 4142 Dominum,
674 4078 763 4148 qui
790 4080 986 4135 utendo
1006 4097 1127 4137 cum
1153 4087 1361 4140 caeteris
1388 4089 1509 4142 cibo
1529 4101 1578 4144 et
1604 4101 1749 4161 potu,
1766 4071 1920 4151 blatti-

337 4163 473 4218 Iiatn
502 4168 647 4236 regni
665 4168 937 4238 ﬁgurabat.
961 4172 1031 4227 At
1050 4174 1124 4227 illi
1147 4191 1244 4230 nec
1266 4175 1528 4235 humiliari
1550 4198 1670 4237 cum
1692 4184 1916 4256 Joanne,

338 4268 441 4309 nec
471 4269 591 4311 cum
630 4256 840 4316 Christo
880 4264 1113 4332 gaudere
1153 4267 1461 4336 voluerunt;
1494 4272 1729 4331 dicentes
1772 4277 1917 4334 illum

332 4344 660 4405 datiouium
689 4349 907 4418 habere,
939 4354 1095 4410 istum
1145 4372 1389 4415 voracem
1438 4372 1492 4417 et
1537 4365 1827 4434 ebriosum,
1865 4380 1920 4425 et

333 4438 568 4494 amicum
615 4441 1013 4510 publicanorum
1058 4455 1113 4501 et
1154 4461 1511 4518 peccatorum.
1543 4455 1695 4522 Quod
1741 4470 1916 4516 autem

333 4530 631 4603 subjungit,
658 4532 725 4589 Et
740 4536 1027 4606 justi/icata
1060 4550 1135 4594 est
1174 4543 1422 4611 sapientia
1450 4546 1513 4599 ab
1538 4551 1771 4606 omnibus
1796 4554 1917 4621 ﬁliis

331 4624 463 4688 suis,
493 4625 722 4681 ostendit
745 4626 882 4682 ﬁlios
923 4631 1196 4700 sapientia:
1236 4634 1554 4707 intelligere,
1585 4657 1687 4697 nec
1714 4644 1766 4698 in
1794 4646 1918 4701 abs-

332 4715 574 4782 tinendo,
623 4733 725 4774 nec
772 4719 825 4773 in
861 4722 1227 4780 uuntducando
1255 4742 1375 4783 esse
1414 4729 1696 4800 juStitiam,
1739 4736 1832 4791 sed
1862 4738 1913 4792 in

329 4808 729 4876 aquanimitate
757 4811 1017 4869 tolerandi
1048 4813 1299 4886 inopiam,
1335 4830 1389 4874 et
1426 4827 1772 4892 temperantia
1819 4843 1915 4898 per

329 4898 707 4956 abundantiam
759 4919 863 4959 non
908 4920 967 4960 se
1003 4912 1403 4979 corrumpendi,
1434 4923 1592 4985 atque
1617 4930 1913 4989 Opportune

328 4991 576 5045 sumendi
605 4994 687 5048 vel
718 5009 823 5050 nou
852 4999 1092 5053 sumendi
1118 5016 1180 5055 ea
1210 5018 1435 5071 quorum
1476 5022 1581 5061 non
1629 5025 1776 5077 usus,
1818 5014 1911 5068 sed

324 5082 754 5151 concupiscentia
780 5090 1217 5156 reprehendenda
1246 5102 1348 5149 est.
1382 5095 1495 5152 Non
1521 5100 1663 5154 enim
1691 5102 1913 5158 interest

328 5173 548 5228 meanunc
572 5177 696 5245 quid
719 5177 1088 5236 alimentorum
1117 5199 1315 5252 sumas,
1340 5196 1397 5242 ut
1415 5205 1695 5247 succurras
1721 5210 1908 5252 neces-

325 5266 470 5323 sitati
493 5271 753 5338 corporis,
792 5272 1079 5331 dummodo
1107 5293 1368 5349 congruas
1406 5284 1459 5338 in
1486 5289 1773 5355 generibus
1809 5292 1908 5346 ali-

308 5368 631 5453 ’mentoruin
660 5362 740 5419 his
763 5379 883 5420 cum
924 5369 1117 5437 quibus
1158 5372 1248 5429 tibi
1290 5376 1568 5433 vivendum
1597 5392 1697 5436 est.
1728 5383 1910 5457 Neque

321 5460 582 5521 quantum
601 5468 800 5523 sumas,
825 5460 1045 5516 multum
1066 5462 1314 5533 interest;
1336 5482 1457 5524 cum
1480 5470 1750 5529 videamus
1773 5478 1905 5532 alio-

320 5558 445 5599 rum
473 5546 812 5603 stomachum
840 5550 996 5609 citius
1032 5556 1233 5626 satiari,
1264 5574 1317 5616 et
1346 5577 1440 5618 eos
1472 5574 1648 5621 tamen
1686 5568 1758 5624 illi
1806 5571 1907 5642 ipsi

316 5647 486 5707 parvo
528 5644 638 5707 quo
684 5639 960 5707 satiantur,
1007 5649 1272 5714 ardenter.
1319 5663 1372 5711 et
1402 5639 1907 5721 intolerabilitcrdet

314 5730 543 5787 (Inoino
568 5731 796 5801 turpiter
820 5733 1020 5793 inhiare
1038 5757 1052 5792 :
1072 5741 1204 5797 alios
1229 5754 1403 5802 autem
1425 5748 1666 5818 plusculo
1689 5755 1902 5824 quidem

311 5822 523 5895 satiari,
553 5825 651 5883 sed
685 5827 1005 5890 tolerabilius
1033 5836 1262 5911 impiam
1292 5846 1515 5919 perpeti,
1560 5855 1616 5907 et
1661 5822 1742 5910 vel
1780 5861 1903 5913 ante

1706 397 1911 457 LIBER
1945 393 2322 456 SECUNDUS.

3484 404 3624 464 i358

2047 526 2139 569 ora
2158 515 2177 548 ¹
2206 515 2405 586 positas
2428 500 2633 589 epulas,
2660 522 2706 578 si
2731 522 2785 577 id
2809 521 2863 577 in
2889 531 3132 594 tempore
3157 530 3249 579 aut
3267 538 3403 596 opus
3421 524 3510 593 sit,
3531 536 3623 582 aut

2045 621 2263 663 necesse
2303 608 2391 676 sit,
2436 626 2555 666 cum
2597 613 2974 683 tranquillitate
3009 615 3270 686 aspicere.
3303 632 3474 685 neque
3502 626 3620 674 tan-

2044 714 2187 770 gere.
2218 700 2383 772 Magis
2409 718 2536 774 ergo
2575 705 2814 780 interest,
2843 720 2947 761 non
2975 707 3099 778 quid
3126 708 3211 763 vel
3236 718 3492 779 quantum
3519 708 3623 765 ali-

2044 800 2344 847 mentorum
2373 809 2468 863 pro
2503 796 2843 866 congruentia
2875 797 3146 853 hominum
3188 809 3347 870 atque
3375 815 3621 872 persona:

2044 898 2154 937 sua:
2178 897 2231 939 et
2256 899 2352 954 pro
2373 900 2481 940 suae
2500 887 2813 943 valetudinis
2834 892 3149 947 necessitate
3164 892 3282 963 quis
3307 893 3508 962 capiat;
3527 892 3623 948 sed

2043 984 2238 1044 quanta
2278 974 2528 1034 facilitate
2569 989 2728 1048 attpte
2755 982 3040 1037 serenitate
3071 983 3231 1037 animi
3258 992 3457 1051 careat,
3498 999 3620 1039 cum

2043 1063 2129 1119 bis
2154 1066 2237 1121 vel
2264 1077 2474 1137 oportet
2498 1069 2579 1124 vel
2619 1070 2775 1125 etiam
2807 1086 3024 1128 necesse
3052 1085 3136 1130 est
3162 1088 3376 1145 carere:
3405 1083 3462 1129 ut
3489 1075 3617 1131 illud

2042 1157 2097 1212 in
2126 1157 2304 1213 animo
2336 1159 2605 1216 christiani
2632 1163 2957 1233 compleatur
2987 1165 3125 1233 quod
3160 1165 3446 1235 Apostolus
3467 1164 3616 1233 dicit,

2049 1267 2069 1302 α
2090 1248 2212 1305 Scio
2238 1259 2293 1305 et
2318 1253 2489 1307 minus
2521 1252 2734 1321 habere,
2770 1256 2882 1311 scio
2906 1264 2961 1311 et
2978 1255 3249 1312 abundare
3272 1256 3349 1330 (in
3375 1258 3620 1313 omnibus

2041 1345 2097 1395 et
2116 1340 2168 1396 iu
2199 1341 2446 1398 omnibus
2473 1344 2703 1400 imbutus
2732 1345 2894 1420 sum),
2924 1355 2978 1401 et
3016 1348 3193 1403 satiari
3224 1358 3280 1403 et
3308 1349 3531 1415 esurire,
3563 1358 3618 1405 et

2041 1431 2312 1488 abundare
2353 1444 2407 1489 et
2434 1436 2706 1504 penuriam
2734 1438 2840 1507 pati
2864 1455 2877 1491 :
2905 1438 3080 1493 omnia
3109 1454 3322 1508 possum
3352 1440 3405 1494 in
3435 1455 3500 1495 eo
3527 1440 3618 1510 qui

2042 1537 2129 1578 me
2157 1526 2417 1580 confortat
2442 1524 2696 1598 (Philipp.
2718 1544 2790 1592 tv,
2815 1530 2898 1594 12,
2930 1530 3049 1600 15);
3077 1540 3130 1585 et
3155 1530 3333 1596 iilud,t
3357 1530 3539 1601 Neque
3568 1530 3615 1586 si

2043 1615 2555 1685 manducaverimus,
2586 1618 2996 1685 abundabimus;
3039 1635 3211 1691 neque
3251 1620 3297 1677 si
3328 1637 3431 1676 non
3462 1636 3616 1677 man-

2041 1707 2428 1774 ducaverimus,
2451 1709 2724 1781 egebimus
2753 1710 2794 1783 (1
2820 1711 2936 1766 Cor.
2958 1727 3073 1777 vui,
3092 1712 3178 1782 8);
3207 1722 3262 1767 et
3286 1711 3471 1774 illud,»
3500 1711 3615 1768 Non

2040 1808 2123 1853 est
2145 1799 2285 1854 enim
2314 1816 2532 1870 regnum
2560 1801 2651 1855 Dei
2680 1818 2800 1857 esca
2830 1811 2884 1858 et
2906 1812 3079 1873 potus,
3103 1803 3409 1872 sedjustilia
3437 1813 3492 1860 et
3517 1819 3618 1874 pax

2039 1901 2094 1948 et
2112 1893 2380 1963 gaudium.
2409 1913 2428 1945 ι
2455 1894 2523 1948 Et
2542 1895 2662 1964 quia
2683 1896 2857 1950 solent
2883 1895 3124 1951 homines
3146 1896 3366 1951 multum
3388 1897 3617 1967 gaudere

2041 1981 2108 2039 de
2135 1983 2435 2039 Carnulibus
2460 1985 2650 2053 epulis,
2679 1985 2899 2052 addidit,
2928 1987 2979 2040 in
3009 1985 3207 2059 Spiritu
3235 1997 3410 2042 sancto
3436 1986 3612 2058 (Rom.

2040 2087 2152 2138 XIV,
2186 2073 2295 2144 l7).
2325 2074 2649 2132 Justiﬁcatur
2674 2092 2803 2147 ergo
2832 2080 3087 2149 sapientia
3127 2080 3195 2133 ah
3222 2081 3466 2136 omnibus
3495 2080 3618 2137 ﬁliis

2039 2165 2173 2229 suis,
2202 2165 2290 2235 qui
2318 2166 2632 2238 intelligunt
2651 2168 2858 2223 utendis
2904 2168 3129 2225 terrenis
3159 2179 3397 2240 tempora
3422 2185 3618 2240 oppor-

2042 2263 2167 2310 tuna
2194 2272 2315 2312 esse
2335 2256 2559 2325 debere;
2593 2258 2895 2314 facilitatem
2921 2275 3048 2314 vero
3076 2260 3292 2314 carendi
3323 2259 3535 2325 talibus,
3563 2271 3619 2317 et

2038 2358 2275 2400 amorem
2319 2346 2525 2403 fruendi
2572 2350 2804 2416 azternis,
2854 2365 2961 2405 non
3014 2349 3206 2405 variari
3251 2359 3498 2420 oportere
3523 2364 3619 2421 per

2038 2444 2297 2505 tempora,
2326 2438 2418 2493 sed
2451 2438 2706 2508 perpetuo
2736 2441 2972 2497 retineri.

2109 2529 2222 2585 Xll.
2266 2529 2366 2603 [lb.
2395 2546 2506 2597 vnt,
2537 2530 2649 2605 16.]
2687 2532 2839 2599 Quod
2871 2534 3124 2589 Dominus
3147 2535 3239 2601 ait,
3264 2533 3620 2591 Nemoautem

2039 2620 2295 2675 lucernam
2320 2623 2592 2678 accendens
2630 2626 2792 2694 aperit
2818 2640 2927 2680 eam
2959 2642 3093 2693 vase,
3119 2637 3208 2681 aut
3233 2629 3408 2687 subtus
3434 2629 3616 2685 lectum

2038 2714 2211 2783 ponit;
2238 2714 2326 2769 sed
2353 2732 2505 2785 super
2531 2717 2886 2773 candelabrum
2908 2719 3068 2789 ponit,
3086 2729 3141 2773 ut
3159 2721 3403 2775 intrantes
3420 2722 3619 2777 videant

2038 2805 2242 2870 lumen;
2272 2808 2359 2876 qui
2390 2808 2607 2864 verbum
2638 2809 2730 2865 Dei
2759 2811 2949 2866 timore
2975 2812 3266 2867 carnalium
3316 2813 3615 2891 incommo-

2036 2899 2225 2955 dorum
2251 2900 2549 2967 abscondit,
2578 2902 2745 2972 ipsam
2768 2904 2949 2975 utique
2973 2921 3186 2960 carnem
3218 2908 3477 2976 praeponit
3501 2923 3617 2963 ma-

2037 2988 2361 3045 nifestatioui
2389 2993 2646 3059 veritatis,
2678 3002 2731 3048 et
2750 3008 2811 3049 ea
2841 2996 2989 3065 quasi
3019 2997 3261 3066 cooperit
3288 2997 3531 3063 verbum,
3554 2998 3618 3053 ti-

2035 3081 2230 3135 mendo
2272 3082 2733 3151 prtedicarewam
2770 3085 2946 3156 itaque
2986 3088 3127 3142 vasis
3152 3096 3205 3142 et
3232 3089 3352 3143 lecti
3396 3089 3614 3145 nomine

2033 3173 2338 3243 appellavit,
2369 3174 2468 3230 sub
2492 3189 2596 3246 quo
2624 3174 2893 3232 lucernam
2923 3194 3120 3249 ponere
3146 3181 3221 3236 ait
3246 3196 3368 3237 eum
3396 3182 3488 3254 qui
3518 3182 3617 3239 hoc

2033 3265 2179 3321 facit.

2106 3359 2239 3415 XIII.
2264 3358 2363 3432 [lb.
2389 3374 2504 3425 vui,
2525 3360 2736 3434 26-39.)
2754 3362 2906 3431 Quod
2927 3365 2978 3419 in
2999 3364 3214 3435 regione
3229 3364 3615 3429 Gerasenorum

2033 3455 2238 3508 curavit
2270 3453 2522 3508 Dominus
2547 3470 2668 3508 eum
2697 3455 2749 3509 in
2780 3472 2884 3525 quo
2904 3466 3021 3511 erat
3049 3458 3185 3527 legio
3209 3458 3614 3527 diemouiorum,

2033 3543 2340 3613 significata:
2357 3555 2479 3600 sunt
2495 3544 2693 3601 Gentes
2715 3562 2831 3617 qum
2859 3549 3036 3603 multis
3058 3550 3389 3604 daemonibus
3419 3552 3614 3607 scrvie~

2031 3632 2178 3689 bant.
2220 3634 2370 3703 Quod
2399 3636 2514 3692 sine
2538 3638 2854 3694 vestimento
2878 3649 3021 3706 erat,
3048 3655 3149 3695 non
3179 3640 3407 3697 habebat
3433 3643 3611 3711 ﬁdem,

2031 3733 2136 3779 etc.
2176 3725 2327 3791 Quod
2363 3727 2417 3781 in
2442 3728 2602 3783 domo
2629 3744 2731 3784 non
2761 3728 3050 3795 habitabat,
3087 3733 3137 3786 in
3166 3733 3483 3789 conscientia
3520 3748 3613 3793 sua

2031 3832 2137 3872 non
2166 3819 2546 3888 requieseebat.
2589 3820 2738 3888 Quod
2769 3822 2819 3875 in
2861 3826 3216 3879 monumentis
3254 3827 3531 3887 manebat.
3562 3827 3613 3881 in

2031 3910 2254 3964 mortuis
2274 3912 2542 3978 operibus,
2564 3913 2663 3967 hoc
2684 3922 2767 3967 est
2793 3915 3039 3983 peccatis,
3059 3915 3437 3972 delectabatur.
3460 3919 3613 3984 Quod

2029 4010 2206 4056 autem
2237 4003 2581 4072 compedibus
2614 4005 2798 4060 terreis
2826 4015 2878 4061 et
2903 4008 3105 4064 catenis
3131 4008 3417 4080 Iigabatur,
3452 4012 3614 4081 signi-

2030 4093 2152 4149 ﬁcat
2173 4111 2361 4164 graves
2387 4106 2442 4151 et
2468 4097 2626 4152 duras
2655 4098 2799 4168 leges
2829 4099 3076 4155 Gentium
3097 4143 3112 4166 ,
3144 4104 3334 4173 quibus
3356 4112 3410 4158 et
3436 4103 3487 4158 in
3516 4119 3610 4159 eo-

2026 4201 2142 4241 rum
2165 4186 2434 4256 repnblica
2455 4197 2664 4258 peccata
2687 4190 3019 4245 cohibentur.
3038 4192 3185 4260 Quod
3206 4195 3364 4248 etiam
3388 4195 3610 4253 vinculis

2028 4276 2220 4332 talibus
2247 4277 2500 4347 disruptis
2528 4281 2781 4348 agebatur
2808 4296 2834 4332 a
2858 4280 3121 4336 daemonio
3149 4284 3200 4337 in
3238 4299 3471 4339 eremum
3495 4326 3509 4347 .
3537 4287 3609 4341 si-

2024 4368 2237 4438 gniﬁcat
2266 4370 2405 4438 quod
2450 4371 2607 4425 etiam
2644 4370 2772 4439 ipsis
2801 4374 3144 4441 transgressis
3189 4374 3391 4445 legibus
3409 4416 3422 4441 ,
3451 4376 3515 4429 ad
3542 4393 3608 4433 ea

2023 4460 2224 4515 scelera
2251 4461 2536 4529 cupiditate
2564 4460 2871 4524 ducebatur,
2899 4479 3016 4533 qua:
3049 4463 3159 4533 jam
3185 4467 3449 4536 vulgarem
3481 4482 3610 4524 con-

2022 4550 2355 4606 suetudinem
2405 4552 2741 4608 excederent.
2781 4555 2931 4621 Quod
2976 4567 3151 4611 autem
3186 4558 3238 4612 in
3277 4573 3467 4628 porcos
3512 4576 3607 4629 pa-

2022 4650 2231 4697 scentes
2254 4643 2302 4696 in
2331 4645 2596 4699 montibus
2615 4644 2875 4701 dunnonia
2898 4647 2975 4702 ire
2997 4651 3251 4717 permissa
3275 4659 3425 4719 sunt,
3444 4653 3608 4721 signi-

2023 4732 2141 4788 ﬁcat
2167 4735 2467 4790 imnmndos
2486 4744 2537 4790 et
2561 4738 2818 4805 superbos
2839 4738 3101 4806 homines,
3129 4742 3318 4810 quibus
3339 4742 3602 4800 dmmonia

2019 4825 2360 4881 dominantur
2387 4843 2482 4898 per
2508 4828 2768 4883 idolorum
2799 4832 2989 4886 cultus.
3030 4833 3178 4898 Quod
3208 4847 3383 4891 autem
3414 4838 3463 4891 in
3496 4848 3576 4893 sla

2018 4932 2179 4986 gnum
2210 4920 2517 4988 prmcipitati
2548 4930 2688 4984 sunt,
2723 4923 2987 4992 signiﬁcat
3014 4926 3153 4995 quod
3177 4928 3286 4998 jam
3313 4930 3598 4986 clariﬁcata

2019 5007 2278 5073 Ecclesia,
2302 5016 2356 5063 et
2383 5009 2605 5065 liberato
2648 5012 2844 5081 populo
2879 5012 3125 5069 Gentium
3169 5031 3199 5070 a
3241 5017 3600 5076 dominatione

2019 5098 2425 5169 dzenioniorum,
2445 5102 2496 5156 in
2514 5103 2706 5158 abditis
2725 5113 2886 5174 agunt
2902 5106 3188 5176 sacrilegos
3209 5110 3343 5166 ritus
3358 5126 3482 5165 suos
3500 5115 3594 5183 fa),

2019 5190 2152 5260 quiC
2168 5191 2334 5247 hristo
2350 5194 2567 5249 credere
2588 5197 2888 5264 noluerunt,
2903 5212 3041 5254 ca-ca
3063 5209 3116 5255 et
3141 5203 3395 5271 profunda
3422 5208 3597 5261 curio-

2017 5282 2171 5337 sitate
2209 5283 2490 5339 submersi.
2530 5286 2680 5351 Quod
2722 5298 2897 5343 autem
2937 5300 3174 5359 pastores
3208 5309 3484 5363 porcorum
3517 5300 3597 5352 1⁸η-

2015 5375 2254 5445 gientes,
2292 5377 2389 5431 ista
2418 5379 2818 5441 nuntiaverunt,
2853 5382 3114 5452 signiﬁcat
3140 5388 3395 5456 quosdam
3435 5392 3593 5446 etiam

2017 5467 2270 5534 primates
2295 5470 2597 5540 impiorum,
2624 5488 2923 5543 quanquam
2949 5477 3290 5533 Christianam
3323 5482 3487 5550 legem
3516 5484 3596 5538 fu-

2012 5562 2189 5632 giant,
2223 5565 2509 5632 potentium
2541 5574 2715 5619 tamen
2746 5566 2882 5635 cjus'
2894 5583 2990 5636 per
3030 5581 3212 5639 gentes
3256 5574 3514 5642 stupendu
3542 5586 3597 5632 ct

2076 5744 2092 5807 ξ
2114 5750 2209 5793 ttat.
2232 5752 2329 5792 Am.
2353 5752 2404 5795 et
2426 5757 2600 5795 novem
2625 5753 2748 5807 Mss,
2767 5753 2876 5797 ante
2896 5746 3080 5797 horam.

2073 5806 2146 5871 (u)
2166 5813 2273 5871 i‘ost
2297 5808 2483 5871 Itonorii
2522 5807 2661 5871 leges
2681 5820 2846 5858 contra
2886 5808 3011 5861 idola
3040 5811 3177 5863 datas
3206 5824 3335 5865 anno
3354 5815 3464 5868 599.
3489 5817 3592 5871 \‘id.

2010 5867 2094 5920 lib.
2123 5869 2182 5918 18
2202 5868 2267 5919 de
2288 5869 2422 5921 civit.
2448 5870 2552 5929 Dei,
2575 5867 2680 5932 cap.
2703 5871 2781 5920 54.
