4036 6418
450 525 578 567 nera
626 523 730 566 non
760 507 1016 574 haberet,
1047 514 1102 564 et
1143 519 1210 562 ne
1246 520 1354 560 uno
1378 502 1592 577 quidem
1623 502 1886 574 indigeret
1911 516 2028 557 em-

449 603 670 674 plastro.

525 695 628 769 [Ib.
661 710 772 761 xw,
797 692 852 752 2.
873 693 927 757 5;
960 707 1074 758 χιιι,
1105 687 1312 763 11-16.]
1347 688 1422 762 (a)
1449 684 2028 758 Cottgruentcrhydro-

448 788 624 857 picum
655 785 866 840 animali
894 782 1033 854 quod
1075 781 1268 838 occidit
1307 782 1358 836 in
1390 789 1604 851 puteum
1624 821 1640 846 ,
1669 776 2027 848 comparavit;

448 877 671 935 hutnore
718 878 862 934 enim
911 877 1185 932 laborabat
1224 891 1239 931 ε
1273 875 1407 929 sicut
1455 883 1512 928 et
1557 873 1700 928 illam
1752 870 2028 926 mulierem

446 985 603 1042 quam
651 970 838 1026 decem
887 977 942 1024 et
969 976 1090 1024 octo
1116 967 1269 1022 anuis
1294 967 1558 1038 alligatam
1589 965 1831 1032 diaerat,
1869 972 1924 1019 et
1959 963 2028 1018 ab

449 1063 635 1118 eadem
657 1063 962 1134 alligatione
989 1062 1244 1127 solvebat,
1273 1059 1597 1131 comparavit
1613 1060 1852 1128 jumento
1883 1056 2025 1128 quod

446 1155 714 1222 solvitur,
763 1165 821 1210 ut
869 1154 936 1210 ad
989 1169 1179 1225 aquam
1231 1152 1470 1208 ducatur.
1502 1150 1804 1223 Hydropem
1849 1158 2025 1205 autem

449 1256 598 1302 recte
650 1260 1021 1316 comparamus
1067 1244 1214 1299 dixiti
1265 1257 1427 1300 avaro
1473 1260 1486 1297 :
1545 1243 1682 1297 sicut
1729 1241 1872 1306 enim
1939 1239 2028 1295 ille

447 1347 646 1408 quanto
676 1338 843 1409 magis
867 1336 1099 1392 abundat
1124 1335 1347 1391 humore
1382 1333 1714 1397 inordinato,
1745 1341 1893 1388 tanto
1915 1347 2029 1387 am-

447 1429 587 1501 plitts
619 1427 758 1494 sitit;
799 1429 876 1484 sic
908 1429 1008 1484 iste
1031 1436 1225 1498 quanto
1251 1437 1332 1482 est
1359 1425 1625 1494 copiosior
1647 1424 1842 1478 divitiis
1861 1465 1876 1490 ,
1907 1423 2028 1494 qui-

450 1519 552 1576 bus
581 1535 686 1574 non
719 1518 852 1574 bene
869 1519 1050 1583 utitur,
1071 1527 1215 1573 tanto
1238 1515 1512 1572 ardentius
1537 1517 1658 1570 talia
1678 1515 2023 1586 concup'scit.

424 1608 594 1665 -Illam
625 1625 752 1665 vero
796 1610 867 1664 ita
915 1611 1102 1665 morbo
1127 1609 1451 1664 incurvatam
1474 1650 1490 1675 ,
1519 1618 1576 1662 ttt
1601 1621 1658 1662 se
1686 1608 1894 1678 erigere
1921 1621 2026 1662 non

446 1709 646 1772 posset,
674 1701 867 1756 animm
897 1702 914 1732 ¹
945 1701 1166 1756 terrenis
1191 1699 1528 1770 opinionibus
1547 1699 1832 1754 debilitata:
1859 1706 2024 1771 atque

447 1807 718 1865 oppressae
737 1834 753 1858 ,
783 1793 852 1848 ita
883 1801 938 1847 ut
956 1792 1132 1847 divina
1157 1794 1392 1863 cogitare
1416 1806 1522 1846 non
1549 1791 1739 1846 valeat.

533 1885 700 1941 XXX.
746 1885 846 1958 |_Ib.
882 1901 996 1954 xlv,
1025 1885 1118 1954 21,
1140 1885 1256 1960 25.]
1281 1885 1433 1954 Quod
1471 1885 1539 1940 de
1563 1885 1776 1940 civitate
1815 1883 2030 1940 adducit

363 1959 374 1967 ’
449 1977 696 2034 invitatos
745 1979 811 2033 ad
854 1993 1102 2044 caenam,
1143 1979 1212 2034 de
1242 1959 1352 2048 ipsa
1379 1987 1538 2050 gente
1585 1977 1889 2034 Judtcorum
1937 1977 2028 2048 qui

447 2069 786 2126 crediderunt
807 2070 1098 2141 signiﬁcat,
1122 2071 1323 2126 debiles
1342 2071 1575 2142 peccatis
1595 2112 1608 2134 ,
1639 2085 1742 2124 non
1773 2069 2029 2126 habentes

449 2164 751 2235 superbiam
789 2165 940 2236 quasi
973 2164 1223 2234 justitiae,
1251 2180 1370 2234 qua:
1397 2162 1623 2218 mendax
1652 2163 1909 2234 primates
1933 2177 2028 2218 eo-

449 2271 571 2312 rum
597 2271 626 2310 a
651 2256 815 2328 gratia
861 2257 1194 2328 prohibebat.
1238 2255 1388 2324 Quod
1417 2267 1598 2313 autem
1639 2256 1706 2311 de
1734 2255 1950 2326 sepibus
1977 2263 2032 2312 et

448 2345 550 2402 viis
575 2345 708 2402 alios
731 2347 920 2403 adduci
939 2347 1130 2415 jussit,
1160 2363 1279 2402 cum
1303 2347 1480 2402 adhuc
1507 2347 1655 2404 locus
1674 2356 1852 2415 esset,
1882 2344 2027 2402 Gen-

448 2447 532 2495 tes
560 2439 862 2512 signiﬁcat,
897 2451 1112 2513 propter
1139 2441 1376 2498 diversas
1393 2443 1506 2499 vias
1534 2451 1802 2500 sectarum
1832 2452 1886 2500 et
1913 2443 2027 2515 spi-

447 2545 546 2608 nas
575 2543 930 2600 peccatorum.

527 2621 720 2678 XXXI.
761 2621 862 2697 [Ib.
895 2640 1003 2690 Juv,
1029 2623 1240 2698 28-35.]
1269 2625 1522 2695 Sumptus
1547 2626 1614 2682 ad
1638 2636 1836 2682 turrem
1865 2625 2030 2682 ³111111-

447 2716 700 2784 cantlam,
731 2719 869 2772 vires
915 2719 980 2772 ad
1010 2719 1380 2790 discipulatum
1411 2719 1604 2774 Christi
1633 2718 1979 2773 obtinendum
2011 2737 2026 2775 :

446 2820 498 2864 et
523 2809 705 2866 decem
753 2811 913 2865 millia
943 2812 1226 2880 prtuliaturi
1254 2827 1374 2866 cum
1400 2827 1522 2882 rege
1549 2811 1640 2882 qui
1683 2810 1912 2866 habebat
1946 2811 2028 2866 vi~

445 2902 576 2972 ginti
608 2902 770 2956 millia
791 2943 805 2965 ,
837 2902 1225 2972 simplicitatem
1271 2903 1542 2958 christiani
1582 2903 1880 2958 dimicaturi
1907 2919 2028 2958 cum

447 2991 751 3062 duplicitate
778 2992 991 3058 diaboli,
1023 2993 1120 3048 hoc
1147 3003 1229 3048 est
1257 3009 1376 3049 cum
1403 2993 1540 3050 dolis
1565 3004 1618 3050 et
1642 2993 1866 3049 fallaciis
1885 2995 2022 3064 ejus,

452 3083 505 3137 in
532 3082 723 3137 alI'ectu
751 3085 1026 3138 constituit
1047 3090 1064 3117 ³
1099 3085 1450 3139 renuntiantis
1475 3085 1722 3140 omnibus
1749 3101 1868 3154 qua:
1905 3093 2027 3140 sunt

447 3175 587 3241 ejus.
613 3173 688 3228 Ita
717 3174 856 3228 enim
883 3175 1147 3230 concludit
1172 3193 1185 3230 :
1217 3177 1308 3232 Sic
1335 3193 1452 3248 ergo
1491 3178 1652 3230 omnis
1677 3194 1742 3232 ea:
1765 3177 1899 3232 vobis
1943 3179 2032 3249 qui

447 3281 548 3320 non
579 3266 834 3319 renuntiat
864 3267 1093 3322 omnibus
1119 3283 1232 3338 qum
1255 3278 1371 3322 sunt
1399 3269 1509 3338 ejus
1529 3309 1544 3330 ,
1567 3285 1666 3322 non
1707 3277 1865 3339 potest
1889 3285 2029 3324 meus

446 3373 554 3410 esse
592 3356 888 3427 discipulus.
929 3356 1068 3412 Inter
1091 3375 1209 3429 qua:
1239 3358 1413 3414 omnia
1461 3359 1620 3414 etiam
1666 3360 1778 3430 ipsa
1821 3369 2030 3431 tempo-

447 3448 574 3502 ralis
606 3449 708 3502 vita
755 3447 1080 3519 intelligatur
1110 3465 1328 3506 necesse
1356 3459 1438 3506 est
1459 3493 1475 3519 ,
1505 3467 1664 3522 quam
1713 3449 1924 3522 Oportet
1952 3455 2030 3508 sic

447 3540 722 3612 possidere
747 3541 814 3596 ad
843 3551 1050 3611 tempus
1075 3583 1087 3602 .
1123 3553 1177 3598 ut
1222 3559 1326 3597 non
1355 3553 1406 3598 te
1433 3543 1686 3613 impediat
1713 3546 1780 3599 ab
1799 3555 1994 3600 acterna
2011 3587 2026 3611 ,

449 3631 537 3700 qui
571 3646 688 3686 eam
721 3631 876 3687 fuerit
911 3633 1139 3687 minatus
1163 3633 1391 3689 auferre.
1425 3634 1575 3688 Sicut
1597 3644 1773 3690 autem
1801 3635 1868 3690 de
1895 3637 2029 3692 tttrri

453 3738 558 3777 non
600 3722 830 3794 perfecta
857 3764 872 3790 ,
921 3739 1016 3793 per
1039 3725 1385 3795 opprobrium
1411 3727 1667 3782 deterruit
1691 3727 1978 3784 dicentium
2012 3771 2026 3795 ,

449 3811 582 3877 Quia
624 3813 704 3866 hic
741 3814 891 3868 homo
915 3817 1062 3887 erepit
1087 3817 1373 3884 adi/itare,
1413 3827 1460 3872 et
1481 3834 1580 3873 non
1602 3821 1762 3890 potuit
1791 3837 2028 3876 commm-

441 3923 582 3960 mare
605 3922 625 3962 :
651 3907 730 3962 sic
761 3907 812 3960 in
841 3923 963 3977 rege
989 3923 1110 3962 cum
1160 3925 1266 3981 quo
1293 3911 1652 3966 dimicandum
1687 3923 1770 3968 est
1794 3957 1806 3978 ,
1857 3915 2026 3986 ipsam

445 4012 629 4069 pacem
658 3999 950 4065 accusavit,
979 4015 1099 4054 cum
1128 4002 1220 4066 ait,
1246 4002 1526 4058 Adhucillo
1558 4003 1705 4075 longe
1737 4017 1933 4077 agente,
1957 4007 2032 4062 Ie-

442 4092 692 4162 gationcm
733 4091 934 4145 mittens
969 4102 1114 4163 rogat
1137 4108 1198 4145 ea
1221 4108 1334 4162 qua:
1361 4103 1479 4147 sunt
1520 4097 1692 4162 pacis;
1723 4097 2027 4166 siguillcans

445 4183 606 4239 etiam
652 4182 825 4239 minas
878 4181 1266 4240 imminentium
1310 4200 1340 4239 a
1385 4185 1597 4240 diabolo
1639 4188 2024 4258 tentationnm,

443 4292 549 4332 non
595 4278 858 4332 sustinere
887 4275 1129 4332 homines
1172 4277 1260 4347 qui
1294 4293 1397 4332 non
1449 4279 1753 4332 renuntiant
1781 4282 2026 4337 omnibus

441 4384 562 4439 quae
587 4369 895 4438 possident,
923 4378 976 4420 et
1004 4382 1186 4438 pacem
1213 4383 1334 4422 cum
1353 4383 1418 4421 eo
1444 4369 1620 4424 facere
1645 4373 2026 4428 consentiendo

444 4459 518 4514 illi
559 4459 628 4514 ad
657 4458 1032 4514 committenda
1085 4467 1318 4528 peccata.
1351 4459 1570 4514 Turretn
1617 4460 1810 4532 quippe
1857 4463 2026 4518 :cdiﬁ-

443 4566 570 4608 care
589 4591 603 4616 ,
636 4559 688 4605 et
713 4562 897 4606 contra
928 4566 1107 4622 regem
1137 4550 1284 4604 illum
1319 4549 1606 4618 dimicare,
1646 4567 1766 4609 esse
1790 4553 2025 4626 discipu-

442 4645 553 4700 ium
578 4643 772 4699 Christi
801 4653 883 4699 est
914 4661 926 4696 ε
955 4643 1154 4698 habere
1179 4652 1354 4698 autem
1391 4653 1634 4714 sumptus
1658 4643 1722 4698 ad
1749 4647 2024 4715 perlicien-

443 4729 566 4785 datn
607 4739 839 4796 turrem,
889 4739 942 4783 ct
971 4729 1165 4784 habere
1213 4729 1366 4784 fortia
1413 4727 1598 4784 decem
1629 4730 1792 4787 millia
1839 4742 2023 4789 contra

445 4819 634 4891 viginti
661 4821 820 4875 millia
845 4820 984 4892 regis
1002 4861 1018 4886 ,
1059 4819 1362 4876 renuntiare
1389 4829 1472 4876 est
1492 4819 1740 4877 omnibus
1761 4838 1879 4892 quae
1901 4835 2026 4881 sunt

441 4928 576 4969 Bilis.

467 4936 472 4966 ι
531 4931 576 4968 s.
1857 4931 1868 4942 '

467 4931 732 5062 J“XXXII.
775 5006 873 5079 [Ib.
907 5021 1018 5071 xw,
1041 5007 1130 5069 51,
1157 5007 1248 5073 35,
1279 5021 1364 5070 xv,
1394 5005 1574 5081 4-10.]
1591 5005 1768 5064 Salem
1801 5008 2023 5064 infatua-

441 5110 550 5156 tum
571 5141 586 5166 ,
613 5109 905 5170 apostatam
939 5118 952 5154 :
979 5098 1144 5154 Ovem
1175 5099 1434 5170 perditam
1457 5143 1472 5167 ,
1495 5115 1684 5156 omnes
1713 5112 2023 5172 peccatores

503 5237 518 5267 ¹
542 5235 677 5300 aditi,
700 5233 1060 5300 refragantibus
1103 5241 1208 5284 MSS.
1246 5232 1426 5284 addunt
1458 5232 1552 5294 hic,
1587 5231 1866 5286 assimilarit
1890 5249 1909 5288 :
1936 5251 2024 5300 pro

439 5271 1866 5366 ειυρξῑῑῑξξυξιῑειῑξάῖέξέῖῖρξπῑιῑῑθιξῑιῑιῑξζεεΐδοξῑέῖᾜῖ
1879 5271 2020 5350 trs".

439 5355 639 5429 lia'pent,
663 5355 864 5429 terrenis
878 5355 1187 5429 opinionibus
1203 5355 1275 5407 vel
1289 5355 1528 5429 operibus.
1569 5418 1580 5429 .

501 5424 521 5454 ²
545 5417 633 5472 sic
649 5429 762 5470 ven.
806 5428 858 5470 et
878 5417 970 5468 Lov
1014 5418 1130 5467 dant
1153 5418 1278 5468 lintre
1307 5417 1465 5468 locum
1493 5433 1506 5469 :
1533 5418 1658 5472 rit-es
1677 5427 1842 5472 sunt...
1869 5427 2024 5474 osten-

439 5483 557 5546 dunt
578 5480 852 5546 simplicitat
873 5494 931 5531 'm
963 5478 1214 5546 christiani
1247 5479 1467 5546 populi...
1496 5479 1548 5532 in
1568 5483 1741 5546 aﬂ'ectn
1765 5483 2020 5536 constituti.

439 5544 510 5610 ξὶο
527 5543 920 5608 etian:'t.ugd.,ea
939 5551 1100 5610 tamen
1122 5543 1470 5610 discre_a.ttia,.
1481 5543 1744 5608 ,uod‘uncis
1757 5553 1912 5610 septa:
1927 5549 2024 5598 sint

440 5604 518 5668 Ita:
541 5620 701 5665 voces,
726 5603 852 5668 sunt,
875 5605 1138 5668 Uslt’ttdttm,
1165 5603 1345 5668 populi.
1414 5603 1466 5654 δι’.

502 5667 577 5731 (a)
599 5675 665 5731 De
687 5667 879 5731 reliqua
908 5675 1044 5730 tat-te
1066 5666 1210 5729 hujus
1228 5666 1515 5731 quaestionis
1549 5666 1666 5716 nilnl
1699 5668 1850 5718 habet
1871 5670 2024 5731 irsius

439 5726 608 5782 titulus
645 5730 688 5777 in
729 5726 951 5788 mancus,
976 5726 1270 5790 su;ra,‘|ag'.
1317 5727 1453 5777 l52i.
1481 5735 1639 5778 Exstat
1679 5737 1840 5778 tamen
1881 5726 2026 5782 etiam

439 5790 573 5858 apud
587 5793 862 5858 Eugypjutu,
885 5805 994 5858 cuin
1018 5790 1156 5840 titulo
1173 5791 1387 5840 auctiorc
1405 5790 1482 5840 bis
1503 5791 1667 5841 verbis
1691 5805 1702 5840 :
1747 5809 1767 5838 α
1787 5799 1838 5842 Et
1857 5793 2024 5858 (1011)*-

496 5851 756 5918 oyioo,'vel
779 5852 844 5904 de
865 5851 1072 5924 muliere
1092 5859 1302 5904 eurvata.
1327 5868 1350 5897 ›

1293 384 1752 460 ουΑΞΞΤΙΟΝυΜ
1789 349 2346 455 ενΑΝαιςιιοίιυΜ,
2387 388 2460 470 s.
2485 387 2852 448 aucus'mu

3583 397 3727 457 ιω

2137 504 2305 573 dixit,
2335 509 2423 578 qui
2446 523 2542 579 per
2569 511 2933 581 pmnitentiatn
2957 511 3367 570 reconciliantur
3386 503 3518 572 Deo.
3544 515 3712 587 Quam

2137 595 2370 654 humeris
2401 601 2511 656 suis
2531 610 2742 672 portat,
2769 601 2892 674 quia
2922 604 3248 662 lnnniliando
3273 622 3330 664 se
3358 611 3491 664 tales
3516 613 3708 669 erexit.

2135 685 2260 743 Ideo
2285 699 2462 744 autem
2489 691 2606 746 illas
2637 695 2918 766 nonaginta
2949 711 3137 752 novem
3167 698 3321 765 dixit,
3345 716 3476 770 quas
3497 702 3716 774 reliquit

2134 778 2187 832 in
2216 779 2431 836 deserto
2452 823 2468 848 ,
2508 782 2628 854 quia
2657 785 2913 855 superbos
2943 788 3270 860 significant,
3305 801 3554 860 tanquam
3583 795 3715 852 soli-

2136 870 2369 927 tudinem
2390 884 2637 943 gerentes
2653 876 2703 930 in
2720 877 2918 940 animo.
2937 880 3062 934 dum
3081 882 3223 936 solos
3243 897 3302 939 se
3324 885 3487 940 videri
3505 888 3706 951 volant,

2133 964 2326 1034 quibus
2340 965 2404 1020 ad
2425 965 2798 1032 perfectionem
2814 971 3164 1027 unitasdeest.
3183 971 3314 1028 Cu'u
3328 977 3472 1030 enim
3487 979 3636 1048 quisq
3645 996 3709 1035 ne

2131 1069 2162 1109 a
2178 1071 2301 1110 vera
2320 1057 2518 1114 unitate
2531 1058 2818 1125 divellitur,
2835 1062 3080 1133 superbia
3094 1063 3379 1121 divellitur:
3397 1083 3507 1122 suae
3520 1069 3718 1140 quippe

2133 1151 2411 1220 potestatis
2439 1165 2561 1206 esse
2602 1153 2857 1224 cupiens,
2890 1171 2992 1209 non
3021 1158 3261 1226 sequitur
3303 1174 3464 1213 unum
3486 1201 3502 1226 ,
3565 1163 3710 1230 quod

2134 1243 2273 1300 Deus
2299 1254 2402 1300 est.
2437 1244 2664 1318 Ideoque
2690 1259 2743 1302 et
2767 1248 2818 1303 in
2843 1250 3126 1320 nonaginta
3153 1267 3342 1306 novem
3370 1253 3560 1309 ovibus
3589 1262 3642 1309 et
3665 1255 3718 1311 in

2132 1352 2323 1393 novem
2353 1338 2622 1396 drachmis
2648 1341 2798 1411 ponit
2823 1356 3006 1396 eorum
3029 1342 3468 1414 signiﬁcationem
3493 1387 3508 1411 ,
3535 1346 3622 1414 qui
3649 1346 3721 1403 de

2132 1443 2191 1486 se
2217 1438 2602 1500 praesumentes
2631 1431 2996 1500 peccatoribus
3024 1433 3090 1488 ad
3116 1434 3340 1489 salutem
3370 1434 3720 1491 redeuntibus

2132 1536 2194 1578 se
2220 1531 2552 1593 pra-ponunt.
2582 1521 2757 1579 Unum
2787 1523 2930 1578 enim
2961 1523 3113 1579 deest
3139 1524 3204 1580 ad
3237 1539 3427 1583 novem
3455 1534 3512 1580 ut
3531 1526 3720 1581 decem

2133 1613 2274 1681 sint,
2303 1623 2360 1670 et
2399 1613 2466 1670 ad
2494 1615 2776 1686 nonaginta
2811 1631 3002 1672 novem
3052 1627 3110 1671 ut
3137 1627 3350 1673 centum
3389 1619 3516 1674 sint.
3566 1619 3632 1674 Et
3673 1619 3721 1673 si

2132 1720 2230 1776 per
2254 1713 2479 1762 czcteros
2527 1721 2779 1762 numeros
2817 1707 2920 1762 hoc
2959 1707 3288 1765 consideres.
3343 1707 3476 1765 Nam
3505 1719 3556 1765 et
3587 1725 3749 1764 non--

2131 1798 2306 1869 gentis
2331 1799 2613 1868 nonaginta
2656 1813 2879 1866 novem,
2929 1815 3089 1854 unum
3115 1800 3266 1856 deest
3303 1809 3360 1856 ut
3399 1802 3544 1858 mille
3574 1801 3718 1871 sint,

2133 1899 2188 1944 et
2211 1889 2278 1944 ad
2301 1903 2490 1944 novem
2523 1890 2687 1945 millia
2715 1899 2984 1962 nongento
3004 1893 3538 1960 nonagintrlnovem,
3557 1910 3724 1949 unum

2133 1979 2284 2036 deest
2315 1989 2372 2036 ut
2412 1981 2596 2036 decem
2639 1982 2800 2038 millia
2839 1983 2964 2038 sint.
3000 1981 3201 2037 Variari
3239 1999 3367 2054 ergo
3411 1999 3504 2053 per
3547 1983 3728 2039 brevi-

2135 2079 2298 2127 tatem
2316 2081 2372 2126 et
2396 2073 2810 2144 magnitudinem
2836 2076 3041 2128 ttumeri
3061 2082 3304 2144 possunt,
3331 2074 3524 2144 quibus
3551 2091 3724 2131 unum

2133 2161 2288 2217 deest
2333 2171 2390 2217 ut
2434 2163 2813 2234 perﬁciantur:
2847 2163 3016 2234 ipsum
3046 2179 3172 2219 vero
3198 2180 3361 2220 unum
3404 2165 3520 2221 sine
3549 2167 3726 2222 varie—

2138 2256 2326 2312 tatein
2357 2271 2416 2310 se
2467 2271 2689 2311 manens
2728 2271 2850 2310 cum
2892 2256 3178 2312 accesserit
3209 2255 3410 2325 perﬁcit
3441 2299 3455 2322 ,
3505 2258 3589 2312 cui
3619 2259 3722 2314 de-

2135 2356 2284 2419 putat
2307 2362 2496 2402 omnes
2525 2362 2619 2417 per
2645 2346 3010 2416 paenitentiam
3041 2346 3410 2402 reconciliatos
3431 2389 3448 2418 ,
3477 2363 3594 2418 quae
3615 2346 3722 2404 hu-

2137 2439 2363 2494 militate
2399 2437 2692 2492 oblinetur.

2206 2527 2444 2584 XXXIII.
2489 2525 2588 2600 [1b.
2613 2544 2702 2594 xv,
2735 2527 2948 2602 ll-32.]
2973 2527 3144 2583 Homo
3163 2527 3366 2586 habens
3385 2528 3520 2586 duos
3545 2530 3680 2586 ﬁlios
3700 2573 3720 2601 ,

2135 2623 2278 2677 Deus
2315 2621 2384 2678 ad
2423 2621 2558 2675 duos
2587 2620 2809 2690 pupulos
2857 2620 3196 2692 intelligitur,
3249 2631 3498 2693 tanquam
3529 2623 3725 2694 stirpes

2135 2713 2266 2770 duas
2285 2713 2497 2785 generis
2517 2710 2732 2766 humani
2759 2729 2772 2765 :
2803 2727 2960 2766 unam
2991 2728 3173 2766 eorum
3195 2712 3283 2783 qui
3308 2724 3726 2784 permanserunt

2134 2807 2188 2861 in
2230 2805 2382 2861 unius
2409 2804 2500 2860 Dei
2527 2805 2670 2859 cultu
2693 2846 2708 2871 ,
2741 2804 2964 2859 alteram
2998 2819 3182 2860 eorum
3213 2805 3302 2876 qui
3333 2821 3501 2876 usque
3531 2805 3596 2860 ad
3623 2819 3722 2861 co-

2133 2896 2289 2952 lenda
2320 2895 2458 2950 idola
2501 2895 2856 2950 deseruerunt
2889 2895 3074 2950 Deum.
3106 2894 3186 2950 Ab
3213 2897 3328 2966 ipso
3353 2907 3530 2951 autent
3558 2912 3720 2952 exor-

2135 2988 2225 3044 dio
2253 2999 2514 3043 creaturae
2548 2987 2852 3042 mortalium
2901 2987 3258 3042 consideratio
3283 2987 3442 3043 debet
3492 2987 3722 3045 intendi.

2135 3080 2302 3152 Major
2327 3096 2455 3151 ergo
2484 3079 2625 3137 ﬁlius
2647 3079 2714 3135 ad
2744 3079 2946 3135 cultum
2977 3080 3134 3135 unius
3157 3079 3250 3135 Dei
3274 3081 3520 3150 pertinet.
3553 3081 3724 3136 Mino-

2135 3188 2248 3228 rem
2295 3173 2349 3228 in
2379 3173 2649 3242 regionem
2693 3172 3035 3243 longinquam
3066 3171 3362 3242 profectum
3407 3187 3527 3228 esse
3570 3173 3718 3229 dicit.

2136 3263 2293 3320 Petiit
2318 3263 2459 3318 enim
2483 3272 2537 3317 ιιι
2569 3262 2668 3318 sibi
2692 3276 2816 3332 pars
2835 3262 3145 3317 substantiae
3168 3278 3287 3333 quae
3311 3277 3433 3317 cum
3462 3271 3721 3334 tangeret,

2135 3357 2402 3412 daretura
2441 3365 2621 3425 patre,
2672 3363 2923 3425 tanquam
2967 3357 3144 3410 anima
3177 3365 3438 3426 potestate
3484 3371 3577 3412 sua
3625 3357 3719 3414 de-

2136 3450 2330 3506 lectata
2357 3491 2371 3514 ,
2420 3449 2472 3504 id
2503 3449 2642 3520 quod
2685 3449 2757 3504 illi
2804 3457 2888 3504 est
2913 3450 3100 3504 vivere
3121 3489 3136 3514 ,
3174 3449 3496 3520 intelligere,
3530 3450 3718 3506 menti-

2138 3543 2312 3610 nisse,
2367 3542 2582 3612 ingenio
2629 3541 2788 3597 alacri
2817 3533 3120 3597 excellere:
3173 3541 3349 3594 omnia
3402 3541 3500 3596 ista
3542 3543 3720 3598 divina

2135 3642 2259 3688 sunt
2299 3648 2519 3688 munera
2543 3673 2559 3699 ,
2591 3647 2709 3702 quae
2739 3631 2790 3686 in
2822 3639 3136 3702 petestatem
3167 3631 3433 3702 accipiens
3463 3645 3558 3700 per
3581 3632 3716 3688 Iibe-

2135 3740 2251 3779 rnm
2274 3723 2568 3789 arbitrium,
2611 3723 2732 3794 quia
2752 3723 2925 3778 divisit
2953 3729 3101 3793 pater
3125 3721 3304 3778 liberis
3329 3723 3677 3780 substantiam
3701 3767 3717 3792 ,

2136 3817 2312 3871 minor
2343 3816 2480 3872 Illius
2526 3816 2578 3870 in
2619 3816 2888 3884 regionem
2934 3813 3274 3884 longinquam
3307 3813 3575 3882 profectus
3602 3825 3706 3877 est,

2140 3909 2279 3964 male
2319 3911 2514 3966 utendo
2571 3907 2895 3963 naturalibus
2933 3905 3121 3970 bonis,
3186 3920 3252 3960 eo
3307 3907 3420 3976 ipso
3447 3907 3585 3978 quod
3625 3925 3722 3978 pa-

2137 4011 2270 4057 trem
2288 4001 2522 4057 deseruit
2541 4001 2828 4072 cupiditate
2853 3998 3060 4056 fruendi
3085 4006 3352 4066 creatura,
3383 4000 3570 4056 relicto
3600 4003 3718 4072 ipso

2133 4093 2404 4150 Ct'catore.

2205 4187 2356 4256 Quod
2381 4203 2486 4242 non
2507 4194 2629 4257 post
2655 4185 2853 4240 multos
2877 4185 2992 4240 dies
3016 4185 3148 4240 dixit
3173 4183 3388 4248 factum,
3416 4194 3474 4240 ut
3492 4201 3720 4258 congre-

2132 4283 2269 4352 gatis
2319 4280 2566 4335 omnibus
2619 4293 2842 4348 peregre
2883 4277 3311 4344 proﬁcisceretur
3348 4277 3400 4330 itt
3444 4279 3719 4347 regionem

2133 4373 2472 4444 longinquam
2503 4389 2516 4424 :
2545 4369 2666 4439 quia
2695 4383 2800 4422 non
2849 4367 3022 4422 multo
3050 4377 3170 4438 post
3200 4366 3582 4424 institutionem
3617 4367 3717 4422 ltu-

2131 4463 2272 4517 mani
2317 4461 2530 4532 generis
2568 4457 2760 4529 placuit
2801 4457 2994 4512 animae
3043 4472 3136 4526 per
3181 4451 3404 4511 Iiberutn
3435 4460 3712 4514 arbitrium

2133 4551 2272 4608 ferre
2309 4566 2490 4607 secum
2518 4547 2801 4621 quamdam
2847 4549 2990 4602 velut
3019 4546 3310 4617 potentiam
3344 4558 3544 4601 naturae
3571 4561 3714 4615 sine,

2130 4655 2184 4700 et
2204 4645 2454 4701 deserere
2483 4657 2602 4696 eum
2629 4658 2660 4697 a
2681 4655 2786 4712 quo
2814 4639 3024 4696 condita
3052 4647 3137 4694 est
3156 4680 3170 4702 ,
3203 4638 3483 4708 prtcﬁdens
3511 4640 3713 4694 viribus

2131 4737 2276 4798 suis;
2319 4750 2452 4808 quas
2495 4735 2634 4788 vires
2662 4741 2810 4789 tanto
2835 4731 3099 4787 consumit
3137 4731 3326 4798 citius,
3358 4743 3554 4800 quanto
3591 4748 3712 4786 cunt

2129 4829 2330 4884 deserit
2357 4843 2389 4882 a
2417 4842 2525 4898 quo
2543 4825 2681 4880 data:
2711 4833 2852 4879 sunt.
2883 4823 3062 4892 Itaque
3087 4821 3224 4876 hanc
3250 4823 3408 4876 vitam
3439 4821 3712 4892 prodigam

2128 4929 2313 4986 vocat,
2343 4925 2609 4974 amantem
2641 4916 2862 4970 fundere
2885 4924 3042 4983 atque
3092 4913 3306 4982 Spatiari
3335 4913 3544 4982 pompis
3569 4922 3715 4966 exte-

2130 5012 2394 5076 rioribus,
2425 5010 2568 5064 intus
2595 5010 2986 5064 inanescenten:
3005 5046 3018 5070 ,
3047 5019 3168 5060 cum
3197 5020 3257 5058 ea
3283 5004 3505 5074 quisque
3533 5005 3716 5076 sequi-

2131 5115 2218 5160 tur
2254 5120 2371 5174 qua:
2398 5103 2467 5157 ab
2498 5103 2585 5156 illa
2619 5100 2951 5170 procedunt,
2982 5107 3037 5152 ct
3063 5097 3314 5168 relinquit
3339 5113 3458 5152 eunt
3489 5097 3577 5167 qui
3614 5097 3715 5152 sibi

2129 5205 2212 5252 est
2239 5197 2481 5250 interior.
2511 5193 2677 5263 Regio
2707 5193 2883 5261 itaque
2924 5189 3206 5260 longinqua
3226 5229 3240 5254 ,
3264 5187 3462 5242 oblivio
3490 5189 3578 5242 Dci
3609 5198 3712 5244 est.

2131 5291 2320 5345 Fames
2345 5297 2523 5341 autem
2552 5287 2603 5340 in
2634 5285 2722 5340 illa
2745 5287 2962 5353 regione
2983 5323 2997 5347 ,
3032 5280 3416 5352 estindigcnlia
3449 5281 3594 5338 verbi
3626 5297 3718 5334 vc-

2128 5380 2318 5436 rilatis.
2371 5377 2520 5433 Unus
2561 5376 2760 5430 civium
2799 5372 3034 5442 regionis
3072 5372 3243 5437 illius,
3292 5371 3484 5449 aliquis
3537 5374 3713 5428 acrius

2131 5471 2376 5543 princeps
2425 5466 2490 5521 ad
2541 5467 2780 5520 tuilitiau't
2825 5464 3019 5518 diaboli
3050 5463 3337 5532 pertint-ns.
3382 5462 3512 5520 Villa
3557 5463 3668 5534 (‘ju‘
3695 5506 3710 5529 ,

2131 5561 2322 5617 modus
2351 5559 2624 5629 potestatis
2663 5556 2799 5626 ejus.
2849 5553 3036 5620 Porci,
3071 5553 3326 5609 itntnundi
3371 5556 3586 5624 spiritus
3625 5555 3712 5623 qui

2131 5655 2231 5713 sub
2257 5656 2374 5726 ip<o
2401 5659 2600 5708 essent.
2632 5649 2850 5719 Siliquae
2872 5649 3064 5719 quibus
3083 5661 3281 5718 porcos
3305 5651 3550 5720 pascebat
3571 5691 3583 5708 .
3615 5663 3717 5702 sr-

2131 5748 2342 5803 rulares
2364 5745 2618 5798 doctrinm
2637 5783 2654 5806 ,
2683 5741 2849 5795 sterili
2881 5741 3113 5796 vanitate
3141 5751 3484 5805 resonantes;
3513 5742 3581 5796 de
3601 5732 3719 5810 qni-

2135 5847 2232 5901 bus
2271 5840 2453 5898 laudes
2483 5837 2744 5894 idolorum
2777 5837 3176 5904 fabularumque
3216 5832 3282 5891 ad
3310 5833 3438 5891 deos
3463 5834 3715 5892 Gentium
