4036 6388
280 315 419 374 1345

283 427 672 502 pertinentium
692 434 851 491 vario
868 445 1120 495 sermone
1144 439 1302 503 atque
1320 429 1645 511 carminibus
1665 445 1879 502 percre-

288 534 445 598 pant,
488 524 692 596 quibus
733 527 998 582 daemonia
1027 526 1398 583 delectantur:
1428 524 1583 583 unde.
1610 537 1735 580 cum
1780 524 1884 581 iste

292 614 515 673 saturari
538 617 830 686 cupiebat,
860 617 1310 689 aliquidsolidum
1337 625 1393 671 et
1417 625 1619 672 rectum
1649 614 1790 686 quod
1817 613 1884 669 ad

296 708 503 766 beatam
519 709 685 764 vitam
717 710 1029 779 pertineret,
1053 709 1290 764 invenire
1308 709 1579 764 volt-batin
1603 708 1815 773 talibus,
1832 715 1889 763 et

294 816 403 855 non
428 808 653 870 poterat.
683 799 797 855 Hoc
808 809 892 855 est
910 799 1050 854 enim
1065 798 1204 869 quod
1222 799 1315 864 ait,
1336 796 1405 852 Et
1423 814 1566 852 nemo
1590 797 1668 852 illi
1685 798 1858 852 dabat.

365 889 433 945 In
461 907 518 946 se
540 901 710 944 autem
737 906 987 954 reversus,
1009 889 1121 959 jam
1147 890 1352 945 scilicet
1375 890 1443 944 ab
1470 890 1549 944 eis
1573 904 1692 959 qua:
1718 888 1879 943 forin-

294 997 451 1038 secus
479 982 674 1036 frustra
705 981 936 1037 illiciuut
953 989 1007 1036 et
1030 981 1322 1049 seducunt,
1352 979 1405 1036 in
1434 979 1774 1035 conscientiae
1801 979 1887 1034 in~

296 1079 490 1132 terior.-
507 1075 760 1131 reducem
781 1074 977 1131 faciens
991 1074 1335 1130 intentiouem
1349 1089 1520 1141 suam,
1534 1075 1681 1140 dixit,
1699 1073 1890 1138 Quanti

297 1168 600 1222 mercenarii
623 1168 676 1221 in
706 1168 856 1221 domo
882 1166 1154 1237 patrismei
1181 1165 1436 1220 abundant
1458 1165 1710 1236 panibus?
1736 1164 1887 1221 Unde

298 1258 409 1313 hoc
432 1259 576 1313 scire
607 1266 839 1328 poterat,
863 1258 914 1312 in
936 1273 1041 1328 quo
1067 1270 1183 1313 erat
1210 1266 1350 1312 tanta
1377 1256 1576 1312 oblivio
1602 1256 1717 1322 Dei,
1749 1256 1889 1311 sicut

294 1349 350 1404 iu
378 1349 631 1405 omnibus
661 1349 957 1404 idololatris
996 1347 1136 1415 fuit,
1169 1350 1268 1404 nisi
1298 1349 1420 1419 quia
1448 1349 1546 1404 ista
1581 1348 1889 1419 recogitatio

291 1440 408 1511 iam
427 1440 790 1510 ri-sipisceutis
814 1449 917 1508 est,
944 1455 1065 1495 cum
1097 1439 1442 1510 Evangelium
1474 1439 1889 1508 prmdicaretur?

292 1531 416 1586 Jam
448 1533 592 1588 enim
635 1540 853 1602 poterat
893 1531 1010 1586 talis
1051 1531 1484 1587 animadvertere
1519 1530 1714 1585 multos
1748 1545 1888 1599 prte-

294 1622 484 1679 dicare
503 1624 807 1686 veritatem,
837 1623 976 1678 inter
1000 1638 1134 1695 quos
1154 1622 1366 1692 quidam
1388 1630 1569 1678 essent
1597 1638 1701 1677 non
1724 1622 1890 1692 ipsius

291 1729 483 1769 amore
518 1715 759 1770 veritatis
780 1716 943 1777 ducti,
971 1715 1065 1771 sed
1100 1714 1391 1787 cupiditate
1410 1714 1887 1783 comparandorum

292 1806 634 1861 seecnlarium
665 1788 1090 1861 commodorum.
1119 1806 1195 1861 De
1222 1805 1412 1876 quibus
1429 1804 1637 1861 dicebat
1663 1806 1891 1874 Aposto-

292 1897 402 1963 lus,
446 1912 571 1952 esse
597 1898 856 1967 quosdam
886 1898 973 1967 qui
1013 1897 1356 1968 Evangelium
1386 1899 1763 1953 annuntiarent
1784 1912 1887 1953 non

292 1997 451 2043 caste
506 1988 766 2059 (Phiiipp.
794 2005 844 2054 ι,
880 1987 1007 2062 17),
1057 1989 1422 2045 existimantes
1463 2001 1722 2060 quaestum
1768 2003 1889 2044 esse

300 2080 556 2148 pietatem
603 2078 645 2151 (l
672 2078 804 2134 Tim.
840 2096 928 2143 v1,
959 2079 1034 2157 5).
1082 2080 1198 2135 Non
1237 2080 1378 2134 enim
1417 2079 1559 2135 aliud
1602 2080 1887 2135 annuntia-

298 2168 459 2236 bant,
486 2170 621 2226 sicut
640 2172 906 2238 haeretici;
936 2171 1030 2227 sed
1062 2172 1161 2227 hoc
1200 2172 1340 2242 quod
1364 2173 1636 2242 apostolus
1662 2173 1876 2241 Paulus,

292 2276 410 2317 non
453 2277 520 2317 eo
570 2271 737 2319 tamen
785 2264 967 2319 animo
1014 2278 1119 2333 quo
1156 2264 1429 2334 apostolus
1474 2264 1713 2319 Paulus:
1746 2265 1886 2321 unde

291 2361 353 2409 et
400 2355 717 2409 mercennarii
762 2364 909 2410 recte
945 2355 1311 2425 appellantur,
1355 2355 1404 2408 in
1447 2355 1632 2410 eadem
1674 2356 1885 2426 quidem

291 2444 461 2501 domo
486 2446 732 2501 eumdem
780 2462 971 2517 panem
1013 2447 1159 2503 verbi
1202 2456 1521 2515 tractantes;
1567 2463 1674 2504 non
1713 2459 1887 2505 tamen

292 2537 352 2592 in
382 2538 747 2593 hzercditatem
789 2548 1044 2593 arternam
1073 2539 1243 2593 vocati
1263 2579 1278 2602 ,
1307 2539 1400 2593 sed
1430 2540 1702 2609 temporali
1744 2557 1886 2596 mer-

292 2628 435 2685 cede
459 2630 729 2685 conducti.
758 2632 833 2687 De
857 2630 1048 2685 talibus
1064 2630 1261 2685 dictum
1282 2641 1384 2695 est,
1401 2631 1580 2698 Amen,
1598 2632 1710 2687 dico
1728 2633 1884 2701 vobis,

296 2733 632 2795 perceperunt
656 2724 935 2779 intercedet):
958 2740 1103 2778 suam
1130 2722 1345 2795 (Matth.
1378 2741 1427 2778 vt
1448 2765 1461 2790 ,
1492 2724 1571 2796 2).
1605 2725 1712 2796 Ego
1735 2741 1883 2798 ergo,

293 2815 495 2884 inquit,
523 2817 601 2869 hic
625 2819 763 2888 fame
783 2832 950 2886 pereo.
981 2816 1179 2872 Deinde
1199 2817 1299 2882 ait,
1333 2816 1574 2889 Surgam,
1605 2820 1725 2892 quia
1741 2821 1890 2889 jace-

293 2907 433 2963 hat:
460 2918 506 2961 et
530 2908 632 2974 ibo,
661 2909 785 2978 quia
818 2908 969 2979 longe
984 2908 1168 2964 aberat
1201 2926 1214 2962 :
1246 2908 1314 2962 ad
1340 2919 1534 2980 patrem
1553 2927 1738 2977 meant,
1766 2912 1887 2982 quia

296 3001 406 3056 sub
437 3001 678 3071 principe
704 3016 982 3070 porcorum
1008 3011 1141 3056 erat.
1166 2998 1369 3057 Ca-tera
1388 3003 1546 3058 verba
1569 3014 1687 3058 sunt
1711 3006 1888 3076 paeni-

300 3091 527 3145 tentiam
581 3090 887 3146 meditantis
940 3089 992 3144 in
1019 3089 1354 3145 confessione
1391 3092 1611 3160 peccati,
1652 3093 1886 3150 nondum

296 3191 483 3238 tamen
506 3186 732 3253 agentis.
764 3181 879 3237 Non
906 3183 1045 3236 enim
1085 3182 1194 3252 jam
1226 3182 1353 3237 dicit
1379 3184 1516 3254 patri
1540 3224 1555 3247 ,
1596 3185 1690 3240 sed
1715 3185 1886 3242 dictu-

296 3288 423 3331 rum
459 3290 519 3332 se
559 3292 678 3332 esse
705 3274 964 3347 promittit
1002 3291 1121 3331 cum
1161 3276 1383 3331 venerit.
1434 3275 1699 3348 Intelligas
1729 3279 1888 3350 igitur

295 3367 410 3422 hoc
456 3382 597 3423 nunc
641 3367 1005 3438 accipiendum
1052 3381 1171 3422 esse
1219 3368 1401 3423 venire
1428 3368 1496 3423 ad
1544 3380 1782 3440 patrem,
1831 3370 1886 3425 in

296 3456 550 3512 Ecclesia
593 3457 841 3512 constitui
887 3471 981 3527 per
1025 3444 1213 3524 fidem,
1277 3456 1363 3511 ubi
1403 3457 1513 3526 jam
1560 3460 1726 3530 possit
1768 3476 1888 3516 esse

295 3557 644 3618 peccatorum
676 3547 908 3617 legitima
926 3556 981 3602 et
1004 3546 1271 3601 fructuosa
1295 3547 1579 3604 confessio.
1603 3549 1737 3617 Quid
1759 3566 1887 3621 ergo

297 3638 443 3710 patri
466 3639 727 3695 dicturum
755 3653 814 3694 se
842 3638 1012 3694 dicit?
1060 3636 1218 3693 Pater
1239 3678 1254 3704 ,
1306 3641 1505 3709 peccavi
1547 3641 1601 3695 in
1640 3642 1820 3696 caelum
1841 3651 1886 3697 et

297 3745 475 3784 coram
504 3740 582 3794 te,
626 3738 673 3783 et
700 3730 814 3801 jam
854 3745 955 3784 non
999 3745 1110 3797 sunt
1147 3728 1331 3799 dignus
1359 3731 1526 3784 vocari
1553 3731 1691 3800 ﬁlius
1734 3741 1885 3800 tuus;

300 3828 389 3895 {ac
416 3839 494 3877 me
519 3823 645 3876 sicut
676 3839 833 3876 unum
861 3822 922 3876 de
955 3822 1273 3876 mercenariis
1300 3824 1420 3878 tuis.
1459 3823 1648 3879 Utrum
1677 3824 1778 3880 hoc
1804 3834 1886 3882 est

303 3913 520 3968 Peccavi
544 3914 595 3967 iu
621 3915 803 3967 caelum
823 3954 837 3977 ,
882 3914 1020 3983 quod
1050 3924 1132 3968 est
1157 3912 1339 3967 Coram
1365 3925 1451 3980 te;
1486 3925 1542 3970 ut
1565 3916 1758 3973 C(elum
1788 3932 1884 3988 ap-

300 3998 582 4076 pellaverit
610 4006 780 4081 ipsam
811 4006 1168 4060 summitatem
1194 4005 1366 4062 Patris
1395 4024 1407 4059 :
1434 4007 1575 4063 unde
1611 4018 1693 4062 est
1723 4008 1882 4064 etiam

302 4097 441 4154 illud
472 4099 522 4161 in
559 4097 811 4162 Psalnto,
863 4098 901 4150 Α
930 4113 1123 4151 summo
1161 4099 1284 4151 caelo
1310 4099 1524 4169 egressio
1559 4099 1669 4170 ejus
1711 4098 1881 4171 (Psal.

303 4207 460 4256 mu,
492 4192 588 4262 7),
618 4206 738 4245 cum
767 4189 833 4242 ab
871 4190 985 4259 ipso
1016 4189 1168 4246 Patre
1194 4190 1348 4244 \ellct
1378 4190 1634 4259 intelligi?
1676 4191 1755 4245 An
1789 4208 1884 4260 po-

300 4284 431 4345 tius,
463 4280 672 4337 Peccavi
703 4286 754 4335 in
784 4282 981 4345 caelum,
1011 4297 1188 4337 coram
1215 4283 1412 4338 sanctis
1441 4283 1652 4350 animis,
1689 4285 1739 4337 in
1766 4283 1885 4354 qui-

303 4374 408 4429 bus
430 4384 506 4429 est
534 4375 689 4429 sedes
719 4373 811 4427 Dei
844 4390 855 4425 :
881 4372 1063 4428 Coram
1086 4382 1133 4427 te
1158 4382 1335 4429 autem
1360 4414 1376 4440 ,
1404 4374 1455 4429 in
1486 4374 1601 4445 ipso
1628 4375 1884 4445 penetrali

301 4466 557 4522 interiore
580 4464 956 4521 conscientim?

378 4560 444 4613 Et
478 4575 684 4631 surgens
716 4559 846 4614 venit
869 4558 938 4613 ad
968 4566 1161 4629 patrem
1186 4574 1352 4612 suum.
1383 4557 1508 4614 Cum
1531 4570 1697 4616 autem
1719 4563 1887 4618 adhuc

302 4652 455 4725 longe
480 4664 607 4709 esset
635 4669 655 4709 :
679 4663 961 4725 antequam
992 4652 1306 4722 intelligeret
1349 4653 1544 4719 Deum,
1586 4656 1680 4711 sed
1712 4664 1885 4714 tamen

299 4762 428 4801 cum
449 4746 555 4816 jam
583 4748 665 4816 pie
707 4753 1009 4816 quatrcret,
1060 4743 1192 4798 Vidit
1221 4744 1365 4798 illum
1392 4754 1534 4814 pater
1558 4746 1735 4817 ipsius.
1780 4747 1885 4802 Im-

300 4840 428 4911 pios
453 4839 589 4894 enim
615 4850 670 4894 et
689 4838 947 4909 superbos
973 4838 1359 4893 convenienter
1388 4853 1491 4893 non
1535 4839 1719 4896 videre
1749 4840 1883 4896 dici-

300 4939 429 4996 tur,
480 4939 725 5001 tanquam
754 4939 878 4986 ante
922 4931 1108 4985 oculos
1148 4947 1251 4984 nou
1283 4929 1481 4987 habere
1509 4949 1523 4985 :
1553 4942 1679 4988 ante
1705 4935 1887 4990 oculos

300 5023 449 5082 cnim
476 5024 695 5089 haberi,
741 5023 950 5078 nonnisi
982 5022 1071 5094 qui
1097 5023 1419 5094 diliguntur,
1451 5024 1554 5080 dici
1588 5027 1780 5081 solent.
1819 5026 1887 5082 Et

303 5118 650 5173 misericordia
678 5127 842 5173 motus
871 5129 943 5172 est
973 5133 990 5171 :
1020 5126 1065 5172 et
1094 5134 1358 5172 acciti-rens
1396 5117 1570 5173 cecidit
1595 5136 1747 5191 super
1777 5122 1885 5175 co!-

301 5210 413 5266 [ατη
434 5212 565 5283 ejus.
589 5209 705 5267 Non
731 5212 873 5267 enim
898 5212 1050 5266 Pater
1069 5211 1391 5280 unigenitum
1420 5210 1606 5265 Filium
1628 5212 1885 5280 deseruit,

302 5302 360 5357 in
382 5318 490 5374 quo
514 5318 682 5374 usque
708 5302 777 5356 ad
816 5311 1051 5357 nostram
1081 5302 1419 5372 longinquam
1451 5302 1608 5357 etiam
1658 5305 1890 5375 peregri-

300 5393 578 5450 nationem
609 5394 847 5450 cucurrit
880 5402 1038 5464 atque
1076 5392 1390 5458 descendit;
1436 5394 1562 5463 quia
1594 5395 1733 5451 Deus
1774 5406 1889 5451 erat

303 5484 361 5542 in
384 5486 599 5541 Christo
626 5485 880 5540 mundum
915 5486 1264 5541 reconcilians
1296 5485 1394 5540 sibi
1431 5486 1496 5558 (ll
1525 5487 1639 5542 Cor.
1671 5504 1724 5554 ν,
1757 5490 1843 5561 l9)
1872 5508 1883 5543 :

301 5588 360 5635 et
384 5579 505 5652 ipse
545 5579 803 5635 Dominus
830 5580 936 5648 ait,
991 5578 1150 5635 Pater
1176 5580 1229 5635 in
1258 5597 1336 5634 me
1374 5596 1583 5636 manens
1622 5584 1730 5654 ipse
1767 5586 1891 5657 facit

300 5687 581 5747 opera‘sua
605 5670 785 5747 (λειω.
810 5689 917 5740 xw,
944 5673 1056 5745 ω).
1087 5673 1225 5741 Quid
1250 5682 1333 5729 est
1356 5682 1564 5740 autem,
1592 5692 1754 5747 super
1777 5679 1889 5734 col-

601 5762 815 5841 cadel'ei
858 5763 962 5841 nisi
997 5765 1255 5846 inclinare
1291 5772 1346 5823 et
1369 5764 1649 5824 humiliare
1688 5768 1743 5827 iu
1769 5786 1884 5828 am—

1638 315 1839 375 LIBER
1874 314 2247 377 SECUNDUS.

1998 430 2211 501 plexum
2252 428 2367 499 ejus
2410 429 2685 486 brachium
2714 431 2909 487 suum?
2950 428 3021 486 Et
3069 432 3325 488 brachium
3369 433 3575 491 Domini

1994 521 2077 575 cui
2099 520 2369 576 revelatum
2395 529 2467 574 est
2495 519 2649 591 (lsai.
2682 537 2768 576 ιιιι
2789 562 2803 586 ,
2843 522 2942 593 l)?
2974 522 3128 594 quod
3146 532 3229 578 est
3263 529 3444 595 utique
3473 526 3576 580 Do-

1992 613 2171 668 minus
2212 622 2391 669 noster
2425 612 2582 668 Jcsus
2618 614 2877 691 Christus.
2930 612 2998 668 Et
3027 617 3280 670 osculatus
3307 627 3379 672 est
3406 619 3574 672 illum.

1994 705 2269 760 Consul-ari
2304 705 2466 760 verbo
2488 706 2673 775 gratia:
2703 706 2796 761 Dei
2816 706 2883 761 ad
2904 723 3052 777 spent
3088 709 3423 776 indulgentiae
3454 727 3578 781 pec-

1995 806 2233 851 catorum
2256 835 2271 858 ,
2302 798 2404 851 hoc
2427 805 2538 863 est,
2568 808 2686 865 post
2710 796 2864 868 longa
2893 799 3079 855 itinera
3106 813 3433 857 remeantem
3462 820 3574 857 me-

1994 884 2099 939 reri
2126 899 2157 939 a
2184 894 2334 955 patre
2353 886 2592 940 osculum
2620 887 2909 961 cltaritatis.
2942 889 3205 961 iltincipit
3227 891 3338 961 jam
3364 903 3574 961 peccata

1994 979 2311 1033 constitutus
2339 978 2391 1032 in
2415 978 2652 1033 Ecclesia
2675 980 2937 1035 conﬁteri.
2966 981 3074 1036 Nec
3099 983 3225 1037 dicit
3251 985 3424 1038 omnia
3456 1002 3574 1055 qnze

1993 1067 2256 1122 dicturum
2308 1085 2367 1124 se
2413 1084 2532 1124 esse
2571 1072 2903 1140 promiserat,
2960 1073 3053 1128 sed
3099 1090 3267 1144 usque
3313 1077 3378 1130 ad
3424 1078 3572 1145 illud,

1996 1157 2117 1213 Non
2142 1176 2256 1213 sum
2281 1160 2464 1231 dignus
2488 1162 2654 1215 vocari
2677 1162 2814 1231 ﬁlius
2840 1173 2977 1219 tuus.
3024 1164 3133 1220 Hoc
3152 1167 3295 1222 enim
3323 1169 3435 1235 vult.
3463 1172 3574 1226 fieri

1996 1265 2092 1320 per
2118 1251 2359 1321 gratiam,
2383 1267 2489 1321 quo
2514 1267 2572 1306 se
2594 1253 2863 1322 indignum
2888 1270 3007 1311 esse
3033 1272 3128 1325 per
3150 1259 3336 1313 merita
3364 1260 3573 1316 fatetur.

1995 1341 2112 1396 Non
2149 1342 2296 1397 addit
2319 1343 2458 1414 quod
2487 1344 2540 1398 in
2583 1345 2674 1398 illa
2706 1345 3047 1403 meditatione
3076 1349 3315 1416 dixerat,
3359 1352 3469 1407 Fac
3497 1371 3575 1411 me

1993 1433 2121 1486 sicut
2147 1449 2301 1487 unum
2328 1434 2391 1488 de
2417 1437 2735 1493 mercenariis
2760 1438 2877 1492 tuis.
2910 1438 3044 1493 Cum
3073 1443 3215 1494 enim
3247 1458 3434 1512 panem
3465 1463 3568 1502 non
3604 1495 3612 1503 .

1996 1521 2253 1590 haberet,
2285 1525 2366 1581 vel
2411 1528 2768 1582 mercenarius
2795 1545 2914 1584 esse
2955 1532 3200 1609 cupiebat
3228 1552 3240 1587 :
3270 1537 3411 1605 quod
3454 1548 3577 1609 post

1993 1615 2235 1669 osculum
2260 1617 2422 1686 patris
2447 1620 2857 1688 generosissime
2877 1622 2987 1691 jam
3017 1625 3356 1697 dedignatur.

2068 1705 2214 1760 Stola
2247 1707 2453 1777 prima,
2510 1720 2592 1764 est
2639 1711 2866 1783 dignitas
2908 1730 3065 1785 quam
3111 1720 3337 1787 perdidit
3373 1722 3566 1781 Adam.

1994 1794 2144 1850 Servi
2181 1798 2269 1867 qui
2312 1814 2429 1854 eam
2480 1800 2781 1870 proferunt,
2826 1808 3269 1866 reconciliationis
3314 1814 3572 1883 pra'dica-

1996 1897 2157 1945 tores.
2213 1893 2450 1948 Anuulus
2483 1894 2532 1948 in
2565 1912 2719 1950 manu
2739 1937 2755 1962 ,
2797 1898 2985 1968 pignus
3012 1901 3239 1971 Spiritus
3267 1911 3435 1962 sancti
3462 1926 3574 1979 pro-

1995 1991 2110 2051 pter
2133 1984 2314 2053 gratiae
2357 1986 2690 2053 partitionem
2726 1988 2774 2053 ι,
2801 2006 2920 2060 quae
2947 1990 3112 2063 digito
3137 1995 3273 2052 bene
3306 2000 3575 2070 signiﬁca-

1997 2082 2098 2129 tur.
2146 2075 2515 2132 Calceamcnta
2548 2079 2598 2133 in
2630 2080 2812 2149 pedes,
2848 2087 3160 2154 prteparatio
3180 2093 3574 2163 evangelizandl

1994 2167 2061 2223 ad
2082 2184 2185 2223 non
2216 2172 2473 2242 tangenda
2498 2180 2726 2229 terrena.
2750 2174 2960 2231 Vitulus
2983 2180 3272 2250 saginatus,
3293 2184 3405 2253 ipse
3434 2185 3572 2243 idem

1995 2258 2252 2316 Dominus
2277 2302 2292 2328 ,
2325 2262 2417 2318 sed
2448 2264 2738 2318 secundum
2769 2280 2982 2321 carnem
3008 2270 3229 2326 satiatus
3251 2275 3570 2343 opprobriis.

1993 2353 2144 2422 Quod
2170 2364 2345 2410 autem
2392 2356 2619 2427 imperat
2644 2344 2697 2412 ut
2726 2357 2990 2416 adducant
3031 2378 3151 2419 eum
3176 2405 3192 2432 ,
3238 2367 3363 2436 qttid
3405 2370 3570 2438 aliud,

1993 2445 2094 2500 nisi
2124 2454 2180 2499 ut
2204 2446 2492 2515 praedicent
2517 2463 2670 2514 cum,
2709 2458 2763 2504 et
2788 2453 3151 2508 annuntiaudo
3175 2456 3359 2513 venire
3385 2455 3576 2516 faciant

1993 2535 2047 2591 in
2075 2536 2329 2591 exhausta
2361 2538 2500 2593 fame
2528 2540 2730 2595 viscera
2758 2542 2850 2596 lilii
2874 2545 3200 2601 esurientis?
3244 2547 3374 2602 Nam
3415 2550 3575 2607 etiam

1994 2637 2049 2683 ut
2069 2630 2311 2685 occidant
2337 2648 2458 2687 eum
2479 2632 2667 2701 jubet,
2703 2633 2803 2690 hoc
2831 2645 2946 2701 est,
2987 2648 3042 2691 ut
3083 2649 3309 2696 mortem
3355 2644 3469 2713 ejus
3496 2647 3575 2701 in.

2006 2719 2219 2775 sinuent
2249 2739 2260 2774 :
2293 2732 2419 2777 tunc
2446 2722 2587 2777 enim
2607 2724 2799 2795 cuique
2823 2727 3103 2791 occiditur,
3133 2747 3251 2785 cum
3281 2735 3451 2788 credit
3482 2751 3574 2792 oc-

1992 2811 2180 2866 cisum.
2213 2811 2283 2866 Et
2322 2813 2581 2883 epulemur
2606 2855 2622 2881 ,
2672 2815 2843 2886 inquit
2875 2836 2887 2870 :
2925 2818 3026 2874 hoc
3052 2819 3117 2875 ad
3145 2822 3377 2877 ltetitiam
3406 2826 3569 2895 valet,
3604 2844 3613 2849 ’

1991 2912 2210 2973 propter
2258 2904 2345 2961 illa
2385 2920 2505 2975 quae
2536 2918 2927 2976 consequenter
2950 2909 3106 2977 dicit,
3157 2913 3289 2976 Quia
3313 2916 3393 2968 hic
3430 2918 3568 2985 ﬁlius

1992 3012 2133 3050 meus
2158 3006 2383 3050 mortuus
2411 3009 2520 3051 erat
2539 3038 2553 3061 ,
2583 3006 2629 3052 et
2657 3000 2867 3063 revixit;
2892 3003 3129 3071 perierat,
3161 3014 3206 3056 et
3232 3005 3455 3062 iuventus
3480 3019 3571 3066 est.

1994 3085 2061 3140 Et
2105 3089 2217 3140 istae
2241 3088 2415 3156 epulo:
2444 3098 2602 3157 atque
2632 3089 2893 3143 festivitas
2920 3106 3061 3146 nunc
3088 3094 3446 3163 celebrantur,
3481 3115 3575 3168 per

1992 3176 2176 3232 orbem
2203 3186 2463 3232 terrarum
2494 3178 2729 3234 Ecclesia
2759 3180 2973 3235 dilatata
2998 3191 3155 3251 atque
3184 3184 3394 3242 diﬂ‘usa.
3420 3187 3572 3244 Vitu-

1992 3265 2075 3321 lus
2102 3268 2241 3322 enim
2264 3267 2350 3322 ille
2372 3270 2422 3320 in
2444 3283 2667 3337 corpore
2688 3280 2741 3327 et
2759 3271 3014 3340 Sanguine
3041 3273 3316 3332 Dominico
3339 3288 3395 3334 et
3418 3280 3574 3337 offer-

1992 3370 2078 3415 tur
2104 3360 2266 3425 Patri,
2297 3369 2351 3414 et
2375 3362 2545 3431 pascit
2573 3369 2734 3415 totam
2765 3362 3003 3418 domum.

2063 3452 2196 3506 Cum
2225 3451 2423 3506 interea
2447 3453 2615 3522 major
2637 3452 2775 3509 filius
2799 3496 2814 3521 ,
2841 3456 3063 3526 populus
3092 3457 3253 3516 Israel
3282 3465 3572 3523 secundum

1991 3557 2205 3597 carnem
2225 3583 2239 3609 ,
2275 3559 2380 3597 ncn
2407 3544 2617 3614 quidem
2651 3544 2917 3614 profectus
2946 3547 2998 3602 in
3039 3549 3376 3622 longinquam
3403 3557 3573 3626 regio-

1991 3647 2133 3698 nem,
2175 3631 2268 3687 sed
2295 3645 2468 3688 tamen
2501 3635 2552 3688 in
2584 3634 2742 3691 domo
2768 3652 2872 3690 non
2904 3647 3005 3692 est.
3036 3640 3088 3693 In
3117 3655 3246 3711 agro
3268 3654 3572 3717 autemest,

1990 3722 2043 3778 id
2065 3731 2148 3779 est
2166 3765 2182 3791 ,
2210 3724 2261 3778 in
2290 3726 2399 3794 ipsa
2431 3725 2768 3782 hiercditaria
2789 3729 3057 3797 epulentia
3086 3731 3244 3804 Legis
3269 3743 3323 3789 et
3348 3735 3577 3807 Prophe-

1994 3822 2164 3867 tarum
2207 3820 2416 3869 terrena
2461 3816 2632 3884 potius
2661 3830 2947 3887 operatur,
2992 3830 3045 3875 et
3072 3822 3123 3876 in
3160 3825 3576 3900 quibuscumque

1992 3902 2295 3960 Israeliticis
2325 3906 2837 3962 considerationibas
2865 3911 2906 3962 ³.
2957 3910 3087 3966 Nam
3119 3917 3266 3971 multi
3311 3918 3441 3974 tales
3493 3922 3577 3976 iu-

1991 3997 2133 4050 venti
2163 4004 2287 4050 sunt
2315 3996 2367 4051 in
2398 4000 2476 4052 cis
2497 4037 2512 4062 ,
2546 4007 2599 4052 et
2633 4013 2773 4068 saepe
2817 4001 3179 4059 inveniuntur.
3235 3986 3471 4066 Veniens
3506 4014 3577 4068 de

1990 4102 2117 4157 agro
2146 4087 2325 4141 donmi
2353 4089 2704 4159 propinquare
2733 4092 2895 4161 ('(epit
2916 4135 2931 4159 ,
2962 4095 3132 4159 idest,
3164 4097 3345 4154 labore
3370 4105 3576 4160 servnlis

1991 4177 2169 4247 operis
2200 4178 2496 4247 improbato
2516 4219 2530 4243 ,
2587 4196 2651 4235 ex
2683 4183 2865 4237 iisdem
2897 4183 3184 4255 Scripturis
3226 4190 3481 4248 Ecclesiae
3512 4196 3577 4249 li-

1990 4270 2246 4326 bertatem
2275 4271 2646 4327 consideravit.
2684 4273 2839 4329 Audit
2864 4277 3232 4348 symphoniam
3254 4292 3305 4337 et
3325 4284 3570 4357 chorum,

1991 4363 2191 4417 scilicet
2214 4362 2411 4433 Spirltu
2447 4364 2629 4433 plenos
2656 4366 2676 4397 ³
2703 4356 2916 4424 vocibus
2954 4373 3204 4427 consonis
3232 4374 3572 4447 Evangelium

1992 4452 2283 4524 praedicare
2317 4473 2328 4510 :
2359 4458 2552 4527 quibus
2575 4458 2772 4515 dictum
2802 4471 2918 4529 est,
2953 4462 3170 4521 Obsecro
3206 4485 3291 4522 vos
3315 4512 3329 4536 ,
3368 4459 3571 4541 fratres,

1993 4566 2083 4619 per
2111 4566 2290 4604 nomen
2330 4550 2533 4604 Domini
2558 4552 2715 4606 nostri
2739 4551 2864 4609 Jestt
2898 4554 3084 4611 Christi
3106 4598 3122 4621 ,
3160 4570 3214 4613 ut
3251 4561 3470 4633 idipsum
3493 4566 3577 4620 di-

1995 4644 2120 4693 catis
2145 4657 2314 4693 omnes
2350 4642 2392 4713 (ι
2420 4643 2537 4697 Cor.
2563 4659 2576 4697 ι
2603 4685 2615 4711 ,
2643 4643 2754 4717 £0).
2808 4645 2969 4702 Audit
3000 4666 3213 4721 quoque
3240 4656 3577 4716 concorditer

1993 4733 2419 4787 conversantium
2458 4734 2688 4789 animam
2725 4745 2780 4792 et
2807 4753 2902 4793 cor
2935 4756 3096 4796 unum
3138 4744 3189 4798 in
3242 4746 3423 4803 laudes
3460 4751 3572 4807 Dei.

1992 4824 2159 4880 Vocat
2199 4843 2358 4881 unum
2387 4826 2454 4883 de
2494 4827 2697 4894 servis,
2742 4840 2797 4885 et
2838 4831 3127 4905 interrogat
3169 4855 3286 4907 qua:
3316 4841 3401 4895 illa
3431 4844 3573 4898 sint:

1993 4917 2155 4971 sumit
2211 4925 2389 4987 utique
2442 4916 2506 4973 ad
2550 4919 2833 4991 legendum
2876 4924 3107 4995 aliquem
3165 4929 3575 5002 Prophetarum,

1994 5020 2046 5065 ει
2073 5010 2123 5065 iu
2153 5026 2219 5067 eo
2248 5026 2495 5081 quis-rens
2517 5054 2531 5076 ,
2580 5013 2973 5082 quodammodo
3004 5018 3291 5091 interregat
3313 5026 3450 5080 unde
3480 5028 3576 5083 ista

1994 5102 2128 5156 festa
2155 5103 2205 5157 in
2232 5103 2466 5159 Ecclesia
2491 5104 2843 5175 celebrantur,
2866 5110 2917 5163 in
2942 5125 3041 5180 qua
3067 5126 3124 5167 se
3146 5128 3266 5170 eSse
3284 5133 3388 5173 non
3412 5119 3576 5175 videt.

1995 5192 2301 5263 RcSpOttdet
2331 5195 2377 5249 ci
2407 5210 2592 5250 servus
2620 5199 2782 5266 patris
2808 5203 3061 5270 propheia
3094 5222 3107 5257 :
3138 5201 3323 5262 Frater
3346 5220 3463 5263 tuus
3493 5227 3577 5264 ve-

1996 5287 2087 5351 nit,
2121 5296 2165 5341 et
2195 5287 2374 5341 occidit
2403 5297 2543 5359 pt.’l:.‘t'
2569 5299 2686 5343 tuus
2727 5291 2939 5346 vitulum
2966 5296 3253 5365 saginatum
3275 5342 3289 5368 ,
3328 5303 3443 5371 quia
3468 5304 3576 5356 sal»

2061 5469 2075 5499 ι
2102 5473 2230 5525 tov.,
2253 5464 2677 5541 participationem.
2700 5468 2787 5519 Alii
2806 5470 3013 5534 codices,
3028 5473 3325 5538 partitionem
3348 5487 3365 5526 :
3384 5475 3578 5541 melius,

1994 5529 2066 5578 uti
2086 5529 2439 5591 supra,‘quaastl
2462 5530 2537 5578 t7.

2058 5592 2165 5663 fsie
2188 5598 2285 5663 hat:
2305 5598 2358 5641 et
2374 5598 2704 5663 quatuorjttss.
2731 5600 2788 5645 At
2799 5602 2902 5663 am.
2922 5602 2975 5663 et
2994 5603 3090 5663 Ειςμ
3120 5597 3345 5650 lsraelitis
3358 5601 3579 5663 promitte-

1995 5652 2251 5722 ratoribus.
2270 5652 2414 5722 [ιονιξ-
2430 5653 2658 5722 Israelitis
3167 5666 3248 5708 Ms.
3270 5661 3579 5719 Michaelinus

1998 5714 2229 5767 Israelitis
2248 5714 2718 5768 cmtsideratt'oribus.

2060 5778 2083 5811 ⁸
2103 5784 2203 5829 Rat.
2223 5784 2278 5829 et
2293 5777 2391 5830 duo
2413 5785 2541 5843 Mss”
2564 5776 2745 5846 Spiritu
2776 5785 2940 5831 statcto
2954 5777 3133 5846 plenos.

3433 316 3572 379 ists
3658 292 3669 314 '
