4036 6394
497 327 630 390 1361

493 452 649 499 :stam
673 441 727 498 in
751 454 855 513 qua
893 439 1153 513 superbus
1194 441 1463 506 tumebat,
1494 439 1778 495 adamavit.
1811 438 2070 493 Lazarum

488 546 667 592 autem
689 535 825 590 mala
847 534 976 590 dicit
1002 533 1266 606 recepisse
1286 575 1302 601 ,
1331 533 1453 604 quia
1478 531 1741 588 intellexit
1774 531 1932 601 hujus
1959 529 2080 585 vita:

486 626 865 681 mortalitatem
887 666 902 692 ,
947 625 1158 681 labores
1177 666 1193 692 ,
1217 624 1459 691 dolores,
1486 632 1543 680 et
1569 637 1835 679 :erumnas
1855 665 1869 690 ,
1896 635 2081 693 pmnas
2116 618 2121 623 ⁷

491 731 611 773 esse
634 718 833 786 peccati
861 735 875 771 :
905 717 973 773 de
991 731 1097 788 quo
1126 717 1380 788 scriptum
1406 725 1489 772 est
1507 757 1523 782 ,
1550 715 1770 770 Eramus
1798 724 1846 769 et
1866 731 1956 769 nos
1981 731 2078 769 na-

487 810 715 865 turalim
737 810 833 878 filii
875 799 1004 873 irw,
1024 809 1153 862 sicut
1191 817 1238 862 et
1280 806 1449 863 ceteri
1495 805 1709 879 (Ephes.
1760 822 1832 873 ιι,
1872 804 1964 877 3);
2010 804 2079 860 de

486 917 592 972 quo
618 901 809 957 iterum
832 904 1087 970 scriptum
1114 908 1213 964 est,
1240 915 1337 954 nec
1362 900 1616 955 infantem
1641 897 1795 967 cujus
1813 904 1897 953 est
1923 896 2078 951 unius

487 993 594 1049 dici
634 994 739 1048 vita
783 1007 942 1062 super
969 1001 1166 1047 terram
1197 990 1451 1045 mundum
1480 1004 1601 1046 esse
1639 1003 1669 1043 a
1707 998 1926 1058 peccato
1955 986 2075 1061 (Job

487 1102 572 1141 xw
595 1127 609 1150 ,
637 1088 671 1141 4
690 1128 706 1153 ,
736 1102 836 1140 sec.
868 1083 1054 1155 LXX),
1081 1084 1208 1154 quia
1229 1098 1414 1139 omnes
1435 1082 1615 1153 utique
1643 1081 1696 1136 in
1723 1080 1891 1136 Adam
1913 1080 2077 1135 mori-

486 1194 608 1234 mur
654 1176 711 1250 (Ι
763 1174 883 1233 Cor.
937 1192 1025 1243 xv,
1053 1174 1189 1247 22),
1221 1174 1312 1244 qui
1341 1173 1512 1229 factus
1537 1181 1619 1229 est
1655 1172 2075 1243 transgressione

486 1269 747 1326 mortalis.

562 1363 716 1431 Quod
743 1370 919 1418 autem
947 1360 1095 1427 dicit,
1124 1359 1191 1414 ad
1218 1374 1282 1415 ea
1310 1358 1424 1414 loca
1449 1358 1504 1413 in
1528 1357 1719 1427 quibus
1757 1361 2075 1426 torquentur

489 1455 674 1524 impii,
717 1444 922 1522 justos',
971 1452 1130 1507 etiam
1175 1451 1220 1506 si
1262 1450 1463 1518 velint,
1493 1465 1599 1503 non
1630 1463 1788 1519 posse
1824 1447 2069 1511 transire,

484 1548 609 1620 quid
632 1546 772 1602 aliud
798 1544 1076 1616 significat,
1107 1543 1207 1597 nisi
1258 1551 1377 1613 post
1418 1542 1556 1597 hanc
1602 1541 1766 1596 vitam
1809 1540 1881 1594 ita
1924 1552 2073 1594 receo

484 1640 588 1710 ptis
613 1639 664 1692 in
685 1651 918 1703 carcere,
952 1644 1009 1689 ut
1037 1649 1142 1689 non
1172 1633 1296 1689 inde
1317 1642 1506 1689 exeant
1537 1632 1708 1688 donec
1730 1631 1956 1686 reddant
1981 1644 2072 1684 no-

482 1730 757 1785 vissimum
784 1726 1129 1799 quadrantem
1160 1725 1370 1793 (Matth.
1403 1739 1458 1787 v,
1489 1722 1612 1794 26),
1651 1737 1751 1794 per
1775 1721 2072 1776 incommu-

486 1823 798 1877 tabilitatem
832 1818 1024 1873 divina:
1050 1816 1354 1881 sentcntite,
1383 1815 1584 1871 nullutn
1612 1812 1865 1869 auxilium
1907 1811 2070 1867 mise-

481 1914 729 1970 ricordia:
773 1927 931 1979 posse
962 1911 1185 1980 prmberi
1211 1925 1242 1964 a
1267 1909 1445 1979 justis,
1473 1908 1634 1963 etiam
1661 1907 1706 1961 si
1751 1921 1870 1961 eam
1908 1905 2074 1961 velint

484 2005 765 2077 praebere?
792 2008 909 2071 Quo
956 2004 1207 2059 admonet
1232 2002 1433 2057 scilicet
1457 2008 1515 2055 ut
1541 2000 1594 2055 in
1639 1999 1739 2053 hac
1764 1999 1871 2052 vita
1901 1997 2074 2052 homi-

484 2114 582 2154 nes
620 2098 939 2153 subveniant
978 2095 1169 2166 quibus
1208 2102 1449 2164 possunt,
1480 2108 1544 2146 ne
1592 2100 1777 2161 postea
1823 2088 1984 2144 etiam
2024 2088 2069 2142 si

482 2191 683 2261 Optime
720 2187 922 2260 recepti
968 2186 1199 2253 fuerint,
1251 2185 1330 2239 eis
1376 2198 1511 2254 quos
1549 2182 1777 2252 diligunt
1825 2180 2069 2250 opitulari

482 2297 589 2336 non
626 2283 853 2336 valeant.
883 2277 1018 2333 Illud
1045 2278 1187 2332 enim
1217 2275 1358 2345 quod
1383 2275 1638 2343 scriptum
1671 2282 1773 2334 est,
1809 2270 1876 2326 Ut
1899 2282 1943 2324 et
1971 2270 2071 2340 ipsi

481 2375 728 2443 recipiant
768 2389 852 2426 vos
886 2371 940 2425 in
970 2379 1154 2425 (eterna
1193 2364 1514 2422 tabernacula
1541 2364 1689 2436 (Luc.
1715 2379 1826 2427 xvr,
1851 2358 1929 2435 9),
1961 2374 2071 2415 non

482 2467 549 2521 de
577 2466 820 2536 superbis
842 2474 896 2519 et
926 2459 1429 2518 immisericordibus
1470 2458 1723 2527 scriptum
1751 2464 1867 2519 est,
1897 2454 2069 2525 qualis

481 2557 584 2613 iste
607 2557 753 2612 dives
793 2554 955 2610 fuisse
981 2555 1395 2617 demonstratur,
1426 2548 1568 2620 quod
1618 2547 1783 2618 recipi
1810 2563 1843 2601 a
1869 2547 2069 2602 sanctis

479 2650 535 2705 in
581 2651 668 2704 illa
717 2646 1055 2703 tabernacula
1094 2653 1430 2708 mereantur;
1479 2639 1576 2696 sed
1613 2642 1681 2695 de
1722 2638 1804 2693 his
1833 2640 1923 2709 qui
1965 2636 2068 2692 sibi

478 2739 680 2796 amicos
698 2737 1099 2793 ofticiosissimis
1119 2734 1370 2804 operibus
1391 2729 1773 2786 misericordia:
1805 2728 2063 2784 fecerint:

479 2847 779 2902 quanquam
832 2845 931 2885 nee
979 2829 1122 2899 ipsos
1172 2826 1295 2895 justi
1351 2823 1496 2879 velut
1543 2823 1755 2893 propria
1806 2830 2067 2890 potestate

479 2922 629 2994 quasi
666 2918 1014 2991 gratilicando
1054 2916 1344 2986 recipiant;
1395 2913 1488 2968 sed
1520 2911 1874 2983 promissione
1904 2921 2065 2981 atque

479 3013 831 3085 permissione
862 3011 1002 3065 illius
1031 3009 1122 3080 qui
1152 3022 1246 3063 eos
1276 3005 1499 3061 consilio
1523 3005 1841 3075 praemonuit
1865 3013 1926 3058 ut
1962 3003 2061 3059 sibi

479 3107 682 3161 amicos
708 3105 958 3168 facerent,
986 3110 1040 3156 et
1062 3100 1151 3171 qui
1178 3100 1410 3168 seipsum
1444 3096 1607 3166 pasci,
1640 3095 1840 3160 vestiri,
1881 3095 2065 3164 hospi—

480 3197 556 3253 tio
598 3195 784 3266 recipi,
814 3194 1016 3249 visitari
1061 3193 1113 3247 in
1154 3204 1471 3259 unoquoque
1511 3190 1776 3243 minorum
1820 3202 2060 3254 suorum,

479 3286 781 3345 liberatoris
807 3286 1042 3339 bonitate
1066 3283 1310 3354 dignatus
1353 3289 1455 3334 est.
1492 3279 1805 3350 Quanquam
1846 3279 1934 3334 illa
1972 3294 2063 3334 re-

482 3398 530 3435 cc
553 3381 683 3451 ptio,
707 3389 883 3435 utrum
913 3378 1090 3433 statim
1119 3384 1240 3447 post
1266 3374 1422 3429 istam
1452 3374 1614 3427 vitam
1644 3374 1753 3439 fiat,
1778 3387 1845 3426 an
1876 3373 1927 3427 in
1959 3372 2066 3428 line

480 3475 655 3531 smculi
689 3474 741 3527 in
767 3471 1155 3527 resurrectione
1194 3476 1521 3522 mortuorum
1566 3473 1724 3537 atque
1764 3466 1947 3521 ultima
1977 3480 2066 3522 re-

481 3566 772 3622 tributione
822 3561 1047 3633 juuieii,
1104 3575 1208 3614 non
1262 3558 1479 3613 minima
1534 3556 1758 3627 quaestio
1807 3565 1890 3611 est
1923 3574 1935 3609 :
1969 3554 2064 3612 sed

479 3658 821 3730 quandolibct
865 3657 989 3720 fiat,
1036 3665 1181 3708 certe
1222 3651 1290 3706 de
1331 3650 1524 3706 talibus
1566 3650 1737 3722 qualis
1787 3650 1874 3706 ille
1912 3649 2062 3705 dives

480 3750 795 3812 insinuatur,
825 3745 967 3801 nulla
989 3744 1259 3814 Scriptura
1288 3742 1399 3797 fieri
1427 3741 1727 3810 pollicetur.

551 3840 794 3908 Quinque
818 3847 991 3889 autem
1023 3833 1209 3889 fratres
1224 3846 1360 3902 quos
1380 3831 1581 3887 habere
1602 3848 1661 3887 se
1683 3832 1809 3887 dicit
1833 3834 1885 3887 in
1901 3831 2061 3888 domo

480 3932 647 4002 patris
690 3929 807 3997 sui,
851 3926 1062 3983 Judaeos
1102 3924 1415 3996 significant.
1446 3923 1710 3994 Appellati
1754 3926 1893 3979 enim
1938 3933 2063 3980 sunt

480 4024 732 4095 quinque,
750 4020 872 4092 quia
898 4018 997 4074 sub
1032 4018 1171 4087 Lege
1205 4015 1577 4073 detinebantur
1596 4032 1713 4087 qua-
1733 4032 1826 4088 per
1845 4018 2061 4091 Moysen

479 4116 601 4172 data
648 4123 751 4180 cst,
783 4112 870 4184 qui
908 4111 1072 4167 libros
1115 4108 1349 4180 quinque
1382 4108 1712 4179 conscripsit.
1743 4109 1892 4176 Quod
1937 4124 2060 4165 vero

480 4208 736 4264 Lazarum
769 4204 901 4275 petit
936 4202 1070 4257 mitti
1096 4200 1161 4255 ad
1191 4199 1383 4256 fratres
1406 4214 1559 4267 suos,
1589 4201 1755 4255 sensit
1794 4217 1853 4254 sc
1880 4201 2059 4270 utique

478 4300 752 4368 indignum
780 4295 868 4364 qui
900 4291 1259 4348 testimonium
1294 4290 1569 4361 perhibent
1595 4291 1834 4345 veritati:
1863 4299 1917 4344 et
1937 4292 2058 4359 quia

480 4406 586 4446 non
636 4389 1012 4457 impetraverat
1056 4382 1326 4452 paululum
1372 4395 1432 4435 se
1476 4378 1841 4449 refrigerari‘,
1894 4381 2060 4435 multo

480 4481 659 4536 minus
684 4474 854 4531 credit
883 4472 1105 4528 relaxari
1148 4487 1209 4526 se
1240 4484 1393 4541 posse
1417 4470 1484 4524 ab
1510 4467 1692 4524 inferis
1714 4470 1778 4523 ad
1809 4470 2060 4538 praedica-

483 4570 680 4626 tionem
714 4565 967 4621 veritatis.
995 4562 1147 4631 Quod
1180 4560 1446 4616 Abraham
1474 4559 1635 4625 dicit,
1668 4560 1730 4616 Si
1757 4561 1925 4614 volant
1953 4578 2059 4616 cre-

480 4664 618 4727 dere,
649 4660 829 4713 habent
847 4654 1057 4726 Moysen
1084 4663 1130 4707 et
1153 4650 1457 4723 Prophetas,
1482 4665 1589 4706 non
1619 4652 1748 4707 istos
1775 4652 2060 4722 Evangelio

479 4751 798 4826 praeposuit;
830 4747 924 4805 sed
953 4746 1075 4816 quia
1101 4744 1480 4815 Evangelium,
1510 4743 1647 4798 sicut
1672 4743 1799 4800 dicit
1830 4745 2055 4812 Apostoo

479 4846 583 4911 lus,
620 4839 977 4898 testimonium
1007 4837 1167 4893 habet
1210 4851 1239 4888 a
1282 4836 1423 4906 Lege
1466 4844 1521 4890 et
1558 4834 1835 4905 Prophetis
1881 4834 2052 4907 (Rom.

478 4955 532 5007 _m
551 4980 564 5001 ,
592 4934 708 5007 2|),
742 4935 845 4989 illis
883 4931 1148 4987 credendo
1174 4944 1331 5001 posse
1359 4944 1451 4986 eos
1478 4929 1737 5000 significat
1770 4930 1834 4984 ad
1878 4928 2056 4985 Evan-

478 5020 673 5101 ‘gelium
707 5025 980 5098 pervenire
1005 5040 1019 5076 :
1050 5024 1185 5078 sicut
1209 5022 1315 5077 alio
1344 5021 1462 5076 loco
1481 5021 1595 5092 ipse
1613 5021 1867 5076 Dominus
1896 5020 2054 5089 dicit,

481 5122 542 5178 Si
571 5119 834 5176 crederetis
863 5116 1050 5187 Moysi,
1082 5115 1341 5170 crederetis
1365 5124 1413 5168 et
1439 5114 1561 5168 mihi
1584 5131 1603 5169 :
1632 5114 1715 5168 ille
1740 5116 1875 5168 enim
1899 5114 1961 5169 de
1979 5131 2058 5171 me

478 5212 676 5285 scripsit
705 5210 896 5284 (Joan.
921 5222 977 5274 v,
1004 5207 1128 5277 46).
1169 5206 1401 5276 Denique
1430 5204 1496 5259 ad
1532 5205 1630 5259 hoc
1660 5205 1887 5274 pertinet
1915 5204 2057 5275 quod

481 5309 640 5364 etiam
667 5315 850 5376 postea
885 5303 1045 5368 dicit,
1090 5301 1148 5356 Si
1178 5299 1391 5372 Moysen
1431 5310 1476 5354 et
1506 5298 1790 5371 Pmphetas
1832 5317 1931 5354 non
1966 5316 2057 5354 au-

478 5401 643 5465 diunt,
667 5412 822 5468 neque
831 5396 873 5451 si
885 5396 998 5463 quis
1012 5409 1073 5448 ex
1088 5393 1293 5447 mortuis
1308 5392 1648 5458 muri-exerit,
1670 5392 1871 5447 credent
1892 5410 1909 5448 :
1933 5393 2057 5463 quia

478 5510 600 5550 eum
644 5489 1126 5563 pramuntiaverunt
1167 5485 1377 5557 Moyses
1414 5495 1468 5540 et
1493 5484 1772 5554 Prophetae
1813 5485 1902 5555 qui
1939 5499 2058 5539 sur-

478 5586 615 5642 rexit
641 5600 672 5639 a
701 5582 944 5646 mortuis,
975 5579 1077 5634 hoc
1104 5578 1275 5650 ipsum
1301 5577 1459 5633 etiam
1489 5575 1555 5632 de
1594 5576 1684 5631 illo
1711 5575 1853 5646 quod
1875 5590 2056 5633 resur-

542 5778 684 5836 ⁸1..
700 5776 951 5845 paululum
967 5777 1057 5830 sibi
1068 5773 1365 5838 refriqerari.
1384 5779 1545 5835 Forte,
1584 5770 1799 5837 palatum
1820 5771 1929 5836 sibi,
1957 5781 2052 5826 etc.

1350 319 1813 398 QUESTIONUM
1853 302 2410 394 EVANGELIORUM,
2450 326 2508 384 s.
2549 323 2915 385 AUGUSTINI

3629 325 3767 389 1562

2190 446 2432 494 recturus
2451 448 2596 495 esset
2618 454 2650 495 a
2680 431 2929 506 mortuis,
2943 438 3139 513 quibus
3164 454 3273 497 non
3296 440 3565 499 credendo
3588 445 3771 516 utique

2188 544 2287 584 nec
2304 529 2520 586 Christo
2543 532 2724 586 volunt
2749 532 2989 598 credere.
3012 531 3177 588 Multo
3197 534 3374 590 minus
3401 549 3531 607 ergo
3552 536 3773 594 cuilibet

2186 631 2409 691 possunt
2451 623 2672 677 credere
2699 621 2789 693 qui
2814 639 2845 678 a
2875 624 3099 679 mortuis
3137 627 3524 694 resurrcxerit,
3560 627 3775 699 quando

2185 714 2233 768 ei
2258 729 2364 768 non
2396 715 2643 781 credunt,
2671 715 2822 786 cujus
2850 718 3297 773 resurrectionem
3328 719 3539 792 Moyses
3563 730 3618 777 et
3641 721 3775 780 Pro-

2184 804 2358 876 phetas
2381 809 2818 877 przcdicaverunt.
2844 809 3035 880 quibus
3059 811 3282 867 credere
3312 812 3518 870 nolunt.

2254 900 2424 954 Aliter
2465 902 2626 955 etiam
2668 900 2889 972 intelligi
2933 911 3108 972 potest
3146 902 3247 959 ista
3278 905 3549 974 narratio,
3581 914 3641 962 ut
3678 922 3777 978 per

2183 990 2441 1048 Lazarum
2477 994 2757 1049 Dominum
2800 994 3087 1064 significari
3124 996 3476 1066 accipiamus,
3504 1000 3773 1068 jacentem

2180 1085 2246 1139 ad
2267 1086 2482 1155 januam
2516 1086 2657 1141 illius
2685 1085 2862 1141 divitis
2882 1129 2897 1153 ,
2932 1088 3056 1157 quia
3085 1102 3143 1143 se
3165 1088 3232 1142 ad
3264 1104 3421 1145 aures
3449 1090 3775 1159 superbissi-

2180 1191 2295 1232 mas
2322 1177 2632 1232 Judaeorum
2669 1179 3050 1234 incarnationis
3084 1178 3382 1235 humilitate
3415 1181 3613 1251 dejecit
3641 1200 3654 1236 :
3684 1199 3775 1237 cu-

2179 1270 2321 1340 piens
2343 1272 2563 1324 saturari
2607 1272 2670 1325 de
2707 1271 2850 1326 micis
2877 1287 2990 1343 qua
3026 1271 3270 1327 cadebant
3290 1273 3354 1327 de
3377 1291 3550 1329 mensa
3577 1276 3771 1344 divitis,

2178 1374 2426 1430 quaerens
2454 1362 2522 1415 ab
2547 1361 2626 1417 eis
2653 1361 2738 1416 vel
2767 1362 2987 1417 minima
3016 1376 3178 1433 opera
3195 1362 3413 1434 justitiac
3433 1405 3449 1432 ,
3491 1381 3611 1436 quae
3658 1381 3774 1422 sua:

2179 1464 2414 1516 mensae,
2464 1452 2564 1507 hoc
2607 1462 2719 1519 est,
2767 1467 2879 1507 sua:
2919 1456 3166 1523 potestati
3208 1470 3302 1525 per
3328 1456 3631 1527 superbiam
3662 1472 3774 1514 non

2176 1550 2525 1611 usurparent;
2555 1558 2675 1614 quae
2696 1558 2857 1615 opera
2884 1545 3261 1603 misericordia;
3287 1555 3447 1615 atque
3481 1547 3761 1604 humilita-

2177 1634 2267 1701 tis,
2298 1636 2544 1705 quamvis
2569 1637 2788 1691 minima
2815 1646 2871 1693 et
2896 1638 3012 1693 sine
3034 1637 3316 1705 disciplina
3341 1647 3394 1694 et
3419 1653 3773 1710 perseveran-

2177 1726 2248 1781 tia
2282 1730 2404 1781 vita:
2448 1727 2600 1782 bonas
2622 1770 2638 1795 ,
2690 1725 2878 1784 saltem
2916 1728 3177 1785 interdum
3215 1730 3299 1785 vei
3341 1744 3467 1786 casu
3507 1731 3771 1802 facerent,

2177 1816 2315 1871 sicut
2335 1818 2485 1872 micae
2505 1817 2575 1874 de
2600 1834 2785 1874 mensa
2813 1819 3005 1875 cadere
3028 1821 3223 1876 solent.
3250 1819 3463 1888 Ulcera,
3488 1823 3774 1893 passiones

2177 1917 2300 1961 sunt
2340 1907 2546 1963 Domini
2597 1925 2661 1964 ex
2693 1910 3001 1966 infirmitate
3041 1912 3248 1977 carnis,
3274 1926 3438 1983 quam
3472 1928 3570 1982 pro
3610 1914 3773 1971 nobis

2175 1998 2447 2068 suscipere
2470 1999 2719 2070 dignatus
2746 2010 2847 2058 est.
2878 2000 3053 2058 Canes
3076 2018 3206 2074 ergo
3229 2004 3318 2075 qui
3356 2019 3421 2060 ea
3450 2005 3729 2077 lingcbant
3748 2045 3772 2073 ,

2176 2090 2370 2147 Gentes
2398 2104 2521 2147 sunt
2539 2134 2554 2158 ,
2584 2109 2718 2162 quos
2743 2092 2986 2150 homines
3030 2103 3338 2165 peccatores
3365 2106 3420 2153 et
3451 2096 3766 2154 immundos

2175 2181 2420 2236 dicebant
2443 2182 2634 2249 .ludmi,
2658 2191 2715 2239 et
2738 2191 2915 2239 tamen
2944 2184 3220 2254 passiones
3249 2186 3456 2241 Domini
3485 2187 3537 2241 in
3564 2187 3771 2244 Sacra-

2176 2273 2369 2327 meotis
2414 2275 2653 2344 corporis
2694 2283 2749 2330 et
2791 2274 3065 2346 sanguinis
3110 2276 3262 2346 ejus,
3313 2292 3408 2348 per
3446 2287 3614 2334 totum
3648 2278 3767 2348 jam

2175 2366 2360 2424 orbem
2411 2369 2669 2424 suavitate
2719 2368 2958 2423 lambimt
3008 2368 3377 2427 devotissima.
3425 2369 3542 2427 Jam
3606 2371 3765 2430 sinus

2173 2458 2403 2513 Abraha:
2433 2459 2740 2530 intelligitur
2760 2469 3023 2517 secretum
3052 2461 3222 2516 Patris
3245 2476 3352 2533 quo
3393 2471 3511 2534 post
3542 2463 3763 2533 passio-

2174 2564 2296 2604 nem
2343 2565 2622 2618 resurgens
2664 2560 2965 2621 assumptus
3014 2561 3100 2607 est
3145 2553 3400 2610 Dominus
3431 2569 3446 2609 :
3473 2569 3581 2626 quo
3630 2571 3762 2613 eum

2175 2649 2438 2711 portatum
2478 2643 2546 2695 ab
2571 2644 2789 2714 Angelis
2827 2644 2949 2699 ideo
2989 2644 3189 2701 dictum
3236 2655 3381 2716 puto,
3422 2647 3545 2718 quia
3586 2649 3764 2719 ipsam

2171 2733 2529 2802 receptionem
2551 2749 2653 2803 qua
2680 2736 2730 2788 in
2762 2744 3023 2790 secretum
3056 2736 3228 2791 Patris
3254 2737 3537 2802 abscessit,
3565 2739 3765 2809 Angeli

2171 2825 2621 2880 annuntiaverunt
2646 2826 2920 2896 discipulis
2948 2827 3291 2883 intuentibus.
3322 2822 3558 2885 Dicendo
3586 2831 3764 2898 enim,

2175 2915 2309 2981 Quid
2327 2918 2468 2970 statis
2483 2918 2778 2984 aspicientes
2798 2919 2851 2971 in
2876 2918 3056 2974 caelum
3081 2918 3217 2990 (Act.
3241 2935 3280 2987 t,
3308 2921 3433 2995 il)?
3454 2922 3583 2992 quid
3607 2923 3763 2980 aliud

2171 3006 2439 3071 dixerunt,
2471 3008 2571 3062 nisi
2600 3009 2746 3063 nullo
2774 3002 2933 3064 modo
2961 3024 3117 3080 posse
3144 3012 3328 3067 oculos
3350 3011 3628 3070 hominum
3659 3030 3765 3074 us-

2170 3112 2274 3166 que
2303 3097 2355 3150 in
2396 3097 2518 3151 illud
2557 3110 2847 3168 penetrare
2888 3110 3153 3156 secretum
3194 3116 3300 3172 quo
3325 3102 3434 3159 ibat
3472 3104 3757 3175 Dominus,

2169 3202 2289 3242 eum
2329 3189 2379 3242 in
2419 3198 2707 3259 conspectu
2739 3190 3116 3260 discipulorum
3149 3193 3375 3249 ferretur
3417 3195 3470 3250 in
3510 3196 3761 3254 coelum?

2168 3278 2283 3334 1am
2312 3290 2502 3336 ca-tera
2546 3282 2832 3336 secundum
2880 3284 3204 3353 superiorem
3249 3286 3632 3355 expositionem
3665 3305 3761 3346 ac-

2168 3371 2273 3443 cipi
2300 3382 2520 3442 possunt
2548 3391 2558 3425 :
2587 3374 2705 3443 quia
2736 3385 2999 3430 secretum
3045 3375 3218 3433 Patris
3248 3377 3381 3434 bene
3413 3380 3752 3452 intelligitur,

2145 3462 2259 3516 .ubi
2287 3463 2445 3518 etiam
2487 3473 2610 3517 ante
2656 3464 3097 3520 resurrectionem
3138 3466 3401 3535 jnslorum
3440 3470 3632 3525 animae
3673 3471 3758 3526 vi-

2167 3564 2301 3610 vunt
2340 3570 2459 3610 cum
2509 3556 2638 3611 Deo.
2668 3556 2838 3612 Tanto
2874 3550 3015 3612 enim
3053 3559 3229 3614 verius
3252 3559 3449 3630 ubique
3473 3570 3557 3617 est
3585 3563 3753 3631 Deus,

2167 3658 2365 3717 quanto
2408 3648 2554 3701 nullo
2578 3650 2878 3703 continetur
2906 3650 3043 3711 loco,
3074 3650 3210 3705 sicut
3236 3661 3290 3706 et
3325 3651 3515 3708 latroni
3544 3654 3753 3711 dictum

2167 3750 2278 3805 est,
2313 3738 2479 3793 Hodie
2520 3755 2711 3792 mecum
2752 3742 2849 3795 eris
2892 3740 2946 3794 in
2987 3741 3224 3812 paradiso
3255 3742 3404 3815 (Luc.
3432 3760 3578 3812 χχιιι,
3611 3746 3705 3821 45)
3734 3765 3751 3802 :

2167 3830 2308 3885 unde
2338 3845 2602 3900 nunquam
2632 3830 2850 3885 recessit
2881 3830 2976 3885 Dei
3003 3831 3172 3899 (ilius,
3208 3834 3446 3904 quamvis
3473 3834 3540 3888 ab
3566 3834 3751 3890 homi-

2168 3924 2324 3979 nibus
2367 3938 2460 3992 per
2500 3931 2799 3992 susceptam
2842 3939 3057 3979 carnem
3097 3924 3149 3980 in
3192 3926 3404 3982 civitate
3438 3925 3752 3987 Judmorum

2167 4021 2313 4069 tanta
2342 4022 2628 4083 pateretur.

2236 4104 2479 4162 XXXIX.
2528 4104 2628 4179 [Ib.
2656 4121 2792 4172 xvn,
2826 4105 3000 4182 5-10.]
3038 4106 3191 4176 Quod
3230 4108 3482 4168 dixerunt
3501 4112 3749 4186 discipuli

2166 4200 2414 4263 Domino,
2451 4198 2658 4270 Adauge
2697 4199 2839 4254 nobis
2879 4200 3048 4269 ﬁderit,
3088 4210 3261 4271 potest
3284 4203 3496 4273 quidem
3525 4206 3748 4278 intelligi

2167 4291 2303 4345 hanc
2335 4291 2490 4344 tidem
2516 4290 2616 4343 sibi
2643 4305 2736 4345 cos
2759 4292 2938 4361 augeri
2968 4294 3283 4362 postulasse,
3314 4310 3416 4365 qua
3454 4298 3750 4355 creduntur

2165 4398 2227 4437 ca
2255 4398 2373 4452 qua:
2400 4398 2504 4436 non
2543 4381 2822 4437 videntur:
2847 4382 2941 4438 sed
2983 4394 3158 4440 tamen
3200 4385 3394 4441 dicitur
3420 4390 3579 4445 etiam
3609 4390 3747 4448 ﬁdes

2165 4489 2363 4536 rerum.
2395 4474 2604 4544 quando
2634 4489 2739 4529 non
2775 4474 2950 4531 verbis
2970 4516 2984 4541 ,
3015 4476 3110 4532 sed
3148 4478 3308 4533 rebus
3337 4479 3464 4549 ipsis
3506 4496 3745 4551 praesen-

2165 4564 2306 4621 tibus
2330 4564 2601 4627 creditur;
2629 4564 2770 4635 quod
2796 4562 3030 4621 futurum
3056 4576 3138 4622 est
3155 4609 3170 4633 ,
3211 4584 3331 4623 cum
3357 4569 3467 4640 jam
3497 4587 3591 4641 per
3615 4589 3744 4645 spe-

2164 4658 2301 4713 ciem
2328 4657 2659 4713 manifestam
2690 4672 2748 4713 se
2784 4658 3242 4729 contemplandam
3272 4663 3526 4731 praebebit
3547 4667 3747 4722 sanctis

2164 4752 2277 4822 ipsa
2306 4750 2398 4805 Dei
2426 4750 2690 4820 Sapientia
2718 4765 2817 4819 per
2859 4766 3015 4821 quam
3054 4752 3190 4808 facta
3221 4766 3345 4810 sunt
3363 4758 3538 4812 omnia
3567 4757 3742 4830 (Psal.

2164 4857 2251 4898 cur
2275 4885 2288 4909 ,
2319 4842 2391 4898 2i
2407 4842 2449 4913 ).
2484 4843 2556 4897 De
2582 4857 2685 4913 qua
2711 4842 2815 4898 ﬁde
2843 4858 3018 4899 rerum
3061 4844 3299 4917 lucisque
3328 4848 3471 4904 illius
3512 4865 3746 4921 prtesen-

2163 4941 2286 4989 tata:
2312 4934 2329 4966 ¹
2359 4932 2579 4989 forsitan
2608 4932 2799 4988 Paulus
2826 4935 3096 5004 apostolus
3120 4935 3248 4992 dicit
3277 4955 3290 4992 :
3314 4956 3333 4990 ι
3359 4939 3568 4995 Iustitia
3601 4942 3743 4998 enim

2166 5026 2258 5081 Dei
2300 5026 2353 5081 in
2397 5040 2464 5081 eo
2488 5026 2753 5081 revelatur
2780 5040 2845 5080 ex
2874 5026 2978 5081 fide
3014 5027 3067 5081 in
3095 5027 3252 5084 fidem
3287 5049 3308 5083 ι
3343 5029 3518 5104 (Rom.
3561 5049 3599 5099 ι,
3632 5035 3741 5104 l7).

2165 5118 2300 5174 Dicit
2335 5118 2478 5174 enim
2521 5128 2576 5173 et
2612 5118 2716 5173 alio
2742 5117 2863 5173 loco
2891 5137 2904 5173 :
2934 5136 2951 5170 ι
2980 5118 3088 5174 Nos
3125 5130 3301 5177 autem
3336 5126 3565 5180 revelata
3613 5124 3745 5180 facie

2161 5210 2383 5281 gloriam
2435 5209 2644 5263 Domini
2693 5209 3048 5278 speculantes,
3078 5211 3131 5266 in
3174 5213 3417 5270 eamdem
3459 5215 3742 5285 imaginem

2166 5299 2604 5355 transformamur
2631 5299 2697 5353 de
2721 5301 2886 5371 gloria
2912 5302 2963 5355 in
2988 5302 3207 5373 gloriam
3228 5346 3244 5371 ,
3284 5313 3531 5377 tanquam
3563 5322 3591 5361 a
3637 5308 3743 5359 Do-

2164 5391 2292 5446 mini
2318 5390 2515 5462 Spiritu
2544 5408 2564 5444 r
2599 5391 2665 5464 (ll
2684 5390 2802 5447 Cor.
2833 5407 2910 5454 tu,
2937 5391 3049 5465 18).
3079 5392 3227 5450 Sicut
3250 5397 3389 5451 enim
3422 5397 3508 5453 hic
3536 5398 3640 5460 ait,
3684 5394 3746 5448 dc

2162 5480 2328 5555 gloria
2362 5482 2416 5536 in
2439 5482 2691 5554 gloriam;
2717 5482 2785 5536 ita
2811 5491 2865 5538 et
2894 5482 2997 5550 ibi,
3028 5500 3090 5539 ex
3113 5485 3215 5554 ﬁde
3240 5487 3291 5540 in
3321 5489 3473 5556 ﬁdem
3498 5488 3600 5542 :de
3626 5487 3741 5557 glo-

2163 5578 2244 5632 ria
2269 5575 2470 5633 scilicet
2497 5575 2796 5647 Evangelii,
2826 5592 2932 5650 quo
2956 5594 3098 5635 nunc
3124 5580 3407 5638 credentes
3433 5582 3735 5638 illuminan-

2164 5676 2272 5735 tur,
2302 5667 2353 5722 in
2396 5668 2615 5739 gloriam
2660 5668 2826 5739 ipsius
2871 5670 3318 5732 incommutabilis
3354 5684 3408 5734 et
3444 5673 3736 5732 manifesta:

2230 5781 2246 5811 ³
2272 5784 2479 5838 (maluae
2621 5779 2891 5838 praesentia.
