4036 6386
279 371 417 430 1355

276 484 561 552 veritatis,
611 500 722 559 qua
767 493 895 542 tunc
936 483 1241 541 coml‘nutati
1285 484 1656 556 perfruentur;
1703 486 1774 540 ita
1813 501 1878 541 ex

276 578 384 634 ﬁde
426 578 724 636 verborum
755 578 951 652 quibus
980 594 1117 635 nunc
1144 579 1414 635 credimus
1456 579 1597 650 quod
1647 578 1881 635 nondum

273 671 548 740 videmus,
583 673 638 728 in
669 671 833 729 ﬁdem
862 688 1038 729 rerum
1074 688 1176 744 qua
1205 674 1256 727 in
1282 680 1541 728 aeternum
1571 671 1712 742 quod
1737 686 1881 727 nunc

274 767 579 834 credimus,
610 765 992 822 obtinebimus.
1041 764 1344 821 Secundum
1386 765 1702 820 sententiam
1745 763 1881 818 hanc

272 857 444 914 etiam
476 858 612 917 illud
650 858 851 914 dictum
892 867 972 913 est
999 873 1028 912 a
1055 856 1258 912 Joanne
1297 857 1350 910 in
1380 856 1618 927 Epistola
1655 855 1722 910 ad
1753 855 1884 909 Par-

272 947 401 1004 thos
433 969 448 1004 :
481 949 813 1004 Dilectissimi
834 989 851 1017 ,
892 965 1023 1037 nun‘c
1064 949 1160 1019 ﬁlii
1200 947 1296 1002 Dei
1322 965 1532 1015 sumus,
1569 956 1614 1001 et
1657 947 1881 1000 nondum

273 1043 526 1112 apparuit
565 1041 689 1111 quid
717 1041 902 1096 erimus
925 1057 942 1094 :
964 1041 1146 1095 scimus
1177 1043 1297 1112 quia
1323 1057 1437 1094 cum
1461 1040 1781 1110 apparuerit,
1811 1039 1882 1092 si-

271 1135 427 1188 miles
482 1134 530 1188 ei
584 1134 768 1189 erimus
793 1175 808 1198 ,
857 1133 1093 1204 quoniam
1142 1130 1420 1186 videbimus
1466 1147 1580 1184 eum
1623 1129 1772 1183 sicuti
1809 1139 1882 1183 est

271 1224 315 1295 (l
341 1224 520 1281 Ioan.
553 1241 642 1293 ιιι,
674 1223 756 1296 2).
786 1223 939 1280 Unde
964 1224 1104 1279 enim
1137 1240 1270 1278 nunc
1301 1223 1398 1293 ﬁlii
1423 1221 1519 1276 Dei
1545 1238 1745 1288 sumus,
1779 1222 1879 1277 nisi

271 1316 404 1387 quia
439 1325 760 1388 potestatem
795 1316 940 1372 dedit
967 1315 1121 1371 nobis
1145 1316 1282 1370 ﬁlios
1307 1315 1402 1370 Dei
1429 1314 1573 1381 ﬁeri,
1603 1314 1879 1370 credenti-

275 1407 380 1462 bus
411 1409 467 1463 in
499 1409 718 1463 nomine
741 1408 857 1478 ejus
879 1405 1058 1479 (Joan.
1093 1423 1130 1472 ι,
1161 1407 1271 1478 12),
1300 1415 1355 1461 ιιι
1379 1405 1651 1462 videamus
1676 1406 1727 1460 in
1759 1406 1882 1461 teni-

275 1511 463 1572 gmate
510 1501 559 1569 (1
584 1501 700 1557 Cor.
731 1517 858 1569 xm,
895 1500 1033 1573 l2)?
1059 1499 1201 1556 unde
1236 1508 1414 1556 autem
1447 1509 1573 1555 tunc
1612 1499 1800 1554 similes
1836 1501 1882 1554 ei

275 1596 495 1660 erirnus,
521 1595 626 1650 nisi
653 1593 925 1662 quoniam,
955 1600 1014 1648 ut
1034 1593 1148 1663 ipse
1174 1593 1276 1657 ait,
1299 1591 1574 1646 videbimus
1601 1608 1713 1645 eum
1734 1591 1882 1646 sicuti

273 1690 388 1744 est?
414 1688 575 1757 Quod
602 1689 762 1745 etiam
798 1688 997 1743 dictum
1032 1695 1148 1754 est,
1176 1685 1322 1742 Tunc
1350 1697 1518 1741 autem
1548 1686 1681 1758 facie
1706 1687 1776 1740 ad
1799 1691 1881 1757 fa-

273 1780 430 1834 ciem.

344 1871 507 1926 lllam
534 1885 662 1942 ergo
684 1869 844 1927 ﬁdem
874 1870 1306 1950 praesentissima
1331 1869 1569 1925 veritatis
1606 1870 1880 1941 plerisque

276 1977 387 2018 non
426 1963 850 2034 intelligentibus
914 1964 1081 2020 videri
1130 1971 1306 2034 potest
1355 1963 1610 2019 Dominus
1661 1973 1877 2033 noster,

279 2056 561 2126 discipulis
583 2057 694 2113 suis
717 2072 826 2112 non
851 2057 918 2112 ad
945 2057 997 2113 id
1021 2057 1161 2128 quod
1183 2058 1482 2127 petiverant
1509 2057 1876 2126 respondisse.

283 2145 428 2203 Cum
457 2147 593 2204 enim
617 2148 877 2204 dixissent
900 2149 1146 2217 Domino,
1174 2148 1381 2220 Adauge
1419 2149 1562 2203 nobis
1591 2149 1774 2219 ﬁdem,
1805 2150 1882 2204 ait

283 2237 435 2294 illis:
467 2259 487 2291 ι
512 2240 566 2296 Si
596 2240 864 2297 haberetis
897 2241 1056 2297 ﬁdem
1093 2249 1343 2312 tanquam
1372 2257 1594 2312 granum
1641 2242 1840 2313 sinapis
1859 2284 1876 2311 ,

277 2329 536 2388 diceretis
578 2331 703 2387 huic
746 2333 924 2388 arbori
955 2348 1128 2400 moro,
1159 2333 1443 2389 Eradicarc
1482 2343 1536 2387 et
1584 2333 1881 2403 transplan-

279 2429 397 2478 tare
440 2423 499 2478 in
537 2438 705 2491 mare,
749 2433 803 2478 et
843 2423 1086 2479 obediret
1111 2424 1283 2482 vobis.
1317 2443 1337 2476 ›
1371 2423 1574 2480 Deinde
1599 2425 1876 2496 sequitur:

284 2531 304 2564 ‹
329 2512 468 2580 Quis
503 2523 682 2571 autem
711 2524 948 2572 vestrum
989 2515 1193 2572 habens
1233 2532 1446 2572 servum
1499 2525 1739 2573 arantem
1787 2519 1882 2574 aut

279 2613 591 2674 pascentem
615 2647 630 2671 ,
677 2606 767 2676 qui
813 2620 1058 2678 regresso
1088 2608 1158 2663 de
1201 2623 1330 2680 agro
1358 2609 1500 2663 dicet
1545 2609 1621 2663 illi
1659 2610 1875 2677 statim,

278 2695 496 2765 Transi,
527 2698 812 2764 recumbe;
843 2708 897 2755 et
925 2715 1032 2756 non
1052 2699 1192 2756 dicet
1218 2700 1286 2766 ei,
1308 2700 1440 2755 Para
1469 2700 1609 2771 quod
1644 2717 1873 2769 coenem,

281 2799 334 2846 et
358 2790 629 2862 praecinge
667 2800 748 2859 te,
774 2799 826 2848 et
852 2793 1090 2847 ministra
1119 2793 1249 2847 mihi
1273 2791 1446 2848 donec
1471 2793 1791 2850 manducem
1818 2802 1875 2850 et

278 2881 478 2950 bibam,
509 2892 565 2939 et
591 2892 713 2955 post
731 2883 847 2939 hzec
870 2893 926 2939 ιιι
950 2884 1298 2940 manducabis
1317 2893 1372 2941 et
1394 2884 1586 2940 bibes?
1607 2885 1876 2956 Numquid

277 2977 504 3044 gratiam
530 2975 694 3032 habet
727 2992 884 3033 servo
912 2977 1026 3046 illi,
1059 2979 1181 3048 quia
1220 2976 1345 3034 fecit
1371 2993 1488 3049 qua:
1518 2979 1619 3034 sibi
1647 2979 1876 3050 impera-

281 3068 470 3123 verat?
493 3068 613 3125 Non
645 3079 791 3141 puto.
822 3071 912 3127 Sic
939 3079 994 3127 et
1015 3086 1111 3127 vos
1136 3087 1256 3126 cum
1285 3070 1519 3128 feceritis
1538 3072 1717 3127 omnia
1755 3089 1874 3143 quae

279 3172 550 3234 praecepta
579 3173 706 3218 sunt
729 3164 901 3230 vobis,
931 3164 1121 3221 dicite:
1142 3164 1292 3220 Servi
1319 3166 1630 3236 supervacui
1655 3181 1872 3235 sumus;

278 3252 426 3321 quod
453 3253 734 3311 debuimus
760 3255 935 3311 facere
962 3254 1205 3312 fecimus.
1222 3275 1238 3308 ι
1262 3256 1400 3324 Quid
1428 3258 1543 3312 haec
1567 3257 1873 3326 pertineant

279 3342 347 3398 ad
383 3343 439 3398 id
472 3344 612 3416 quod
653 3346 855 3402 dictum
885 3355 968 3402 est
995 3347 1241 3414 Domino,
1273 3346 1479 3419 Adauge
1515 3347 1655 3401 nobis
1695 3349 1869 3417 fidem,

279 3435 509 3494 difﬁcile
530 3449 766 3511 apparet,
790 3441 892 3496 nisi
921 3441 1273 3511 intelligamus
1303 3457 1370 3497 ex
1392 3441 1492 3496 fide
1531 3442 1584 3496 in
1609 3441 1789 3510 ﬁdem,
1818 3441 1872 3498 id

279 3537 363 3584 est
390 3570 405 3596 ,
452 3544 518 3585 ex
564 3530 668 3587 ﬁde
717 3531 817 3587 ista
865 3533 918 3587 in
961 3549 1063 3604 qua
1092 3533 1421 3590 ministratur
1459 3535 1589 3601 Dco,
1627 3535 1681 3590 in
1723 3535 1870 3590 illam

277 3618 446 3674 ﬁdem
491 3635 586 3677 eos
622 3621 947 3693 signiﬁcasse
995 3625 1269 3681 transferri
1311 3626 1401 3681 ubi
1445 3626 1689 3683 fruantur
1735 3628 1865 3685 Deo.

277 3709 574 3781 Augebitur
607 3714 749 3770 enim
778 3714 930 3784 ﬁdes,
954 3731 1074 3772 cum
1104 3717 1278 3788 primo
1321 3718 1495 3774 verbis
1533 3719 1870 3789 praedicanti-

279 3799 424 3869 bus,
451 3803 642 3862 deinde
682 3807 840 3864 rebus
884 3810 1260 3880 apparentibus
1301 3811 1564 3868 credetur.
1616 3813 1723 3871 Sed
1776 3815 1868 3870 illa

281 3899 658 3970 contemplatio
682 3916 942 3958 summam
969 3903 1202 3974 quietem
1229 3903 1409 3974 habet,
1437 3922 1556 3977 quae
1583 3907 1634 3962 in
1665 3916 1869 3964 :eterno

280 3985 388 4044 Dei
405 4005 558 4061 regno
580 3993 827 4049 tribuitur
850 4011 864 4061 ;
887 4011 1095 4051 summa
1123 4012 1252 4052 vero
1277 3998 1427 4068 quies
1450 3999 1559 4066 illa,
1583 4000 1866 4069 praemium

279 4090 358 4134 est
392 4079 646 4150 iustorum
682 4085 924 4142 laborum
944 4130 960 4156 ,
989 4090 1080 4159 qui
1105 4089 1160 4143 in
1185 4089 1440 4146 Ecclesia:
1470 4091 1864 4151 ministratione

277 4183 624 4243 peraguntur.
653 4175 723 4231 Et
747 4177 885 4247 ideo,
925 4181 1167 4250 quamvis
1196 4181 1248 4235 in
1274 4196 1401 4253 agro
1423 4191 1537 4238 aret
1561 4198 1747 4240 servus
1774 4194 1868 4242 aut

279 4274 496 4331 pascat,
527 4266 629 4323 hoc
654 4277 766 4336 est,
804 4270 856 4325 in
883 4271 991 4326 vita
1035 4273 1276 4328 smeulari
1315 4274 1400 4330 vel
1447 4283 1658 4331 terrena
1688 4283 1866 4333 verset

280 4356 508 4427 negotia,
531 4360 617 4415 vel
643 4361 818 4417 stultis
839 4362 1139 4422 hominibus
1170 4376 1420 4438 tanquam
1442 4371 1721 4439 pecoribus
1747 4386 1865 4428 ser-

282 4446 419 4512 viat;
449 4464 582 4520 Opus
619 4462 703 4507 est
743 4463 802 4509 ut
838 4465 960 4526 post
1003 4457 1121 4512 illos
1165 4458 1376 4516 labores
1404 4459 1621 4516 domum
1661 4463 1859 4533 veniat,

282 4535 382 4594 hoc
417 4550 519 4606 est,
550 4542 805 4601 Ecclesia:
835 4547 1104 4616 societur;
1139 4549 1345 4606 laboret
1391 4553 1551 4608 etiam
1595 4552 1665 4610 ibi
1703 4555 1864 4612 mini-

282 4638 454 4688 strans
497 4633 725 4693 Domino
753 4654 851 4694 suo
876 4641 1048 4698 donec
1073 4643 1357 4701 manducet
1385 4654 1448 4701 et.
1463 4645 1608 4702 bibat
1639 4648 1785 4720 (nam
1807 4659 1864 4706 et

283 4727 516 4783 esuriens
562 4729 652 4786 ille
693 4732 939 4803 qumsivit
983 4751 1141 4806 poma
1163 4738 1216 4792 in
1266 4737 1457 4795 arbore
1507 4738 1719 4813 [Matt/2.
1747 4760 1856 4812 χιι,

285 4815 371 4904 18,
396 4818 511 4892 19],
556 4828 616 4876 ει
654 4837 685 4876 a
728 4823 1058 4881 Samaritana
1108 4844 1298 4900 aquam
1347 4831 1534 4887 sitiens
1576 4835 1861 4904 postulavit

284 4902 449 4976 [Ιοωι.
479 4927 559 4980 1v,
589 4912 670 4986 7])
703 4931 718 4969 :
749 4917 1031 4974 manducet
1058 4935 1186 4993 ergo
1211 4931 1266 4977 et
1292 4921 1438 4978 bibat
1464 4902 1856 4984 confessionem

279 5009 330 5053 et
356 4999 511 5060 ﬁdem
537 5007 771 5077 gentium
792 5051 808 5078 ,
840 5011 1294 5084 ministrantibus,
1322 5016 1426 5074 hoc
1453 5028 1554 5085 est,
1583 5022 1856 5092 evangeli-

280 5092 515 5151 zantibus
555 5099 726 5155 servis
751 5101 881 5157 suis.
925 5101 1043 5170 Quo
1082 5107 1312 5176 pertinet
1353 5111 1512 5165 etiam
1557 5111 1688 5166 illud
1713 5114 1856 5184 quod

277 5180 343 5238 de
389 5201 556 5257 grano
597 5190 796 5262 sinapis
843 5193 921 5248 eis
975 5196 1147 5266 primo
1192 5200 1483 5268 respondit,
1545 5203 1694 5271 prius
1730 5180 1857 5260 illos

280 5272 427 5333 ﬁdem
452 5279 656 5338 habere
683 5281 882 5340 debere
903 5289 1154 5356 prresenti
1185 5289 1304 5344 vitae
1332 5291 1709 5360 necessariam,
1737 5309 1857 5364 quae

280 5366 487 5427 minima
519 5371 730 5429 videtur
757 5377 1009 5447 quamdiu
1039 5378 1317 5436 thesaurus
1349 5391 1433 5438 est
1473 5383 1524 5438 in
1557 5385 1695 5439 vasis
1721 5384 1856 5440 ﬁcti-

279 5454 438 5531 libus,
471 5464 569 5521 sed
613 5466 665 5522 vi
691 5469 918 5525 maxima
960 5471 1179 5528 effervet
1203 5482 1255 5528 et
1282 5474 1562 5545 germinat.
1598 5476 1855 5534 Dominus

277 5561 450 5612 uoster
476 5557 632 5615 Iesus
656 5560 926 5630 Christus,
969 5565 1060 5636 qui
1098 5566 1209 5620 vult
1237 5568 1379 5637 pasci
1410 5568 1705 5624 ministerio
1734 5586 1852 5626 ser-

277 5657 457 5706 vorum
486 5667 705 5709 suorum
724 5697 741 5722 ,
772 5654 873 5712 hoc
901 5666 1013 5726 est,
1045 5659 1098 5714 in
1127 5674 1280 5715 suum
1323 5675 1516 5732 corpus
1554 5663 1705 5732 quasi
1737 5678 1853 5718 ma-

279 5743 442 5797 ctatos
472 5751 528 5799 et
559 5746 906 5803 manducatos
944 5750 1231 5807 transferre
1257 5752 1559 5822 credentes,
1587 5754 1744 5810 etiam
1767 5754 1853 5811 hic

277 5833 438 5902 pascit
482 5851 577 5893 eos
616 5840 782 5895 verbo
823 5841 946 5898 ﬁdei
975 5851 1030 5900 et
1054 5855 1390 5903 sacramento
1427 5847 1691 5919 passionis
1715 5863 1846 5905 suae.
1883 5907 1905 5923 ρ

430 5926 651 5993 διιπετ.
682 5933 956 5995 Λιιειιετ.
1005 5937 1112 5999 lII.

1623 371 1823 427 LIBER
1866 367 2236 431 SECUNDUS.

3441 391 3581 447 1554

1992 485 2107 542 Νοιι
2130 489 2270 542 enim
2303 491 2443 545 venit
2466 491 2772 559 ministrari,
2803 495 2896 552 sed
2917 498 3216 556 ministrare
3236 500 3455 573 (Matth.
3489 521 3581 568 xx,

1988 578 2102 649 28).
2145 580 2484 654 Dicantergo
2520 584 2592 638 illi
2618 586 2756 641 servi
2783 603 2879 657 per
2905 590 3106 661 sinapis
3146 608 3371 664 granum
3407 595 3583 650 arbori

1990 668 2114 725 huic
2145 686 2313 738 moro,
2346 673 2447 729 hoe
2471 685 2572 741 est,
2601 677 2700 747 ipsi
2736 678 3024 752 Evangelio
3049 684 3221 739 crucis
3262 679 3599 762 dominica}..-

1990 776 2086 830 per
2111 777 2265 833 poma
2297 767 2583 836 sanguinea
2606 811 2621 835 ,
2647 777 2897 842 tanquam
2932 774 3153 830 vulnera
3192 775 3245 830 in
3273 777 3414 848 ligno
3448 791 3583 848 pen-

1989 853 2167 910 dentia
2192 896 2207 921 ,
2256 858 2450 912 victum
2492 861 2698 930 populis
2745 863 3028 932 prmbitura
3052 866 3104 932 ¹;
3134 865 3314 922 dicant
3343 883 3470 940 ergo
3503 867 3582 924 illi

1989 955 2048 1000 ut
2066 946 2365 1003 eradicetur
2389 949 2457 1006 de
2487 951 2709 1020 perfidia
2736 953 3063 1025 Judzeorum,
3097 967 3149 1012 et
3176 958 3228 1013 in
3259 975 3410 1016 mare
3436 960 3580 1017 Gen~

1991 1035 2118 1090 tium
2152 1040 2500 1096 transferatur
2545 1053 2703 1115 atque
2745 1046 3012 1116 plantetur
3040 1066 3053 1103 :
3081 1049 3181 1106 hac
3223 1052 3366 1108 enim
3387 1054 3579 1110 dome-

1989 1126 2121 1182 stica
2161 1131 2418 1187 servitute
2445 1134 2698 1190 esurienti
2726 1146 2780 1192 et
2819 1139 3020 1196 sitienti
3049 1143 3276 1200 Domino
3303 1146 3577 1203 ministra-

1988 1217 2138 1274 bunt.
2173 1220 2321 1278 Tunc
2348 1223 2562 1280 demum
2606 1239 2851 1298 qumrant
2899 1234 3037 1288 escis
3086 1235 3577 1309 incorruptibilibus

1989 1308 2041 1364 in
2071 1319 2329 1368 aeternum
2351 1314 2547 1372 divinae
2587 1317 2874 1394 Sapientize
2905 1323 3143 1394 perfrui,
3175 1308 3573 1400 cumdixerint,

1990 1402 2135 1457 Servi
2163 1409 2459 1477 supervacui
2491 1426 2663 1465 sumus
2687 1455 2702 1478 ,
2744 1414 2880 1482 quod
2922 1416 3182 1473 debuimus
3222 1420 3420 1490 facere,
3453 1423 3577 1492 {eci-

1987 1510 2098 1550 mus
2127 1514 2138 1549 :
2171 1497 2300 1553 nihil
2333 1499 2486 1556 nobis
2514 1502 2690 1572 aperis
2716 1514 2914 1570 restat;
2944 1521 3157 1564 cursum
3184 1514 3576 1568 consummavi-

1987 1601 2126 1654 mus,
2151 1603 2375 1659 agonem
2407 1592 2722 1661 perfecimus
2744 1637 2758 1661 ,
2789 1606 3033 1666 superest
3072 1601 3225 1656 nobis
3257 1617 3452 1659 corona
3489 1605 3576 1674 juo

1986 1679 2142 1736 stitite
2172 1683 2235 1755 (ll
2266 1683 2399 1738 Tim.
2433 1702 2507 1754 1v,
2538 1687 2591 1753 7,
2621 1687 2695 1758 8).
2723 1688 2911 1744 Omnia
2957 1693 3098 1747 enim
3125 1694 3229 1750 dici
3259 1705 3481 1765 possunt
3506 1697 3575 1754 de

1987 1772 2076 1826 illa
2119 1774 2370 1831 ineffabili
2400 1778 2760 1847 perfructione
2808 1782 3047 1839 veritatis
3075 1803 3088 1839 :
3116 1793 3168 1840 et
3216 1794 3361 1842 tanto
3405 1789 3574 1860 magis

1984 1865 2162 1920 omnia
2199 1865 2302 1923 dici
2330 1879 2570 1938 possunt,
2604 1881 2802 1941 quanto
2844 1874 3019 1930 minus
3045 1875 3202 1947 digne
3229 1878 3332 1934 dici
3375 1880 3575 1952 aliquid

1986 1965 2180 2026 potest.
2229 1958 2361 2014 Nam
2403 1970 2457 2017 et
2503 1962 2592 2018 lux
2638 1974 2721 2019 est
2765 1965 3222 2038 illuminatorum,
3267 1980 3321 2028 et
3361 1974 3574 2043 requies

1985 2051 2414 2120 exercitatorum,
2441 2065 2494 2110 et
2519 2057 2687 2128 patria
2715 2059 3070 2128 redeuntium,
3104 2072 3158 2119 et
3186 2079 3308 2121 esca
3337 2067 3574 2140 indigen.

1987 2143 2150 2212 tium,
2204 2155 2257 2200 et
2306 2163 2504 2204 corona
2553 2151 2918 2206 vincentium:
2951 2164 3004 2210 et
3045 2173 3394 2230 quzecumque
3432 2160 3572 2216 bona

1987 2237 2351 2305 temporaliter
2403 2243 2727 2296 transeuntia
2770 2258 2865 2312 per
2892 2253 3150 2301 creaturae
3193 2256 3373 2317 partes
3420 2265 3574 2306 error

1985 2328 2187 2396 appetit
2236 2328 2528 2385 infidelium
2560 2375 2574 2399 ,
2626 2335 2831 2390 veriora
2890 2337 2941 2390 in
2994 2348 3252 2395 aeternum
3303 2346 3572 2401 manentia

1985 2419 2037 2472 in
2081 2419 2336 2477 Creatore
2357 2426 2593 2480 omnium
2643 2429 2797 2482 simul
2825 2429 3102 2488 inventura
3128 2447 3210 2490 εει
3239 2436 3407 2506 pietas
3435 2438 3574 2495 ﬁlio-

1983 2527 2122 2566 rum.

2054 2604 2165 2660 XL.
2212 2605 2310 2679 [1b.
2345 2624 2472 2676 xvn,
2509 2611 2725 2686 12-19.]
2749 2612 2804 2668 ln
2834 2614 3018 2671 decem
3049 2617 3277 2689 leprosis
3305 2639 3440 2694 quos
3462 2625 3570 2682 Do-

1983 2696 2158 2752 minus
2185 2698 2257 2754 ita
2287 2700 2579 2768 mandavit,
2611 2719 2734 2758 cum
2757 2705 2864 2772 ait,
2897 2706 2997 2774 Ite,
3025 2711 3268 2766 ostendite
3297 2730 3384 2769 vos
3405 2733 3572 2771 sacer-

1983 2789 2199 2856 dotibus,
2229 2791 2392 2845 multa
2434 2794 2599 2862 qumri
2628 2806 2851 2865 possunt
2889 2814 3006 2869 qua:
3035 2802 3226 2857 merito
3270 2817 3571 2874 quaerentes

1982 2889 2217 2937 movent.
2249 2881 2364 2938 Non
2395 2885 2566 2939 solum
2595 2885 2661 2940 de
2687 2902 2911 2943 numero
2939 2891 3065 2960 quid
3095 2892 3196 2948 sibi
3225 2895 3387 2950 velint
3427 2899 3568 2968 quod

1981 2971 2164 3028 decem
2192 2983 2335 3042 sunt,
2366 2983 2419 3031 et
2448 2976 2590 3046 quod
2615 2994 2748 3034 unus
2777 2996 2843 3035 ex
2873 2982 2977 3036 illis
3004 2984 3148 3039 solus
3187 2989 3386 3057 gratias
3417 2993 3565 3062 agit;

1979 3063 2096 3118 hrec
2122 3066 2266 3121 enim
2287 3066 2457 3123 libere
2479 3081 2808 3139 qumruntur,
2840 3083 2897 3127 ut
2917 3075 3074 3131 etiam
3095 3093 3202 3133 non
3231 3081 3560 3155 inveStigata,

1982 3153 2062 3209 vel
2093 3156 2219 3209 nihil
2249 3157 2334 3212 vel
2364 3173 2469 3212 non
2510 3161 2732 3215 multum
2770 3163 3059 3233 impediant
3096 3153 3444 3230 intentionem
3489 3153 3569 3234 le-

1977 3247 2150 3315 gentis
2180 3263 2193 3298 :
2217 3247 2311 3302 sed
2337 3248 2421 3302 illa
2448 3250 2642 3319 potius,
2672 3267 2767 3307 cur
2796 3269 2888 3309 eos
2915 3256 2980 3310 ad
3016 3260 3322 3320 sacerdotes
3337 3266 3563 3338 miserit,

1977 3344 2037 3390 ut
2063 3351 2184 3392 cum
2211 3337 2770 3398 irentmundarentur.
2799 3345 3008 3402 Nullum
3038 3351 3179 3406 enim
3220 3369 3405 3412 eorum
3444 3361 3565 3430 qui-

1977 3425 2079 3482 bus
2108 3427 2226 3484 haec
2252 3433 2550 3502 corporalia
2583 3434 2838 3492 beneﬁcia
2873 3443 3137 3511 praestitit,
3171 3445 3438 3506 invenitur
3459 3425 3566 3508 ini-

1978 3523 2112 3578 sisse
2130 3522 2198 3578 ad
2219 3524 2544 3593 sacerdotes,
2574 3529 2675 3583 nisi
2706 3531 2967 3602 leprosos.
2990 3533 3122 3590 Nam
3153 3548 3206 3594 et
3239 3541 3386 3597 illum
3412 3561 3442 3600 a
3482 3548 3563 3603 le-

1975 3627 2071 3683 pra
2101 3615 2449 3672 mundaverat
2474 3618 2559 3673 cui
2589 3619 2722 3675 dixit
2747 3639 2758 3674 :
2798 3621 2956 3690 Vade,
2987 3629 3192 3684 ostende
3219 3640 3266 3686 te
3289 3638 3565 3692 sacerdoti-

1976 3703 2085 3771 bus,
2109 3715 2156 3759 et
2183 3705 2311 3774 oﬂ'er
2337 3725 2429 3778 pro
2449 3718 2496 3763 te
2519 3712 2825 3780 sacriﬁcium
2853 3717 2986 3784 quod
3020 3723 3258 3791 prwcepit
3309 3724 3513 3798 Moyses
3537 3773 3552 3797 ,

1973 3798 2028 3853 in
2055 3800 2392 3856 testimonium
2416 3802 2519 3858 illis
2551 3802 2716 3876 (Luc.
2761 3823 2814 3872 ν,
2866 3809 2952 3875 15,
2997 3811 3106 3884 14).
3152 3814 3354 3872 Deinde
3388 3822 3562 3892 qualis

1973 3890 2249 3946 mundatio
2274 3892 2562 3962 spiritualis
2591 3896 2758 3964 possit
2787 3897 3007 3969 intelligi
3050 3917 3232 3960 eorum
3252 3947 3268 3974 ,
3291 3890 3425 3978 quos
3478 3912 3565 3967 in-

1972 3988 2152 4052 gratos
2187 3982 2461 4046 exstitisse
2497 3984 2787 4057 redarguit.
2835 3987 3134 4048 Secundum
3179 4012 3371 4068 corpus
3415 4005 3561 4060 enim

1972 4071 2126 4129 facile
2144 4083 2226 4130 est
2252 4074 2434 4131 videre
2458 4092 2617 4146 posse
2643 4079 2913 4136 hominem
2938 4098 3042 4138 non
3085 4085 3281 4145 habere
3331 4092 3554 4164 lepram,

1973 4173 2028 4220 et
2049 4173 2225 4221 tamen
2251 4166 2416 4221 animi
2446 4183 2566 4224 esse
2591 4185 2699 4224 non
2727 4171 2852 4226 boni
2900 4191 2912 4227 :
2955 4178 3244 4233 secundum
3293 4183 3557 4254 signiﬁca-

1972 4255 2171 4312 tionem
2199 4265 2376 4314 autem
2403 4258 2561 4329 hujus
2586 4260 2829 4317 miraculi
2854 4305 2869 4331 ,
2891 4267 3172 4324 conturbat
3210 4273 3555 4333 consideran-

1970 4351 2099 4414 tem,
2127 4348 2395 4418 quomodo
2422 4349 2649 4405 mundus
2669 4351 2770 4407 dici
2794 4355 2964 4425 possit
2989 4355 3245 4429 ingratus.

2041 4437 2399 4507 Quaerendum
2434 4440 2593 4512 igitur
2633 4453 2714 4499 est
2746 4445 2870 4516 quid
2915 4447 3026 4518 ipsa
3087 4451 3234 4522 lepra
3275 4456 3550 4528 signiﬁcet.

1969 4527 2085 4584 Non
2111 4531 2252 4586 enim
2280 4533 2474 4599 sanati,
2498 4533 2593 4590 sed
2623 4536 2861 4592 mundati
2885 4537 3132 4597 dicuntur
3156 4546 3244 4616 qui
3279 4527 3339 4604 ea
3365 4567 3552 4611 carue-

1969 4630 2132 4677 runt:
2167 4624 2363 4679 coloris
2389 4625 2582 4696 quippe
2621 4628 2807 4683 vitium
2846 4640 2946 4697 est,
2977 4650 3080 4690 non
3109 4637 3421 4699 valetudinis
3463 4657 3555 4701 aut

1966 4715 2281 4788 integritatis
2306 4732 2559 4774 sensuum
2586 4729 2745 4793 atque
2774 4725 3153 4785 membrorum.
3177 4731 3397 4805 Leprosi
3423 4754 3553 4813 ergo

1967 4823 2074 4863 non
2101 4808 2336 4866 absurde
2362 4811 2584 4883 intelligi
2603 4824 2846 4886 possunt,
2879 4819 2967 4889 qui
2995 4821 3269 4881 scientiam
3300 4844 3442 4887 verae
3484 4808 3550 4888 ﬁ-

1964 4899 2051 4956 dei
2078 4917 2182 4958 non
2205 4901 2482 4969 habentes,
2510 4905 2686 4962 varias
2705 4906 2975 4966 doctrinas
2992 4915 3304 4982 proﬁtentur
3327 4925 3547 4982 erroris.

1963 4991 2081 5048 Non
2109 4995 2254 5050 enim
2281 4996 2366 5052 vel
2395 4996 2729 5053 abscondunt
2755 4999 3077 5073 imperitiam
3108 5023 3258 5066 suam
3278 5055 3293 5078 ,
3335 5015 3428 5070 sed
3451 5033 3552 5088 pro

1964 5101 2173 5142 summa
2194 5087 2383 5158 peritia
2411 5089 2692 5160 proferunt
2719 5093 2772 5147 in
2798 5092 2991 5163 lucem,
3028 5107 3082 5154 ct
3117 5100 3408 5170 jactantia’
3429 5087 3547 5166 ser-

1961 5179 2137 5234 monis
2164 5188 2454 5237 ostentant.
2483 5181 2640 5238 Nulla
2670 5199 2829 5256 porro
2872 5185 3002 5244 falsa
3037 5189 3281 5250 doctrina
3309 5207 3392 5254 est
3431 5217 3550 5274 qua:

1961 5287 2069 5327 non
2098 5273 2272 5344 aliqua
2303 5290 2428 5330 vera
2472 5275 2852 5334 intermisceat.
2886 5280 3024 5337 Vera
3064 5298 3190 5357 ergo
3224 5285 3374 5345 falsis
3403 5273 3549 5347 inor.

1960 5364 2142 5421 dinate
2169 5367 2430 5437 permixta
2450 5407 2464 5434 ,
2494 5367 2548 5423 in
2590 5385 2692 5424 una
2717 5369 3074 5442 disputatione
3119 5378 3203 5434 vel
3241 5383 3548 5443 narratione

1963 5455 2217 5526 hominis,
2251 5466 2500 5530 tanquam
2527 5461 2579 5516 in
2612 5463 2770 5518 unius
2797 5468 3036 5537 corporis
3070 5469 3251 5527 colore
3274 5489 3545 5545 apparen-

1960 5550 2053 5618 tia,
2082 5551 2382 5624 signiﬁcant
2405 5555 2628 5626 lepram,
2677 5565 2927 5630 tanquam
2971 5563 3112 5618 veris
3165 5564 3413 5639 falsisque
3465 5589 3550 5629 co.

2025 5729 2042 5802 ξ
2059 5734 2161 5802 nat.
2189 5733 2241 5778 et
2383 5729 2909 5802 cisterciensiS.
2930 5733 3116 5802 Mulis
3138 5741 3418 5802 Ρνωθίιιιτα·

2021 5791 2849 5872 ζκξξιιιρεεῖὲωιθειριφξφξιέφη
2875 5807 2894 5844 -'
2914 5791 2965 5845 έι
2987 5791 3547 5872 ὺ³υ¹οἶιιιη⁷ιὶι²ὸῖτοιοι

1958 5864 2070 5924 rum
2089 5851 2240 5914 fixis,
2268 5852 2468 5913 habent,
2493 5851 2703 5907 colorum
2719 5854 2852 5909 locas.

2514 5936 3137 6024 (Quanam-troia.)
