4036 6452
463 456 599 516 i555

462 575 631 628 lorum
663 568 794 624 fucis
816 566 1043 621 humana
1072 577 1295 636 corpora
1320 564 1612 619 variantem
1646 568 1803 630 atque
1857 569 2039 611 macu-

464 668 681 720 lantem.
709 660 772 718 Hi
821 671 997 719 autem
1027 668 1133 715 tam
1162 658 1360 715 vitandi
1412 664 1533 712 sunt
1577 652 1855 720 Ecclesize,
1890 658 1951 705 ut
1996 647 2042 709 si

1305 442 1769 521 QUESTIONUM
1808 432 2368 502 EV’ANUELIORUM,
2408 434 2465 490 S.
2506 432 2870 493 AUGUSTINI

3584 424 3735 486 1556

2145 559 2198 604 et
2223 549 2575 621 cleemosynae
2599 548 2715 620 ejus
2749 555 3016 619 acceptae,
3055 556 3111 609 ot
3143 561 3331 617 preces
3367 545 3486 619 eius
3529 545 3737 603 audita:

2147 642 2222 699 illi
2250 643 2318 698 ab
2355 642 2547 731 angelo
2599 643 2927 712 nuntientur,
2982 650 3198 715 propter
3232 642 3496 699 doctrinm
3543 650 3738 698 tamen
3780 702 3793 708 _

467 760 578 816 fieri
607 763 801 829 potat,
823 754 1031 826 longius
1049 753 1239 810 remoti
1269 765 1461 822 magno
1496 749 1729 807 clamore
1773 743 2042 801 Christum
2144 735 2713 829 Sacramentorumqus
2740 735 2994 829 unitatem
3022 733 3089 793 ad
3118 734 3334 829 Petrum
3356 732 3575 829 iubetur
3601 732 3740 789 mit.-

466 844 807 921 interpeiient
840 866 853 903 :
882 845 1021 902 sicut
1043 845 1128 901 isti
1154 843 1336 903 decem
1363 850 1605 897 steterunt
1628 855 1660 892 a
1689 838 1856 908 longe,
1889 842 1935 889 et
1965 832 2042 889 le-

465 948 698 997 vaverunt
746 953 946 1003 uocem,
976 935 1196 993 dicentes
1243 931 1422 990 :Jrsu
1470 939 1765 1005 prwceptor,
1816 927 2047 981 miserere

468 1034 644 1089 nostri.
675 1030 806 1087 Nam
827 1039 882 1089 et
916 1028 1057 1101 quod
1104 1036 1487 1103 praeceptorem
1518 1030 1737 1087 vocant,
1788 1033 1894 1090 quo
1942 1033 2045 1073 no-

467 1115 609 1182 mine
638 1125 817 1181 nescio
840 1132 1014 1179 utrum
1036 1121 1313 1193 quisquam
1335 1118 1611 1173 Dominum
1632 1111 2048 1183 interpellaverit

471 1232 566 1291 pro
592 1210 852 1271 medicina
874 1210 1161 1283 corporali,
1191 1209 1319 1267 satis
1357 1217 1483 1279 puto
1521 1205 1820 1277 signiﬁcare
1845 1202 2047 1271 lepram

469 1304 651 1361 l'alsam
688 1319 807 1362 esse
832 1301 1149 1369 doctrinam,
1190 1315 1349 1375 quam
1386 1298 1560 1357 bonus
1603 1301 1899 1368 prmceptor
1926 1291 2048 1347 abs-

469 1395 644 1467 tergit.
1096 1392 1101 1401 ’

537 1486 900 1544 Sacerdotium
943 1502 1069 1542 vero
1114 1485 1418 1543 Judaeorum
1457 1497 1616 1541 nemo
1657 1480 1768 1539 fere
1817 1478 2049 1535 ﬁdelium

384 1603 392 1613 -
470 1579 678 1635 dubitat
708 1578 926 1649 figuram
953 1575 1118 1633 fuisse
1148 1576 1307 1632 futuri
1338 1574 1621 1631 sacerdotii
1646 1572 1839 1644 regalis
1863 1612 1877 1637 ,
1909 1569 2052 1641 quod

469 1679 550 1725 est
576 1669 627 1724 in
660 1669 931 1736 Ecclesia,
963 1683 1069 1740 quo
1095 1675 1474 1723 consecrantur
1501 1680 1688 1721 omnes
1724 1664 2052 1735 pertinentes

469 1760 535 1815 ad
562 1774 754 1831 corpus
772 1756 1001 1825 Christi,
1027 1758 1217 1811 summi
1264 1765 1318 1812 et
1353 1756 1464 1811 veri
1510 1755 1763 1827 principis
1803 1751 2053 1811 sacerdo-

470 1858 602 1906 tum.
635 1838 765 1904 Nam
789 1863 927 1903 nunc
949 1856 1001 1902 et
1022 1862 1206 1903 omnes
1232 1857 1520 1918 unguntur,
1552 1844 1694 1916 quod
1737 1852 1863 1900 tunc
1907 1842 2052 1913 regi-

469 1941 569 1997 bus
593 1946 796 1997 tantum
821 1949 873 1995 et
898 1938 1259 2001 sacerdotibus
1292 1938 1446 1995 ﬁebat
1472 1955 1483 1991 :
1513 1932 1743 2008 etquod
1768 1936 1843 1989 ait
1866 1934 2055 1991 Petrus

472 2031 539 2088 ad
596 2030 939 2088 christianum
984 2030 1237 2102 populum
1275 2030 1544 2093 scribens,
1591 2026 1780 2101 Regale
1818 2024 2056 2081 sacerdo-

474 2125 598 2179 tium
629 2121 670 2198 (Ι
703 2120 847 2177 Petr.
877 2118 1022 2192 tt,9);
1056 2129 1336 2191 utrumque
1365 2134 1556 2175 nomen
1582 2118 1653 2173 illi
1695 2118 1887 2189 populo
1929 2131 2057 2173 con-

475 2215 657 2272 venire
683 2212 993 2282 declaravit,
1024 2228 1129 2285 quo
1158 2213 1248 2267 illa
1279 2213 1457 2268 unctio
1493 2209 1806 2282 pertinebat.
1851 2206 2059 2269 Cretera

477 2309 654 2380 itaque
682 2308 808 2363 vitia
831 2317 1078 2378 tanquam
1100 2305 1412 2361 valetudinis
1438 2313 1489 2359 et
1511 2304 1659 2375 quasi
1697 2303 2058 2360 membrorum

475 2398 666 2453 animae
686 2405 843 2468 atque
866 2411 1149 2461 sensuum,
1199 2411 1293 2465 per
1322 2396 1548 2464 seipsum
1572 2394 1792 2450 interius
1835 2393 1889 2449 in
1925 2408 2058 2449 con-

476 2485 697 2544 scientia
725 2494 780 2543 et
803 2485 1074 2541 intellectu
1110 2483 1366 2539 Dominus
1396 2493 1547 2539 sanat
1570 2492 1624 2539 et
1658 2485 1875 2555 corrigit
1906 2500 1921 2537 :
1956 2484 2058 2541 do-

476 2581 645 2637 ctrina
665 2594 794 2635 vero
818 2579 902 2634 vel
935 2578 1199 2634 imbuendi
1226 2592 1322 2651 per
1344 2578 1703 2645 Sacramenta,
1725 2578 1807 2633 vel
1821 2576 2058 2633 catecbi-

478 2668 634 2726 randi
656 2684 751 2741 per
775 2684 1075 2726 sermonem
1107 2678 1385 2725 sonantem
1407 2678 1562 2743 atque
1602 2670 1880 2725 lectionem
1903 2710 1918 2736 ,
1969 2667 2061 2724 ubi

477 2762 627 2819 color
653 2763 867 2834 quidam
897 2763 1207 2835 intelligitur
1240 2777 1397 2817 verus
1419 2771 1577 2833 atque
1620 2763 1888 2831 sincerus,
1936 2761 2062 2835 quia

475 2855 529 2911 in
551 2865 796 2927 promptu
826 2861 910 2911 est
947 2864 1000 2910 et
1025 2854 1157 2909 foris
1186 2854 1632 2909 eminentissimus
1663 2853 1793 2926 (non
1832 2854 1972 2910 enim
2006 2854 2062 2913 in

477 2948 696 3005 occultis
722 2946 1147 3020 cogitationibus,
1177 2946 1269 3002 sed
1301 2947 1354 3002 in
1399 2945 1691 3003 manifestis
1740 2947 2064 3018 Operationi-

479 3039 579 3094 bus
616 3039 732 3093 hanc
767 3035 1038 3109 aguntur),
1078 3035 1330 3092 Ecclesiae
1374 3038 1583 3107 proprie
1625 3039 1921 3095 contributa
1957 3045 2061 3095 est.

478 3131 664 3199 Itaque
688 3136 743 3183 et
770 3127 967 3183 Paulus
991 3143 1118 3183 voce
1140 3127 1348 3183 Domini
1375 3128 1572 3195 audita,
1604 3126 1737 3195 Quid
1766 3145 1842 3183 me
1890 3145 2063 3200 pene.

481 3219 693 3293 quem!
720 3226 811 3287 et,
854 3216 963 3294 Ego
1003 3236 1115 3273 sum
1140 3217 1320 3288 Iesus,
1362 3236 1507 3290 quem
1536 3228 1587 3275 tn
1615 3221 1948 3291 persequeris;
1997 3221 2065 3278 ad

482 3310 742 3367 Ananiam
764 3315 946 3366 tamen
974 3309 1167 3364 missus
1192 3318 1295 3376 est,
1319 3317 1377 3364 ut
1405 3308 1495 3364 illo
1518 3309 1813 3367 sacerdotio
1845 3310 1983 3383 quod
2009 3312 2067 3368 in

481 3402 719 3460 Ecclesia
738 3401 1083 3459 constitutum
1104 3408 1206 3467 est,
1238 3410 1628 3457 sacramentum
1658 3400 1913 3457 doctrina:
1944 3400 2069 3463 ﬁdei

479 3494 802 3568 perciperet,
823 3500 878 3550 et
904 3507 1058 3549 verus
1076 3492 1191 3564 ejus
1216 3488 1598 3562 approbaretur
1626 3491 1771 3546 color
1807 3491 1954 3564 (Act.
1989 3509 2065 3559 ut,

484 3587 659 3662 ιιι-19).
713 3585 829 3644 Non
872 3584 995 3661 quia
1035 3601 1140 3639 non
1185 3594 1359 3656 potest
1397 3598 1491 3654 per
1529 3583 1760 3657 seipsum
1814 3584 2069 3643 Dominus

486 3682 665 3739 omnia
689 3678 906 3746 facere;
934 3692 1055 3733 nam
1080 3677 1201 3748 quis
1226 3674 1362 3731 alius
1389 3674 1502 3730 haec
1530 3674 1652 3731 facit
1671 3676 1829 3731 etiam
1873 3678 1923 3731 in
1962 3676 2068 3733 Ec-

487 3771 690 3833 clesia?
718 3771 812 3828 sed
838 3779 895 3827 ut
937 3770 1051 3841 ipsa
1078 3769 1306 3825 societas
1334 3778 1767 3840 congregatorum
1809 3766 2065 3837 ﬁdelium,

488 3861 830 3938 approbando
876 3860 929 3915 in
973 3859 1199 3916 invicem
1238 3866 1396 3929 atque
1445 3859 1883 3915 communicando
1928 3876 2072 3915 vera:
2126 3858 2131 3861 ’

491 3958 614 4015 ﬁdei
641 3955 936 4013 doctrinam
962 3953 1018 4009 in
1043 3950 1289 4008 omnibus
1308 3966 1427 4022 quse
1457 3950 1699 4007 dicuntur
1732 3953 1937 4020 verbis,
1986 3953 2073 4010 vel

494 4050 770 4124 signantur
791 4044 1171 4112 sacramentis,
1205 4051 1452 4113 tanquam
1488 4058 1643 4099 unam
1681 4044 1911 4117 speciem
1958 4045 2074 4101 veri

493 4142 693 4201 coloris
715 4139 963 4200 obducat.
992 4137 1073 4192 Ad
1103 4136 1203 4192 hoc
1217 4135 1375 4192 etiam
1396 4136 1624 4208 pertinet
1650 4137 1789 4209 quod
1822 4136 1959 4195 idem
1988 4138 2073 4194 di-

494 4237 567 4293 cit
586 4233 859 4306 apostolus
884 4248 901 4285 :
937 4249 957 4283 ί
987 4228 1189 4287 Deinde
1223 4237 1342 4299 post
1365 4244 1532 4285 annos
1559 4230 1954 4299 quatuordccim
1982 4246 2072 4289 as-

495 4324 648 4383 cendi
674 4320 1059 4392 ierosolymam
1085 4332 1206 4375 cum
1234 4312 1494 4384 Barnaba,
1521 4327 1794 4389 assumpto
1836 4327 1891 4379 et
1930 4320 2070 4376 Tito.

496 4418 726 4476 Ascendi
751 4423 928 4472 autem
966 4412 1257 4469 secundum
1302 4412 1717 4477 revelationem;
1759 4422 1812 4469 et
1856 4413 2076 4484 exposui

495 4512 576 4569 eis
599 4506 945 4579 Evangelium
979 4501 1121 4575 quod
1166 4500 1396 4574 praedico
1430 4502 1483 4557 in
1520 4502 1797 4575 gentibus,
1833 4517 2075 4560 seorsum

500 4610 674 4658 autem
701 4599 766 4654 iis
790 4598 881 4669 qui
908 4593 1221 4652 videbantur
1246 4591 1264 4624 ¹
1292 4610 1304 4645 :
1330 4608 1397 4649 ne
1420 4586 1555 4649 forte
1580 4592 1633 4647 in
1653 4608 1873 4651 Vacuum
1897 4610 2073 4665 curro,

500 4700 593 4749 aut
619 4689 881 4747 cucurri.»
914 4686 983 4742 Et
1025 4684 1181 4759 paulo
1213 4693 1332 4758 post
1370 4701 1382 4737 :
1433 4702 1452 4736 ι
1485 4681 1616 4740 Cum
1668 4685 2076 4756 cognovissent,

503 4784 693 4855 inquit,
724 4781 944 4853 gratiam
973 4794 1090 4851 qum
1116 4775 1237 4832 data
1268 4785 1349 4831 est
1369 4776 1497 4831 mihi
1525 4775 1785 4846 lacubus,
1813 4776 1999 4833 Petrus
2024 4786 2081 4836 et

502 4878 753 4942 Joannes,
783 4872 871 4945 qui
893 4872 1215 4929 videbantur
1240 4868 1502 4924 columna:
1534 4883 1675 4934 esse,
1704 4868 1954 4929 dexteras
1979 4869 2079 4927 de-

503 4970 695 5023 derunt
715 4964 842 5021 mihi
865 4973 919 5019 et
944 4961 1199 5018 Barnabas
1218 4959 1488 5015 societatis
1510 4957 1704 5031 (Gatat.
1728 4974 1785 5028 ιι,
1820 4952 1872 5027 i,
1917 4960 1971 5028 2,
2000 4959 2079 5033 9).

504 5060 623 5132 ipsa
647 5058 789 5115 enim
818 5055 1031 5113 collatio
1068 5069 1223 5108 unam
1277 5052 1535 5109 doctrina:
1573 5053 1803 5125 speciem
1861 5056 2081 5113 exclusa

506 5152 652 5209 omni
689 5150 945 5206 varietate
987 5144 1315 5203 monstrabat
1359 5163 1371 5198 :
1419 5144 1559 5219 quod
1599 5146 1879 5203 salubriter
1915 5148 2079 5205 etiam

508 5240 812 5301 Corinthios
883 5248 1097 5305 monet,
1165 5236 1380 5304 dicens,
1457 5233 1670 5293 Obsecro
1727 5249 1894 5293 autem
1963 5255 2081 5307 vos,

506 5338 711 5408 fratres,
743 5348 832 5406 per
872 5347 1054 5388 nomen
1096 5328 1299 5383 Domini
1327 5328 1485 5384 nostri
1523 5324 1647 5383 Jesu
1678 5329 1897 5399 Christi,
1924 5341 1975 5385 ut
2002 5334 2081 5387 id-

508 5429 675 5501 ipsum
699 5425 877 5481 dicatis
904 5439 1072 5479 omnes
1095 5419 1135 5499 (1
1154 5420 1270 5475 Cor.
1300 5418 1464 5493 1,10).
1481 5421 1756 5475 Cornelius
1782 5424 1940 5478 etiam
1961 5440 2083 5483 cum

574 5566 591 5596 ι
615 5561 751 5624 satu,
785 5557 1063 5624 Metam
1101 5568 1202 5610 esse
1222 5552 1422 5624 αιίφιίάε
1439 5562 1560 5624 Im.
1593 5561 1825 5624 (ιυιιιιρςο
1848 5553 2084 5624 νίμαωτινε

509 5626 595 5685 Qui
847 5614 1027 5685 aliique
1060 5632 1091 5669 e
1245 5614 1343 5685 non
1364 5615 1560 5685 addunt,
1596 5614 1697 5685 esse
1719 5614 1901 5685 atiquid
1925 5619 2089 5685 {quod

509 5677 658 5751 suam
694 5687 756 5735 ab
784 5677 993 5751 absonis
1022 5680 1393 5751 mrbsieesihus
1930 5677 2091 5751 suis

507 5737 683 5812 abest;
702 5757 872 5812 μαιιιθ
887 5737 939 5793 ὦ
1140 5738 1611 5812 ιθιωηᾼῐῖοαοηβδξ
1623 5737 2087 5812 ιὲιξίν.εδί³.ιῐο¹ςοβδὶν

511 5798 559 5860 id
584 5798 682 5869 est;
697 5798 836 5872 inti:
857 5798 1105 5872 atrgistini
1508 5802 1557 5852 in
1578 5798 1786 5863 Epistula
1805 5799 1869 5851 ad
1887 5798 2088 5866 Galatas,

442 5905 458 5921 .
513 5873 588 5925 eis
602 5863 684 5934 qui
697 5863 983 5920 eminebant
997 5864 1048 5916 in

2149 836 2281 892 tere,
2305 834 2553 897 tanquam
2582 825 2658 883 illi
2683 835 2740 884 et
2757 826 2870 883 suis
2893 825 3180 892 diceretur,
3208 824 3289 883 Ite
3305 866 3321 891 ,
3347 824 3592 883 ostmdits
3639 840 3740 879 vos

2147 918 2508 977 sacerdotibus.
2539 916 2672 977 Nam
2697 925 2898 977 etcum
2926 916 3100 985 irent,
3131 916 3372 975 mundati
3410 925 3556 974 sunt.
3606 915 3738 971 lam

2149 1012 2292 1069 enim
2312 1010 2380 1067 ad
2407 1025 2504 1068 eos
2529 1019 2746 1069 venerat
2775 1009 2986 1076 Petrus.
3009 996 3105 1069 sed
3136 1017 3312 1067 tamen
3352 1009 3453 1080 ipsi
3491 1006 3737 1065 nondum

2151 1111 2370 1174 accepto
2389 1102 2728 1173 Baptismatis
2749 1110 3102 1166 sacramento,
3132 1100 3365 1160 nondum
3380 1099 3742 1171 spiritualiter

2151 1194 2219 1253 ad
2247 1193 2551 1253 sacerdotes
2575 1201 2963 1264 pervenerant;
2991 1200 3048 1253 et
3088 1200 3265 1251 tamen
3300 1191 3566 1252 infusiono
3609 1191 3740 1263 Spi-

2154 1287 2288 1342 ritus
2313 1285 2510 1352 sancti,
2536 1293 2591 1341 et
2614 1283 2962 1343 admiratione
3006 1282 3301 1356 linguarum
3339 1297 3526 1342 eorum
3575 1298 3740 1341 mun-

2153 1377 2298 1433 datio
2320 1376 2587 1435 declarata
2610 1385 2692 1435 est
2718 1374 2852 1448 (Act.
2880 1392 2937 1442 ι,
2966 1374 3081 1447 tt).

2224 1469 2353 1538 Quae
2375 1484 2496 1527 cum
2524 1468 2595 1525 ita
2617 1483 2676 1525 se
2703 1468 2952 1536 habeant,
2978 1467 3087 1539 iam
3110 1467 3264 1528 facile
3281 1475 3366 1527 est
3404 1467 3565 1526 etiam
3602 1466 3743 1528 illud

2157 1558 2357 1629 videre,
2390 1559 2505 1617 lteri
2531 1573 2689 1630 posse
2713 1569 2771 1614 ut
2805 1560 3032 1635 quisque
3076 1560 3132 1619 in
3174 1559 3428 1621 Ecclesia
3480 1560 3744 1622 satietate

2158 1654 2453 1714 doctrinam
2481 1655 2740 1724 integram
2768 1668 3054 1725 veramque
3088 1663 3418 1726 assequitur.
3448 1661 3508 1714 et
3553 1654 3740 1715 munia

2159 1744 2449 1801 secundum
2470 1744 2743 1800 catholica:
2765 1743 2886 1800 ﬁdei
2908 1744 3140 1815 regulam
3181 1744 3497 1811 edisserat',
3549 1743 3742 1801 distinv

2157 1849 2282 1911 gnat
2310 1855 2340 1895 a
2379 1838 2633 1897 Creatore
2665 1848 2961 1899 creaturam
2985 1879 3001 1907 ,
3031 1853 3203 1909 eoque
3242 1836 3609 1896 manifestatur
3648 1851 3746 1892 va-

2160 1932 2350 1988 rietate
2372 1929 2770 1989 mendaciorum
2801 1938 3052 2001 tanquam
3076 1930 3223 2000 lepra
3254 1930 3492 1989 caruisse
3525 1947 3540 1985 :
3567 1938 3627 1986 et
3654 1938 3741 1985 ta-

2162 2037 2287 2081 men
2316 2022 2553 2094 ingratus
2576 2022 2649 2081 sit
2671 2022 2784 2083 Deo
2812 2029 2866 2081 et
2887 2022 3114 2082 Domino
3132 2021 3437 2083 munﬁtori
3458 2037 3588 2089 suo;
3618 2022 3746 2093 quia

2162 2114 2335 2173 elatus
2361 2114 2628 2185 superbia,
2657 2113 2947 2187 gratiarum
2971 2114 3292 2186 agendarum
3328 2115 3413 2186 pia
3446 2114 3749 2172 humilitate

2165 2221 2271 2265 non
2297 2205 2570 2271 sternitur,
2596 2206 2887 2281 similisque
2911 2206 3140 2268 efﬁcitur
3159 2206 3261 2265 illis
3285 2206 3356 2267 de
3387 2206 3582 2279 quibus
3614 2206 3748 2264 dicit

2164 2299 2472 2373 Apostolus,
2503 2298 2605 2365 Qui
2628 2315 2743 2357 cum
2770 2297 3316 2370 cognovisssntDeum,
3342 2314 3445 2357 non
3485 2307 3542 2355 ut
3582 2300 3747 2357 Dousa

2166 2392 2650 2468 magniﬁcauerunt,
2681 2402 2771 2449 aut
2811 2394 3002 2463 gratias
3042 2403 3248 2464 egerunt
3301 2393 3487 2464 (Rom.
3542 2409 3595 2462 ι,
3626 2394 3744 2465 ﬁt).

2166 2484 2322 2555 Quod
2346 2485 2489 2544 enim
2515 2483 2644 2541 dicit
2662 2499 2757 2541 eos
2782 2485 2951 2546 Deum
2976 2485 3289 2557 cognovisse
3312 2525 3328 2552 ,
3355 2485 3591 2541 ostendit
3625 2486 3746 2558 qui~

2168 2576 2289 2635 dem
2319 2592 2349 2631 a
2373 2576 2519 2650 lepra
2546 2574 2713 2635 fuisse
2732 2577 3035 2646 mundatus,
3061 2577 3343 2637 sedtum
3372 2578 3550 2636 statim
3586 2592 3746 2641 aecus

2169 2676 2253 2724 sat
2278 2666 2533 2741 ingratos.
2562 2667 2791 2739 ideoque
2811 2669 2946 2728 tales
2971 2668 3026 2728 in
3060 2669 3349 2729 novenario
3369 2659 3594 2727 numero
3628 2679 3748 2727 tan~

2170 2772 2329 2828 quam
2360 2756 2656 2829 imperfecti
2680 2758 3050 2818 remanebunt.
3073 2758 3247 2820 Unum
3273 2760 3416 2821 enim
3452 2760 3498 2817 si
3523 2760 3749 2818 addatur

2171 2846 2239 2903 ad
2268 2862 2479 2916 novem,
2508 2849 2753 2921 quaedam
2780 2848 2985 2922 efﬁgies
3027 2851 3247 2909 unitatis
3281 2851 3531 2923 impletur
3584 2870 3602 2907 :
3642 2862 3748 2925 quo

2173 2939 2232 2997 iit
2257 2944 2401 2997 tanta
2426 2942 2730 3015 complctio,
2776 2950 2834 3001 ut
2857 2943 2990 3003 ultra
3021 2958 3127 3004 non
3168 2945 3532 3016 progrediatur
3559 2962 3749 3006 nume-

2173 3048 2285 3101 rus,
2318 3034 2420 3091 nisi
2449 3048 2633 3091 rursus
2650 3034 2719 3093 ad
2751 3050 2912 3094 unum
2940 3035 3217 3103 redeatur;
3248 3047 3303 3096 et
3345 3037 3459 3095 haec
3502 3050 3600 3110 per
3639 3040 3751 3097 inti-

2175 3126 2396 3185 nitatem
2415 3126 2622 3184 numeri
2650 3127 2829 3198 regula
2852 3127 3204 3188 custodiatur.
3230 3127 3432 3188 Novem
3464 3130 3646 3203 itaque
3668 3133 3750 3188 im

2174 3218 2358 3293 digent
2385 3235 2510 3288 uno,
2540 3227 2598 3277 ut
2634 3220 2862 3293 quadam
2888 3219 3103 3280 unitatis
3129 3219 3299 3279 forma
3323 3222 3667 3293 coagutentur
3695 3233 3752 3282 es

2175 3308 2362 3367 decem
2388 3309 2494 3368 sint
2521 3328 2536 3366 :
2568 3325 2732 3371 unum
2755 3318 2931 3369 autem
2957 3325 3064 3370 non
3088 3311 3167 3369 eis
3187 3310 3388 3384 indiget
3413 3322 3470 3369 ut
3487 3314 3750 3372 custodiat

2178 3404 2453 3461 unitatem.
2484 3403 2859 3474 Quamobrem,
2889 3411 2949 3461 ut
2975 3403 3051 3463 illi
3078 3419 3269 3464 novem
3297 3405 3388 3476 qui
3409 3407 3610 3479 gratias
3643 3422 3749 3464 non

2178 3503 2435 3567 egerunt,
2468 3494 2683 3570 reprobi
2706 3494 2878 3553 eii‘ecti
2898 3536 2915 3564 ,
2941 3510 2972 3553 a
3005 3497 3277 3557 consortio
3303 3497 3523 3556 unitatis
3547 3500 3746 3559 exclusi

2179 3596 2331 3654 sunt;
2359 3589 2429 3645 ita
2469 3604 2607 3647 unus
2636 3588 2725 3645 ille
2748 3588 2839 3658 qui
2865 3589 3062 3660 gratias
3106 3589 3249 3661 egit,
3289 3591 3459 3650 unicae
3508 3592 3754 3650 Ecclesia

2181 3680 2569 3753 significatione
2596 3678 2919 3753 approbatus
2941 3688 3102 3751 atque
3127 3680 3371 3741 laudatus
3394 3690 3496 3739 est.
3529 3683 3597 3739 Et
3635 3684 3753 3756 quia

2182 3770 2258 3827 illi
2287 3779 2437 3827 erant
2485 3768 2691 3837 Iudici,
2735 3770 2978 3831 amisisse
3015 3786 3111 3842 per
3151 3772 3452 3842 Superbiam
3503 3772 3755 3829 declarati

2182 3870 2305 3921 sunt
2334 3876 2552 3933 regnum
2574 3862 2853 3930 caelorum,
2878 3861 2965 3921 ubi
2984 3862 3214 3924 maxime
3239 3863 3413 3924 unitas
3431 3864 3747 3923 ctamditur:

2185 3955 2285 4010 iste
2313 3970 2440 4012 vero
2477 3955 2567 4026 qui
2595 3963 2711 4013 erat
2750 3955 3146 4024 Samaritanus,
3188 3956 3331 4028 quod
3380 3958 3753 4030 interpretatur

2184 4048 2393 4114 Custos,
2420 4046 2494 4105 illi
2522 4063 2550 4105 a
2582 4064 2687 4118 quo
2715 4048 2919 4127 accepit
2958 4047 3193 4107 tribuens
3230 4048 3370 4119 quod
3415 4051 3649 4121 accepit,
3698 4062 3751 4109 et

2182 4139 2578 4215 quodammodo
2600 4149 2821 4199 cantans
2844 4140 2972 4201 illud
3000 4139 3069 4201 de
3092 4140 3305 4202 Psalmo
3323 4183 3339 4210 ,
3386 4140 3750 4202 Fortitudinem

2184 4246 2345 4287 meam
2365 4230 2432 4285 ad
2452 4240 2498 4287 te
2521 4232 2800 4287 custodiam
2825 4229 2991 4303 (Psal.
3015 4246 3141 4289 ινιιι
3157 4270 3173 4297 .
3207 4232 3327 4302 10);
3357 4247 3452 4304 per
3472 4235 3754 4305 gratiarum

2187 4321 2446 4376 actionem
2510 4321 2620 4393 regi
2684 4320 2986 4393 subjectus,
3054 4323 3310 4383 unitatem
3378 4325 3526 4396 regni
3577 4326 3754 4384 humili

2187 4412 2471 4468 devotione
2496 4413 2748 4470 servavit.

2259 4498 2396 4557 XLI.
2427 4502 2527 4577 [li:.
2553 4519 2656 4560 xvn
2676 4502 2827 4578 .31.]
2851 4504 2987 4574 Quid
3018 4514 3100 4565 est
3136 4506 3278 4577 quod
3305 4506 3435 4567 dicit
3475 4507 3750 4580 Dominus,

2188 4595 2291 4666 Qui
2312 4597 2461 4667 fuerit
2476 4597 2528 4650 in
2549 4606 2697 4664 tecto,
2726 4607 2771 4653 et
2801 4614 2919 4653 vasa
2945 4599 3055 4672 ejus
3074 4600 3127 4654 in
3151 4599 3331 4669 domo,
3359 4617 3463 4659 non
3496 4601 3754 4659 descendat

2186 4688 2363 4741 tollere
2384 4687 2512 4743 illa?
2541 4684 2607 4742 In
2646 4696 2771 4745 tecto
2796 4700 2909 4756 est,
2939 4689 3027 4760 qui
3056 4689 3317 4749 excedens
3341 4693 3606 4763 carnalia,
3648 4703 3756 4752 ill-

2188 4793 2345 4849 quam
2388 4779 2439 4832 in
2466 4794 2592 4833 aura
2622 4777 2787 4837 libera
2825 4778 3168 4851 spiritualiter
3189 4781 3336 4839 vivit.
3387 4781 3521 4843 Vasa
3562 4785 3667 4856 ejus
3704 4785 3753 4841 in

2188 4870 2360 4937 domo,
2392 4880 2515 4925 sunt
2536 4884 2725 4927 sensus
2749 4870 3012 4939 carnales,
3039 4873 3231 4944 quibus
3254 4874 3321 4933 ad
3346 4874 3766 4947 investigandum.

2191 4960 2489 5031 veritatem,
2512 4977 2627 5033 qua:
2653 4961 2919 5019 intellectu
2946 4964 3170 5034 capitur,
3202 4964 3350 5022 multi
3384 4974 3595 5025 utentes
3614 4969 3749 5038 peni.

2193 5062 2278 5108 tus
2316 5063 2641 5109 erraverunt.
2678 5052 2841 5124 Hujus
2884 5070 3010 5126 ergo
3051 5056 3339 5129 spiritualis
3384 5058 3478 5117 viri
3503 5059 3615 5131 jam
3642 5074 3750 5117 vasa

2193 5146 2293 5201 ista
2316 5156 2500 5201 vacant
2524 5148 2573 5200 in
2614 5146 2806 5213 domo;
2849 5148 2970 5221 quia
3006 5159 3186 5208 mente
3219 5152 3429 5220 corpori
3472 5155 3748 5222 superemi-

2192 5253 2327 5293 nens
2356 5254 2449 5308 per
2463 5236 2631 5294 aciem
2660 5238 3017 5310 intelligentiae
3040 5249 3290 5311 tanquam
3306 5242 3359 5301 in
3384 5251 3524 5301 tecto
3542 5244 3743 5315 positus,

2195 5331 2571 5403 perspicuitate
2601 5333 2873 5407 sapientia:
2903 5334 3060 5389 veluti
3104 5334 3242 5393 caelo
3274 5337 3609 5407 apertissimo
3635 5336 3747 5394 frui-

2195 5432 2299 5478 tur.
2331 5423 2528 5480 Caveat
2552 5441 2678 5496 ergo
2705 5426 2838 5492 iste,
2869 5440 2934 5483 ne
2977 5425 3030 5483 in
3073 5425 3157 5483 die
3190 5427 3543 5489 tribulationis
3585 5443 3748 5487 rursus

2160 5518 2298 5579 .vita
2325 5518 2561 5587 carnali,
2593 5533 2710 5589 qua:
2746 5533 2839 5589 per
2869 5533 3058 5574 sensus
3095 5520 3334 5591 corporis
3376 5522 3623 5591 pascitur,
3665 5521 3746 5580 de-

2196 5610 2438 5673 lectatus,
2471 5609 2534 5661 rd
2564 5623 2686 5663 vasa
2713 5607 3016 5678 hujusmodi
3039 5609 3268 5669 tollenda
3285 5611 3594 5672 descendat.

2258 5744 2423 5817 im
2449 5744 2612 5817 probs
2634 5749 2774 5817 ιιοιρ.
2798 5749 2936 5817 μυ
2975 5746 3236 5817 mm
3266 5747 3521 5817 meum
3558 5730 3773 5817 rerum

2192 5802 2677 5919 ﬁnissgéggrgmisso,
2701 5802 2835 5872 ﬁdei.
2860 5802 3019 5872 Alius,
3042 5809 3305 5863 nereidum
3328 5802 3747 5877 ootkotim'rsgl-
