4036 6382
529 491 637 538 tem
675 483 858 535 movet
883 487 978 531 cur
1023 469 1180 529 electi
1209 468 1305 525 Dei
1343 482 1402 525 se
1439 466 1698 523 vindicari
1737 465 2110 537 deprecentur,

527 572 669 644 quod
690 569 850 626 etiam
880 567 933 622 in
976 561 1296 636 Apocalypsi
1327 559 1549 617 Joannis
1587 559 1657 614 de
1684 555 2008 628 martyribus
2032 553 2113 608 di-

529 667 668 720 citur
699 661 882 733 (Apoc.
914 673 989 723 vr,
1022 656 1134 727 10),
1167 668 1288 709 cum
1331 650 1666 722 apertissime
1710 663 2021 704 moneamur
2058 654 2115 701 ut

529 769 626 826 pro
659 751 856 808 nostris
884 746 1114 804 inimicis
1131 754 1186 802 et
1205 741 1636 817 persecutoribus
1659 754 1874 798 oremus
1895 738 2108 812 (Matth.

529 865 564 903 v
583 890 599 915 ,
629 847 722 918 44)
747 863 761 912 ;
815 840 1216 913 intelligendum
1242 847 1325 894 est
1352 853 1470 894 eam
1491 835 1777 892 vindictam
1799 849 1918 889 esse
1943 833 2114 903 justo—

527 956 649 998 rum
668 982 683 1007 ,
711 947 770 993 ut
794 950 981 992 omnes
1008 932 1134 988 mali
1159 939 1377 1002 pereant
1402 946 1415 982 :
1451 937 1678 1000 pereunt
1703 935 1882 982 autem
1905 923 2113 980 duobus

527 1033 701 1090 modis
725 1049 740 1097 ;
777 1038 868 1084 aut
891 1026 1241 1084 conversione
1264 1023 1330 1078 ad
1352 1023 1642 1094 justitiam,
1679 1028 1770 1075 aut
1793 1017 1988 1074 amissa
2017 1031 2112 1087 per

526 1125 844 1198 supplicium
886 1127 1149 1193 potestate
1175 1159 1191 1186 ,
1252 1131 1356 1188 qua
1404 1130 1546 1170 nunc
1595 1113 1852 1169 adversus
1898 1109 2070 1165 bonos
2091 1150 2106 1173 ,

525 1217 778 1291 quamdiu
803 1215 908 1270 hoc
948 1214 1121 1283 ipsum
1150 1209 1304 1264 bonis
1325 1207 1574 1277 expedit,
1615 1205 1700 1260 vel
1744 1201 2111 1274 temporaliter

525 1308 727 1380 aliquid
769 1306 968 1362 valent.
1011 1303 1192 1372 Itaque
1235 1299 1442 1356 etiamsi
1486 1312 1674 1353 omnes
1704 1295 1949 1350 homines
1976 1307 2110 1348 cou-

525 1407 858 1459 verterentur
883 1396 951 1452 ad
976 1395 1141 1450 Deum
1164 1433 1178 1458 ,
1210 1391 1348 1446 inter
1370 1403 1506 1460 quos
1531 1396 1656 1443 sunt
1683 1385 1842 1442 etiam
1874 1385 2104 1450 inimici,

521 1509 624 1566 pro
647 1491 839 1563 quibus
861 1488 1110 1558 jubemur
1129 1497 1314 1548 orare;
1349 1480 1594 1536 diabolus
1623 1489 1800 1534 tamen
1823 1518 1838 1542 ,
1867 1476 1955 1547 qui
1975 1491 2110 1546 ope-

523 1595 672 1643 ratur
695 1585 748 1639 in
779 1581 900 1637 ﬁliis
924 1577 1234 1634 diffidentiae
1255 1574 1470 1646 (Ephes.
1498 1589 1568 1636 ιι,
1598 1570 1657 1644 2)
1679 1612 1693 1636 ,
1724 1577 2028 1626 remaneret
2056 1569 2110 1624 in

523 1676 706 1735 saeculi
727 1675 831 1729 line
859 1669 1190 1728 damnandus
1218 1686 1232 1722 :
1262 1681 1420 1737 quem
1447 1667 1604 1720 ﬁnem
1631 1664 1757 1734 justi
1783 1678 1905 1718 cum
1927 1661 2111 1716 venire

523 1768 866 1832 desiderant,
916 1763 1158 1834 quamvis
1187 1774 1286 1830 pro
1317 1757 1544 1813 inimicis
1570 1755 1681 1812 suis
1711 1764 1897 1821 orent,
1933 1763 2109 1809 tamen

523 1879 630 1920 non
657 1858 887 1917 absurde
914 1855 1200 1912 vindictam
1221 1851 1526 1908 desiderare
1554 1849 1820 1904 dicuntur.

591 1951 776 2010 XLVI.
806 1948 908 2022 [11).
934 1963 1046 2013 xxx,
1065 1943 1276 2018 12-27.]
1299 1943 1466 1997 Homo
1491 1941 1696 2012 quidam
1717 1939 1896 1995 nobilis
1912 1940 2032 1993 abiit
2057 1940 2111 1994 in

521 2047 774 2118 regionem
799 2040 1125 2112 longinquam
1158 2036 1384 2106 accipere
1409 2033 1506 2088 sibi
1527 2049 1736 2104 regnum
1762 2074 1776 2099 ,
1819 2041 1864 2086 et
1884 2031 2062 2086 reverti
2091 2045 2110 2084 :

523 2141 640 2210 ipse
658 2135 915 2192 Dominus
934 2139 1119 2187 noster
1141 2129 1298 2185 Jesus
1318 2127 1564 2183 Christus
1585 2125 1908 2196 intelligitur.
1944 2123 2110 2195 Regio

521 2227 830 2299 longinqua,
855 2222 1088 2280 Ecclesia
1107 2219 1358 2278 Gentium
1379 2232 1546 2289 usque
1564 2216 1630 2272 ad
1652 2218 1783 2272 lines
1806 2224 1980 2271 teme.
1999 2215 2107 2270 Re-

521 2321 660 2378 verti
682 2330 857 2375 tamen
875 2331 935 2373 se
957 2315 1087 2371 dicit
1111 2331 1124 2368 :
1146 2311 1277 2369 abiit
1299 2311 1461 2378 enim,
1489 2308 1832 2381 utpleuitudo
1857 2308 2107 2364 Gentium

521 2414 773 2477 intraret;
801 2416 1120 2474 revertetur,
1151 2416 1211 2461 ut
1234 2405 1408 2461 omnis
1433 2402 1596 2458 Israel
1617 2401 1794 2458 salvus
1820 2401 2104 2474 ﬁat(Rom.

521 2521 578 2562 xr
596 2547 612 2574 ,
647 2504 760 2577 25).
809 2503 912 2558 Per
935 2501 1122 2557 decem
1146 2511 1297 2554 muas
1320 2539 1334 2561 ,
1380 2496 1575 2566 Legem
1603 2494 1866 2566 signiﬁcat
1890 2503 2108 2565 propter

519 2596 860 2667 Decalogum.
895 2593 1088 2648 Decem
1113 2598 1290 2646 autem
1319 2601 1524 2652 servos,
1549 2585 1739 2656 quibus
1762 2584 1863 2642 sub
1889 2586 1978 2640 illa
2007 2601 2104 2655 po-

519 2688 638 2746 sitis
673 2686 843 2758 gratia
880 2682 1165 2755 praedicata
1195 2689 1294 2737 est.
1319 2679 1408 2735 Sic
1435 2679 1576 2734 enim
1598 2677 1994 2748 intelligendum
2024 2685 2107 2732 est

518 2782 599 2838 eis
621 2779 774 2836 datas
794 2793 944 2834 muas
963 2775 1030 2831 ad
1060 2790 1233 2839 usum,
1259 2788 1379 2828 cum
1401 2772 1776 2827 intellexerunt
1793 2786 1911 2826 eam
1937 2771 2105 2841 ipsam

519 2875 717 2945 Legem
745 2880 952 2927 remOto
993 2867 1254 2922 velamine
1300 2864 1367 2920 ad
1414 2864 1758 2936 Evangelium
1810 2863 2098 2935 pertinere.

517 2963 676 3020 Cives
699 2962 815 3032 ejus
836 2960 925 3031 qui
951 2966 1072 3030 post
1084 2971 1206 3012 eum
1232 2955 1490 3010 miserunt
1506 2955 1845 3026 legationem,
1864 2955 2104 3012 dicentes

518 3079 580 3121 se
605 3061 746 3116 nolle
769 3070 827 3114 ut
845 3064 1034 3128 regnet
1055 3054 1178 3120 sibi,
1205 3052 1376 3110 Judaei
1395 3061 1538 3120 sunt,
1570 3053 1661 3123 qui
1690 3053 1851 3108 etiam
1877 3060 1997 3122 post
2020 3067 2091 3107 re-

519 3154 904 3210 surrectionem
933 3147 1048 3218 ejus
1073 3145 1335 3202 miserunt
1361 3151 1736 3215 persecutores
1764 3143 2033 3213 Apostolis
2058 3144 2098 3210 ί,

518 3253 575 3300 et
593 3239 1026 3314 praedicationem
1058 3236 1330 3307 Evangelii
1353 3243 1691 3306 respuerunt.
1718 3235 1896 3290 Rediit
1921 3244 2099 3291 autem

518 3341 740 3404 accepto
757 3343 944 3401 regno,
967 3331 1088 3399 quia
1117 3328 1169 3382 in
1200 3325 1633 3382 manifestissima
1658 3335 1712 3380 et
1736 3325 2100 3381 eminentissi-

517 3440 603 3480 ma
633 3423 874 3479 claritate
895 3427 1151 3476 venturus
1194 3425 1278 3473 est
1299 3456 1314 3483 ,
1358 3417 1446 3486 qui
1473 3417 1551 3471 eis
1579 3413 1792 3472 humilis
1821 3417 2098 3487 apparuit,

517 3531 641 3573 cum
687 3515 916 3578 diceret,
970 3511 1201 3582 Regnum
1240 3525 1406 3562 meum
1443 3523 1544 3563 non
1589 3518 1662 3562 est
1691 3509 1754 3562 de
1779 3508 1871 3562 hoc
1912 3509 2101 3564 mundo

515 3608 698 3679 (Joan.
730 3621 893 3672 mu,
915 3604 1026 3674 56).
1053 3601 1208 3669 Quod
1237 3609 1414 3656 autem
1442 3601 1581 3656 servi
1611 3600 1894 3657 reddentes
1931 3603 2100 3658 ratio-

514 3715 643 3756 nem
671 3713 739 3755 ex
777 3711 843 3753 eo
887 3695 1028 3766 quod
1075 3702 1420 3764 acceperant,
1467 3691 1752 3748 laudantur
1783 3697 1874 3763 qui
1912 3693 2099 3749 Iucrati

514 3799 659 3858 sunt,
688 3787 949 3860 signiﬁcat
968 3800 1062 3842 eos
1088 3784 1280 3840 bonam
1308 3783 1533 3839 reddere
1551 3783 1831 3850 rationem,
1854 3783 1942 3854 qui
1963 3783 2100 3841 bene

512 3882 598 3939 usi
621 3890 745 3939 sunt
763 3895 830 3936 eo
848 3878 990 3950 quod
1017 3863 1358 3948 acceperunt,
1384 3875 1452 3931 ad
1471 3875 1739 3948 augendas
1766 3877 1978 3932 divitias
2003 3877 2100 3933 Do-

512 3975 642 4030 mini
667 3987 763 4045 per
789 3987 882 4028 eos
905 3971 996 4042 qui
1023 3968 1246 4026 credunt
1269 3968 1325 4024 in
1345 3983 1488 4024 eum.
1515 3966 1669 4036 Quod
1696 3969 1784 4038 qui
1807 3968 1978 4025 facere
1997 3984 2098 4024 no—

511 4065 648 4135 lunt,
676 4066 729 4120 in
750 4065 841 4120 illo
865 4061 1147 4134 signiﬁcati
1165 4061 1395 4131 suntqui
1416 4074 1596 4115 mnam
1623 4074 1774 4116 suam
1801 4061 1854 4115 in
1880 4062 2097 4118 sudario

511 4159 760 4219 servavit.
810 4157 944 4214 Sunt
982 4155 1127 4212 enim
1173 4153 1418 4210 homines
1455 4153 1556 4209 hac
1607 4153 1706 4208 sibi
1749 4156 2096 4224 perversitate

510 4251 842 4309 blandientes
867 4257 925 4304 ut
951 4247 1132 4304 dicant
1163 4263 1176 4300 :
1205 4245 1417 4303 Sufﬁcit
1454 4255 1514 4300 ut
1549 4244 1618 4300 de
1643 4259 1702 4300 se
1729 4246 2094 4318 unusquisque

510 4343 773 4398 rationem
802 4337 1022 4403 reddat;
1068 4336 1196 4406 quid
1233 4351 1370 4407 opus
1409 4344 1492 4391 est
1517 4335 1636 4390 aliis
1681 4335 1972 4404 prmdicare
2001 4346 2094 4392 aut

511 4435 814 4490 ministrare
837 4473 852 4498 ,
897 4438 955 4484 ut
979 4429 1138 4484 etiam
1163 4427 1231 4482 de
1257 4427 1386 4497 ipsis
1412 4425 1638 4482 reddere
1663 4428 1922 4484 rationem
1945 4429 2093 4500 quis-

510 4540 616 4598 que
662 4532 916 4595 cogatur,
973 4535 1094 4576 cum
1143 4518 1282 4589 apud
1323 4519 1608 4575 Dominum
1659 4519 1817 4575 etiam
1861 4521 1939 4577 illi
1984 4522 2091 4579 sint

509 4611 900 4672 inexcusabiles
922 4610 1114 4681 quibus
1135 4609 1243 4666 Lex
1275 4609 1396 4665 data
1420 4624 1526 4665 non
1557 4618 1671 4676 est,
1714 4625 1884 4682 neque
1909 4613 2092 4671 audito

509 4704 800 4777 Evangelio
824 4701 1194 4769 dormierunt,
1246 4701 1368 4771 quia
1398 4716 1494 4772 per
1514 4711 1812 4757 creaturam
1843 4713 2091 4773 poterant

507 4810 835 4868 cognoscere
859 4793 1164 4850 Creatorem
1190 4832 1206 4858 ,
1234 4790 1386 4862 cujus
1415 4791 1695 4848 invisibilia
1720 4834 1734 4860 ,
1765 4809 1796 4849 a
1831 4797 2090 4854 constitu-

506 4889 652 4945 tione
677 4883 878 4952 mundi,
912 4899 1005 4955 per
1033 4899 1095 4938 ea
1119 4897 1238 4953 quae
1264 4881 1399 4938 facta
1423 4891 1564 4950 sunt,
1593 4883 1856 4940 intellecta
1872 4889 2089 4959 conspi-

503 4981 716 5037 ciuntur
735 4978 914 5048 (Rom.
942 4992 959 5030 ι
983 5017 998 5042 ,
1025 4973 1156 5046 20)?
1180 4974 1294 5030 Hoc
1319 4983 1402 5030 est
1425 4974 1567 5030 enim
1597 4979 1748 5047 quasi
1774 4988 1974 5037 metere
1997 4982 2086 5038 ubi

504 5085 614 5126 non
640 5067 955 5134 seminavit;
1005 5065 1060 5121 id
1088 5073 1204 5134 est,
1235 5065 1394 5121 etiam
1424 5080 1518 5121 eos
1545 5066 1828 5138 impietatis
1857 5085 1976 5128 reos
2003 5083 2084 5128 te-

503 5178 664 5229 nere,
717 5162 906 5234 quibus
941 5161 1160 5217 verbum
1189 5159 1345 5232 Legis
1369 5170 1459 5216 aut
1497 5160 1764 5232 Evangelii
1790 5179 1894 5220 non
1923 5166 2082 5222 mini-

504 5263 729 5312 stratum
749 5263 852 5312 est.
873 5254 988 5310 Hoc
1016 5261 1193 5310 autem
1214 5254 1374 5310 veluti
1402 5253 1697 5325 periculum
1718 5254 1902 5325 judicii
1931 5257 2081 5315 devi-

503 5358 718 5416 tantes,
760 5349 911 5421 pigro
939 5348 1192 5419 languore
1244 5364 1275 5404 a
1317 5349 1462 5406 verbi
1515 5349 1909 5407 ministratione
1949 5366 2081 5408 con-

499 5441 816 5514 quiescunt;
861 5449 916 5498 et
956 5439 1060 5497 hoc
1099 5451 1181 5496 est
1227 5442 1377 5512 quasi
1428 5442 1480 5497 in
1509 5441 1722 5499 sudario
1751 5443 1913 5515 ligare
1941 5446 2080 5516 quod

502 5541 840 5605 acceperunt.
862 5531 1095 5588 Mensam
1120 5545 1227 5604 quo
1253 5531 1424 5587 danda
1445 5541 1556 5587 erat
1583 5535 1803 5603 pecunia
1825 5577 1838 5602 ,
1871 5535 2080 5606 profes-

501 5625 709 5680 sionem
738 5625 905 5695 ipsam
937 5624 1210 5695 religionis
1234 5623 1542 5694 accipimus,
1569 5641 1686 5694 quae
1711 5635 1956 5696 tauquam
1983 5642 2080 5698 pu-

565 5758 582 5788 ι
609 5763 707 5806 nat.
725 5758 904 5823 et__duo
935 5766 1060 5820 Mss,
1092 5759 1390 5823 inmiserunt
1426 5758 2029 5823 persecruionesjpostolis
2058 5777 2077 5816 :

500 5830 715 5884 moxque
734 5818 812 5869 alii
838 5829 940 5870 tres
963 5833 992 5870 e
1014 5818 1143 5882 Mss,
1155 5829 1200 5870 et
1223 5818 1566 5884 prredicatores
1581 5818 1848 5884 Evangelii,
1865 5832 1958 5874 etc.

1412 346 1870 420 QU/ESTIONUM
1910 339 2470 412 EVANGELIORUM,
2509 345 2571 402 S.
2610 343 2973 405 AUGUSTINI

3663 339 3809 398 1560

2217 460 2357 518 blice
2379 465 2692 535 proponitur
2737 461 2805 520 ad
2832 476 2990 520 usum
3030 457 3394 518 necessarium
3424 457 3601 514 saluti.
3645 457 3806 526 Quod

2220 566 2396 612 autem
2424 572 2560 614 unus
2584 572 2773 614 eorum
2795 559 2888 629 qui
2914 558 3051 614 bene
3074 557 3156 614 usi
3179 565 3334 626 sunt,
3364 554 3549 612 decem
3571 554 3803 626 acquisi-

2221 650 2316 716 vit,
2349 659 2403 707 et
2429 652 2565 709 alter
2593 654 2856 725 quinque,
2885 654 3148 726 signiﬁcat
3172 667 3265 710 eos
3293 667 3416 710 esse
3440 649 3730 724 acquisitos
3750 649 3806 706 in

2219 756 2433 813 gregem
2462 744 2588 811 Dei,
2627 760 2658 799 a
2682 746 2873 816 quibus
2895 746 3008 816 ipsa
3037 745 3148 802 Lex
3183 760 3276 816 per
3292 743 3517 816 gratiam
3537 741 3806 798 intellecta

2217 842 2331 899 est;
2363 834 2478 890 sive
2502 836 2626 906 quia
2651 837 2916 909 Decalogo
2951 837 3274 904 continetur,
3313 835 3426 892 sive
3453 833 3575 906 quia
3596 834 3684 889 ille
3710 847 3809 904 per

2217 939 2376 994 quem
2407 927 2511 981 lata
2533 935 2636 994 est,
2661 927 2826 985 libros
2848 929 3084 1001 quinque
3101 928 3450 1000 conscripsit:
3479 926 3546 982 ad
3564 927 3664 984 hoc
3684 940 3809 998 per-

2221 1016 2387 1073 tinent
2413 1027 2466 1074 et
2487 1019 2672 1076 decem
2693 1030 2748 1076 et
2773 1020 3006 1092 quinque
3029 1022 3295 1088 civitates,
3320 1019 3514 1091 quibus
3538 1033 3633 1076 eos
3659 1034 3802 1089 pra:-

2217 1109 2384 1177 ponit.
2412 1109 2778 1181 Multiplicatio
2801 1112 2944 1167 enim
2981 1098 3342 1183 intelligentiae
3386 1111 3441 1166 in
3478 1112 3592 1182 ipsa
3634 1109 3807 1166 varie-

2217 1208 2346 1268 tate,
2373 1217 2498 1272 quae
2531 1202 2600 1258 de
2625 1219 2945 1276 unoquoque
2972 1215 3241 1276 praecepto
3267 1205 3352 1261 vel
3390 1204 3458 1260 de
3484 1219 3806 1275 unoquoque

2216 1290 2354 1348 libro
2383 1293 2628 1364 pullulat,
2660 1295 2728 1350 ad
2757 1311 2922 1352 unum
2952 1295 3166 1352 redacta
3185 1337 3198 1362 ,
3221 1296 3372 1367 quasi
3391 1296 3660 1351 civitatem
3684 1293 3807 1350 facit

2216 1385 2510 1442 viventium
2534 1388 2796 1444 rationum
2817 1398 3158 1446 :eternarum.
3177 1389 3270 1444 Est
3299 1389 3443 1446 enim
3464 1389 3674 1456 civitas,
3699 1404 3806 1444 non

2216 1479 2574 1547 quorumlibet
2596 1480 2966 1547 animantium,
2997 1481 3091 1538 sed
3122 1481 3458 1536 rationalium
3488 1480 3794 1547 multitudo,

2216 1569 2348 1640 legis
2377 1571 2533 1627 unius
2561 1573 2814 1630 societate
2842 1573 3106 1630 devincta.
3126 1573 3278 1641 Quod
3303 1581 3479 1628 autem
3507 1573 3574 1629 ab
3599 1572 3693 1628 illo
3716 1573 3806 1643 qui

2217 1663 2291 1716 uti
2320 1663 2526 1731 noluit,
2574 1666 2812 1722 aufertur
2849 1666 2988 1737 quod
3017 1674 3329 1738 acceperat,
3362 1675 3416 1722 et
3453 1667 3502 1721 ei
3528 1665 3688 1720 datur
3714 1666 3803 1738 qui

2214 1751 2398 1808 decem
2427 1754 2692 1822 habebat,
2723 1756 3050 1828 signiﬁcatur
3083 1766 3138 1812 et
3182 1757 3328 1812 illum
3368 1770 3531 1828 posse
3555 1756 3804 1811 amittere

2215 1858 2408 1899 munus
2438 1845 2552 1913 Dei,
2575 1847 2665 1916 qui
2694 1847 2896 1904 habens
2926 1864 3031 1904 non
3061 1849 3240 1915 habet,
3274 1849 3324 1904 id
3351 1859 3433 1905 est
3460 1863 3565 1904 non
3591 1849 3798 1911 utitur;

2215 1945 2269 1992 et
2293 1937 2346 1992 in
2375 1953 2440 1993 eo
2467 1945 2650 2009 augeri
2675 1941 2762 2010 qui
2795 1941 2994 1998 habens
3020 1941 3197 2008 habet,
3231 1942 3333 1998 hoc
3354 1951 3438 1998 est
3463 1941 3600 1997 bene
3616 1942 3802 1996 utitur.

2215 2027 2464 2085 Inimicos
2493 2045 2622 2102 ergo
2668 2047 2794 2088 suos
2833 2048 2968 2102 quos
3013 2032 3164 2104 jubet
3214 2047 3394 2090 coram
3437 2048 3498 2088 se
3539 2033 3803 2100 interﬁci,

2214 2121 2476 2192 signiﬁcat
2503 2124 2828 2194 impietatem
2854 2125 3161 2182 Judteorum
3190 2127 3280 2198 qui
3309 2127 3376 2182 ad
3403 2142 3526 2183 eum
3557 2127 3801 2183 converti

2215 2215 2522 2272 noluerunt.

2283 2309 2488 2366 XLVII.
2515 2311 2611 2384 [Ib.
2644 2328 2771 2368 xvm
2793 2354 2807 2380 ,
2837 2311 3051 2385 25-27.]
3081 2312 3217 2380 Quid
3237 2321 3320 2368 est
3346 2312 3487 2384 quod
3516 2312 3626 2380 ait,
3656 2312 3805 2367 Faci-

2213 2403 2312 2458 lius
2331 2413 2400 2458 est
2422 2402 2670 2458 camelum
2697 2421 2797 2474 per.
2812 2404 3039 2473 foramen
3067 2421 3187 2460 acus
3209 2405 3424 2459 transire
3443 2445 3459 2471 ,
3487 2420 3644 2474 quam
3675 2404 3804 2458 divi-

2213 2505 2309 2548 tem
2333 2496 2523 2548 intrare
2549 2495 2600 2548 in
2629 2512 2838 2568 regnum
2867 2495 2962 2550 Dei
2978 2499 3003 2550 ?
3041 2497 3270 2552 Divitem
3297 2496 3383 2552 hic
3405 2496 3642 2566 appellat
3660 2496 3805 2568 cupi-

2210 2582 2336 2638 dum
2365 2600 2541 2640 rerum
2573 2587 2941 2657 temporalium
2979 2596 3034 2644 et
3067 2589 3134 2643 de
3164 2588 3352 2643 talibus
3379 2587 3800 2658 superbientem.

2210 2676 2304 2732 His
2326 2676 2574 2732 divitibus
2602 2681 2854 2734 contrarii
2886 2689 3008 2735 sunt
3046 2695 3308 2751 pauperes
3336 2681 3544 2751 spiritu,
3573 2696 3802 2752 quorum

2209 2775 2291 2824 est
2314 2783 2534 2839 regnum
2561 2770 2816 2826 caelorum
2843 2770 3055 2844 (Matth.
3077 2788 3129 2836 v,
3154 2770 3232 2842 ὅ).
3256 2770 3389 2827 Nam
3409 2787 3475 2828 eo
3494 2772 3802 2830 manifesta-

2209 2866 2292 2913 tur
2317 2873 2503 2916 omnes
2539 2861 2790 2931 cupidos,
2819 2862 3026 2918 etiamsi
3065 2862 3402 2918 facultatibus
3430 2862 3590 2933 hujus
3618 2863 3800 2920 mundi

2207 2962 2460 3020 careant,
2488 2953 2554 3008 ad
2571 2954 2674 3009 hoc
2697 2970 2862 3025 genus
2889 2955 3108 3010 divitum
3134 2955 3277 3026 quod
3303 2964 3387 3011 est
3412 2953 3800 3026 reprehensum

2207 3046 2502 3116 pertinere;
2534 3047 2655 3117 quia
2706 3056 2890 3118 postea
2936 3048 3182 3104 dixerunt
3225 3047 3316 3118 qui
3358 3045 3688 3116 audiebant,
3732 3045 3798 3100 Et

2206 3138 2318 3208 quis
2346 3139 2526 3210 poterit
2555 3139 2724 3193 salvus
2770 3139 2918 3209 ﬁeri?
2956 3154 3077 3195 cum
3121 3139 3602 3209 incomparabiliter
3632 3139 3801 3210 major

2207 3230 2362 3285 turba
2387 3230 2456 3285 sit
2485 3246 2772 3302 pauperum
2799 3250 2812 3285 :
2845 3231 3093 3287 videlicet
3121 3231 3476 3303 intelligentes
3495 3232 3548 3286 in
3583 3247 3654 3287 eo
3697 3246 3796 3287 nu-

2206 3338 2355 3378 mero
2379 3323 2619 3394 deputari
2647 3325 2805 3380 etiam
2836 3325 2952 3380 illos
2978 3325 3066 3395 qui
3092 3339 3391 3396 quanquam
3424 3325 3548 3380 talia
3573 3339 3687 3381 non
3716 3324 3798 3380 ha-

2205 3413 2398 3482 beant,
2447 3425 2625 3471 tamen
2673 3415 2900 3471 habendi
2930 3416 3216 3488 cupiditate
3256 3416 3552 3486 rapiuntur.
3595 3415 3798 3472 Sensus

2206 3515 2290 3561 est
2314 3517 2490 3563 autem
2511 3549 2526 3576 ,
2551 3507 2755 3563 facilius
2774 3507 3041 3562 Christum
3076 3510 3180 3578 pati
3211 3523 3308 3578 pro
3331 3507 3682 3564 dilectoribus
3701 3523 3797 3564 ste-

2205 3598 2349 3666 culi,
2381 3614 2537 3670 quam
2564 3599 2848 3655 dilectores
2871 3599 3053 3655 saeculi
3091 3599 3158 3654 ad
3183 3599 3450 3656 Christum
3479 3613 3645 3670 posse
3674 3613 3790 3655 con-

2203 3691 2357 3746 verti.
2386 3691 2584 3746 Cameli
2624 3701 2799 3747 autem
2829 3692 3044 3748 nomine
3082 3693 3399 3764 se°iutelligi
3439 3693 3644 3762 voluit,
3675 3693 3794 3765 quia

2204 3781 2510 3838 humiliatus
2558 3799 2718 3840 onera
2767 3786 2998 3841 sustulit.
3047 3785 3102 3841 In
3146 3802 3252 3858 quo
3280 3786 3422 3842 enim
3460 3786 3792 3844 manifestius

2204 3873 2545 3946 intelligitur,
2608 3891 2764 3947 quam
2829 3877 2880 3932 in
2944 3879 3097 3948 ipso,
3161 3878 3302 3949 quod
3361 3878 3616 3949 scriptum
3677 3887 3787 3943 est,

2205 3966 2405 4032 Quanto
2431 3983 2641 4039 magnus
2669 3984 2719 4023 ea
2738 4009 2752 4035 ,
2780 3969 2991 4023 humilia
3023 3979 3070 4023 te
3114 3969 3168 4022 in
3209 3968 3436 4024 omnibus
3458 3968 3649 4041 (Eccli.
3698 3985 3753 4024 nt
3772 4009 3788 4036 ,

2203 4059 2297 4131 20)
2315 4061 2338 4114 ?
2359 4060 2460 4116 Per
2486 4075 2638 4116 acum
2668 4069 2841 4117 autem
2860 4062 3201 4132 ,punctiones
3225 4061 3515 4133 significat;
3539 4075 3635 4132 per
3661 4076 3792 4134 pun-

2201 4152 2404 4207 ctiones
2429 4192 2441 4217 ,
2474 4151 2684 4208 dolores
2713 4155 2765 4208 in
2787 4153 3034 4224 passione
3053 4160 3329 4224 susceptos
3354 4171 3366 4206 :
3397 4151 3632 4209 foramen
3665 4167 3788 4224 ergo

2199 4259 2325 4300 acus
2353 4243 2481 4300 dicit
2507 4246 2776 4317 angustias
2812 4247 3094 4317 passionis.
3123 4246 3276 4314 Quod
3313 4255 3490 4302 autem
3516 4245 3628 4313 ait,
3663 4245 3789 4314 Qua:

2197 4335 2529 4407 impossibilia
2573 4348 2690 4393 sunt
2733 4342 2872 4410 apud
2913 4341 3166 4408 homines,
3210 4340 3467 4412 possibilia
3507 4347 3624 4396 sunt
3650 4339 3789 4413 apud

2199 4430 2397 4501 Deum,
2438 4447 2542 4488 non
2574 4432 2645 4487 ita
2687 4432 3053 4504 accipiendum
3093 4442 3209 4503 est,
3238 4434 3378 4506 quod
3404 4434 3580 4506 cupidi
3605 4443 3662 4492 et
3692 4449 3784 4490 su-

2198 4520 2382 4592 perbi,
2408 4523 2498 4594 qui
2543 4523 2756 4580 nomine
2798 4524 2938 4580 illius
2980 4525 3159 4580 divitis
3201 4525 3480 4597 signiﬁcati
3525 4533 3680 4594 sunt,
3729 4524 3782 4580 in

2196 4631 2417 4688 regnum
2437 4616 2696 4673 caelorum
2725 4615 2832 4672 sint
2856 4617 3099 4674 intraturi
3123 4632 3245 4673 cum
3270 4619 3379 4674 suis
3407 4617 3782 4689 cupiditatibus

2194 4718 2251 4766 et
2288 4709 2534 4781 superbia
2581 4727 2594 4764 :
2640 4707 2734 4764 sed
2764 4708 3015 4780 possibile
3041 4717 3122 4765 est
3150 4709 3292 4774 Deo,
3322 4717 3380 4764 ut
3423 4723 3521 4780 per
3559 4708 3779 4764 verbum

2194 4801 2310 4874 ejus
2329 4843 2343 4868 ,
2367 4803 2502 4858 sicut
2527 4809 2582 4858 et
2607 4801 2716 4872 jam
2739 4801 2932 4858 factum
2953 4815 3072 4858 esse
3089 4841 3105 4868 ,
3131 4808 3186 4858 et
3209 4801 3368 4856 etiam
3397 4800 3636 4872 quotidie
3661 4798 3777 4855 ﬁeri

2193 4892 2466 4959 videmus,
2520 4908 2550 4948 a
2594 4892 2881 4964 cupiditate
2933 4893 3298 4962 temporalium
3345 4891 3412 4948 ad
3465 4892 3774 4948 charitatem

2190 4994 2540 5054 aeternorum,
2571 4994 2625 5041 et
2653 5001 2682 5040 a
2722 4985 3016 5056 perniciosa
3043 4985 3289 5056 superbia
3320 4985 3386 5041 ad
3425 4985 3774 5042 humilitatem

2190 5078 2594 5135 saluberrimam
2619 5087 3013 5135 convertantur.

2259 5167 2486 5224 XLVIII.
2533 5167 2633 5242 [11).
2662 5185 2790 5224 xvm
2817 5210 2832 5236 ,
2882 5168 3090 5242 55-43.]
3141 5169 3424 5226 Possemus
3459 5170 3528 5227 de
3553 5169 3772 5240 propiu-

2187 5261 2470 5331 quautibus
2511 5260 2576 5316 ad
2625 5260 2838 5317 Jericho
2881 5262 2956 5317 sic
3016 5263 3345 5334 intelligere,
3394 5271 3452 5318 ut
3490 5263 3599 5333 jam
3649 5262 3770 5318 inde

2187 5353 2422 5424 egressi,
2453 5368 2617 5424 prope
2643 5361 2815 5410 tamen
2838 5353 3011 5409 adhuc
3030 5363 3210 5410 essent
3233 5356 3300 5410 ad
3323 5370 3440 5411 eam
3466 5355 3766 5412 civitatem:

2185 5445 2326 5516 quod
2353 5444 2565 5516 quidem
2605 5445 2778 5500 minus
2806 5445 2999 5501 usitate
3023 5445 3235 5511 dicitur,
3269 5445 3364 5502 sed
3393 5456 3570 5503 tamen
3601 5444 3768 5501 videri

2187 5539 2355 5610 possit
2382 5539 2481 5593 hoc
2509 5538 2735 5606 dictum,
2764 5539 3013 5610 quoniam
3058 5539 3334 5596 Matthzeus
3378 5539 3768 5613 egredientibus

2185 5631 2264 5688 eis
2294 5631 2360 5686 ab
2384 5631 2596 5687 Jericho
2631 5631 2757 5686 dicit
2799 5631 3121 5688 illuminatos
3144 5632 3278 5689 duos
3303 5648 3474 5688 caecos
3499 5633 3586 5704 qui
3617 5632 3766 5702 juxta

2184 5724 2321 5778 viam
2348 5723 2599 5779 sedebant
2621 5722 2834 5794 (Matth.
2860 5739 2932 5779 xx
2954 5767 2969 5790 ,
2991 5724 3206 5794 29-54).
3229 5723 3304 5779 De
3333 5740 3551 5780 numero
3572 5721 3765 5794 quippe

2183 5815 2328 5872 nulla
2355 5825 2434 5871 est
2453 5815 2674 5886 quaestio
2695 5858 2708 5884 ,
2743 5816 2785 5871 si
2811 5816 2943 5872 alter
2974 5814 3427 5887 Evangelistarum
3459 5815 3525 5872 de
3555 5827 3657 5870 uno
3681 5817 3762 5866 ta-

4019 1655 4026 1926 τ
