4036 6384
244 373 375 432 1561

1589 381 1792 439 LIBER
1827 379 2200 443 SECUNDUS.

236 490 391 558 cuit,
435 489 591 546 unius
639 491 1014 549 reminiscens.
1063 491 1204 561 Nam
1233 494 1392 550 etiam
1437 493 1643 552 Marcus
1684 509 1846 550 unum

3390 408 3534 466 i562

1959 509 2126 567 usque
2164 497 2229 554 ad
2269 514 2392 558 eum
2436 505 2788 575 perducerent
2816 511 3161 572 intentionem
3189 518 3342 593 Legis
3362 565 3380 592 ,
3419 541 3539 596 qua:

238 588 670 649 commemorat,
701 595 828 637 cum
853 591 910 640 et
943 583 1062 654 ipse
1093 582 1485 654 egredientibus
1511 583 1591 639 eis
1617 583 1686 640 ab
1711 583 1846 640 Jeri-
1951 587 2146 658 scripta
2184 601 2299 647 erat
2337 594 2391 649 in
2429 594 2605 666 lapide
2635 598 2826 671 (Exod.
2855 619 2984 660 xxxi
3002 648 3018 675 ,
3051 608 3148 678 18,
3175 620 3224 666 et
3251 582 3539 688 {nim-4,

237 673 359 731 cho
375 673 519 730 dicat
544 671 908 730 illuminatum
929 715 945 742 ,
975 674 1129 746 cujus
1164 683 1220 731 et
1247 690 1442 732 nomen
1485 676 1618 732 dixit
1656 684 1713 733 et
1753 692 1846 748 pa-

1949 677 2064 748 ss).
2093 680 2274 752 Usque
2302 685 2368 741 ad
2398 687 2548 744 illum
2573 691 2716 746 enim
2742 701 2916 763 potest
2942 677 3224 768 pervenire
3251 704 3338 760 ille
3363 677 3540 778 lapis;

237 775 390 825 trem
419 764 607 840 (lim.
637 782 708 834 x,
733 765 929 838 46—52)
961 785 977 823 :
1019 774 1078 822 ut
1112 767 1464 844 intelligamus
1507 784 1630 826 eum
1679 769 1846 826 fuisse
1949 771 2196 840 quoniam
2241 775 2360 833 ﬁnis
2398 777 2557 850 Legis
2593 791 2675 837 est
2712 764 2988 856 Christus,
3017 790 3083 847 ad
3106 791 3363 863 justitiam
3389 764 3541 859 omni

174 844 184 864 ’
235 858 622 924 notissimum,
652 857 882 914 alterum
920 857 1156 930 ignotum
1180 900 1196 926 ,
1227 867 1289 913 ut
1327 861 1518 915 merito
1555 859 1648 916 ille
1685 871 1843 916 notus

231 952 410 1006 etiam
436 949 580 1006 solus
606 947 860 1006 decenter
884 959 1412 1006 commemoraretur.
1453 949 1560 1006 Sed
1591 953 1840 1022 quoniam

231 1063 369 1118 qua:
396 1052 795 1116 consequuntur
838 1043 895 1098 in
931 1042 1218 1114 Evangelio
1261 1043 1558 1100 secundum
1602 1044 1837 1114 Lucam,

235 1139 591 1210 apertissime
630 1135 918 1192 ostendunt
959 1135 1087 1191 illud
1111 1135 1254 1206 quod
1298 1136 1414 1207 ipse
1460 1144 1639 1192 narrat
1664 1136 1840 1193 adhuc

233 1229 585 1285 venientibus
605 1227 683 1283 eis
710 1226 924 1284 Jericho
945 1225 1143 1282 factum
1172 1241 1321 1293 esse;
1352 1227 1485 1282 nihil
1512 1226 1655 1282 aliud
1672 1235 1839 1284 restat

231 1321 544 1392 intelligere
563 1362 580 1386 ,
613 1319 713 1375 nisi
756 1318 839 1374 bis
868 1333 987 1374 esse
1013 1318 1207 1374 iactum
1237 1319 1340 1375 hoc
1368 1319 1678 1376 miraculum
1699 1363 1714 1387 ,
1753 1336 1838 1378 se-

233 1415 359 1470 mel
386 1415 438 1469 in
457 1428 564 1469 uno
589 1426 766 1479 caeco,
797 1411 924 1467 dum
963 1410 1139 1467 adhuc
1162 1412 1365 1468 veniret
1393 1413 1447 1468 in
1476 1413 1617 1470 illam
1646 1413 1836 1470 civita-

235 1517 358 1562 tem
379 1547 393 1571 ,
426 1515 479 1561 et
506 1504 698 1560 iterum
725 1504 781 1558 in
825 1502 1032 1558 duobus
1054 1518 1175 1558 cum
1205 1502 1328 1560 inde
1355 1504 1701 1575 egrederetur
1733 1524 1746 1560 :
1779 1515 1838 1562 ut

232 1598 375 1654 illud
401 1613 560 1653 unum
590 1597 794 1664 Lucas,
815 1595 944 1652 illud
968 1596 1194 1652 alterum
1216 1595 1493 1652 Matthaeus
1521 1608 1832 1666 enarraret;

229 1705 419 1760 neque
455 1689 561 1744 hoc
600 1689 717 1743 sine
751 1687 929 1758 aliquo
969 1695 1323 1743 sacramento.
1354 1687 1409 1744 Si
1450 1689 1593 1744 enim
1619 1689 1834 1746 Jericho

229 1779 478 1847 Lunam,
510 1788 563 1835 et
592 1777 661 1833 ob
690 1777 792 1832 hoc
815 1777 1190 1834 mortalitatem
1212 1778 1638 1849 interpretamur,
1672 1782 1830 1836 morti

229 1873 605 1944 propinquans
630 1868 882 1925 Dominus
902 1911 917 1937 ,
948 1869 1146 1925 Judazis
1175 1869 1304 1926 solis
1333 1870 1515 1926 lumen
1557 1871 1832 1942 Evangelii

225 1964 470 2036 jusserat
500 1961 809 2034 praedicari,
853 1976 985 2032 quos
1030 1960 1344 2033 signiﬁcavit
1380 1962 1469 2018 ille
1499 1977 1634 2018 unus
1658 1979 1831 2020 caecus

231 2073 396 2128 quem
421 2057 588 2112 Lucas
609 2063 1035 2111 commemorat:
1070 2070 1100 2108 a
1135 2063 1306 2111 morte
1338 2065 1513 2111 autem
1545 2072 1830 2128 resurgens

234 2160 401 2222 atque
417 2149 708 2214 discedens,
727 2158 783 2205 et
809 2148 1007 2204 Iudaeis
1029 2156 1084 2203 et
1102 2147 1385 2216 Gentibus,
1415 2164 1548 2220 quos
1568 2149 1704 2205 duos
1735 2165 1831 2220 po-

232 2245 394 2315 pulos
440 2241 737 2314 signiﬁcare
784 2241 1031 2296 videntur
1065 2240 1172 2296 duo
1204 2241 1333 2296 caeci
1361 2243 1765 2298 commemorati
1795 2258 1826 2298 a

229 2333 506 2390 Matthzo.

299 2425 407 2501 [lb.
435 2442 529 2482 xix
552 2468 568 2494 ,
597 2427 698 2493 45,
720 2424 835 2498 46.]
858 2423 931 2499 (a)
958 2425 1233 2497 Templum
1259 2425 1312 2481 in
1345 2426 1629 2498 Evangelio
1653 2427 1826 2499 ipsum

230 2518 507 2574 hominem
527 2517 818 2588 intelliges,
842 2517 927 2572 vel
951 2517 1110 2572 etiam
1139 2517 1390 2588 adjuncto
1417 2535 1640 2590 corpore
1673 2521 1788 2591 ejus
1805 2564 1821 2588 ,

226 2609 368 2681 quod
389 2618 474 2665 est
493 2609 755 2664 Ecclesia.
782 2608 1082 2664 Secundum
1109 2620 1286 2665 autem
1317 2610 1442 2666 illud
1464 2611 1604 2682 quod
1626 2620 1707 2668 est
1729 2628 1823 2668 ca-

226 2711 318 2772 put
357 2701 646 2767 Ecclesiz,
686 2699 884 2755 dictum
920 2709 1020 2768 est,
1055 2699 1243 2755 Soluite
1268 2701 1510 2772 templum
1533 2703 1661 2770 hoc,
1697 2714 1744 2758 et
1771 2705 1825 2760 in

226 2795 397 2850 triduo
422 2794 674 2850 suscitabo
701 2794 849 2849 illud.
887 2793 1190 2849 Secundum
1220 2793 1273 2849 id
1319 2809 1449 2850 vero
1476 2796 1618 2867 quod
1661 2798 1821 2852 etiam

226 2887 480 2959 adjuncta
525 2887 768 2943 Ecclesia
818 2887 1128 2957 intelligitur
1161 2887 1414 2958 templum
1437 2931 1452 2954 ,
1485 2889 1692 2945 videtur
1735 2890 1821 2945 di-

226 2980 369 3036 xisse
385 3023 401 3048 ,
424 2980 636 3052 Auferte
660 2981 755 3036 ista
785 2981 900 3035 hinc
935 2998 954 3036 :
977 2981 1219 3052 scriptum
1242 2992 1314 3036 est
1334 3023 1349 3049 ,
1377 2981 1571 3037 Domus
1591 3000 1700 3039 mea
1728 2985 1822 3039 do-

228 3092 337 3129 mus
363 3076 607 3130 orationis
634 3075 924 3141 vocabitur;
953 3093 1039 3130 vos
1059 3085 1225 3130 autem
1263 3077 1451 3148 fecistis
1475 3096 1585 3133 eam
1612 3080 1820 3136 domum

227 3167 614 3238 negotiationis,
663 3167 745 3222 vel
788 3167 1080 3237 speluncam
1110 3168 1360 3222 latronum
1403 3168 1584 3238 (Joan.
1611 3187 1686 3239 ιι,
1717 3173 1814 3239 19,

237 3259 348 3329 16).
372 3257 700 3330 Signiﬁcavit
714 3259 857 3314 enim
883 3258 1089 3314 futuros
1122 3260 1174 3314 in
1202 3259 1460 3325 Ecclesia,
1489 3262 1578 3332 qui
1599 3276 1694 3318 sua
1718 3279 1818 3319 ne»

226 3350 365 3419 gotia
414 3349 591 3418 potius
616 3359 868 3419 agerent,
908 3350 992 3405 vel
1037 3350 1425 3421 receptaculum
1459 3351 1527 3407 ibi
1557 3352 1819 3411 haberent

225 3439 289 3495 ad
310 3440 622 3496 occultanda
653 3441 854 3495 scelera
893 3456 985 3496 sua
1003 3483 1018 3508 ,
1050 3456 1206 3510 quam
1234 3449 1292 3496 ut
1314 3442 1630 3500 charitatem
1653 3445 1812 3504 Chri-

227 3530 293 3584 sti
323 3539 695 3601 sequerentur,
743 3540 798 3586 et
842 3540 1179 3603 peccatorum
1221 3534 1557 3593 confessione
1596 3548 1814 3611 accepta

228 3622 375 3676 venia
403 3622 817 3692 corrigerentur.

296 3710 481 3766 XLIX.
511 3710 609 3784 [lb.
641 3729 712 3767 xx
733 3754 747 3778 ,
780 3713 892 3786 56.]
922 3715 1002 3769 Ad
1047 3715 1098 3769 id
1129 3716 1270 3786 quod
1313 3717 1474 3782 dixit,
1523 3720 1643 3777 Non
1681 3726 1810 3779 enim

231 3804 363 3857 ultra
389 3804 634 3875 incipiunt
660 3806 787 3858 mori
803 3822 821 3869 ;
859 3806 980 3876 quia
1011 3809 1274 3864 connubia
1305 3821 1521 3881 propter
1545 3814 1711 3881 ﬁlios,
1745 3816 1811 3870 ﬁ-

234 3894 289 3948 lii
318 3903 530 3965 propter
549 3897 944 3952 successionem
963 3939 978 3963 ,
1007 3900 1276 3956 successio
1302 3914 1517 3972 propter
1538 3916 1761 3963 mortem
1792 3929 1806 3966 :

233 3985 322 4040 ubi
355 4000 477 4057 ergo
518 4001 667 4042 mors
693 4003 800 4042 non
829 3995 945 4058 est,
974 4004 1147 4061 neque
1183 3993 1467 4048 connubia.
1493 3995 1640 4052 Sicut
1668 4000 1810 4055 enim

231 4093 370 4132 nunc
386 4092 562 4134 sermo
585 4087 770 4134 noster
795 4078 1172 4137 decedentibus
1201 4091 1254 4136 et
1274 4085 1677 4143 succedentibus
1701 4090 1810 4160 syl-

232 4166 362 4222 labis
399 4170 667 4239 peragitur
710 4179 867 4240 atque
915 4170 1185 4240 perﬁcitur
1216 4191 1228 4227 :
1259 4175 1329 4228 ita
1357 4186 1410 4230 et
1439 4177 1538 4247 ipsi
1569 4178 1809 4238 homines

231 4272 448 4327 quorum
497 4274 676 4314 sermo
693 4269 844 4327 test,
885 4260 1192 4320 decedendo
1219 4281 1281 4321 ac
1309 4269 1641 4326 succedendo
1684 4288 1807 4343 per-

232 4359 388 4419 agunt
405 4359 562 4421 atque
580 4350 866 4422 perﬁciunt
890 4353 1132 4410 ordinem
1159 4354 1314 4426 hujus
1339 4361 1539 4426 smculi,
1558 4363 1648 4432 qui
1672 4373 1806 4420 tem-

231 4441 481 4509 poralium
519 4458 698 4497 rerum
729 4443 1118 4514 pulchritudine
1144 4449 1460 4504 contexitur.
1500 4451 1554 4507 In
1596 4454 1682 4509 illa
1709 4471 1805 4511 au-

231 4539 337 4585 tem
379 4532 478 4587 vita
520 4535 772 4604 quoniam
805 4535 1037 4591 Verbum
1083 4537 1175 4592 Dei
1219 4553 1324 4609 quo
1365 4540 1622 4613 fruemur,
1664 4549 1806 4606 nulla

232 4620 531 4680 decessione
555 4633 612 4680 et
640 4625 980 4683 successione
1008 4627 1330 4698 syllabarum
1363 4635 1680 4705 completur,
1710 4641 1805 4697 sed

231 4715 397 4770 omnia
434 4732 554 4789 quae
585 4717 744 4772 habet
786 4733 999 4790 semper
1041 4723 1304 4777 manendo
1330 4724 1487 4780 simul
1516 4725 1706 4798 habet;
1732 4732 1804 4788 ita

232 4806 502 4880 participes
546 4808 698 4880 ejus,
745 4811 936 4880 quibus
979 4812 1152 4883 ipsum
1197 4814 1369 4870 solum
1408 4817 1510 4872 erit
1539 4819 1678 4890 vita,
1705 4838 1802 4880 ne~

229 4914 332 4970 que
373 4903 643 4958 moriendo
684 4904 786 4958 sibi
824 4904 1113 4976 decedent,
1155 4923 1328 4980 neque
1372 4913 1638 4971 nascendo
1685 4931 1804 4975 suc-

229 4991 424 5048 cedent.

299 5083 357 5138 L.
392 5083 486 5158 [lb.
518 5088 919 5162 xxn,40etdl.]
946 5090 1096 5159 Quod
1123 5091 1256 5148 dixit
1286 5094 1540 5153 Dominus
1564 5099 1798 5171 discipu-

231 5174 310 5241 lis,
337 5175 478 5233 Orate
504 5197 567 5233 ne
592 5181 786 5234 intretis
805 5181 858 5235 in
886 5183 1206 5237 tentationem
1235 5202 1253 5238 :
1283 5195 1328 5239 et
1355 5187 1465 5257 ipse
1486 5191 1689 5246 avulsus
1723 5205 1796 5248 est

229 5266 286 5318 ab
325 5267 392 5321 eis
423 5281 662 5339 quantum
701 5271 874 5342 jactus
917 5281 988 5329 est
1028 5273 1213 5346 lapidis
1247 5293 1267 5331 .'
1299 5286 1544 5349 tanquam
1575 5282 1675 5339 hoc
1701 5299 1795 5342 eos

231 5361 583 5432 admonuerit,
613 5374 673 5420 ut
711 5367 763 5420 in
802 5381 922 5422 eum
952 5366 1240 5439 dirigerent
1280 5370 1540 5441 lapidem,
1589 5375 1640 5430 id
1675 5389 1789 5446 est,

287 5548 497 5626 (aliisue
511 5555 570 5626 Ain
593 5553 822 5626 templum
839 5559 1197 5626 annotationem
1215 5563 1507 5623 augustinus
1528 5565 1577 5613 in
1596 5566 1794 5626 praefixo

209 5609 481 5679 φώρ-φθῆ
501 5609 819 5679 ρυεειίόιιιιω
858 5617 1064 5669 clencho
1100 5633 1196 5669 non
1232 5609 1642 5679 recenseC‘Awnu‘t—l-
1654 5609 1787 5679 "LBV.

229 5673 487 5766 i'itﬂcipit’slie,
513 5673 800 5766 fijremplum
817 5681 870 5766 in
890 5679 1150 5766 evangelio
1173 5684 1328 5744 ipsum
1362 5689 1511 5766 [lcum
1540 5673 1789 5766 hominem

229 5732 693 5851 ξὲἱιξιιῆίὲιίξωιιὶεθεέ
720 5756 743 5786 ι
788 5749 836 5792 at
870 5739 950 5793 alii
982 5732 1175 5794 codices
1191 5732 1288 5795 'nec
1332 5763 1354 5794 ι

553 5837 564 5851 ,
588 5819 612 5847 ι

1953 864 2195 921 credenti
2224 867 2399 940 (Rom.
2428 888 2484 940 x,
2513 874 2592 944 4).

2017 954 2106 1055 LI.
2132 955 2239 1055 [lb.
2264 976 2422 1055 xxiv,
2451 963 2566 1040 28.]
2594 966 2744 1035 Quod
2767 972 3022 1045 scriptum
3059 987 3143 1034 est
3180 979 3250 1037 de
3269 982 3532 1055 Domino,

1946 1041 2126 1101 Finxit
2144 1065 2197 1102 se
2220 1050 2417 1123 longius
2440 1055 2516 1109 ire
2533 1099 2547 1124 ,
2573 1073 2679 1114 non
2703 1061 2769 1116 ad
2789 1041 3126 1125 mendacium
3147 1074 3395 1142 pertinet.
3415 1041 3536 1138 Non

1944 1138 2086 1194 enim
2107 1154 2265 1198 omne
2288 1146 2429 1215 quod
2453 1146 2701 1218 ﬁngimus
2721 1156 3055 1216 mendacium
3075 1138 3191 1220 est:
3209 1167 3304 1224 sed
3322 1173 3536 1241 quando

1944 1229 1996 1324 id
2018 1232 2265 1304 ﬁngimus
2288 1237 2430 1307 quod
2455 1241 2588 1297 nihil
2620 1245 2900 1318 signiﬁcat,
2923 1261 3046 1309 tunc
3065 1265 3148 1311 est
3173 1229 3533 1324 mendacium.

1940 1318 2076 1377 Cum
2113 1333 2291 1381 autem
2321 1327 2465 1386 ﬁctio
2506 1343 2687 1390 nostra
2716 1337 2945 1396 refertur
2975 1343 3043 1400 ad
3066 1346 3296 1418 aliquam
3326 1318 3532 1426 signifi:

1941 1412 2234 1483 cationem,
2263 1433 2368 1474 non
2395 1431 2476 1476 est
2516 1426 2881 1498 mendacium,
2911 1435 3006 1490 sed
3033 1412 3209 1510 aliqua
3241 1412 3408 1515 ﬁgura
3432 1464 3529 1506 ve-

1940 1503 2136 1596 ritatis.
2171 1507 2419 1581 Alioquin
2448 1516 2625 1571 omnia
2659 1533 2778 1588 quae
2821 1537 2852 1578 a
2891 1503 3217 1596 sapientibus
3244 1503 3307 1590 et
3325 1503 3527 1596 sanctis

1939 1594 2066 1650 viris
2084 1636 2099 1662 ,
2129 1599 2210 1654 vel
2239 1602 2398 1658 etiam
2423 1605 2490 1660 ab
2517 1607 2633 1677 ipso
2676 1609 2902 1670 Domino
2929 1594 3148 1689 ﬁgurate
3199 1623 3339 1682 dicta
3368 1594 3528 1700 sunt,

1939 1688 2214 1745 mendacia
2244 1691 2657 1767 deputabuntur,
2685 1703 2806 1772 quia
2831 1688 3119 1766 secundum
3150 1716 3402 1775 usitatum
3446 1688 3532 1780 in:

1938 1779 2207 1836 tellectum
2247 1800 2354 1840 non
2405 1789 2647 1847 subsistit
2704 1797 2902 1853 veritas
2947 1801 3140 1860 talibus
3185 1806 3361 1866 dictis.
3411 1779 3528 1872 Non

1936 1870 2080 1925 enim
2102 1871 2264 1929 homo
2293 1877 2381 1946 qui
2408 1878 2589 1936 habuit
2614 1883 2747 1940 duos
2785 1886 2940 1958 ﬁlios,
2960 1909 3182 1963 quorum
3208 1899 3409 1972 junior,
3439 1920 3529 1962 ae-

1935 1973 2087 2032 cepta
2113 1976 2266 2036 parte
2302 1972 2604 2040 patrimonii
2629 1978 2711 2032 sui
2728 2020 2743 2046 ,
2774 1981 3044 2051 profectus
3069 1991 3228 2046 estin
3254 1995 3529 2066 regionem

1935 2054 2276 2126 longinquam
2299 2103 2314 2125 ,
2364 2074 2419 2117 et
2454 2076 2646 2122 caetera
2691 2085 2809 2140 qute
2847 2074 2901 2128 in
2931 2074 3018 2132 illa
3048 2054 3352 2142 narratione
3392 2103 3526 2146 con-

1936 2157 2190 2247 texuntur
2214 2150 2364 2225 (Luc.
2381 2171 2468 2247 xv,
2495 2149 2723 2232 11-32),
2749 2163 2822 2218 ita
2850 2165 3096 2225 dicuntur
3121 2181 3372 2247 tanquam
3399 2195 3528 2240 vere

1932 2235 2090 2294 fuerit
2116 2242 2395 2314 quisquam
2423 2245 2585 2302 homo
2604 2251 2694 2320 qui
2715 2251 2816 2309 hoc
2844 2256 2897 2310 in
2928 2257 3050 2314 ﬁliis
3072 2262 3182 2318 suis
3204 2235 3526 2328 duobusaut

1931 2344 2122 2398 passus
2136 2334 2225 2398 sit,
2247 2346 2338 2390 aut
2354 2335 2561 2396 fecerit.
2576 2340 2721 2398 Ficta
2733 2355 2857 2402 sunt
2868 2364 2995 2420 ergo
3008 2353 3107 2408 ista
3121 2355 3187 2411 ad
3199 2373 3312 2414 rem
3330 2375 3521 2432 quam-

1932 2420 2051 2476 dam
2071 2423 2493 2495 significandam,
2515 2441 2620 2487 tam
2647 2434 2802 2507 longe
2820 2439 3030 2512 lateque
3050 2446 3326 2520 majorem,
3345 2420 3400 2509 et
3413 2463 3521 2513 tam

1931 2513 2418 2586 incomparabiliter
2440 2523 2796 2598 dilferentem,
2813 2513 3330 2604 utperillum'ﬁctum
3342 2545 3520 2606 homi-

1930 2621 2050 2662 nem
2065 2609 2206 2665 Deus
2218 2626 2377 2668 verus
2390 2614 2734 2687 intelligatur.
2749 2622 2895 2680 Sicut
2909 2637 3085 2684 autem
3098 2631 3259 2702 dicta,
3275 2637 3346 2695 ita
3356 2642 3519 2700 etiam

1929 2695 2062 2752 facta
2089 2699 2360 2772 ﬁnguntur
2384 2703 2500 2761 sine
2528 2708 2808 2768 mendacio
2825 2715 2894 2770 ad
2920 2717 3150 2790 aliquam
3175 2695 3289 2781 rein
3313 2695 3517 2801 signiﬁ:

1925 2791 2150 2846 caudam
2185 2811 2196 2846 :
2230 2794 2370 2850 unde
2397 2805 2483 2853 est
2501 2800 2660 2855 etiam
2689 2801 2818 2860 illud
2842 2806 3082 2877 ejusdem
3104 2812 3312 2872 Domini
3330 2791 3514 2892 ,quod

1927 2881 1979 2937 in
2025 2884 2108 2939 fici
2147 2885 2340 2943 arbore
2374 2893 2619 2961 quaesivit
2660 2895 2890 2954 fructum
2928 2917 2994 2958 eo
3019 2914 3258 2978 tempore
3283 2881 3406 2983 quo.
3425 2917 3516 2974 illa

1926 2989 2084 3043 poma
2113 2977 2348 3035 nondum
2375 2994 2555 3041 essent
2585 2985 2774 3059 (Marc.
2815 3007 2868 3046 ιιι
2888 3035 2902 3059 ,
2951 2996 3064 3068 15).
3093 2998 3210 3056 Non
3236 2977 3378 3061 enim
3414 3007 3515 3066 du-

1925 3064 2068 3119 bium
2107 3077 2189 3122 est
2225 3069 2370 3126 illam
2400 3073 2796 3146 inquisitionem
2827 3099 2930 3139 non
2959 3064 3121 3147 fuisse
3144 3108 3324 3150 veram
3356 3117 3370 3154 :
3398 3103 3518 3172 qui-

1927 3156 2002 3210 vis
2027 3158 2171 3213 enim
2205 3159 2475 3219 hominum
2505 3168 2699 3235 sciret,
2723 3172 2766 3226 si
2795 3189 2902 3230 non
2923 3175 3196 3239 divinitate
3215 3225 3230 3250 ,
3263 3187 3347 3244 vel
3375 3156 3515 3248 tem-

1923 3262 2054 3316 pore
2074 3290 2088 3315 ,
2119 3265 2277 3320 poma
2303 3253 2447 3309 illam
2472 3258 2718 3316 arborem
2749 3278 2855 3318 non
2900 3265 3118 3326 habere.
3163 3273 3333 3333 Fictio
3356 3281 3515 3352 igitur

1922 3355 2039 3409 quae
2088 3340 2156 3396 ad
2194 3343 2423 3414 aliquam
2461 3350 2737 3408 veritatem
2767 3355 3014 3427 refertur,
3046 3361 3210 3434 ﬁgura
3234 3376 3317 3424 est
3349 3340 3514 3444 :vquaz

1921 3448 2029 3488 non
2066 3433 2314 3505 refertur,
2359 3441 2693 3500 mendacium
2741 3457 2842 3504 est.
2893 3451 3029 3520 Quid
3078 3472 3206 3530 ergo
3252 3433 3514 3534 significat

1920 3523 2061 3594 quod
2096 3540 2155 3580 se
2177 3527 2254 3582 ire
2281 3527 2488 3601 longius
2516 3532 2774 3593 Dominus
2798 3538 2984 3612 ﬁnxit,
3015 3523 3514 3615 cum'cumi‘iarctur

1919 3615 2223 3687 discipulis,
2270 3635 2542 3692 exponens
2586 3628 2664 3684 eis
2713 3643 2924 3689 sanctas
2964 3639 3294 3712 Scripturas,
3329 3658 3508 3709 utrum

1919 3707 2032 3778 ipse
2055 3720 2198 3765 esset
2225 3711 2626 3782 ignorantibus?
2653 3722 2798 3791 quid,
2829 3707 3102 3799 putamus,
3134 3735 3236 3790 nisi
3265 3707 3384 3809 quia
3413 3707 3510 3799 ho;

1916 3802 2215 3872 spitalitatis
2235 3806 2410 3864 ofﬁcio
2429 3810 2495 3866 ad
2516 3827 2665 3868 suam
2681 3820 3036 3887 cognitionem
3059 3802 3334 3896 pervenire
3349 3850 3508 3905 posse

1917 3893 2163 3952 homines
2192 3897 2486 3957 intimavit?
2511 3913 2568 3960 ut
2591 3921 2712 3962 cum
2740 3909 2946 3982 longius
2968 3893 3083 3988 ipse
3107 3921 3173 3977 ab
3203 3893 3508 3989 hominibus

1914 3985 2232 4044 abscesserit
2270 4006 2434 4062 super
2477 4010 2664 4053 omnes
2706 4002 2906 4072 caelos,
2938 3985 3115 4065 tamen
3159 4013 3230 4068 ita
3273 4031 3395 4073 cum
3424 4025 3505 4079 eis

1913 4078 1985 4133 sit
2005 4083 2096 4150 qui
2124 4081 2239 4138 haec
2268 4085 2522 4142 exhibent
2545 4092 2714 4146 servis
2743 4095 2879 4164 ejus,
2901 4107 2957 4152 ut
2980 4115 3100 4156 cum
3126 4103 3304 4163 dicere
3319 4125 3504 4182 cmpe-

1915 4171 2053 4240 rint,
2082 4172 2299 4230 Domine
2317 4219 2330 4242 ,
2363 4181 2564 4247 quando
2593 4189 2640 4236 te
2657 4185 2873 4242 vidimus
2895 4190 3173 4262 hospitem,
3204 4209 3250 4251 et
3278 4171 3502 4258 adduzri-

1914 4266 2067 4319 mus?
2091 4274 2340 4337 tanquam
2379 4285 2500 4325 eum
2551 4274 2754 4332 scilicet
2796 4280 2886 4349 qui
2933 4281 3088 4354 longe
3122 4287 3499 4352 abscesserat:

1911 4360 2234 4428 respondeat
2258 4361 2346 4418 ille
2366 4405 2381 4431 ,
2405 4362 2529 4420 Cum
2554 4369 2643 4422 uni
2661 4386 2725 4424 ea:
2750 4372 2966 4429 minimis
2987 4378 3107 4432 meis
3128 4382 3316 4451 fecistis
3335 4426 3348 4449 ,
3378 4389 3502 4444 mihi

1913 4451 2100 4519 fecistis
2127 4453 2338 4524 (Matth.
2367 4473 2492 4525 xxv,
2521 4459 2616 4526 58,
2645 4461 2757 4531 40).
2783 4463 2949 4520 Tenet
2975 4482 3104 4539 ergo
3133 4471 3402 4532 Christum
3432 4496 3500 4534 ne

1914 4543 2121 4615 longius
2162 4547 2229 4602 ab
2272 4549 2365 4606 illo
2409 4555 2807 4632 eat,\quisquis
2834 4561 3189 4620 catechizatus
3214 4569 3411 4638 verbo,
3446 4575 3500 4630 in

1913 4637 2158 4693 omnibus
2175 4638 2328 4696 bonis
2351 4642 2400 4697 ei
2420 4643 2510 4713 qui
2537 4658 2595 4700 se
2620 4647 2912 4705 catechizat
2938 4659 3325 4726 communicat;
3361 4637 3499 4720 sicut

1910 4728 2196 4799 Apostolus
2224 4732 2385 4803 dicit,
2415 4735 2752 4796 Communicet
2783 4743 2868 4814 qui
2902 4747 3241 4804 catechizatur
3269 4754 3412 4810 verba
3441 4760 3456 4789 ί
3477 4800 3494 4826 ,

1911 4823 1956 4873 ei
1985 4823 2072 4893 qui
2094 4840 2148 4877 se
2165 4826 2457 4892 catechizat,
2487 4829 2540 4882 in
2567 4832 2797 4888 omnibus
2816 4834 2958 4891 bonis
2981 4837 3173 4908 (Galat.
3205 4860 3274 4910 Vl,
3306 4845 3363 4918 6)
3397 4865 3410 4900 :
3441 4823 3498 4905 et

1908 4912 2013 4967 alio
2041 4914 2159 4970 loco
2183 4931 2302 4971 cum
2331 4917 2584 4985 dixisset,
2620 4920 3011 4982 Necessitatibus
3037 4942 3324 4989 sanctorum
3345 4912 3494 4994 com-

1907 5005 2257 5072 municantes;
2285 5009 2463 5064 statim
2501 5011 2756 5082 subjecit,
2808 5014 3220 5087 Hospitalitatem
3251 5037 3496 5087 sectantes

1908 5092 2082 5166 (Rom.
2110 5112 2184 5151 xu
2203 5139 2218 5164 ,
2257 5099 2366 5170 15).
2395 5100 2463 5155 Et
2485 5101 2567 5156 isti
2597 5103 2736 5157 enim
2769 5107 3075 5165 catechizati
3126 5125 3280 5171 erant
3310 5121 3490 5189 verbo,

1904 5203 2025 5242 cum
2056 5189 2135 5244 eis
2159 5201 2450 5260 exponeret
2469 5193 2772 5266 Scripturas
2795 5241 2809 5265 ,
2838 5209 2892 5255 et
2911 5203 3030 5273 quia
3077 5205 3490 5278 hospitalitatem

1903 5280 2090 5335 sectati
2121 5289 2277 5349 sunt,
2310 5299 2432 5338 eum
2458 5301 2618 5356 quem
2654 5289 2707 5343 in
2746 5291 2860 5360 ipsa
2886 5297 3219 5363 expositione
3245 5300 3487 5374 Scriptu-

1902 5386 2080 5426 rarum
2130 5389 2233 5428 non
2285 5389 2676 5448 cognoverant,
2725 5382 2778 5436 in
2822 5386 2974 5454 panis
3003 5387 3262 5448 fractione
3289 5409 3490 5466 cogno-

1901 5475 2072 5520 scunt.
2089 5466 2202 5522 Non
2233 5469 2372 5523 enim
2393 5471 2660 5528 auditores
2680 5475 2811 5547 legis
2828 5477 2956 5548 justi
2979 5493 3103 5537 sunt
3125 5485 3265 5554 apud
3291 5485 3480 5557 Deum,

1902 5557 1994 5612 sed
2020 5557 2244 5614 factores
2269 5560 2401 5633 legis
2419 5563 2850 5634 justiﬁcabuntur
2870 5570 2981 5640 (Id.
3012 5589 3088 5643 ιι,
3117 5576 3230 5647 15).

1898 5756 2464 5871 ωὶδίιξκέθιι.
2489 5769 2619 5826 Lov.,
2637 5770 2689 5816 et
2710 5764 2880 5830 inﬁaliis
2900 5766 3020 5820 locis
3041 5772 3148 5836 ipse
3174 5781 3482 5842 Λυκαίου..

2008 5853 2041 5880 0,
2065 5853 2129 5868 υνσ
2145 5853 2270 5870 VH...
2337 5853 2392 5871 ω.
