4036 6402
533 357 664 417 1365
880 354 1256 413 ADMONITIO
1295 355 1359 411 ΙΝ
1403 356 1654 413 LIBRUM
1698 356 2171 415 SEPTBMDECIM
2211 357 2674 424 QUESTIONIIM
2714 358 2931 416 SUPER
2973 358 3398 417 MATTHEUM.
3644 367 3787 424 i364

594 469 692 545 [1b.
722 487 898 540 xxttt,
932 468 1045 544 ιι]
1085 471 1161 545 (tt)
1198 473 1351 539 Quod
1405 474 1685 531 Dominum
1742 474 1793 529 in
1856 476 2101 545 passione
2210 491 2391 541 xxvn,
2438 476 2562 545 98),
2612 476 2891 548 signiﬁcati
2935 486 3059 533 sunt
3105 479 3157 533 hi
3214 479 3482 549 hteretici,
3529 484 3619 553 qui
3663 498 3794 539 eum

498 570 784 629 ,sxueruut
824 571 973 624 veste
1012 566 1256 637 propria,
1287 573 1341 622 et
1369 565 1652 625 induerunt
1678 566 1848 621 fucata
1888 566 2099 639 (Matth.
2208 566 2356 621 aiunt
2379 581 2484 623 non
2517 581 2701 624 verum
2720 581 2916 639 corpus
2941 568 3186 625 habuisse
3205 612 3221 639 ,
3246 569 3341 627 sed
3370 571 3572 628 licium.

491 671 506 717 ’
581 713 846 779 (a)_lstb:ec
881 719 1268 773 aunotatiuncula
1287 733 1452 787 neque
1483 735 1591 775 com
1660 728 1784 775 tatur
1814 724 1865 773 in
1898 719 2106 797 Eiencho
2211 731 2308 777 tur.
2344 731 2377 773 A
2512 724 2574 773 ab
2597 722 2859 779 edulium.
2887 729 2939 775 et
2959 728 3035 777 Er.
3053 724 3254 789 Διοριιά
3277 730 3378 777 nat.
3402 737 3597 798 necuim
3625 728 3676 779 in
3709 733 3805 780 Is.

515 779 748 833 amerina
770 781 1027 833 monosito.
1051 795 1216 833 neque
1238 783 1316 833 hic
1336 784 1560 833 omnibus
1588 736 1657 833 Et“
1671 789 1799 833 Mss:
1823 783 1912 833 sed
1927 798 1976 833 tn
1998 783 2105 833 nlu-
2210 722 2705 833 Smbonligglnertinet
2723 785 2783 833 ad
2800 784 3186 833 subsequentem
3203 785 3381 833 librum
3401 793 3725 833 Ollmstmmlm
3752 801 3805 833 ιο

1051 795 1216 857 neque
1238 783 1316 857 hic
1336 779 1560 857 omnibus
1652 783 1912 857 ,ως-θεὰ
1927 786 1976 834 in
1998 783 2105 857 plu;
2210 779 2469 857 sorbpnico
2490 785 2705 849 pertinet
2723 785 2783 835 ad
2800 779 3186 853 subsequentem
3203 785 3381 837 librum
3401 788 3725 847 Qttzestionum
3752 779 3810 839 tu

2211 731 2308 777 tur.
2344 731 2377 773 A

517 785 748 889 gnem
770 785 1027 841 mposiw,
1051 795 1216 856 neque
1238 785 1316 833 hic
1336 785 1560 856 omnibus
1588 785 1638 834 in
1652 789 1799 858 .Ilss.;
1823 785 1912 835 sed
1927 786 1976 834 in
1998 785 2105 857 plu;
2210 785 2498 848 Sorboniool

564 852 656 889 mts
677 847 841 890 tamen
863 848 1011 905 atque
1035 850 1179 892 etiam
1201 858 1251 893 tn
1267 846 1547 899 Corbeteusi
1565 847 1901 910 antiquissimo
1922 859 2108 910 repert-
2210 847 2498 897 unum.

679 999 1134 1009 -_._______
1149 1002 2386 1012 .________________________

1644 1156 2684 1291 ADMONITIO

790 1516 796 1535 ί
905 1430 990 1495 IN
1046 1430 1353 1498 LIBRUM
1407 1431 1973 1501 SEPTEMDECIM
2018 1434 2560 1513 QUIESTIONUM
2609 1434 2859 1503 SUPER
2904 1433 3412 1502 MATTHJEUM.

1911 1717 2411 1800 ww

599 1973 670 2032 (lt
696 1973 783 2030 hic
801 1964 1118 2031 exhibeatur
1141 1974 1283 2030 inter
1304 1972 1581 2047 Augustini
1607 1987 1861 2046 germana
1876 1986 2062 2044 opera,
2082 1983 2184 2027 nec
2214 1980 2391 2029 tamen
2413 1972 2579 2046 ipsius
2595 2015 2609 2041 ,
2636 1974 2711 2029 uti
2737 1974 2892 2043 solet,
2918 1975 3195 2047 Augustini
3221 1977 3435 2034 nomine
3462 1987 3806 2048 prmnotetur

523 2066 627 2124 iste
647 2066 783 2123 alios
797 2066 1158 2136 qustionum
1174 2066 1225 2121 in
1251 2064 1552 2123 Matthteum
1574 2065 1733 2133 liber,
1753 2079 1858 2121 non
1882 2072 2081 2121 temere
2102 2061 2164 2118 iit
2190 2077 2366 2135 neque
2382 2064 2594 2120 frustra.
2619 2064 2818 2137 Nempe
2842 2067 3021 2121 stilum
3044 2069 3093 2121 in
3119 2066 3298 2139 primis
3322 2076 3375 2123 et
3398 2082 3482 2123 res
3498 2083 3799 2140 congruere

529 2160 828 2231 Augustino
852 2168 1076 2217 censent
1098 2167 1219 2232 post
1244 2159 1526 2215 Erasmum
1552 2157 1915 2215 Lovanienses
1936 2154 2214 2225 Theologi.
2242 2156 2446 2213 Deinde
2462 2157 2750 2229 fragmenta
2778 2157 3013 2229 ejusdem
3039 2158 3161 2214 libri
3180 2160 3420 2232 quaedam
3440 2175 3558 2216 cum
3584 2163 3804 2217 nomine

525 2251 806 2324 Augustini
829 2251 1035 2327 profert
1062 2251 1311 2307 Rabanus
1339 2250 1549 2307 Maurus
1567 2251 1619 2306 in
1649 2250 1743 2306 lib.
1786 2250 1822 2305 4
1848 2248 2231 2306 Commentarii
2273 2266 2434 2321 super
2463 2249 2696 2305 blatthtei
2742 2251 3107 2322 Evangelium,
3138 2267 3294 2322 quem
3323 2253 3436 2323 ipse
3460 2253 3673 2309 circiter
3693 2254 3801 2310 840

517 2343 718 2403 Christi
737 2360 953 2413 annum,
975 2343 1216 2401 collectis
1255 2345 1376 2401 hinc
1392 2344 1515 2401 inde
1539 2353 1780 2402 veterum
1802 2343 2246 2416 expositionibus,
2288 2344 2661 2401 concinnabat.
2687 2344 2925 2414 Denique
2945 2345 2996 2398 in
3016 2344 3252 2400 lndiculo
3277 2360 3494 2415 apertum
3519 2344 3799 2418 Augustini

523 2436 853 2502 Pusaidiano,
881 2436 973 2507 qui
999 2451 1095 2508 per
1127 2434 1386 2492 Joannem
1416 2434 1786 2492 Ulimmerium
1812 2450 1878 2489 cx
1902 2432 2206 2490 Villariensl
2252 2434 2440 2489 codice
2469 2434 2710 2505 vulgatus
2736 2444 2838 2504 est,
2883 2442 3229 2491 recensentur
3255 2450 3375 2509 pag.
3408 2438 3442 2493 5
3466 2438 3799 2505 Qutestiones

520 2527 927 2600 Evangelion
957 2527 1050 2584 lib.
1075 2526 1150 2594 2;
1179 2541 1429 2598 moxque,
1462 2527 1852 2582 Annotationes
1868 2525 2070 2596 aliquot
2096 2526 2149 2581 in
2175 2524 2485 2580 Matthzeum
2510 2526 2601 2580 lib.
2631 2526 2682 2580 i.

593 2621 861 2688 Attamen,
880 2617 1027 2690 quod
1053 2618 1249 2675 merito
1268 2628 1506 2684 moveat,
1527 2616 1685 2690 hujus
1706 2616 1852 2672 tertii
1868 2617 1990 2672 libri
2012 2615 2144 2671 nihil
2166 2615 2408 2669 meminit
2427 2616 2749 2687 Augustinus
2775 2616 2826 2672 in
2853 2616 3353 2685 Retractationibus,
3377 2634 3603 2694 cumque
3630 2622 3799 2681 libros

518 2711 880 2779 Quaestionum
908 2712 962 2767 in
988 2709 1274 2784 Evangelia
1301 2711 1435 2766 duos
1455 2709 1831 2766 tantummodo
1847 2714 2215 2779 recognoscat,
2246 2709 2299 2761 in
2329 2723 2420 2763 eos
2442 2708 2686 2764 redactas
2706 2708 2852 2769 dicit.
2884 2725 3015 2781 quas
3043 2720 3152 2765 tum
3178 2725 3339 2782 super
3356 2711 3655 2768 Matthmum
3685 2725 3797 2771 tum

510 2803 902 2884 super‘Lucam
948 2803 1271 2874 quaestiones
1314 2802 1636 2857 dictaverat:
1666 2809 1722 2855 et
1778 2809 1961 2855 monet
2013 2798 2374 2869 postmodum,
2406 2815 2525 2869 quas
2572 2799 2639 2855 de
2663 2815 2820 2870 supra
2850 2800 3003 2857 dictis
3032 2801 3382 2874 Evangelistis
3409 2803 3523 2859 loca
3553 2806 3794 2875 exposita

522 2895 736 2965 iuerint,
754 2897 1029 2969 prologum
1061 2911 1215 2952 suum
1242 2894 1503 2967 adiunctis
1525 2902 1683 2964 atque
1703 2893 2069 2947 aunumeratis
2097 2890 2299 2947 eisdem
2327 2892 2709 2962 qumstionibus
2737 2893 2986 2948 indicare.
3028 2894 3198 2951 [labes
3220 2897 3638 2951 retractationem
3663 2907 3703 2953 t.
3732 2899 3786 2965 Ι,

514 2990 619 3045 col.
634 2990 760 3057 634,
773 2998 828 3046 et
843 2988 1194 3060 quaestionum
1213 2988 1449 3043 omnium
1468 2984 1761 3043 Elenchum
1777 2984 1879 3040 sub
1896 2984 2125 3059 Prologo
2144 2997 2242 3055 per
2260 2998 2362 3042 nos
2379 2984 2677 3039 restitutum
2695 2999 2873 3055 supra,
2894 2984 3057 3041 hocce
3075 2996 3238 3049 tomo,
3260 3002 3378 3057 pag.
3399 2988 3551 3043 1521.
3567 2987 3654 3044 Sic
3667 3005 3795 3044 vero

518 3083 677 3139 etiam
699 3083 753 3138 in
773 3081 895 3138 libri
912 3081 1275 3153 Quaestionum
1291 3081 1558 3152 octoginta
1572 3078 1731 3133 trium
1752 3078 2137 3149 recognitione,
2160 3090 2349 3130 omnes
2364 3084 2419 3130 et
2446 3077 2676 3146 singulas
2690 3092 2755 3131 ex
2780 3076 2965 3131 ordine
2986 3077 3325 3147 quaestiones,
3358 3094 3425 3133 ne
3444 3094 3544 3132 una
3575 3079 3789 3150 quidem

514 3174 729 3243 omissa,
770 3187 1052 3231 recensere
1080 3165 1251 3246 ipsum
1282 3187 1387 3228 non
1419 3171 1603 3245 piguit.
1654 3169 1768 3240 Qua
1801 3167 2043 3243 proiecto
2079 3166 2349 3237 diligentia
2380 3168 2600 3222 cavebat
2641 3167 2698 3221 S.
2736 3167 2930 3222 Doctor
2960 3183 3025 3223 ne
3053 3169 3169 3239 ejus
3213 3170 3426 3224 nomine
3472 3171 3795 3243 qurcstiones

509 3266 643 3323 alias
668 3266 929 3338 quaslibet
946 3265 1339 3336 reciperemus;
1370 3278 1503 3320 neve
1530 3261 1755 3327 librarii,
1772 3260 1916 3337 quod
1948 3262 2003 3314 in
2030 3276 2095 3315 eo
2115 3260 2298 3330 scripti
2322 3275 2519 3331 genere
2548 3260 2767 3316 liberius
2792 3261 3225 3328 committebant,
3251 3264 3455 3334 Spurius
3471 3264 3793 3336 appendices

512 3358 764 3430 operibus
784 3358 949 3430 ipsius
982 3367 1285 3413 assuerent.

584 3447 770 3522 Neque
816 3462 944 3506 vero
970 3447 1276 3505 existimare
1306 3446 1429 3504 licet
1455 3446 1671 3504 tertium
1700 3445 1841 3503 hunc
1868 3442 2067 3503 librum
2103 3444 2587 3500 Retractationibus
2619 3446 2882 3515 posterius
2926 3445 3142 3511 editum,
3187 3447 3255 3501 ob
3289 3447 3445 3518 idque
3473 3449 3524 3503 in
3571 3449 3635 3505 iis
3683 3465 3792 3506 non

515 3540 837 3599 meensitum
868 3539 1050 3597 fuisse.
1077 3540 1285 3610 Quippe
1327 3538 1650 3594 zizaniorum
1678 3535 1926 3609 parabola
1980 3534 2068 3590 hic
2096 3536 2379 3607 exponitur
2412 3536 2567 3605 longe
2622 3551 2778 3591 secus
2825 3553 2979 3607 quam
3025 3537 3217 3592 soleret
3256 3539 3324 3593 ab
3377 3542 3685 3613 Augustino,
3722 3557 3793 3597 ex

516 3646 758 3707 tempore
806 3635 1101 3706 praesertim
1128 3628 1565 3703 Carthaginensis
1595 3628 1927 3691 Collalionis,
1976 3628 2027 3682 in
2068 3643 2172 3699 qua
2211 3629 2523 3692 Donatistae,
2561 3628 2852 3683 Catholicis
2899 3628 3332 3696 reclamantibus,
3366 3630 3416 3685 id
3454 3632 3797 3690 vehementer

515 3728 874 3794 afﬁrmabant,
891 3727 1032 3799 quod
1054 3729 1106 3782 in
1126 3726 1284 3797 hujus
1300 3724 1422 3781 libri
1443 3723 1735 3797 quastione
1768 3723 1854 3789 li,
1881 3739 1937 3779 n.
1974 3723 2027 3788 ‘l,
2051 3721 2263 3787 dicitur,
2284 3737 2466 3792 agt-um
2498 3722 2691 3790 ipsum,
2717 3737 2821 3775 non
2848 3721 3157 3789 Ecclesiam,
3180 3724 3273 3776 seti
3294 3723 3544 3780 mundum
3569 3727 3795 3782 Domino

514 3823 902 3893 interpretante
931 3818 1331 3891 intelligendum
1361 3832 1500 3883 esse,
1521 3825 1578 3871 ut
1605 3814 1784 3870 videre
1811 3821 1890 3870 est
1919 3815 1970 3868 in
1994 3814 2141 3871 Actis
2169 3812 2503 3879 Collationls,
2530 3822 2665 3883 part.
2693 3814 2745 3877 ‘5,
2767 3814 3063 3884 capp.258.
3091 3816 3196 3871 265
3224 3826 3276 3869 ot
3302 3819 3792 3888 sequentibus.Qua

515 3918 585 3973 de
618 3932 678 3973 re
699 3915 1023 3987 Augustinus
1057 3914 1109 3970 in
1148 3913 1241 3970 lib.
1289 3912 1379 3979 70,
1402 3910 1486 3966 cui
1512 3910 1719 3975 titulus,
1749 3908 1875 3965 Post
1927 3908 2267 3963 collationem
2299 3907 2362 3961 ad
2413 3907 2732 3972 Donatistas,
2778 3922 2895 3976 cap.
2945 3908 2977 3961 8
3010 3926 3022 3962 :
3055 3907 3157 3962 Din
3188 3910 3567 3980 contenderunt,
3599 3912 3791 3983 inquit,

516 4012 733 4067 dicentes
754 4009 970 4075 zizania,
988 4022 1102 4079 qtae
1119 4022 1235 4061 cum
1261 4005 1426 4060 tritico
1448 4001 1600 4058 simul
1621 4018 1838 4058 crescere
1866 4000 2101 4075 usquead
2121 4016 2329 4055 messem
2354 4002 2593 4071 permissa
2628 4008 2764 4062 sunt,
2786 4016 2884 4053 non
2910 3999 2961 4053 in
3000 3997 3242 4061 Ecclesia,
3267 4001 3356 4054 sed
3382 4003 3433 4055 in
3460 4005 3641 4057 mundo
3664 4020 3789 4068 me,

515 4112 689 4161 contra
708 4102 1011 4158 intellectum
1039 4099 1278 4172 martyris
1298 4096 1543 4170 Cypriani
1565 4094 1652 4167 qui
1670 4094 1818 4161 dixit,
1844 4092 1960 4151 Etsi
1985 4092 2218 4147 videntur
2245 4093 2297 4146 in
2327 4092 2551 4146 Ecclesia
2571 4109 2676 4146 esse
2714 4091 2929 4158 zizania,
2963 4110 3062 4146 non
3089 4103 3252 4147 tamen
3280 4094 3515 4167 impediri
3533 4094 3669 4149 debet
3702 4107 3793 4159 aut

521 4199 648 4270 fides
675 4205 763 4251 aut
782 4195 1215 4261 charitasnostra.
1236 4188 1372 4261 Quid
1389 4188 1529 4262 quod
1549 4189 1648 4244 iste
1668 4196 1854 4242 auctor
1872 4185 1925 4241 in
1954 4184 2247 4255 quaestione
2273 4183 2360 4245 12,
2380 4200 2434 4237 ιι.
2457 4183 2512 4250 2,
2539 4198 2853 4254 responsum
2878 4183 3003 4239 illud
3033 4183 3420 4255 patrisfamilias
3446 4186 3641 4241 zizania
3667 4195 3794 4243 ante

518 4302 751 4344 messem
780 4282 936 4353 evelli
964 4275 1318 4354 prohibentis,
1349 4295 1456 4335 non
1487 4278 1647 4333 modo
1672 4292 1779 4331 non
1807 4284 2021 4345 torquet
2050 4276 2103 4328 in
2129 4275 2434 4331 Donatistas
2480 4289 2629 4328 more
2660 4275 2959 4346 Augustini,
3006 4274 3099 4330 sed
3150 4276 3526 4347 interpretatur
3551 4293 3615 4333 eo
3636 4288 3792 4349 pacto

515 4392 575 4435 ut
602 4381 658 4434 in
687 4379 807 4433 illos
840 4372 1080 4445 torqueri
1119 4386 1231 4429 non
1255 4370 1469 4428 valeat?
1513 4365 1939 4440 quandoquidem
1984 4365 2054 4421 de
2093 4380 2201 4423 non
2236 4365 2539 4420 aulerendis
2573 4381 2637 4420 ex
2681 4365 2780 4420 hac
2813 4367 2917 4420 vita
2959 4366 3261 4427 hominibus
3282 4384 3579 4425 sermonem
3607 4368 3790 4425 haberi

517 4478 685 4543 putat.

602 4559 825 4619 Accedit
848 4556 1115 4616 silentium
1142 4552 1373 4629 Eugypii
1419 4550 1649 4619 abbatis,
1676 4550 1766 4621 qui
1808 4549 1956 4615 olim,
1995 4548 2049 4606 id
2088 4557 2172 4606 est
2209 4547 2425 4604 ineunte
2464 4556 2615 4603 sexto
2668 4549 2885 4615 steculo,
2941 4565 3059 4604 cum
3100 4565 3162 4606 ex
3221 4552 3495 4623 Augustini
3544 4551 3792 4627 operibus

523 4655 854 4728 amplissima
882 4652 1329 4709 collectaneorum
1353 4645 1623 4703 volumina
1649 4652 2002 4714 compararet,
2026 4642 2308 4713 descripsit
2323 4657 2385 4697 ex
2411 4642 2618 4698 duobus
2636 4641 3057 4713 praecedentibus
3076 4642 3223 4698 libris
3244 4645 3565 4715 qumstiuncs
3591 4646 3787 4716 plures,

521 4752 727 4808 scilicet
754 4764 817 4806 ex
843 4750 1019 4823 primo
1047 4745 1233 4802 saltem
1253 4751 1501 4817 quatuor,
1530 4755 1597 4796 ex
1617 4738 1851 4796 secundo
1879 4736 2214 4794 octodecim:
2243 4752 2341 4792 nec
2363 4747 2538 4794 tamen
2561 4737 2843 4813 quidquam
2879 4754 2943 4792 ex
2993 4737 3093 4793 hoc
3120 4739 3274 4795 tertio
3305 4739 3440 4795 libro
3462 4740 3790 4817 decerpsisse

518 4862 548 4901 a
579 4847 731 4903 nobis
760 4840 1191 4921 deprehenditur.

592 4939 745 5010 Quod
763 4949 969 4996 veteres
990 4933 1204 4995 codices
1226 4939 1455 5005 spectat,
1485 4928 1699 5002 quidam
1719 4926 1856 4984 duos
1874 4926 2080 5003 priores
2095 4924 2259 4981 libros
2284 4924 2559 4982 continent
2576 4924 2691 4979 sine
2712 4923 2901 4987 tertio;
2927 4924 3165 4978 nonnulli
3185 4925 3398 4979 tertium
3423 4926 3561 4980 hunc
3581 4926 3788 4981 duobus

521 5033 626 5089 illis
664 5032 904 5105 proxime
941 5027 1239 5102 subjectum
1265 5023 1522 5083 exhibent
1546 5036 1665 5079 cum
1716 5018 1883 5079 hocce
1928 5019 2100 5089 titulo,
2153 5014 2414 5087 Incipiunt
2442 5016 2734 5085 quwstiones
2781 5013 3194 5087 Evangeliorum,
3226 5031 3329 5073 non
3368 5017 3548 5071 addito
3579 5017 3789 5077 nomine

522 5123 822 5198 Augustini.
840 5121 998 5179 Istius
1021 5116 1239 5177 secundi
1256 5115 1467 5190 generis
1487 5119 1663 5172 exstat
1679 5110 1958 5181 exemplar
1978 5123 2139 5163 unum
2164 5106 2486 5162 Corbeiense
2507 5115 2628 5160 ante
2654 5120 2840 5171 annos,
2860 5114 2917 5159 ut
2934 5105 3162 5170 videtur,
3183 5115 3475 5176 nongentos
3497 5108 3749 5181 scriptum
3773 5128 3785 5167 :

522 5197 719 5290 praeter
750 5211 1162 5271 Cisterciensem
1198 5208 1434 5267 codicem
1481 5206 1649 5262 multo
1696 5201 2069 5267 recentiorem,
2101 5200 2191 5273 qui
2226 5199 2353 5254 licet
2380 5212 2485 5252 non
2516 5197 2761 5253 eumdem
2792 5198 2996 5257 titulum
3025 5197 3288 5273 prteferat,
3321 5198 3422 5254 hoc
3465 5212 3639 5295 tamen
3666 5218 3787 5258 cum

522 5288 837 5368 Corbeiensi
859 5303 1128 5374 convenit,
1155 5300 1299 5376 quod
1326 5297 1638 5373 prtedictum
1659 5294 1852 5351 librum
1878 5308 1984 5348 non
2010 5291 2250 5348 attribuit
2272 5288 2586 5362 Augustino.

599 5399 680 5457 Ad
705 5406 1000 5457 extremum
1030 5393 1272 5452 lndiculo
1297 5388 1525 5451 Possidii
1555 5388 1607 5444 in
1635 5386 1849 5461 optima:
1874 5392 2018 5442 notze
2053 5381 2179 5441 Mss.
2206 5379 2486 5452 diligenter
2510 5381 2806 5454 explorato,
2840 5381 2891 5439 id
2921 5381 3061 5454 quod
3084 5382 3195 5440 sola
3221 5381 3598 5442 Ulimmertana
3626 5381 3784 5442 ωηεν·

524 5496 687 5552 habet
714 5493 781 5550 de
808 5486 1152 5565 subsequeuti
1174 5500 1357 5561 Opere,
1386 5497 1646 5557 nusquam
1673 5479 1988 5553 reperimus.

1967 5662 2381 5759 κευθμ-
