4036 6402
1217 427 2971 708 enim
2994 429 3073 438 -·

1603 764 2423 845 SEPTEMDECIM

1293 932 1853 1061 amnt
1901 930 2856 1052 SECUNDUM
2911 932 3621 1059 MAI"!!-

370 941 582 1063 ΠΙ
639 935 1293 1061 ῑνΔιΙε

3192 429 3537 439 ————_—

1723 1102 1999 1238 “fiber
2047 1160 2304 1237 unus.

1696 1328 2326 1387 mw

448 1453 663 1523 Quesr.
696 1455 737 1511 l.
760 1453 999 1527 [ΜΑττιι.
1020 1470 1133 1525 cap.
1156 1452 1213 1519 ii,
1235 1454 1268 1525 ᾗ
1314 1450 1428 1525 16.]
1445 1450 1599 1521 Quod
1616 1450 1813 1507 dictum
1835 1458 1939 1515 est,

376 1544 582 1600 occisos
605 1542 834 1607 infantes
853 1560 885 1599 a
911 1545 1107 1603 bimatu
1126 1553 1179 1600 et
1206 1544 1360 1608 infra,
1386 1542 1736 1613 signiﬁcatum
1756 1547 1838 1596 est
1855 1538 1952 1594 bu-

373 1635 534 1690 miles
573 1634 830 1693 babentes
869 1637 1129 1706 geminam
1156 1635 1467 1691 eharitatem
1492 1675 1507 1700 ,
1541 1643 1790 1704 tanquam
1828 1644 1952 1700 par-

371 1724 530 1780 vulos
556 1722 725 1781 bimos
752 1740 908 1797 posse
937 1729 1068 1781 mori
1096 1740 1191 1797 pro
1215 1725 1445 1781 Christo.

448 1812 511 1873 11.
545 1814 643 1890 [11).
672 1834 707 1872 x
727 1860 745 1885 ,
771 1812 889 1891 27.]
915 1816 1062 1883 Quod
1085 1818 1196 1872 dico
1222 1815 1356 1871 vobis
1384 1818 1437 1870 in
1464 1816 1673 1870 tenebris
1697 1855 1714 1881 ,
1749 1813 1802 1871 id
1829 1820 1913 1868 est
1929 1853 1945 1879 ,

375 1923 499 1962 eum
526 1906 698 1963 adhuc
724 1906 776 1962 in
803 1908 992 1967 timore
1013 1907 1209 1963 carnali
1230 1908 1379 1972 estis,
1401 1906 1524 1977 quia
1543 1905 1594 1960 in
1621 1904 1848 1969 tenebris
1871 1910 1954 1958 est

376 2002 568 2067 timor;
598 1998 745 2056 dicite
762 2001 814 2056 in
852 2001 1070 2068 lumine,
1099 2000 1200 2056 hoc
1227 2008 1338 2066 est,
1373 2000 1428 2055 in
1455 1998 1640 2055 ﬁducia
1680 1996 1947 2058 veritatis,

379 2102 599 2169 accepto
633 2092 828 2167 Spiritu
854 2101 1039 2149 sancto
1068 2110 1082 2149 :
1115 2093 1182 2151 Et
1206 2092 1414 2167 quodin
1433 2107 1557 2146 aure
1583 2089 1788 2154 auditis,
1821 2103 1952 2158 pra-

381 2182 554 2239 dicate
574 2202 711 2257 super
735 2193 887 2252 tecta,
917 2182 970 2239 id
994 2193 1096 2252 est,
1128 2182 1267 2255 quod
1293 2183 1345 2241 in
1369 2191 1577 2239 secreto
1606 2179 1819 2242 auditis,
1845 2179 1953 2233 cal-

375 2285 501 2331 cato
528 2275 700 2331 carnis
723 2275 996 2332 domicilio
1025 2275 1325 2349 praedicate.

450 2365 541 2423 Ill.
570 2364 664 2440 [lb.
705 2383 778 2433 ι,
819 2360 1037 2439 54-56.]
1073 2360 1246 2420 Nolite
1299 2364 1535 2421 arbitrari
1576 2363 1693 2436 quia
1735 2360 1953 2415 venerim

371 2475 550 2529 pacem
577 2460 765 2512 mittere
788 2454 841 2512 in
865 2467 1084 2522 terram;
1122 2473 1222 2511 non
1264 2457 1373 2511 veni
1401 2472 1575 2528 pacem
1608 2456 1829 2520 mittere,
1864 2452 1954 2506 sed

368 2549 599 2620 gladium
624 2568 635 2602 :
664 2551 774 2604 veni
800 2551 932 2605 enim
983 2564 1216 2620 separare
1234 2549 1483 2603 hominem
1501 2547 1739 2602 adversus
1761 2554 1954 2617 patrem

369 2655 537 2694 suum.
573 2638 703 2707 Quia
723 2638 996 2695 renuntiat
1024 2634 1142 2711 quis
1170 2634 1401 2705 diabolo,
1421 2638 1510 2708 qui
1533 2636 1629 2692 fuit
1651 2635 1787 2691 illius
1812 2634 1949 2706 ejus.

373 2727 441 2783 Et
471 2730 629 2800 ﬁliam
653 2730 889 2785 adversus
917 2738 1126 2786 matrem
1164 2746 1307 2784 suam
1336 2745 1354 2784 :
1382 2728 1591 2800 plebem
1622 2727 1719 2784 Dei
1760 2727 1953 2783 adver-

372 2833 468 2874 sus
494 2820 805 2875 mundanam
829 2816 1121 2887 civitatem,
1144 2816 1244 2876 hoc
1266 2828 1348 2875 est
1373 2819 1723 2890 perniciosam
1744 2817 1956 2891 generis

370 2909 590 2964 humani
644 2912 991 2979 societatem,
1044 2925 1201 2982 quam
1259 2924 1400 2965 nunc
1437 2908 1759 2983 Babylonia,
1812 2922 1955 2963 nunc

370 2998 621 3072 Aigypto,
658 3014 795 3056 nunc
814 3001 1067 3067 Sodoma,
1090 3018 1231 3057 nunc
1252 3001 1371 3056 aliis
1393 3011 1552 3072 atque
1576 3001 1696 3056 aliis
1720 3000 1954 3056 nomini-

369 3097 471 3153 bus
515 3098 785 3168 Scriptura
836 3097 1113 3169 signiﬁcat,
1167 3094 1372 3157 Nurum
1415 3096 1652 3152 adversus
1698 3111 1949 3153 socrum:

373 3189 664 3244 Ecclesium
696 3189 954 3246 adversus
987 3190 1336 3263 Synagogam,
1365 3205 1481 3259 quae
1521 3187 1810 3243 secundum
1836 3202 1955 3241 car-

371 3297 499 3337 nem
525 3281 789 3338 Christum
818 3282 1023 3355 peperit
1046 3297 1297 3355 Sponsum
1328 3280 1600 3337 Ecclesiae.
1642 3279 1957 3334 Dividuntur

365 3381 547 3426 autem
583 3371 759 3443 gladio
782 3374 1020 3445 spiritus,
1048 3370 1188 3445 quod
1230 3380 1311 3427 est
1352 3371 1566 3426 verbum
1600 3368 1693 3424 Dei
1740 3367 1953 3442 (Ep/tes.

365 3479 445 3525 vr,
480 3462 589 3532 i7).
617 3462 682 3516 Et
705 3462 892 3518 inimici
914 3462 1128 3523 hominis
1148 3464 1403 3518 domestici
1419 3464 1528 3536 ejus
1552 3478 1574 3521 :
1598 3476 1717 3518 cum
1738 3459 1953 3532 quibus,

363 3562 531 3609 antea
562 3555 943 3611 con5uetudine
983 3555 1282 3629 implicatus
1313 3564 1445 3609 erat.

441 3642 533 3700 iV.
553 3643 651 3717 [11).
675 3661 787 3712 vui,
814 3644 944 3718 1-5.]
961 3644 1109 3712 Quod
1130 3656 1305 3700 autem
1326 3640 1652 3700 descendens
1672 3643 1739 3700 de
1753 3651 1953 3711 monte,

365 3746 712 3806 posteaquam
733 3744 997 3808 praecepta
1024 3737 1131 3792 illic
1147 3734 1417 3809 discipulis
1445 3744 1499 3791 ct
1514 3733 1834 3790 multitudini
1862 3733 1957 3789 de-

366 3829 477 3895 dit,
520 3827 769 3898 leprosurn
802 3830 1003 3894 statim,
1035 3827 1300 3884 extendens
1328 3842 1531 3881 manum
1556 3843 1701 3882 suam
1720 3866 1736 3895 ,
1777 3835 1951 3889 curat;

366 3916 631 3989 signiﬁcat
674 3934 767 3975 cos
804 3921 896 3991 qui
933 3920 999 3975 de
1030 3920 1131 3974 illis
1162 3919 1443 3989 implendis
1481 3918 1823 3985 dubitabant,
1855 3932 1952 3971 suo

363 4009 567 4064 auxilio
592 4009 658 4063 ab
687 4008 990 4080 hnjusmodi
1018 4011 1269 4065 varietate
1298 4010 1560 4065 mundari.

440 4100 511 4157 ν.
545 4101 643 4175 [11).
669 4101 933 4176 vm,20.]
976 4098 1127 4170 Quod
1173 4102 1425 4165 Dominus
1466 4102 1597 4157 dixit
1628 4104 1815 4158 scribae
1861 4105 1949 4172 qui

366 4209 498 4251 cum
530 4192 677 4266 sequi
707 4194 905 4262 voluit,
947 4193 1133 4267 Vulpes
1167 4198 1335 4267 foveas
1374 4194 1595 4263 habent,
1641 4205 1686 4249 et
1726 4196 1949 4251 volucres

365 4288 486 4341 caeli
515 4284 873 4351 tabernacula;
911 4285 1078 4343 Filius
1107 4294 1275 4341 autem
1301 4286 1513 4340 hominis
1548 4302 1647 4340 non
1677 4285 1822 4341 habet
1862 4286 1949 4342 ubi

364 4386 527 4450 caput
552 4396 696 4434 suum
718 4380 938 4450 reclinet,
966 4378 1270 4450 intelligitur
1287 4377 1549 4435 miraculis
1574 4380 1782 4436 Domini
1803 4395 1949 4437 com—

365 4477 554 4527 motus
583 4479 792 4542 propter
821 4471 1029 4526 inanem
1047 4468 1351 4542 jactantiam
1374 4486 1494 4526 eum
1520 4472 1670 4543 sequi
1695 4472 1944 4542 voluisse,

365 4577 536 4635 quam
572 4562 866 4635 signiﬁcant
895 4578 1058 4619 aves:
1088 4564 1303 4619 ﬁnxisse
1344 4572 1523 4618 autem
1561 4564 1805 4637 discipuli
1846 4568 1945 4622 ob-

368 4654 648 4726 sequium,
692 4670 809 4729 quze
837 4652 980 4711 ﬁctio
1020 4654 1254 4724 vulpium
1281 4655 1497 4710 nomine
1524 4655 1812 4726 signiﬁcata
1842 4666 1946 4714 est.

370 4748 740 4806 Beclinatione
782 4764 910 4803 vero
954 4748 1140 4819 capitis
1183 4746 1535 4803 humilitatem
1565 4763 1714 4803 suam
1742 4748 1946 4820 signiti-

369 4844 532 4911 cavit,
562 4860 681 4918 qua:
710 4844 761 4899 in
793 4843 886 4899 illo
912 4844 1218 4900 simulatore
1243 4857 1306 4899 ac
1332 4841 1560 4912 superbo
1589 4858 1695 4898 non
1724 4841 1950 4899 habebat

368 4934 568 4989 locum.

441 5024 534 5082 Vl.
577 5022 678 5103 [11).
710 5042 801 5083 vni
820 5067 835 5093 ,
862 5020 978 5100 22.]
1006 5022 1213 5082 Dimitte
1237 5034 1461 5082 mortuos
1487 5026 1697 5100 sepelire
1725 5036 1947 5085 mortuos

366 5132 509 5172 suos.
538 5113 767 5172 lortuos
786 5116 872 5173 hic
891 5132 998 5172 non
1023 5116 1303 5174 credentes
1322 5116 1457 5172 dixit
1484 5135 1496 5170 :
1530 5127 1752 5174 mortuos
1770 5126 1947 5175 autem

367 5226 512 5277 suos,
541 5209 628 5280 qui
659 5208 1001 5266 nihilominus
1020 5210 1137 5267 sine
1160 5209 1262 5267 ﬁde
1290 5209 1358 5266 de
1380 5224 1605 5282 corpore
1630 5212 1855 5267 exirent.

442 5298 556 5356 VII.
573 5298 672 5375 [1b.
694 5316 752 5366 ι,
776 5298 890 5374 14.]
914 5298 1144 5357 Excutite
1163 5301 1412 5372 pulverem
1432 5300 1494 5356 de
1512 5301 1719 5372 pedibus
1734 5302 1905 5357 vestris
1928 5318 1946 5356 :

356 5400 451 5447 aut
484 5390 553 5447 ad
574 5391 1016 5448 contestationem
1047 5391 1244 5447 laboris
1274 5391 1469 5447 terreni
1493 5431 1511 5457 ,
1537 5406 1694 5462 quem
1721 5406 1818 5461 pro
1841 5392 1947 5449 illis

2058 1446 2286 1502 inaniter
2345 1448 2736 1518 suscepissent;
2798 1458 2891 1506 aut
2951 1458 3009 1506 ut
3069 1451 3415 1509 ostenderent
3462 1468 3629 1525 usque

2058 1539 2190 1594 adeo
2220 1554 2278 1595 se
2305 1539 2373 1594 ab
2401 1540 2528 1610 ipsis
2566 1542 2698 1596 nihil
2742 1550 3013 1599 terrenum
3061 1560 3335 1614 quaerere,
3378 1553 3438 1602 ut
3474 1546 3635 1604 etiam

2056 1631 2330 1701 pulverem
2354 1633 2422 1689 de
2449 1640 2590 1689 terra
2634 1649 2819 1690 eorum
2858 1636 2958 1691 sibi
2988 1648 3092 1691 non
3121 1646 3427 1705 paterentur
3452 1639 3635 1695 adlim—

2055 1738 2198 1779 rere.

2131 1814 2261 1872 Vill.
2292 1814 2390 1888 [lb.
2423 1832 2481 1881 ι,
2516 1816 2627 1889 16.]
2644 1817 2819 1873 Estote
2842 1835 2959 1890 ergo
2985 1821 3251 1889 prudentes
3275 1821 3403 1876 sicut
3426 1838 3629 1893 serpat-

2057 1914 2128 1961 tes
2160 1923 2173 1960 :
2204 1906 2273 1962 ad
2316 1908 2609 1965 cavendum
2668 1910 2863 1965 malum
2886 1952 2900 1975 ,
2947 1912 3001 1966 in
3035 1912 3207 1982 capite
3249 1914 3627 1982 custodiendo,

2057 1998 2199 2067 quod
2244 2009 2325 2054 est
2359 2000 2623 2056 Christus.
2666 2000 2798 2056 Nam
2838 2016 3061 2073 serpens
3101 2011 3266 2059 totum
3300 2020 3494 2078 corpus
3539 2021 3635 2077 pro

2057 2090 2232 2158 capite
2267 2090 2449 2159 objicit
2474 2095 2809 2163 persequenti
2839 2111 2853 2147 :
2887 2094 2969 2149 vel
2997 2094 3137 2164 quod
3166 2110 3262 2165 per
3283 2096 3552 2167 artgustias
3575 2112 3637 2153 sc

2058 2192 2334 2238 eoaretans
2363 2185 2527 2239 veteri
2568 2186 2744 2240 tunica
2778 2194 2969 2241 exutus
2996 2188 3295 2243 innovatur.
3324 2189 3477 2256 Quod
3512 2193 3634 2249 imi-

2059 2279 2237 2327 tantur
2278 2274 2469 2343 quibus
2508 2276 2703 2331 dictum
2733 2285 2850 2343 est,
2890 2277 3086 2333 Intrate
3109 2296 3199 2350 per
3226 2291 3488 2353 angustam
3514 2300 3633 2355 por-

2060 2374 2162 2418 tam
2196 2364 2404 2437 (Hattlz.
2435 2383 2506 2423 vn
2528 2408 2543 2432 ,
2577 2368 2705 2442 15);
2735 2385 2867 2431 eum
2888 2380 3070 2427 vetere
3093 2372 3309 2429 homine
3349 2384 3634 2433 emuntur.

2055 2452 2189 2508 Nam
2217 2455 2259 2509 si
2286 2458 2583 2512 cavendum
2604 2460 2800 2514 malum
2820 2460 2893 2516 ita
2916 2469 3176 2528 moneret,
3200 2472 3257 2517 ut
3275 2465 3533 2522 violenter
3554 2481 3639 2522 re-

2060 2545 2350 2601 sistendum
2379 2556 2522 2603 esset
2544 2550 2697 2604 malis
2714 2591 2735 2615 ,
2761 2565 2866 2606 non
2896 2566 3052 2621 supra
3079 2553 3338 2621 dixisset,
3374 2556 3523 2611 Uitta
3548 2572 3635 2612 nos

2060 2636 2185 2690 sicut
2206 2652 2319 2693 oves
2337 2639 2389 2691 in
2412 2639 2574 2693 medio
2596 2640 2852 2709 luporum.
2880 2640 3160 2711 Simplices
3181 2655 3357 2700 autem
3380 2648 3519 2703 sicut
3540 2662 3635 2703 eo-

2060 2728 2267 2784 lunibas
2293 2746 2413 2787 esse
2440 2731 2627 2797 voluit,
2655 2732 2723 2787 ad
2752 2734 2879 2788 nulli
2907 2735 3224 2791 nocendum.
3258 2738 3390 2792 Nam
3419 2739 3518 2795 hoc
3541 2755 3637 2811 ge-

2060 2834 2163 2875 nus
2187 2821 2301 2875 avis
2319 2822 2523 2878 nullum
2543 2825 2761 2879 omnino
2786 2825 3095 2880 animalium
3117 2836 3269 2882 necat
3292 2844 3307 2893 ς
3334 2843 3441 2884 non
3465 2832 3636 2889 solum

2061 2910 2337 2979 grandium
2360 2952 2375 2977 ,
2416 2921 2600 2969 contra
2628 2929 2746 2983 qua:
2783 2915 2925 2970 vires
2968 2930 3075 2970 non
3102 2915 3298 2981 habet,
3342 2918 3436 2973 sed
3476 2921 3637 2976 etiam

2062 3002 2577 3072 minutissimorum,
2637 3007 2828 3076 quibus
2883 3008 3043 3062 etiam
3092 3012 3331 3079 perparvi
3395 3026 3640 3081 passeres

2062 3094 2293 3151 aluntur.
2325 3095 2421 3154 Est
2445 3106 2645 3153 autem—
2660 3100 2908 3156 omnibus
2936 3101 3326 3158 irrationalibus
3352 3104 3639 3160 animanti-

2062 3184 2161 3239 bus
2186 3202 2287 3240 una
2319 3188 2558 3257 qnmdam
2585 3189 2724 3244 inter
2754 3206 2813 3245 sc
2842 3191 3100 3256 societas,
3127 3193 3264 3249 sicut
3288 3194 3448 3250 etiam
3474 3195 3639 3252 ratio-

2063 3275 2271 3331 nalibus
2295 3293 2412 3345 sua,
2436 3280 2488 3334 id
2509 3290 2591 3335 est
2610 3280 2933 3349 hominibus,
2960 3298 3065 3339 non
3093 3285 3267 3342 solum
3294 3300 3475 3341 secum
3495 3326 3513 3354 ,
3543 3288 3640 3344 sed

2064 3366 2223 3421 etiam
2253 3382 2373 3422 cum
2404 3369 2641 3439 Angelis.
2683 3370 2901 3426 Discutit
2927 3387 3053 3442 ergo
3081 3389 3147 3428 ex
3180 3374 3526 3432 similitudine
3548 3391 3640 3433 ee-

2060 3458 2359 3515 lumbarum
2385 3462 2515 3516 nulli
2557 3478 2777 3533 prorsus
2821 3478 3014 3521 nocere
3050 3464 3117 3521 ad
3142 3467 3450 3524 societatem
3487 3483 3641 3525 suam

2061 3553 2344 3619 pertinenti
2380 3554 2780 3624 participatione
2808 3556 3047 3612 rationis.

2132 3643 2221 3698 IX.
2257 3644 2355 3716 [11).
2384 3662 2436 3700 ιι
2454 3687 2469 3707 .
2498 3645 2611 3718 ‘25.]
2636 3646 2890 3716 Conﬁteor
2915 3647 3034 3712 tibi,
3064 3647 3220 3704 Pater
3240 3691 3255 3717 ,
3282 3650 3501 3706 Domine
3527 3652 3640 3708 cali

2059 3744 2105 3789 et
2131 3744 2297 3789 teme.
2324 3736 2620 3791 Notandum
2660 3737 3048 3795 confessionem
3089 3742 3214 3810 poni
3255 3742 3307 3799 in
3333 3742 3489 3800 laude
3519 3744 3634 3801 Dei.

2057 3825 2173 3882 Non
2211 3831 2353 3883 enim
2391 3838 2606 3899 peccata
2634 3830 2890 3887 Dominus
2917 3831 3306 3901 conﬁtebatur,
3348 3850 3467 3906 quae
3495 3835 3639 3892 nulla

2058 3919 2306 3988 habebat,
2336 3923 2631 3991 praesertim
2648 3925 2770 3994 quia
2794 3940 2916 3980 eum
2937 3926 3290 3983 exsultantem
3317 3928 3422 3984 hoc
3436 3928 3638 3988 dixisse

2056 4014 2190 4067 alius
2233 4014 2557 4082 evangelista
2599 4026 2983 4089 commemorat
3021 4016 3169 4087 (Luc.
3199 4035 3265 4082 ι,
3304 4018 3397 4089 21)
3427 4036 3440 4073 :
3469 4033 3639 4090 quarry

2054 4120 2212 4175 quam
2256 4114 2313 4160 et
2354 4106 2512 4161 verba
2553 4107 2665 4174 ipsa
2711 4123 2831 4177 quae
2867 4109 2995 4164 dicit
3046 4125 3151 4164 non
3205 4110 3433 4166 habeant
3477 4111 3639 4167 dubi-

2056 4198 2306 4253 tationem
2331 4239 2346 4265 ,
2379 4201 2519 4267 quod
2551 4198 2603 4252 in
2634 4198 2789 4254 laude
2814 4200 2905 4254 Dei
2950 4198 3210 4255 dicantur.
3257 4202 3397 4271 Ergo
3428 4201 3638 4257 confes-

2054 4288 2257 4343 sionem
2304 4296 2461 4342 vocat
2495 4287 2767 4357 Scriptura
2808 4290 3128 4358 generaliter
3173 4291 3426 4361 quidquid
3463 4292 3637 4348 mani-

2052 4377 2208 4443 feste,
2244 4378 2383 4435 sicut
2422 4379 2678 4445 cernitur,
2697 4380 3023 4437 enuntiatur.
3060 4380 3193 4437 Nam
3231 4391 3286 4437 et
3323 4382 3452 4437 illud
3487 4383 3634 4453 quod

2053 4473 2158 4539 ait,
2190 4472 2251 4527 Si
2273 4473 2387 4543 quis
2416 4488 2492 4527 me
2517 4475 2777 4543 confessus
2802 4472 2953 4542 fuerit
2981 4488 3151 4529 coram
3179 4473 3481 4542 hominibus,
3518 4490 3634 4530 ean-

2054 4561 2228 4632 ﬁtebor
2261 4572 2307 4618 et
2346 4580 2435 4635 ego
2463 4580 2576 4617 eum
2611 4579 2784 4619 eorum
2831 4562 2988 4618 Patre
3019 4580 3129 4621 meo
3173 4565 3382 4635 (Matth.
3406 4583 3436 4622 ι
3457 4607 3472 4633 ,
3496 4566 3633 4638 Si);

2053 4652 2136 4707 vel
2176 4652 2313 4707 sicut
2345 4653 2472 4707 alibi
2496 4662 2581 4709 cst
2602 4693 2619 4722 ,
2646 4669 2816 4709 coram
2840 4653 3044 4725 Angelis
3072 4654 3170 4713 Dei
3207 4654 3357 4728 (Luc.
3383 4673 3456 4715 ιιι
3480 4698 3497 4725 ,
3524 4655 3582 4729 8)
3613 4670 3635 4715 ε

2053 4758 2157 4798 non
2186 4748 2365 4815 utique
2394 4752 2608 4815 peccata
2655 4745 2935 4801 conﬁtetur
2974 4745 3063 4815 qui
3100 4744 3370 4803 Christum
3409 4746 3635 4808 conlita-

2053 4845 2157 4891 tur.
2197 4836 2349 4905 Quod
2401 4838 2446 4893 si
2494 4846 2773 4907 propterea
2815 4845 3001 4908 putant
3041 4838 3203 4909 aliqui
3238 4839 3633 4899 confessionem

2052 4927 2251 4992 vocari,
2305 4928 2427 4999 quia
2473 4942 2572 4998 pro
2618 4928 2842 4985 crimine
2886 4929 3165 4998 obiiciatur
3201 4930 3399 4987 Christi
3433 4945 3635 4991 nomen

2054 5027 2291 5088 tempore
2342 5019 2724 5089 persecutionis
2763 5036 2779 5087 ;
2834 5021 3090 5092 numquid
3145 5022 3213 5077 ita
3267 5023 3425 5079 etiam
3473 5022 3631 5083 Chri-

2052 5124 2165 5167 Stus
2192 5126 2368 5167 coram
2401 5112 2558 5169 Patre
2582 5111 2668 5167 vel
2696 5127 2873 5168 coram
2902 5114 3119 5184 Angelis
3146 5114 3415 5175 hominem
3455 5118 3545 5188 qui
3570 5133 3637 5177 se

2052 5204 2327 5260 confessus
2348 5202 2509 5260 fuerit
2529 5204 2845 5260 conﬁtetur?
2871 5205 2970 5263 Est
2986 5206 3145 5263 etiam
3172 5208 3224 5263 in
3252 5208 3637 5269 Eeclesiastieo

2053 5296 2123 5352 ita
2150 5296 2378 5367 positum
2398 5338 2413 5363 ,
2454 5294 2517 5349 Et
2543 5297 2651 5351 licet:
2675 5295 2850 5353 dicetis
2870 5298 2922 5353 in
2943 5298 3253 5369 confessione
3275 5340 3292 5365 ,
3323 5297 3492 5370 Opera
3515 5299 3628 5357 Do-

2052 5390 2177 5444 mini
2200 5390 2451 5455 uuiversa,
2486 5389 2726 5459 quoniam
2753 5388 2884 5444 bona
2910 5388 3053 5447 ualde
3081 5387 3270 5459 (Eceli.
3301 5405 3491 5457 sunt,
3521 5388 3627 5458 90,

1529 5540 1809 5583 ADIONITIO
1848 5543 1928 5583 PP.
1970 5541 2441 5583 BENEDTCTINORUM.

421 5622 755 5683 numnum
775 5614 1131 5679 septemdecim
1153 5618 1203 5667 in
1244 5613 1556 5683 liber
1577 5617 1637 5667 ad
1682 5619 1879 5683 eosdem
1900 5620 2091 5683 codices
2128 5618 2329 5683 collatus
2359 5624 2450 5683 gest
2501 5630 2556 5668 ac
2595 5616 2878 5683 precedens
2919 5628 3038 5679 opus
3078 5621 3253 5673 ρυωει.
3298 5619 3497 5681 hang”
3545 5628 3632 5669 ex-

1142 5681 1301 5744 ceptis
1318 5678 1597 5730 Iichaelino
1620 5685 1671 5729 et
1688 5679 1975 5743 Arnulfensi,
1996 5682 2047 5731 in
2069 5683 2245 5745 quibus
2266 5682 2342 5731 hic
2359 5680 2485 5741 liber
2509 5678 2609 5731 non
2618 5680 2880 5741 reperitur.

425 5765 965 5854 L'omparaeimm
989 5773 1285 5859 prieterea
1314 5782 1411 5825 eas
1438 5780 1641 5825 omnes
1668 5763 1965 5826 editiones
1997 5765 2185 5828 initio
2214 5764 2779 5834 Relraetationum,
2817 5772 2863 5822 t.
2898 5762 2954 5835 1,
2981 5768 3366 5821 memoratas.
3449 5763 3540 5826 Μ.
