4036 6460
433 367 455 422 1
468 364 571 420 567

432 481 550 544 Si).
576 478 693 546 Quo
721 476 774 531 in
803 473 922 530 loco
964 469 1320 526 indubitanter
1345 464 1440 520 Dei
1469 461 1651 518 laudes
1680 473 2009 529 exaggeran-

433 582 539 628 tur.
565 567 694 626 Haec
716 566 859 622 dicta
886 572 1010 619 sunt
1035 569 1252 632 propter
1278 555 1595 626 imperitiam
1632 552 1852 608 fratrum
1874 591 1887 615 ,
1919 546 2011 618 qui

434 681 558 722 cum
585 664 790 733 legente
817 660 1016 714 lectore
1039 653 1260 709 audiunt
1282 651 1385 705 hoc
1409 649 1647 710 verbum,
1669 653 1883 715 pectora
1905 649 2012 733 sta-_-

433 757 533 812 tim
557 731 802 818 tundunt,
832 764 934 805 non
964 744 1296 802 attendentes
1321 756 1426 812 quo
1464 740 1581 794 loco
1605 736 1829 802 dicatur,
1861 731 2013 804 quasi

435 863 542 904 non
565 845 732 916 possit
756 842 856 898 nisi
883 847 1219 910 peccatorum
1244 848 1360 889 esse
1381 829 1666 886 confessio.

507 915 580 993 X.
601 936 701 1009 [1b.
727 950 822 999 xu,
854 930 995 1001 l-8.]
1025 925 1321 984 Notandum
1361 923 1428 978 de
1456 937 1521 976 eo
1560 918 1699 989 quod
1725 915 2014 1009 illicite‘fa-

390 1036 393 1037 ⁷
437 1039 580 1085 ctum
603 1005 874 1082 videretur
899 1021 1094 1076 Judzeis
1118 1061 1132 1086 ,
1159 1015 1299 1087 quod
1325 1012 1569 1082 discipuli
1597 1009 1814 1064 sabbato
1842 1005 2015 1076 spicas

441 1121 780 1183 cvulsissent,
805 1128 966 1169 unum
993 1110 1294 1178 exemplum
1334 1105 1513 1160 datum
1553 1101 1710 1172 regia:
1739 1097 2016 1168 potestatis

440 1215 508 1270 de
536 1209 696 1268 David
722 1249 738 1274 ,
769 1210 992 1262 alterum
1025 1199 1366 1258 sacerdotalis
1410 1195 1476 1250 de
1504 1195 1566 1249 iis
1600 1193 1689 1262 qui
1721 1205 1814 1260 per
1857 1189 2015 1243 mini-

446 1307 665 1364 sterium
692 1300 873 1370 templi
903 1297 1178 1352 sabbatum
1204 1292 1401 1347 violant
1434 1308 1445 1343 :
1475 1296 1532 1342 ut
1557 1286 1721 1340 multo
1747 1284 1922 1338 minus
1950 1281 2018 1336 ad

446 1400 616 1468 ipsum
637 1393 934 1449 avulsarum
980 1387 1197 1442 sabbato
1217 1383 1478 1452 spicarum
1501 1378 1698 1433 crimen
1735 1375 2015 1468 pertineat,

445 1463 535 1560 qui
560 1501 717 1542 verus
746 1498 835 1538 rex
863 1489 918 1535 et
947 1491 1103 1533 verus
1131 1473 1378 1531 sacerdos
1403 1479 1502 1535 cst,
1535 1477 1588 1524 et
1618 1467 1736 1522 ideo
1765 1463 2019 1520 Dominus

449 1580 672 1636 sabbati.

518 1670 606 1725 Kl.
640 1667 738 1740 [|b.
773 1680 887 1729 xm,
915 1660 1103 1724 25-30,
1124 1655 1405 1727 56-45.]1.
1432 1654 1556 1708 Cum
1571 1661 1734 1706 autem
1750 1649 2022 1703 dormirent

448 1762 672 1817 homines
694 1801 709 1826 ,
740 1758 869 1812 venit
898 1754 1128 1809 inimicus
1157 1751 1266 1819 ejus
1306 1758 1352 1802 et
1389 1744 1800 1818 superseminuvit
1828 1742 2024 1795 zizania

449 1857 500 1908 in
531 1852 694 1906 medio
735 1849 920 1912 tritici,
970 1855 1014 1899 et
1059 1845 1200 1896 abiit.
1241 1840 1372 1896 Cum
1419 1837 1765 1908 negligentius
1807 1841 2026 1904 agerent

451 1943 720 2016 prmposili
748 1938 1021 2003 Ecclesiae,
1054 1945 1144 1990 aut
1169 1949 1288 1988 cum
1316 1930 1688 1986 dormitioncm
1715 1927 1900 1982 mortis
1939 1941 2025 1982 ac-

451 2038 693 2108 cipereut
735 2031 976 2102 Apostoli
1000 2070 1016 2094 ,
1046 2027 1188 2082 venit
1228 2025 1469 2080 diabolus
1505 2030 1560 2076 et
1587 2019 2028 2091 superseminavit

452 2143 546 2184 eos
564 2140 696 2197 quos
717 2124 885 2178 malos
901 2121 1040 2175 ﬁlios
1060 2118 1314 2172 Dominus
1335 2115 1732 2183 interpretatur.
1757 2112 1860 2167 Sed
1883 2119 2027 2167 recte

452 2217 705 2289 quaeritur
735 2223 909 2268 utrum
932 2209 1164 2266 haeretici
1207 2208 1346 2272 sint,
1390 2221 1455 2259 an
1491 2205 1628 2258 male
1681 2203 1918 2257 viventes
1942 2217 2030 2257 ca-

453 2307 654 2365 tholici.
699 2307 928 2360 Possunt
956 2301 1098 2356 enim
1125 2299 1230 2353 dici
1265 2297 1355 2350 ﬁlii
1403 2296 1525 2350 mali
1551 2295 1708 2350 etiam
1755 2293 2024 2358 haeretici,

453 2401 577 2472 quia
619 2414 682 2453 ex
709 2396 897 2452 eodem
939 2391 1210 2461 Evangelii
1252 2389 1454 2444 semine
1496 2398 1550 2443 et
1592 2386 1787 2442 Christi
1817 2385 2030 2440 nomine

458 2491 756 2564 procreati,
800 2487 975 2559 pravis
999 2484 1334 2556 Opinionibus
1363 2481 1428 2536 ad
1467 2481 1594 2536 falsa
1624 2481 1870 2551 dogmata
1903 2493 2030 2534 cou-

457 2589 750 2638 vertuntur.
778 2577 882 2633 Sed
903 2575 1043 2646 quod
1070 2575 1194 2628 dicit
1223 2588 1314 2628 eos
1333 2574 1385 2626 in
1408 2571 1582 2627 medio
1613 2571 1772 2626 tritici
1802 2569 2032 2625 semina-

458 2682 562 2740 tos,
587 2669 738 2742 quasi
760 2668 1002 2723 videntur
1021 2665 1095 2720 illi
1113 2662 1397 2734 significari
1417 2663 1505 2733 qui
1527 2663 1682 2716 unius
1705 2660 2033 2715 communio-

457 2766 541 2821 nis
584 2771 708 2819 sunt
761 2780 774 2815 :
830 2768 1189 2814 verumtamen
1240 2755 1487 2826 quoniam
1541 2753 1792 2807 Dominus
1847 2765 2032 2820 agrum

457 2859 652 2928 ipsum,
680 2869 784 2908 non
809 2850 1120 2915 Ecclesiam,
1151 2847 1243 2902 sed
1273 2846 1411 2901 hunc
1435 2845 1688 2900 mundum
1715 2845 2030 2914 interpreta-

459 2958 543 3004 tus
568 2958 670 3015 est,
712 2948 848 3004 bene
874 2948 1237 3017 intelliguntur
1264 2944 1496 3000 haeretici
1527 2986 1541 3010 ,
1573 2943 1693 3013 quia
1726 2957 1829 2996 non
1865 2941 2035 2995 socie-

459 3049 567 3096 tate
592 3042 749 3095 unius
775 3040 1030 3095 Ecclesia:
1057 3039 1141 3093 vel
1178 3038 1331 3092 unius
1357 3036 1500 3102 ﬁdei,
1543 3035 1636 3090 sed
1663 3034 1914 3089 societate
1947 3047 2036 3086 so-

459 3132 561 3186 lius
597 3131 826 3186 nominis
869 3130 1142 3185 christiani
1171 3129 1224 3183 in
1266 3129 1367 3183 hoc
1409 3127 1608 3182 mundo
1649 3125 2036 3197 permiscentur

461 3225 617 3280 bonis
649 3243 660 3277 :
693 3232 750 3278 ut
782 3224 858 3278 illi
882 3224 972 3294 qui
1000 3224 1051 3277 in
1078 3222 1263 3277 eadem
1292 3221 1394 3276 ﬁde
1423 3221 1548 3274 mali
1577 3229 1735 3285 sunt,
1764 3218 1910 3288 palea
1941 3232 2037 3287 po-

461 3317 569 3372 tius
589 3330 746 3387 quam
767 3315 966 3369 zizania
987 3313 1324 3384 deputentur;
1349 3313 1470 3382 quia
1489 3312 1638 3381 palea
1655 3310 1814 3364 etiam
1841 3308 2031 3363 funda-

459 3416 699 3464 mentum
747 3408 920 3478 ipsum
979 3406 1139 3461 habet
1183 3420 1304 3460 cum
1350 3404 1652 3469 frumento,
1701 3402 2037 3472 radicemque

459 3514 817 3556 communem.
850 3498 907 3553 In
954 3499 1040 3552 illa
1065 3498 1219 3569 plane
1249 3511 1441 3566 sagcna
1466 3537 1479 3560 ,
1509 3511 1608 3564 qua
1652 3494 2038 3549 concluduntur

459 3601 518 3648 et
536 3592 659 3646 mali
687 3599 741 3646 et
765 3590 890 3646 boni
921 3589 1092 3659 pisces
1119 3588 1332 3659 (Matth.
1362 3604 1451 3640 xm
1473 3628 1487 3652 ,
1515 3586 1708 3656 47-50)
1733 3627 1746 3651 ,
1797 3601 1902 3640 non
1941 3586 2038 3639 ab-

461 3682 622 3739 surde
669 3681 794 3736 mali
838 3679 1083 3735 catholici
1130 3679 1508 3748 intelliguntur.
1569 3677 1724 3731 Aliud
1772 3685 1854 3731 est
1896 3677 2038 3730 enim

462 3793 613 3833 mare
636 3819 650 3845 ,
680 3775 822 3846 quod
852 3777 1019 3846 magis
1057 3775 1309 3829 mundum
1356 3774 1512 3826 istum
1555 3770 1850 3841 signiﬁcat;
1895 3769 2038 3824 aliud

461 3883 656 3940 sagena
677 3910 690 3935 ,
719 3883 837 3937 qua:
867 3867 1024 3920 unius
1053 3865 1173 3920 ﬁdei
1205 3865 1287 3919 vel
1329 3863 1483 3918 unius
1512 3863 1764 3916 Ecclesia:
1802 3875 2042 3914 commu-

462 3960 677 4016 nionem
706 3958 917 4012 videtur
958 3956 1256 4011 ostendere.
1292 3954 1433 4008 Inter
1476 3953 1754 4007 haereticos
1783 3961 1836 4005 et
1875 3952 2041 4005 malos

462 4052 754 4108 catholicos
812 4051 917 4106 hoc
961 4049 1216 4114 interest,
1271 4046 1412 4118 quod
1463 4046 1694 4100 haeretici
1747 4044 1874 4099 falsa
1927 4059 2044 4099 cre-

464 4143 628 4209 dunt,
676 4141 748 4195 illi
787 4151 962 4196 autem
1006 4155 1130 4194 vera
1172 4138 1451 4194 credentes
1496 4152 1601 4192 non
1650 4135 1828 4190 vivunt
1871 4136 1942 4189 ita
1987 4147 2043 4188 ut

465 4233 706 4289 credunt.

540 4325 596 4378 ἓ.
615 4324 765 4380 Solet
787 4332 962 4378 autem
979 4322 1137 4378 etiam
1157 4321 1344 4392 quaeri,
1357 4319 1683 4382 Schismatici
1703 4317 1829 4387 quid
1855 4317 2044 4372 obhae-

465 4418 647 4473 reticis
675 4417 905 4481 distent;
931 4424 984 4470 et
1007 4415 1110 4470 hoc
1138 4414 1361 4469 inveniri
1387 4412 1527 4482 quod
1549 4411 1916 4468 schismaticos
1938 4427 2042 4466 non

447 4496 603 4564 'fldes
646 4508 859 4562 diversa
904 4505 1086 4570 faciat,
1130 4504 1222 4559 sed
1259 4503 1647 4558 communionis
1693 4502 1929 4572 disrupta
1958 4517 2045 4556 so-

469 4603 654 4659 cietas.
686 4600 791 4656 Sed
817 4609 990 4654 utrum
1017 4599 1154 4653 inter
1186 4596 1385 4650 zizania
1413 4594 1727 4650 numerandi
1772 4595 1878 4650 sint
1898 4636 1912 4662 ,
1943 4595 2042 4649 du-

468 4693 628 4750 bitari
656 4700 847 4762 potest.
891 4690 1055 4760 Magis
1083 4699 1257 4744 autem
1298 4688 1542 4742 videntur
1586 4687 1747 4757 spicis
1784 4686 2044 4756 corruptis

449 4782 593 4843 esse
625 4786 926 4851 similiores,
958 4783 1096 4838 sicut
1121 4783 1375 4852 scriptum
1400 4791 1481 4836 est
1502 4823 1516 4848 ,
1563 4780 1718 4835 Vento
1744 4790 1908 4835 autent
1934 4797 2043 4834 cor-

455 4867 734 4951 'rttmpetur
763 4877 896 4946 ﬁlius
919 4876 1120 4946 iniquus
1145 4873 1300 4943 (sap.
1332 4889 1415 4940 ιν,
1441 4873 1498 4942 4)
1528 4889 1542 4925 ε
1571 4873 1654 4928 vel
1681 4873 1843 4942 paleis
1868 4872 2046 4926 arista-

469 4988 591 5030 rum
617 4972 832 5035 fractis,
866 4969 948 5024 vel
990 4965 1168 5022 scissis
1204 4975 1257 5020 et
1299 4964 1364 5019 de
1408 4972 1586 5035 segete
1630 4965 1886 5034 abruptis.
1921 4963 2044 5030 Quo

452 5066 615 5123 enim
645 5065 880 5131 altiores,
914 5062 966 5117 id
995 5070 1076 5116 est
1101 5101 1115 5126 ,
1146 5059 1510 5128 superbiores,
1542 5071 1606 5113 eo
1645 5057 1938 5126 fragiliorcs
1965 5056 2045 5109 lc-

471 5160 752 5228 vioresque
786 5165 927 5211 sunt.
970 5154 1080 5209 Nec
1111 5161 1287 5207 tamen
1311 5165 1640 5222 consequens
1665 5159 1748 5205 est
1786 5161 1844 5204 ut
1871 5149 2044 5204 omnis

472 5251 756 5313 haereticus
780 5249 866 5304 vel
913 5245 1281 5301 schismati'cus
1315 5243 1658 5314 corporaliter
1697 5242 1764 5296 ab
1808 5242 2044 5296 Ecclesia

471 5348 767 5412 separetur.
795 5337 852 5393 Si
878 5339 1020 5393 enim
1043 5336 1175 5391 falsa
1203 5335 1270 5391 de
1292 5336 1400 5391 Deo
1429 5334 1626 5399 credit,
1656 5335 1738 5390 vel
1783 5334 1849 5389 de
1872 5334 2043 5403 aliqua

473 5441 626 5503 parte
653 5429 908 5486 doctrinae
934 5443 1049 5498 quae
1087 5427 1154 5481 ad
1181 5426 1301 5481 ﬁdei
1329 5427 1559 5497 pertinet
1605 5425 2006 5480 aediﬁcationem
2027 5465 2042 5492 ,

474 5521 548 5577 ita
575 5531 632 5576 ut
665 5536 768 5576 non
797 5519 1083 5590 quaerentis
1111 5518 1444 5572 cunctatione
1475 5525 1795 5586 temperatus
1826 5517 1921 5582 sit,
1949 5516 2044 5570 sed

475 5615 789 5669 inconcusse
825 5612 1126 5678 credentis,
1156 5625 1254 5666 nec
1291 5611 1508 5666 omnino
1538 5610 1753 5665 scientis
1798 5611 2045 5681 opinione

472 5712 633 5774 atque
654 5718 838 5758 errore
857 5701 1167 5758 discordans
1186 5743 1202 5768 ,
1239 5701 1518 5757 haereticus
1546 5712 1627 5756 est
1651 5743 1665 5768 ,
1713 5710 1768 5757 et
1808 5702 1936 5756 foris
1963 5711 2046 5756 est

473 5796 689 5865 animo,
719 5799 957 5867 quamvis
992 5795 1336 5853 corooralitcr
1381 5795 1522 5850 intus
1565 5794 1820 5850 videatur.
1853 5794 2042 5852 Multos

1029 345 1483 422 QU£STIONUM
1519 342 1788 402 SEPTEM
1797 338 2000 398 DECIM

2143 338 2567 407 MATTHAEUM,
2605 339 2662 396 S.
2705 338 3066 398 AUGUSTINI

3539 340 3738 401 i568

2117 458 2257 512 enim
2275 458 2406 513 tales
2428 467 2603 528 portat
2622 457 2878 528 Ecclesia,
2900 460 3022 530 quia
3046 475 3150 515 non
3175 460 3246 515 ita
3269 459 3562 516 defendunt
3587 457 3741 514 fal-

2118 549 2327 604 sitatem
2353 551 2628 605 sententiae
2653 567 2784 618 suae,
2811 561 2869 606 ut
2904 553 3160 608 intentam
3189 551 3582 610 multitudinem
3619 551 3742 607 fa-

2118 644 2259 698 ciant
2289 663 2302 698 :
2333 643 2473 714 quod
2514 644 2557 698 si
2588 643 2847 712 fecerint,
2876 654 3001 701 tunc
3035 647 3317 717 pelluntur.
3367 644 3499 702 Item
3518 687 3534 711 ,
3579 644 3749 716 qui-

2119 749 2345 805 cumque
2391 735 2629 790 invideut
2671 736 2860 804 bonis,
2902 737 2972 792 ita
3009 747 3066 792 ut
3109 747 3346 809 quaerant
3385 737 3749 794 occasiones

2119 827 2434 884 excludendi
2460 844 2587 895 eos,
2615 838 2706 884 aut
2737 828 3088 900 degradandi;
3120 831 3204 886 vel
3228 831 3451 886 crimina
3490 845 3591 886 sua
3632 828 3749 884 sic

2119 919 2406 976 defendere
2432 922 2600 992 parati
2627 930 2769 988 sunt,
2801 923 2844 977 si
2872 923 3078 994 objecta
3113 925 3196 979 vel
3230 924 3433 994 prodita
3462 924 3695 980 fuerint
3721 964 3745 989 ,

2121 1022 2180 1067 ut
2206 1013 2366 1067 etiam
2394 1013 2885 1068 conventiculorum
2911 1015 3304 1086 segregationes
3331 1015 3413 1070 vel
3440 1015 3748 1071 Ecclesia:

2123 1103 2550 1174 perturbationes
2605 1104 2838 1174 cogitent
2878 1105 3144 1170 excitare;
3203 1106 3314 1178 jam
3372 1105 3747 1162 schismatici

2123 1205 2266 1263 sunt,
2299 1205 2353 1251 et
2378 1195 2446 1250 ab
2474 1197 2674 1253 unitate
2701 1197 2861 1252 corde
2885 1197 3114 1265 discissi,
3139 1198 3346 1254 etiamsi
3380 1214 3486 1254 non
3518 1199 3748 1253 inven-

2125 1288 2191 1343 tis
2219 1277 2585 1351 oceasionibus
2627 1298 2716 1343 aut
2742 1289 3020 1344 occultatis
3047 1288 3200 1344 factis
3221 1290 3332 1344 suis
3354 1289 3663 1347 Sacramen
3673 1300 3748 1344 to

2125 1379 2376 1433 Ecclesiae
2399 1380 2662 1449 corporali
2690 1381 3087 1435 conversatione
3111 1381 3398 1436 socientur.

2195 1473 2250 1527 5.
2265 1472 2597 1544 Quapropter
2614 1473 2688 1528 illi
2700 1474 2798 1528 soli
2810 1473 3053 1529 catholici
3069 1475 3192 1530 mali
3206 1482 3348 1530 recte
3358 1473 3745 1545 deputantur,

2125 1566 2215 1636 qui
2239 1568 2481 1636 quamvis
2504 1581 2627 1621 vera
2648 1566 2866 1622 credant
2889 1581 3006 1636 qua:
3029 1567 3095 1620 ad
3117 1566 3239 1621 ﬁdei
3259 1564 3559 1622 doctrinam
3581 1580 3749 1636 per-

2130 1660 2328 1726 tinent,
2358 1660 2482 1714 etsi
2520 1659 2647 1728 quid
2691 1658 2827 1714 forte
2869 1659 3114 1713 nesciunt
3142 1656 3484 1727 quaerendum
3517 1656 3748 1712 existi-

2129 1761 2308 1816 ment,
2338 1759 2393 1807 et
2417 1751 2559 1807 salva
2587 1753 2781 1822 pietate
2800 1751 3086 1807 discutiant
3113 1751 3226 1806 sine
3249 1749 3425 1822 aliquo
3448 1748 3748 1820 prtejudi-

2129 1842 2214 1897 cio
2260 1843 2424 1912 ipsius
2454 1843 2688 1898 veritatis
2708 1885 2722 1910 ,
2753 1851 2807 1899 et
2834 1843 3003 1898 bonos
3039 1842 3124 1897 vel
3151 1855 3285 1911 quos
3309 1841 3479 1896 bonos
3518 1847 3752 1910 putant

2131 1941 2311 1987 ament
2336 1941 2495 2002 atque
2535 1933 2800 1988 honorent
2822 1941 3078 2003 quantum
3115 1939 3369 2001 possunt;
3400 1938 3578 1986 tamen
3623 1928 3749 1984 ﬂa-

2130 2024 2319 2093 gitiose
2348 2032 2506 2094 atque
2535 2023 2834 2079 facinorose
2873 2024 3084 2090 vivunt,
3113 2033 3294 2079 contra
3325 2039 3482 2094 quam
3522 2023 3749 2078 viven—

2133 2115 2257 2170 dum
2288 2131 2406 2171 esse
2426 2117 2666 2171 credunt.
2695 2117 2851 2174 Tales
2879 2119 3020 2171 enim
3051 2117 3258 2172 etiamsi
3298 2117 3595 2187 prodantur
3630 2127 3752 2174 aut.

2132 2219 2466 2278 accusentur,
2508 2224 2604 2279 pro
2642 2210 2922 2281 disciplina
2966 2209 3220 2265 Ecclesiae
3262 2210 3552 2280 salutisque
3605 2226 3749 2267 sua:

2134 2318 2291 2358 causa
2336 2304 2598 2374 correpti,
2629 2304 2709 2358 vel
2757 2318 2786 2357 a
2835 2304 3208 2360 communione
3255 2307 3535 2375 suspensi,
3566 2305 3747 2362 nullo

2135 2398 2292 2452 modo
2330 2397 2430 2452 sibi
2457 2396 2810 2452 recedendum
2849 2411 2968 2452 esse
2995 2411 3025 2450 a
3049 2398 3424 2452 communione
3451 2397 3746 2452 catholica

2134 2489 2463 2553 existimant,
2507 2502 2838 2558 quocumque
2881 2487 2899 2520 ⁸
2929 2487 3175 2557 permissi
3246 2488 3443 2544 fuerint
3501 2489 3746 2544 satisfa-

2135 2580 2325 2635 ctiouis
2349 2588 2649 2650 quaerentes
2677 2568 2851 2633 locum
2883 2596 2897 2632 :
2925 2587 2979 2634 et
3003 2578 3285 2650 aliquando
3315 2595 3410 2650 per
3442 2582 3742 2650 poeniten-

2138 2674 2262 2728 tiam
2303 2673 2356 2727 in
2396 2673 2656 2727 frumenta
2695 2681 2983 2738 mutantur,
3025 2674 3138 2728 sive
3178 2674 3444 2744 correpti,
3479 2674 3596 2730 sive
3627 2690 3739 2730 re-

2137 2766 2283 2830 moti,
2305 2766 2417 2820 sive
2436 2765 2594 2820 etiam
2620 2765 2784 2820 verbo
2810 2765 2898 2820 Dei
2916 2765 3063 2820 nullo
3089 2766 3400 2821 nominatim
3431 2778 3744 2824 accusante

2137 2869 2226 2912 aut
2256 2859 2560 2928 increpante
2588 2857 2873 2927 perterriti.
2905 2857 3202 2927 Aliquando
3225 2867 3400 2912 autem
3429 2859 3593 2913 etiam
3621 2860 3744 2915 sub

2139 2951 2354 3007 nomine
2397 2949 2765 3020 paenitentiam
2811 2951 2880 3003 ita
2927 2950 3111 3003 vivunt
3150 2957 3208 3004 ut
3251 2950 3457 3014 solent,
3490 2957 3584 3004 aut
3612 2965 3741 3006 non

2138 3044 2305 3097 multo
2356 3043 2562 3107 minus,
2593 3041 2804 3110 quidam
2849 3041 3007 3095 etiam
3053 3039 3316 3110 amplius;
3363 3042 3508 3095 nullo
3558 3041 3744 3098 modo

2142 3143 2374 3189 tameua
2417 3132 2673 3188 catholica
2724 3133 2924 3186 unitate
2953 3131 3250 3187 discedunt.
3298 3131 3498 3200 Quibus
3545 3134 3616 3188 ita
3646 3136 3743 3189 vi-

2140 3225 2383 3280 ventibus
2412 3225 2454 3278 si
2485 3239 2629 3278 mors
2655 3224 2982 3294 obrepserit,
3013 3225 3178 3294 palea:
3204 3224 3524 3293 deputantur
3546 3239 3741 3296 usque

2141 3319 2196 3372 in
2237 3316 2414 3371 ﬁnem.
2449 3316 2560 3371 Hoc
2588 3317 2744 3370 etiam
2768 3317 2869 3386 ipsi
2894 3315 3118 3371 credunt
3143 3334 3154 3369 :
3182 3331 3304 3370 nam
3333 3317 3376 3370 si
3418 3316 3571 3370 aliter
3601 3331 3745 3374 erc-

2141 3409 2273 3464 dunt
2293 3449 2307 3473 ,
2337 3417 2391 3462 et
2418 3409 2726 3462 inconcusse
2749 3417 2929 3462 tenent
2952 3448 2965 3472 ,
2993 3407 3102 3476 jam
3145 3409 3282 3463 inter
3310 3406 3589 3462 luereticos
3615 3425 3739 3464 nu-

2142 3503 2378 3560 merandi
2423 3511 2583 3566 sunt,
2626 3510 2872 3572 putantes
2916 3501 3163 3556 omnibus
3212 3501 3412 3567 Deum,
3454 3501 3614 3555 etiam
3674 3502 3741 3560 in

2142 3608 2331 3664 magna
2352 3592 2628 3662 iniquitate
2650 3607 2818 3664 usque
2837 3593 2890 3646 in
2914 3591 3071 3646 ﬁnem
3092 3590 3215 3646 vitae
3237 3593 3737 3661 perseverantibus,

2142 3695 2346 3741 tantum
2393 3687 2512 3757 quia
2559 3684 2808 3739 Ecclesia:
2851 3685 3138 3751 unitatem,
3172 3699 3276 3738 non
3325 3685 3534 3740 sincera
3587 3684 3742 3742 dile-

2143 3780 2318 3834 ctione
2342 3777 2485 3850 (nam
2507 3778 2640 3832 bene
2666 3777 2904 3832 viverent
2929 3778 2950 3808 ³
2975 3776 3015 3842 ),
3044 3775 3136 3830 sed
3161 3776 3327 3846 magis
3351 3791 3626 3846 pmnarum
3652 3781 3738 3833 ti-

2143 3886 2293 3926 more
2325 3879 2632 3933 tenucrnnt,
2665 3868 2870 3923 veniam
2909 3868 3173 3922 daturum.
3213 3867 3300 3922 Isti
3329 3882 3454 3938 ergo
3484 3883 3590 3923 non
3619 3867 3740 3925 hoc

2144 3960 2394 4026 credunt,
2428 3960 2507 4013 vel
2547 3973 2650 4013 non
2697 3958 2915 4013 ﬁrmiter
2939 3959 3238 4026 opinantur,
3271 3957 3370 4012 etsi
3414 3956 3588 4012 adhuc
3615 3958 3742 4014 for-

2144 4052 2278 4106 sitan
2306 4058 2546 4120 quaerunt
2571 4068 2582 4104 :
2605 4049 2698 4104 sed
2726 4050 2888 4119 magis
2923 4063 3014 4103 eos
3042 4048 3236 4118 decipit
3256 4064 3379 4118 spes
3408 4049 3688 4105 dilationis
3715 4093 3733 4120 ,

2145 4143 2269 4199 dum
2292 4157 2349 4198 se
2373 4142 2567 4196 diutius
2593 4141 2820 4194 victuros
2840 4148 3054 4210 putant,
3083 4148 3137 4194 et
3160 4140 3392 4208 perditos
3419 4154 3596 4195 mores
3619 4141 3735 4195 ali-

2146 4237 2357 4308 quando
2379 4237 2430 4290 in
2453 4235 2642 4290 melius
2669 4243 2981 4289 mutaturos.
3004 4230 3197 4286 Contra
3229 4248 3362 4301 quos
3381 4231 3572 4287 dicitur
3599 4251 3612 4287 :
3638 4232 3739 4288 Ne

2148 4329 2313 4382 tardes
2337 4328 2554 4381 converti
2574 4326 2640 4379 ad
2668 4324 2853 4390 Deum,
2871 4339 3029 4394 neque
3054 4321 3260 4390 diﬂ‘eras
3288 4322 3351 4376 de
3373 4323 3455 4377 die
3480 4323 3532 4376 in
3550 4323 3686 4376 diem
3714 4340 3739 4381 :

2147 4421 2308 4474 subito
2327 4421 2459 4474 enim
2493 4418 2646 4471 veniet
2675 4417 2752 4470 ira
2785 4417 2920 4485 ejus,
2953 4425 2999 4468 et
3019 4416 3071 4468 in
3111 4424 3331 4484 tempore
3357 4414 3588 4468 vindictw
3617 4415 3736 4471 dis-

2147 4510 2317 4580 perdet
2361 4518 2406 4563 te
2427 4506 2608 4579 (Eccli.
2630 4523 2683 4574 v,
2713 4505 2745 4561 8
2767 4548 2781 4571 ,
2805 4507 2882 4578 9).
2914 4505 2991 4559 Illi
3015 4505 3157 4561 enim
3202 4515 3598 4570 convertuntur,
3634 4511 3734 4576 qui

2147 4609 2291 4654 recte
2319 4599 2494 4652 vivere
2514 4597 2802 4667 incipiunt;
2838 4596 2937 4649 hoc
2963 4606 3044 4650 est
3069 4596 3210 4650 enim
3232 4594 3295 4648 ad
3320 4595 3484 4649 Deum
3509 4595 3687 4650 redire
3715 4617 3731 4652 :

2147 4692 2237 4762 qui
2288 4698 2463 4744 autem
2510 4688 2967 4757 concupiscentias
3017 4701 3140 4741 suas
3186 4695 3587 4756 perseveranter
3633 4701 3730 4742 sc-

2147 4790 2400 4854 qnnntur,
2445 4780 2659 4835 dorsum
2709 4777 3098 4849 quodammodo
3154 4777 3347 4832 habent
3395 4776 3463 4831 ad
3514 4777 3728 4844 Deum,

2148 4873 2388 4944 quamvis
2415 4872 2467 4925 in
2493 4871 2694 4925 unitate
2713 4870 2981 4924 constituti
3009 4883 3150 4938 saepe
3177 4869 3326 4923 illum
3353 4877 3553 4923 retorto
3581 4870 3731 4924 collo

2150 4975 2410 5020 conentur
2436 4963 2693 5032 aspicere.
2719 4961 2858 5031 Ergo
2883 4971 2936 5016 et
2964 4961 3077 5027 isti,
3107 4970 3164 5014 ut
3190 4961 3264 5014 ait
3295 4961 3576 5030 Propheta,
3604 4979 3732 5016 caro

2149 5067 2282 5120 sunt,
2303 5065 2348 5110 et
2367 5055 2572 5124 spiritus
2597 5053 2856 5107 ambulans
2877 5063 2922 5106 et
2942 5070 3040 5106 non
3066 5063 3311 5107 revertens
3332 5051 3504 5123 (Psal.
3521 5068 3728 5120 Lxxvu,

2150 5143 2260 5216 39).
2301 5144 2404 5200 Sed
2435 5152 2610 5197 tamen
2630 5185 2644 5209 ,
2677 5152 2733 5197 ut
2757 5143 2956 5198 dictum
2978 5152 3084 5207 est,
3119 5151 3334 5213 propter
3374 5143 3612 5198 eamdem
3659 5145 3731 5197 ﬁ-

2149 5236 2271 5292 dem
2299 5244 2455 5304 atque
2494 5235 2745 5288 unitatem
2785 5235 3064 5300 Ecclesiae,
3098 5250 3269 5304 neque
3313 5236 3451 5291 inter
3487 5236 3684 5290 zizania
3709 5280 3725 5302 ,

2151 5329 2398 5399 quoniam
2421 5326 2506 5380 illa
2536 5337 2686 5381 extra
2710 5327 2941 5381 radicata
2963 5335 3118 5390 sunt,
3149 5341 3320 5396 neque
3364 5327 3501 5382 inter
3527 5327 3725 5380 arista-

2151 5437 2266 5476 rum
2296 5420 2670 5491 paleam,quae
2716 5434 2774 5474 se
2815 5420 2972 5473 etiam
3015 5417 3293 5472 frumentis
3335 5417 3493 5474 audet
3535 5433 3727 5488 aspera

2215 5558 2322 5606 'sic
2342 5564 2446 5606 Mss.
2475 5563 2528 5605 At
2561 5554 2702 5614 editi,
2727 5567 2756 5602 α
2783 5551 3105 5602 commotione
3135 5550 3382 5604 catholica:
3409 5549 3527 5616 fidei
3564 5551 3731 5602 cristi-

2149 5625 2295 5677 mant,
2322 5616 2776 5681 quomodocumque,
2803 5621 2896 5664 etc.

2215 5683 2234 5711 ³
2257 5674 2352 5746 nat".
2377 5681 2568 5737 omittit,
2590 5674 2702 5727 nant
2727 5674 2839 5728 bene
2860 5674 3064 5746 valerent
3085 5675 3253 5746 {quod
3275 5677 3326 5746 in
3347 5675 3596 5746 plerisque
3617 5681 3726 5746 pass.

2151 5745 2409 5804 reperitur.
2435 5749 2490 5788 At
2511 5751 2609 5788 Am.
2634 5746 2706 5787 Er.
2730 5747 2786 5804 iet
2809 5746 2916 5788 Lov.
2933 5738 3123 5804 habent
3142 5737 3252 5799 ejus
3273 5737 3398 5802 loco,
3422 5737 3589 5789 nisiut
3611 5737 3729 5786 bene

2151 5799 2370 5854 uiuerent.
2395 5804 2636 5851 Vaticanus
2657 5803 2830 5865 (ωαχ,
2853 5807 2904 5851 ut
2928 5800 3039 5853 bene
3063 5799 3283 5851 viverent.
