4036 6396
347 346 487 408 1569

347 461 692 523 dissensione
737 469 798 519 et
841 461 1023 534 fragili
1062 459 1285 517 elatione
1334 459 1768 530 superimponere
1784 498 1800 523 ,
1846 455 1944 512 sed

354 558 600 631 quamvis
646 555 954 627 subiectam
993 553 1295 622 frumentis,
1347 561 1524 609 tamen
1567 553 1706 608 inter
1743 551 1950 622 paleam

355 666 485 725 quae
531 649 718 707 ultima
760 647 1108 705 ventilatione
1156 645 1446 717 separanda
1495 653 1609 712 est,
1661 657 1950 699 numeran-

361 753 494 891 mri.
521 831 655 888 Boni
697 839 876 886 autem
901 828 1146 885 catholici
1163 827 1408 898 sunt,qui
1432 835 1486 883 et
1513 825 1670 882 fidem
1691 827 1950 896 integram

363 934 668 997 sequuntur
697 931 751 979 et
792 935 972 977 mores
997 920 1198 976 bonos:
1224 919 1365 990 quod
1399 927 1576 974 autem
1601 917 1668 972 ad
1708 916 1830 971 fidei
1856 915 1952 971 do-

362 1019 601 1076 ctrinam
625 1015 873 1085 pertinet,
889 1013 959 1066 ita
979 1019 1240 1082 qua‘runt,
1263 1011 1307 1064 si
1331 1009 1457 1080 quid
1477 1008 1822 1080 quaerendum
1849 1007 1948 1061 ha-

363 1110 500 1164 bent
519 1149 533 1173 ,
565 1117 623 1162 ut
651 1105 790 1161 absit
815 1103 1142 1159 concertatio
1178 1100 1473 1172 periculosa
1495 1142 1510 1167 ,
1542 1100 1625 1154 vel
1654 1099 1912 1169 qumrenti
1931 1139 1946 1166 ,

363 1202 454 1256 vel
481 1202 531 1255 ei
559 1214 681 1254 cum
709 1212 814 1268 quo
840 1196 1114 1267 quaeritur,
1145 1194 1227 1248 vel
1267 1194 1345 1249 eis
1382 1194 1471 1263 qui
1513 1191 1836 1248 disserentes
1859 1207 1952 1246 au-

359 1296 540 1350 diunt.
593 1293 665 1346 Ita
709 1300 884 1346 autem
913 1289 1134 1352 docent,
1161 1288 1205 1342 si
1234 1286 1360 1358 quid
1385 1285 1683 1341 docendum
1719 1286 1948 1351 habent,

363 1395 434 1441 ut
460 1385 650 1440 usitata
678 1391 733 1437 et
755 1380 1065 1436 confirmata
1090 1376 1430 1433 securissime
1452 1419 1466 1444 ,
1495 1384 1548 1430 et
1574 1374 1949 1440 fidentissime,

366 1489 428 1534 et
472 1476 769 1539 lenissime,
801 1481 859 1528 ut
894 1481 1146 1541 possunt,
1175 1471 1446 1526 insinuent
1470 1489 1483 1523 :
1507 1469 1754 1524 inusitata
1790 1483 1947 1534 vero,

362 1569 578 1627 etiamsi
608 1566 848 1623 veritatis
878 1563 1300 1619 manifestatione
1326 1559 1668 1632 liquidissima
1701 1575 1951 1630 percepe-

361 1671 499 1717 runt
521 1703 536 1725 ,
561 1656 833 1731 quaerendi
879 1656 1052 1728 potius
1099 1669 1258 1726 quam
1296 1653 1637 1724 prazcipiendi
1676 1663 1766 1708 aut
1803 1653 1951 1708 affir-

361 1751 551 1808 mandi
582 1749 772 1816 modo,
805 1756 1019 1818 propter
1044 1745 1308 1801 audientis
1332 1743 1711 1800 infirmitatem.
1735 1744 1790 1800 Si
1809 1745 1951 1800 enim

363 1853 576 1900 tantum
605 1841 765 1896 habet
787 1837 992 1910 pondus
1016 1837 1228 1908 aliquod
1253 1851 1469 1902 verum,
1499 1845 1554 1890 ut
1575 1838 1713 1890 vires
1733 1836 1953 1890 discen-

369 1938 442 1992 tis
469 1933 730 1995 excedat;
759 1928 1188 2000 suspendendum
1219 1935 1302 1983 est
1327 1936 1386 1982 ut
1429 1927 1680 1982 extendat
1704 1941 1953 1982 crescen-

371 2037 483 2082 tem
504 2067 520 2091 ,
547 2039 651 2078 non
675 2019 1053 2092 imponendum
1088 2027 1143 2073 ut
1167 2018 1372 2073 obterat
1399 2018 1697 2088 parvulum.
1721 2015 1849 2072 Inde
1871 2025 1954 2073 est

375 2117 512 2173 illud
543 2114 742 2170 Domini
768 2130 782 2165 :
813 2111 918 2167 Sed
939 2109 1106 2164 Filius
1131 2110 1347 2164 hominis
1377 2125 1492 2163 cum
1525 2110 1741 2175 venerit,
1767 2118 1916 2179 putas
1934 2151 1950 2178 ,

373 2208 590 2263 incertiet
602 2205 743 2275 ﬁdem
763 2206 818 2258 in
843 2212 977 2258 terra
996 2202 1146 2274 (Luc.
1169 2217 1316 2270 xvm,
1342 2202 1437 2273 8)?
1463 2202 1758 2272 Aliquando
1775 2211 1951 2257 autem

369 2313 426 2358 et
448 2299 817 2356 occullandum
846 2307 962 2364 est,
991 2296 1084 2352 sed
1111 2310 1230 2351 cum
1275 2311 1370 2366 spe
1420 2295 1708 2350 hortatoria
1726 2336 1740 2362 ,
1767 2304 1822 2348 ut
1845 2311 1951 2350 non

367 2396 530 2452 faciat
575 2391 869 2463 desperatio
915 2391 1240 2460 frigidiores,
1271 2388 1366 2444 sed
1417 2388 1737 2443 desiderium
1789 2403 1952 2459 capa-

368 2488 566 2542 ciores.
600 2483 723 2540 inde
759 2491 842 2538 est
879 2481 1007 2536 illud
1051 2481 1290 2549 ejusdem
1334 2480 1576 2536 Domini:
1603 2479 1771 2533 Multa
1795 2479 1952 2534 habeo

371 2578 514 2631 vobis
543 2576 738 2638 dicere;
763 2574 852 2628 sed
881 2589 981 2626 non
1011 2573 1215 2642 potestis
1237 2581 1437 2642 portare
1464 2572 1611 2626 modo
1634 2571 1810 2643 (Joan.
1831 2588 1949 2639 xvn,

369 2667 487 2741 12).
514 2667 665 2735 Quod
691 2681 817 2721 vero
839 2664 907 2720 ad
935 2679 1114 2720 mores
1142 2665 1405 2734 pertinet,
1432 2664 1533 2719 hoc
1573 2665 1710 2720 bene
1752 2674 1806 2720 et
1831 2665 1953 2722 bre-

367 2761 507 2814 viter
530 2757 720 2813 dicitur
743 2774 756 2810 :
779 2764 871 2810 aut
908 2754 1297 2824 conﬂigendum
1335 2764 1417 2810 est
1442 2770 1561 2810 cum
1593 2771 1774 2812 amore
1817 2766 1950 2812 tem-

369 2847 630 2920 poralium
651 2847 933 2912 bonorum,
953 2854 1010 2900 ut
1033 2861 1138 2900 non
1162 2847 1368 2910 vincat;
1393 2847 1660 2901 autetiam
1688 2847 1951 2904 edomitus

367 2940 717 3010 subditusque
733 2953 851 2994 esse
876 2937 1054 3004 debet,
1075 2946 1131 2992 ut
1147 2952 1267 2992 cum
1289 2951 1506 3008 surgere
1524 2939 1744 3007 cmperit
1761 2979 1774 3004 ,
1801 2939 1951 2994 facile

366 3031 722 3100 reprimatur;
753 3036 844 3082 aut
872 3027 943 3082 ita
967 3029 1278 3095 exstinctus,
1313 3037 1370 3081 ut
1397 3043 1454 3082 se
1478 3027 1695 3082 omnino
1717 3029 1856 3082 nulla
1880 3044 1946 3083 ex

368 3131 523 3193 parte
562 3125 912 3175 commoveat.
947 3118 1024 3172 Ex
1045 3132 1149 3188 quo
1176 3118 1234 3172 fit
1258 3127 1318 3172 ut
1336 3119 1495 3172 etiam
1519 3118 1687 3187 ipsam
1719 3127 1946 3174 mortem

369 3222 589 3285 pr0pter
621 3213 899 3266 veritatem
927 3210 1014 3265 alii
1042 3210 1248 3265 fortiter
1272 3211 1486 3275 obeant,
1517 3211 1607 3264 alii
1639 3213 1951 3281 mquanimi.

369 3316 475 3370 ter,
497 3303 590 3358 alii
616 3302 859 3356 libenter.
873 3299 1004 3368 Qua:
1031 3301 1129 3355 tria
1158 3317 1350 3371 genera
1388 3301 1587 3356 fructus
1615 3313 1738 3356 sunt
1761 3303 1952 3360 fertilis

367 3409 556 3463 terrae,
585 3395 793 3462 triceni,
816 3402 871 3449 et
894 3394 1164 3464 sexageni,
1192 3405 1246 3449 et
1265 3395 1475 3450 centeni
1501 3394 1710 3467 (Matth.
1739 3413 1863 3462 xm,
1894 3397 1948 3463 8,

363 3490 487 3562 25).
513 3489 572 3544 Ιιι
602 3487 788 3544 horum
815 3486 992 3556 aliquo
1011 3501 1207 3556 genere
1227 3487 1574 3543 inveniendus
1602 3497 1684 3544 est
1710 3497 1952 3558 tempore

363 3579 564 3635 mortis
591 3593 719 3644 suae,
738 3577 780 3632 si
799 3577 919 3646 quis
946 3576 1014 3631 de
1031 3575 1130 3632 hac
1155 3577 1260 3630 vita
1288 3586 1432 3632 recte
1457 3579 1651 3648 cogitat
1668 3579 1948 3649 emigrare.

440 3673 495 3727 5.
526 3668 818 3724 Toleranda
832 3676 1140 3722 suntautem
1159 3682 1263 3722 non
1282 3669 1451 3722 solum
1470 3669 1670 3724 zizania
1693 3685 1858 3740 usque
1883 3671 1950 3727 ad

365 3776 602 3818 messem
621 3803 638 3828 ,
659 3775 776 3831 quae
799 3775 920 3814 cum
943 3759 1182 3814 diabolus
1207 3761 1440 3829 aspersis
1471 3763 1647 3832 pravis
1673 3763 1950 3819 erroribus

370 3853 629 3922 falsisque
655 3851 993 3921 opinionibus
1016 3851 1526 3920 superseminassct,
1554 3853 1655 3908 hoc
1679 3864 1792 3921 est,
1821 3871 1952 3925 prte-

368 3945 598 4002 cedente
621 3944 832 3998 nomine
861 3941 1056 3998 Christi
1081 3942 1312 3998 haereses
1338 3945 1712 4014 superjecisset
1731 3989 1745 4014 ,
1776 3948 1948 4018 magis

368 4038 490 4108 ipse
538 4036 685 4090 latuit
727 4043 885 4104 atque
929 4033 1320 4089 occultissimus
1365 4033 1533 4090 factus
1577 4046 1687 4103 est;
1716 4038 1818 4093 hoc
1867 4047 1952 4094 est

369 4127 555 4192 enim,
587 4125 649 4178 Et
687 4125 853 4178 abiit:
879 4123 974 4179 sed
1018 4126 1178 4180 etiam
1221 4126 1374 4196 palea
1420 4142 1586 4197 usque
1627 4127 1690 4181 ad
1730 4129 1951 4183 ventila-

369 4217 598 4272 tionem.
625 4215 732 4271 Nec
765 4215 1018 4285 probatur
1045 4215 1232 4272 fortius
1255 4217 1485 4286 gravitas
1534 4216 1947 4284 frumentorum,

367 4307 478 4360 nisi
523 4305 684 4372 palea:
727 4305 1232 4374 perturbationibus,
1281 4321 1413 4376 quas
1456 4307 1545 4377 qui
1596 4309 1950 4376 comprimere

369 4411 486 4452 non
519 4397 745 4466 potuerit
785 4398 1009 4451 veritate
1039 4397 1290 4465 defensa,
1321 4401 1545 4454 cesserit
1591 4401 1790 4455 unitate
1831 4415 1948 4456 ser-

367 4497 518 4542 vata.
549 4486 857 4557 Quanquam
903 4487 956 4542 in
995 4486 1093 4542 hac
1123 4488 1370 4557 parabola
1416 4489 1697 4556 Dominus,
1730 4491 1867 4544 sicut
1898 4492 1948 4545 in

369 4580 493 4648 ejus
523 4578 850 4647 expositione
875 4578 1164 4645 conclusit,
1195 4592 1298 4633 non
1329 4579 1567 4648 quaedam
1587 4622 1601 4646 ,
1635 4580 1728 4634 sed
1771 4581 1950 4636 omnia

373 4668 624 4724 scandala
645 4710 659 4734 ,
683 4678 736 4723 et
764 4684 856 4723 eos
882 4669 973 4739 qui
1001 4669 1196 4724 faciunt
1223 4670 1551 4740 iniquitatem
1577 4712 1591 4736 ,
1626 4673 1948 4728 zizaniorum

375 4761 590 4816 nomine
611 4759 934 4831 signiﬁcasse
963 4761 1286 4831 intelligitur.

448 4851 558 4906 XII.
585 4851 684 4924 [1b.
716 4867 809 4906 xm
825 4850 1062 4924 ﬂii-30.]
1084 4853 1133 4905 l.
1149 4850 1275 4906 Cum
1295 4861 1461 4906 autent
1479 4855 1707 4908 crevisset
1721 4854 1870 4908 herba
1885 4865 1950 4921 ,et

372 4948 594 5014 fructum
636 4945 858 5014 fecisset,
900 4951 1016 4995 tunc
1067 4954 1414 5013 apparuerunt
1459 4956 1506 4998 et
1551 4946 1765 4999 zizania.
1814 4945 1946 5001 Cum

372 5035 518 5088 extim
555 5033 840 5102 spiritualis
868 5032 1028 5088 homo
1055 5049 1173 5088 esse
1196 5035 1416 5104 cmperit
1450 5035 1744 5104 dijudicans
1769 5039 1951 5106 omnia

371 5125 416 5198 (l
443 5124 562 5179 Cor.
597 5141 660 5191 ιι,
693 5124 804 5195 15),
836 5134 959 5179 tunc
1006 5125 1055 5179 ei
1097 5141 1308 5180 errores
1361 5126 1620 5196 incipiunt
1664 5143 1942 5198 apparere.

371 5217 525 5272 Servi
550 5225 726 5271 autem
752 5215 1000 5270 dixerunt
1026 5216 1074 5270 ei
1105 5234 1118 5270 :
1154 5215 1241 5270 Vis
1260 5258 1274 5283 ,
1298 5217 1447 5283 imus,
1471 5226 1517 5271 et
1542 5219 1824 5289 colligimus
1853 5221 1947 5274 ea?

370 5307 560 5364 Utrum
586 5307 685 5378 ipsi
709 5314 836 5362 sunt
862 5307 1034 5374 servi,
1065 5322 1199 5377 quos
1225 5308 1382 5376 paulo
1409 5317 1527 5378 post
1553 5325 1819 5364 messores
1847 5326 1944 5380 ap-

366 5400 562 5470 pellat?
580 5415 648 5456 an
673 5398 801 5470 quia
823 5398 877 5450 in
892 5397 1223 5468 expositione
1244 5399 1507 5470 parabolze
1528 5414 1792 5454 messores
1815 5400 1947 5455 dixit

365 5505 486 5547 esse
506 5491 768 5562 Angelos,
801 5502 902 5542 nec
926 5488 1200 5558 quisquam
1229 5488 1380 5544 facile
1405 5489 1581 5546 dicere
1600 5505 1759 5546 ausus
1790 5491 1948 5546 fuerit

358 5583 594 5655 Angelos
627 5579 873 5636 nescisse
899 5579 1016 5647 quis
1040 5579 1237 5633 zizania
1264 5581 1784 5650 superseminaverit,
1804 5591 1858 5638 et
1881 5598 1943 5638 ea

353 5689 477 5736 tunc
503 5673 836 5750 apparuisse
855 5671 1070 5740 Angelis
1096 5686 1216 5727 cum
1248 5672 1410 5729 herba
1441 5675 1668 5730 fructum
1694 5674 1939 5742 fecisset;

342 5775 512 5848 magis
537 5773 770 5843 oportet
791 5763 1012 5837 intelligi
1035 5764 1276 5843 homines
1302 5769 1445 5836 ipsos
1462 5769 1640 5827 fideles
1664 5785 1944 5826 servorum

1721 338 1924 398 LIBER
1965 337 2165 398 UNUS.

3483 349 3626 409 £370

2057 459 2272 514 nomine
2297 459 2399 516 hoc
2437 461 2556 517 loco
2583 461 2931 534 significatus,
2953 478 3086 536 quos
3111 464 3271 520 etiam
3299 465 3498 521 bonum
3531 481 3622 522 se»

2057 565 2180 605 men
2204 549 2370 606 dicit?
2395 551 2506 608 Nec
2525 553 2715 609 mirum
2739 555 2784 610 si
2810 564 2864 610 et
2885 555 3081 610 bonum
3107 569 3288 611 semen
3308 556 3408 626 ipsi
3434 555 3627 612 dicun-

2056 651 2162 711 tur,
2191 651 2246 699 et
2282 647 2422 700 servi
2461 647 2854 717 patrisfamilias
2877 667 2893 704 :
2914 650 3049 705 sicut
3075 658 3130 705 et
3157 649 3225 706 de
3264 665 3324 706 se
3348 650 3453 717 ait,
3484 651 3627 722 quod

2056 741 2111 788 et
2134 733 2246 804 ipse
2268 734 2337 790 sit
2354 735 2515 806 janua
2535 778 2550 805 ,
2583 737 2696 808 ipse
2721 739 2789 793 sit
2814 748 2993 809 pastor
3022 738 3196 810 (Joan.
3227 755 3296 806 x,
3321 741 3376 807 7,
3405 737 3515 813 ll).
3546 739 3628 796 Ex

2055 825 2280 882 diversis
2298 829 2438 884 enim
2468 831 2940 901 significationibus
2961 846 3063 886 una
3083 846 3169 888 res
3194 832 3356 888 etiam
3377 833 3552 902 plures
3571 841 3628 888 et

2055 917 2294 975 diversas
2319 921 2690 979 similitudines
2714 924 2917 993 recipit.
2947 923 3248 979 Praesertim
3266 924 3388 994 quia
3411 939 3532 980 cum
3556 922 3626 980 ad

2055 1021 2238 1065 servos
2277 1011 2603 1082 loqueretur,
2635 1029 2740 1069 non
2769 1014 2877 1081 ait,
2901 1011 2968 1067 In
2995 1022 3214 1084 temwre
3239 1013 3413 1068 messis
3449 1013 3622 1069 dicam

2055 1100 2237 1167 vobis,
2265 1098 2495 1174 Colligite
2540 1105 2757 1175 primum
2800 1105 3028 1169 zizania;
3059 1103 3156 1160 sed
3183 1103 3391 1170 Dicam,
3419 1103 3622 1175 inquit,

2055 1190 2373 1246 messoribus.
2422 1191 2574 1248 Unde
2598 1194 2901 1265 intelligitur
2941 1193 3355 1266 colligendorum
3390 1192 3624 1248 zizanio-

2056 1296 2174 1335 rum
2200 1282 2265 1336 ad
2292 1283 2706 1338 comburendum
2723 1285 2824 1339 alia
2845 1299 2963 1340 esse
2984 1285 3296 1352 ministeria,
3321 1300 3418 1340 nec
3443 1299 3626 1355 quem-

2057 1387 2213 1442 quam
2240 1374 2488 1429 Ecclesite
2519 1374 2683 1430 filium
2709 1375 2906 1431 debere
2930 1376 3172 1431 arbitrari
3199 1376 3266 1431 ad
3299 1392 3358 1432 se
3385 1374 3487 1431 hoc
3509 1373 3625 1430 offi-

2056 1464 2194 1518 cium
2215 1466 2496 1535 pertinere.

2126 1555 2179 1607 2.
2196 1554 2328 1610 Cum
2350 1556 2507 1626 igitur
2517 1571 2636 1612 esse
2650 1558 2868 1627 quisque
2880 1559 3417 1630 Spiritualiscmperit,
3431 1573 3627 1630 cogno-

2057 1647 2154 1700 scit
2183 1662 2392 1702 errores
2426 1647 2829 1716 haereticorum,
2857 1659 2910 1705 et
2946 1651 3163 1704 omnino
3185 1649 3438 1718 dijudicat
3466 1658 3624 1719 atque

2056 1725 2310 1794 discernit
2354 1739 2608 1810 quidquid
2651 1741 2876 1796 audierit
2920 1752 3008 1796 aut
3057 1741 3240 1812 legerit
3280 1741 3566 1798 abhorrere
3592 1757 3623 1796 a

2056 1832 2234 1902 regula
2281 1833 2514 1888 veritatis
2543 1850 2556 1887 :
2585 1834 2680 1889 sed
2723 1834 2891 1890 donec
2919 1836 2974 1890 in
3017 1833 3218 1890 eisdem
3261 1834 3620 1906 spiritualibus

2059 1924 2379 1995 perﬁciatur,
2408 1936 2462 1982 et
2504 1927 2892 1996 quodammodo
2938 1937 3260 1984 maturescat
3299 1928 3352 1983 in
3399 1928 3624 1984 fructum

2055 2032 2212 2086 quem
2256 2016 2417 2072 herba
2459 2017 2637 2084 dedit,
2671 2027 2843 2087 potest
2889 2034 3008 2074 eum
3047 2033 3288 2085 movere,
3319 2033 3482 2089 quare
3526 2018 3627 2073 sub

2058 2111 2270 2166 nomine
2289 2111 2578 2166 christiano
2599 2120 2702 2166 tam
2727 2112 2907 2167 multa:
2936 2112 3302 2167 haereticorum
3329 2111 3628 2166 exstiterint

2056 2203 2329 2258 falsitates.
2369 2204 2495 2258 lude
2535 2213 2616 2260 est
2641 2205 2783 2276 quod
2809 2205 2948 2260 servi
2974 2203 3188 2270 dicunt,
3222 2203 3404 2258 Nonne
3443 2204 3627 2258 bonum

2055 2311 2221 2350 semen
2244 2296 2500 2350 seminasti
2537 2296 2592 2349 in
2628 2312 2752 2366 agro
2779 2296 2900 2349 tuo?
2921 2295 3052 2348 unde
3076 2311 3191 2365 ergo
3223 2295 3366 2348 habet
3394 2293 3628 2348 zizania?

2058 2386 2256 2440 Deinde
2301 2401 2423 2440 cum
2473 2387 2783 2457 cognoverit
2825 2386 2963 2441 hanc
3005 2387 3334 2457 excogitasse
3387 2385 3626 2440 fraudem

2055 2477 2362 2542 diabolum,
2395 2492 2515 2531 cum
2563 2486 2748 2532 contra
2798 2478 2928 2531 tanti
2981 2477 3212 2532 nominis
3259 2477 3624 2531 auctoritatem

2055 2569 2188 2623 nihil
2218 2585 2277 2624 se
2312 2571 2490 2624 valere
2529 2569 2781 2636 sentiret,
2815 2579 2873 2624 ut
2901 2569 3135 2624 fallacias
3158 2584 3282 2625 suas
3307 2570 3495 2625 eodem
3525 2584 3625 2624 no-

2055 2661 2195 2716 mine
2217 2661 2521 2732 obtegeret;
2550 2669 2724 2729 potest
2755 2659 2806 2714 ei
2833 2660 3060 2716 suboriri
3099 2659 3371 2725 voluntas,
3402 2669 3460 2716 ut
3496 2661 3629 2715 tales

2057 2756 2300 2811 homines
2341 2755 2406 2810 de
2446 2754 2604 2810 rebus
2630 2753 2874 2808 humanis
2898 2753 3134 2820 auferat,
3167 2753 3210 2808 si
3238 2753 3466 2824 aliquam
3496 2761 3629 2808 tem-

2055 2848 2201 2916 poris
2246 2847 2438 2902 habeat
2480 2843 2821 2912 facultatem;
2851 2843 2944 2900 sed
2975 2853 3148 2900 utrum
3189 2844 3364 2899 facere
3402 2842 3625 2909 debeat,

2049 2937 2304 3008 justitiam
2352 2939 2443 2993 Dei
2484 2937 2710 2992 consulit
2755 2946 2930 2992 utrum
2977 2937 3077 2992 hoc
3117 2935 3167 2990 ei
3213 2935 3509 3006 praecipiat,
3539 2935 3627 2991 vel

2056 3029 2356 3098 permittat,
2389 3028 2569 3083 ethoc
2592 3027 2820 3082 officium
2858 3043 2976 3083 esse
3019 3027 3290 3082 hominum
3317 3025 3444 3082 velit
3467 3045 3480 3081 ι
3503 3025 3629 3083 hinc

2055 3128 2137 3174 est
2175 3119 2316 3188 quod
2359 3119 2498 3173 servi
2524 3118 2742 3185 dicunt,
2779 3117 2898 3183 Vis,
2930 3119 3090 3186 imus,
3131 3127 3177 3173 et
3219 3118 3503 3189 colligimus
3529 3118 3629 3172 ea?

2055 3210 2256 3277 Quibus
2279 3211 2400 3280 quia
2428 3210 2636 3264 Veritas
2660 3210 2772 3279 ipsa
2801 3209 3114 3279 respondet,
3137 3223 3242 3264 non
3265 3209 3337 3263 ita
3357 3207 3626 3264 hominem

2055 3304 2398 3359 constitutum
2427 3317 2546 3357 esse
2591 3303 2644 3356 in
2683 3301 2781 3356 hac
2817 3303 2958 3368 vita,
2987 3310 3044 3356 ut
3081 3309 3258 3357 certus
3302 3316 3420 3356 esse
3463 3301 3628 3371 possit

2055 3397 2226 3468 qualis
2253 3397 2472 3466 quisque
2502 3394 2709 3450 futurus
2731 3395 2799 3449 sit
2823 3403 3004 3465 postea
3025 3437 3040 3462 ,
3068 3395 3217 3464 cujus
3249 3394 3302 3449 in
3346 3394 3628 3464 praesentia

2055 3487 2227 3542 cernit
2273 3501 2538 3554 errorem,
2568 3486 2653 3542 vel
2681 3485 2806 3556 quid
2835 3486 2992 3541 etiam
3044 3501 3196 3541 error
3238 3486 3352 3554 ejus
3389 3487 3628 3541 conferat

2053 3579 2119 3632 ad
2150 3588 2454 3649 provectum
2483 3580 2771 3643 bonorum;
2795 3593 2900 3634 non
2931 3593 3048 3634 esse
3076 3579 3205 3635 tales
3224 3578 3539 3635 auferendos
3559 3579 3628 3634 de

2055 3667 2153 3722 hac
2178 3669 2315 3735 vita,
2345 3683 2411 3723 ne
2461 3684 2580 3724 cum
2621 3669 2790 3724 malos
2833 3679 3052 3735 conatur
3099 3667 3426 3735 interficere,
3457 3667 3627 3723 bonos

2055 3761 2367 3826 interficiat,
2396 3760 2535 3830 quod
2568 3760 2702 3816 forte
2747 3760 2906 3815 futuri
2946 3768 3100 3824 sunt;
3125 3768 3217 3814 aut
3259 3759 3411 3814 bonis
3453 3757 3624 3826 obsit,

2053 3851 2242 3920 quibus
2270 3860 2322 3904 et
2347 3851 2493 3904 inviti
2520 3850 2657 3906 forte
2693 3851 2846 3906 utiles
2875 3861 2997 3905 sunt
3027 3869 3040 3906 :
3064 3850 3158 3905 sed
3186 3860 3312 3906 tunc
3331 3858 3628 3920 opportune

2053 3943 2165 4000 fieri
2185 3985 2201 4010 ,
2229 3959 2347 3998 cum
2372 3945 2480 4014 jam
2512 3944 2564 4000 in
2597 3943 2698 3999 fine
2724 3960 2828 3999 non
2857 3953 3019 3999 restat
3048 3945 3128 4000 vel
3162 3954 3367 4014 tempus
3391 3959 3628 3999 commu-

2055 4035 2230 4091 tanda:
2259 4036 2398 4101 vitm,
2419 4035 2502 4090 vel
2534 4035 2839 4104 proficiendi
2861 4035 2927 4090 ad
2954 4037 3228 4091 veritatem
3254 4051 3322 4091 ex
3350 4035 3630 4092 occasione

2053 4135 2210 4197 atque
2254 4127 2650 4196 comparatione
2695 4126 2848 4180 alieni
2897 4127 3121 4190 erroris;
3156 4136 3278 4180 tunc
3303 4137 3479 4182 autem
3525 4127 3626 4182 hoc

2054 4234 2159 4271 non
2205 4217 2272 4271 ab
2312 4217 2647 4281 hominibus,
2682 4215 2774 4271 sed
2825 4217 2892 4269 ab
2939 4217 3152 4285 Angelis
3195 4217 3308 4271 fieri
3338 4236 3350 4271 :
3381 4217 3502 4271 inde
3543 4226 3627 4272 est

2053 4309 2194 4379 quod
2236 4309 2523 4378 resliondet
2564 4309 2973 4378 paterfamilias,
3017 4307 3261 4374 Non;ne
3306 4313 3434 4381 forte
3475 4310 3623 4364 colli-

2054 4409 2218 4472 gentes
2247 4401 2462 4466 zizania,
2493 4401 2752 4455 eradicetis
2789 4401 2937 4455 simul
2963 4410 3007 4456 et
3029 4401 3247 4455 triticum
3269 4417 3287 4454 :
3307 4401 3393 4454 sed
3417 4402 3471 4455 in
3501 4409 3625 4455 tem-

2054 4509 2176 4563 pore
2213 4493 2385 4546 messis
2430 4492 2594 4545 dicam
2623 4492 2920 4546 messoribus
2943 4533 2958 4558 ,
2990 4502 3044 4548 et
3081 4501 3291 4548 caatera.
3323 4494 3496 4562 Atque
3527 4493 3629 4548 hoc

2053 4584 2210 4639 modo
2237 4599 2328 4638 cos
2359 4584 2774 4652 patientissimos
2805 4593 2857 4639 et
2885 4584 3350 4653 tranquillissimos
3369 4583 3560 4640 reddit.

2125 4677 2177 4729 '5.
2202 4674 2378 4740 Quaeri
2403 4682 2578 4728 autem
2599 4683 2790 4744 potest,
2810 4673 2950 4744 quod
2975 4673 3083 4738 ait,
3110 4673 3329 4746 Alligate
3357 4675 3629 4744 fasciculos

2052 4767 2119 4820 ad
2159 4767 2580 4832 comburendum,
2609 4781 2702 4820 cur
2744 4782 2850 4821 non
2890 4780 3050 4819 unum
3093 4763 3287 4820 fascem
3310 4807 3323 4831 ,
3351 4775 3439 4820 aut
3466 4781 3627 4821 unmn

2053 4874 2300 4914 acervum
2350 4857 2672 4912 zizaniorum
2722 4857 2836 4912 fieri
2887 4857 3052 4911 dixit?
3076 4857 3185 4912 Nisi
3232 4857 3366 4912 forte
3409 4867 3627 4927 propter

2053 4951 2358 5004 varietatem
2383 4949 2770 5015 haereticorum,
2789 4957 2844 5003 et
2859 4963 2964 5003 non
2987 4949 3154 5003 solum
3170 4964 3200 5002 a
3222 4950 3416 5013 tritico,
3436 4964 3624 5006 verum

2053 5042 2210 5097 etiam
2260 5057 2291 5095 a
2335 5041 2522 5110 seipsis
2575 5041 3020 5110 discrepantium,
3051 5040 3160 5111 ipsa
3211 5041 3624 5112 uniuscujusque

2055 5135 2322 5189 haereseos
2351 5135 2561 5203 propria
2587 5133 2949 5188 conventicula
2971 5175 2984 5198 ,
3014 5133 3062 5187 in
3107 5132 3296 5203 quibus
3321 5133 3626 5203 singillatim

2053 5243 2147 5282 sua
2175 5225 2546 5281 communione
2593 5225 2818 5281 devincti
2857 5234 2996 5292 sunt,
3025 5226 3237 5281 non'tine
3252 5226 3626 5282 fasciculorum

2053 5317 2384 5386 designavit:
2409 5325 2464 5370 ut
2497 5315 2604 5385 jam
2650 5325 2774 5370 tunc
2802 5317 3053 5386 incipiant
3077 5316 3280 5386 alligari
3317 5317 3382 5371 ad
3411 5317 3628 5373 combu-

2053 5409 2298 5475 rendum,
2327 5424 2447 5464 cum
2474 5423 2502 5461 a
2533 5408 2790 5463 catholica
2822 5409 3196 5465 communione
3222 5410 3481 5480 segregati
3503 5423 3630 5466 suas

2053 5502 2293 5573 proprias
2341 5501 2490 5571 quasi
2519 5501 2771 5557 ecclesias
2814 5500 3012 5557 habere
3053 5500 3346 5571 coeperint;
3379 5510 3435 5554 ut
3475 5515 3625 5555 com-

2053 5593 2228 5649 bustio
2257 5607 2440 5649 earum
2470 5593 2538 5648 sit
2562 5594 2614 5646 in
2648 5592 2751 5647 line
2779 5593 2959 5648 saeculi
2979 5634 2994 5659 ,
3021 5589 3178 5646 modo
3202 5589 3434 5661 alligatis
3471 5590 3629 5648 fasci-

2053 5687 2315 5740 culorum.
2363 5683 2465 5738 Sed
2513 5682 2558 5737 si
2599 5682 2668 5737 ita
2708 5692 2878 5747 esset,
2916 5697 3020 5736 non
3061 5679 3168 5748 jam
3213 5679 3395 5736 multa:
3441 5683 3630 5754 resipi-

2053 5775 2272 5843 scendo,
2301 5785 2356 5831 et
2383 5776 2433 5833 in
2461 5774 2786 5832 Catholicam
2810 5771 3094 5831 remeando
3120 5771 3187 5828 ab
3217 5788 3401 5832 errore
3454 5777 3628 5836 desci-
