  <div class='ocr_page' id='page_1' title='image "/cluster/home/n/w/nwhite01/storage/ocr_20150623/35/uva.x000827104/037.png"; bbox 0 0 4036 6394; ppageno 0'>
   <div class='ocr_carea' id='block_1_1' title="bbox 489 294 620 354">
    <p class='ocr_par' dir='ltr' id='par_1_1' title="bbox 489 294 620 354">
     <span class='ocr_line' id='line_1_1' title="bbox 489 294 620 354; baseline 0 -3"><span class='ocrx_word' id='word_1_1' title='bbox 489 294 620 354; x_wconf 68' lang='lat' dir='ltr'><strong>lii?!</strong></span> 
     </span>
    </p>
   </div>
   <div class='ocr_carea' id='block_1_2' title="bbox 488 398 2058 479">
    <p class='ocr_par' dir='ltr' id='par_1_2' title="bbox 488 398 2058 479">
     <span class='ocr_line' id='line_1_2' title="bbox 488 398 2058 479; baseline -0.008 -15"><span class='ocrx_word' id='word_1_2' title='bbox 488 418 723 465; x_wconf 82' lang='lat' dir='ltr'><strong>soerent.</strong></span> <span class='ocrx_word' id='word_1_3' title='bbox 796 408 1132 479; x_wconf 68' lang='lat' dir='ltr'><strong>Quapropter</strong></span> <span class='ocrx_word' id='word_1_4' title='bbox 1181 412 1239 461; x_wconf 88' lang='lat' dir='ltr'><strong>et</strong></span> <span class='ocrx_word' id='word_1_5' title='bbox 1300 404 1535 474; x_wconf 80' lang='lat' dir='ltr'><strong>alligatlo</strong></span> <span class='ocrx_word' id='word_1_6' title='bbox 1580 400 1951 456; x_wconf 75' lang='lat' dir='ltr'><strong>fasciculorum</strong></span> <span class='ocrx_word' id='word_1_7' title='bbox 2007 398 2058 452; x_wconf 91' lang='lat' dir='ltr'><strong>in</strong></span> 
     </span>
    </p>
   </div>
   <div class='ocr_carea' id='block_1_3' title="bbox 492 491 2063 566">
    <p class='ocr_par' dir='ltr' id='par_1_3' title="bbox 492 491 2063 566">
     <span class='ocr_line' id='line_1_3' title="bbox 492 491 2063 566; baseline -0.007 -10"><span class='ocrx_word' id='word_1_8' title='bbox 492 501 596 556; x_wconf 87' lang='lat' dir='ltr'><strong>ﬁne</strong></span> <span class='ocrx_word' id='word_1_9' title='bbox 623 500 799 556; x_wconf 84' lang='lat' dir='ltr'><strong>futura</strong></span> <span class='ocrx_word' id='word_1_10' title='bbox 823 509 939 566; x_wconf 88' lang='lat' dir='ltr'><strong>est,</strong></span> <span class='ocrx_word' id='word_1_11' title='bbox 972 507 1029 553; x_wconf 91' lang='lat' dir='ltr'><strong>ut</strong></span> <span class='ocrx_word' id='word_1_12' title='bbox 1057 514 1163 553; x_wconf 90' lang='lat' dir='ltr'><strong>non</strong></span> <span class='ocrx_word' id='word_1_13' title='bbox 1190 495 1411 553; x_wconf 80' lang='lat' dir='ltr'><strong>confuse</strong></span> <span class='ocrx_word' id='word_1_14' title='bbox 1431 534 1446 558; x_wconf 87' lang='lat'><strong>.</strong></span> <span class='ocrx_word' id='word_1_15' title='bbox 1470 493 1563 549; x_wconf 86' lang='lat' dir='ltr'><strong>sed</strong></span> <span class='ocrx_word' id='word_1_16' title='bbox 1611 508 1707 563; x_wconf 89' lang='lat' dir='ltr'><strong>pro</strong></span> <span class='ocrx_word' id='word_1_17' title='bbox 1744 491 1903 549; x_wconf 86' lang='lat' dir='ltr'><strong>modo</strong></span> <span class='ocrx_word' id='word_1_18' title='bbox 1942 506 2063 560; x_wconf 82' lang='lat' dir='ltr'><strong>pcr-</strong></span> 
     </span>
    </p>
   </div>
   <div class='ocr_carea' id='block_1_4' title="bbox 488 584 2064 659">
    <p class='ocr_par' dir='ltr' id='par_1_4' title="bbox 488 584 2064 659">
     <span class='ocr_line' id='line_1_4' title="bbox 488 584 2064 659; baseline -0.006 -13"><span class='ocrx_word' id='word_1_19' title='bbox 488 592 755 647; x_wconf 82' lang='lat' dir='ltr'><strong>versitatis</strong></span> <span class='ocrx_word' id='word_1_20' title='bbox 780 606 891 645; x_wconf 66' lang='lat' dir='ltr'><strong>ante</strong></span> <span class='ocrx_word' id='word_1_21' title='bbox 908 588 1318 659; x_wconf 79' lang='lat' dir='ltr'><strong>uniuscujusque</strong></span> <span class='ocrx_word' id='word_1_22' title='bbox 1338 586 1539 643; x_wconf 87' lang='lat' dir='ltr'><strong>erroris</strong></span> <span class='ocrx_word' id='word_1_23' title='bbox 1564 584 1849 656; x_wconf 85' lang='lat' dir='ltr'><strong>pertinacia</strong></span> <span class='ocrx_word' id='word_1_24' title='bbox 1870 584 2064 654; x_wconf 79' lang='lat' dir='ltr'><strong>punis-</strong></span> 
     </span>
    </p>
   </div>
   <div class='ocr_carea' id='block_1_5' title="bbox 489 691 597 737">
    <p class='ocr_par' dir='ltr' id='par_1_5' title="bbox 489 691 597 737">
     <span class='ocr_line' id='line_1_5' title="bbox 489 691 597 737; baseline 0.009 0"><span class='ocrx_word' id='word_1_25' title='bbox 489 691 597 737; x_wconf 88' lang='lat' dir='ltr'><strong>tur.</strong></span> 
     </span>
    </p>
   </div>
   <div class='ocr_carea' id='block_1_6' title="bbox 562 767 2063 843">
    <p class='ocr_par' dir='ltr' id='par_1_6' title="bbox 562 767 2063 843">
     <span class='ocr_line' id='line_1_6' title="bbox 562 767 2063 843; baseline -0.004 -15"><span class='ocrx_word' id='word_1_26' title='bbox 562 773 617 828; x_wconf 62' lang='grc' dir='ltr'><strong>ὁ.</strong></span> <span class='ocrx_word' id='word_1_27' title='bbox 638 770 722 827; x_wconf 86' lang='lat' dir='ltr'><strong>Ne</strong></span> <span class='ocrx_word' id='word_1_28' title='bbox 736 772 870 841; x_wconf 80' lang='lat' dir='ltr'><strong>forte</strong></span> <span class='ocrx_word' id='word_1_29' title='bbox 881 772 1168 843; x_wconf 68' lang='lat' dir='ltr'><strong>mitigantes</strong></span> <span class='ocrx_word' id='word_1_30' title='bbox 1182 771 1399 836; x_wconf 75' lang='lat' dir='ltr'><strong>sizania,</strong></span> <span class='ocrx_word' id='word_1_31' title='bbox 1417 769 1676 825; x_wconf 80' lang='lat' dir='ltr'><strong>eradicetis</strong></span> <span class='ocrx_word' id='word_1_32' title='bbox 1687 767 1838 823; x_wconf 82' lang='lat' dir='ltr'><strong>simul</strong></span> <span class='ocrx_word' id='word_1_33' title='bbox 1857 777 1901 823; x_wconf 86' lang='lat' dir='ltr'><strong>et</strong></span> <span class='ocrx_word' id='word_1_34' title='bbox 1931 767 2063 822; x_wconf 83' lang='lat' dir='ltr'><strong>triti-</strong></span> 
     </span>
    </p>
   </div>
   <div class='ocr_carea' id='block_1_7' title="bbox 489 860 2054 936">
    <p class='ocr_par' dir='ltr' id='par_1_7' title="bbox 489 860 2054 936">
     <span class='ocr_line' id='line_1_7' title="bbox 489 860 2054 936; baseline -0.004 -16"><span class='ocrx_word' id='word_1_35' title='bbox 489 883 624 921; x_wconf 81' lang='lat' dir='ltr'><strong>cum.</strong></span> <span class='ocrx_word' id='word_1_36' title='bbox 653 865 840 923; x_wconf 86' lang='lat' dir='ltr'><strong>Utrum</strong></span> <span class='ocrx_word' id='word_1_37' title='bbox 860 866 981 936; x_wconf 88' lang='lat' dir='ltr'><strong>quia</strong></span> <span class='ocrx_word' id='word_1_38' title='bbox 1007 866 1164 919; x_wconf 86' lang='lat' dir='ltr'><strong>etiam</strong></span> <span class='ocrx_word' id='word_1_39' title='bbox 1187 863 1310 919; x_wconf 87' lang='lat' dir='ltr'><strong>boui</strong></span> <span class='ocrx_word' id='word_1_40' title='bbox 1339 878 1459 918; x_wconf 89' lang='lat' dir='ltr'><strong>cum</strong></span> <span class='ocrx_word' id='word_1_41' title='bbox 1488 862 1661 918; x_wconf 90' lang='lat' dir='ltr'><strong>adhuc</strong></span> <span class='ocrx_word' id='word_1_42' title='bbox 1691 860 1885 916; x_wconf 89' lang='lat' dir='ltr'><strong>inﬁrmi</strong></span> <span class='ocrx_word' id='word_1_43' title='bbox 1911 868 2054 925; x_wconf 87' lang='lat' dir='ltr'><strong>sunt,</strong></span> 
     </span>
    </p>
   </div>
   <div class='ocr_carea' id='block_1_8' title="bbox 488 951 2061 1026">
    <p class='ocr_par' dir='ltr' id='par_1_8' title="bbox 488 951 2061 1026">
     <span class='ocr_line' id='line_1_8' title="bbox 488 951 2061 1026; baseline -0.003 -16"><span class='ocrx_word' id='word_1_44' title='bbox 488 971 625 1026; x_wconf 78' lang='lat' dir='ltr'><strong>Opus</strong></span> <span class='ocrx_word' id='word_1_45' title='bbox 650 956 848 1011; x_wconf 86' lang='lat' dir='ltr'><strong>habent</strong></span> <span class='ocrx_word' id='word_1_46' title='bbox 895 956 948 1010; x_wconf 89' lang='lat' dir='ltr'><strong>in</strong></span> <span class='ocrx_word' id='word_1_47' title='bbox 994 954 1306 1026; x_wconf 76' lang='lat' dir='ltr'><strong>quibusdam</strong></span> <span class='ocrx_word' id='word_1_48' title='bbox 1352 954 1610 1008; x_wconf 83' lang='lat' dir='ltr'><strong>malorum</strong></span> <span class='ocrx_word' id='word_1_49' title='bbox 1649 951 2061 1017; x_wconf 79' lang='lat' dir='ltr'><strong>commixtione,</strong></span> 
     </span>
    </p>
   </div>
   <div class='ocr_carea' id='block_1_9' title="bbox 486 1045 2066 1117">
    <p class='ocr_par' dir='ltr' id='par_1_9' title="bbox 486 1045 2066 1117">
     <span class='ocr_line' id='line_1_9' title="bbox 486 1045 2066 1117; baseline -0.004 -14"><span class='ocrx_word' id='word_1_50' title='bbox 486 1048 602 1108; x_wconf 83' lang='lat' dir='ltr'><strong>sive</strong></span> <span class='ocrx_word' id='word_1_51' title='bbox 623 1056 681 1103; x_wconf 93' lang='lat' dir='ltr'><strong>ut</strong></span> <span class='ocrx_word' id='word_1_52' title='bbox 711 1064 804 1117; x_wconf 89' lang='lat' dir='ltr'><strong>per</strong></span> <span class='ocrx_word' id='word_1_53' title='bbox 830 1062 922 1102; x_wconf 88' lang='lat' dir='ltr'><strong>eos</strong></span> <span class='ocrx_word' id='word_1_54' title='bbox 958 1054 1327 1111; x_wconf 76' lang='lat' dir='ltr'><strong>exerceantur,</strong></span> <span class='ocrx_word' id='word_1_55' title='bbox 1351 1045 1463 1099; x_wconf 86' lang='lat' dir='ltr'><strong>sive</strong></span> <span class='ocrx_word' id='word_1_56' title='bbox 1498 1054 1555 1100; x_wconf 93' lang='lat' dir='ltr'><strong>ut</strong></span> <span class='ocrx_word' id='word_1_57' title='bbox 1580 1057 1763 1099; x_wconf 87' lang='lat' dir='ltr'><strong>eorum</strong></span> <span class='ocrx_word' id='word_1_58' title='bbox 1787 1056 2066 1111; x_wconf 84' lang='lat' dir='ltr'><strong>compara-</strong></span> 
     </span>
    </p>
   </div>
   <div class='ocr_carea' id='block_1_10' title="bbox 492 1134 2062 1209">
    <p class='ocr_par' dir='ltr' id='par_1_10' title="bbox 492 1134 2062 1209">
     <span class='ocr_line' id='line_1_10' title="bbox 492 1134 2062 1209; baseline -0.004 -15"><span class='ocrx_word' id='word_1_59' title='bbox 492 1139 635 1194; x_wconf 88' lang='lat' dir='ltr'><strong>tione</strong></span> <span class='ocrx_word' id='word_1_60' title='bbox 663 1151 850 1209; x_wconf 81' lang='lat' dir='ltr'><strong>magna</strong></span> <span class='ocrx_word' id='word_1_61' title='bbox 878 1139 979 1193; x_wconf 86' lang='lat' dir='ltr'><strong>illis</strong></span> <span class='ocrx_word' id='word_1_62' title='bbox 1021 1138 1321 1192; x_wconf 75' lang='lat' dir='ltr'><strong>exhortatio</strong></span> <span class='ocrx_word' id='word_1_63' title='bbox 1349 1137 1471 1201; x_wconf 88' lang='lat' dir='ltr'><strong>ﬁat,</strong></span> <span class='ocrx_word' id='word_1_64' title='bbox 1506 1145 1561 1190; x_wconf 91' lang='lat' dir='ltr'><strong>ut</strong></span> <span class='ocrx_word' id='word_1_65' title='bbox 1585 1136 1820 1190; x_wconf 87' lang='lat' dir='ltr'><strong>nitantur</strong></span> <span class='ocrx_word' id='word_1_66' title='bbox 1858 1134 1924 1188; x_wconf 78' lang='lat' dir='ltr'><strong>ad</strong></span> <span class='ocrx_word' id='word_1_67' title='bbox 1949 1150 2062 1189; x_wconf 85' lang='lat' dir='ltr'><strong>me-</strong></span> 
     </span>
    </p>
   </div>
   <div class='ocr_carea' id='block_1_11' title="bbox 491 1226 2066 1302">
    <p class='ocr_par' dir='ltr' id='par_1_11' title="bbox 491 1226 2066 1302">
     <span class='ocr_line' id='line_1_11' title="bbox 491 1226 2066 1302; baseline -0.004 -16"><span class='ocrx_word' id='word_1_68' title='bbox 491 1231 621 1299; x_wconf 84' lang='lat' dir='ltr'><strong>lius,</strong></span> <span class='ocrx_word' id='word_1_69' title='bbox 650 1232 844 1302; x_wconf 77' lang='lat' dir='ltr'><strong>quibus</strong></span> <span class='ocrx_word' id='word_1_70' title='bbox 867 1231 1091 1287; x_wconf 83' lang='lat' dir='ltr'><strong>sublatis</strong></span> <span class='ocrx_word' id='word_1_71' title='bbox 1129 1229 1351 1285; x_wconf 83' lang='lat' dir='ltr'><strong>altitudo</strong></span> <span class='ocrx_word' id='word_1_72' title='bbox 1393 1229 1669 1284; x_wconf 84' lang='lat' dir='ltr'><strong>charitatis</strong></span> <span class='ocrx_word' id='word_1_73' title='bbox 1692 1227 1844 1298; x_wconf 89' lang='lat' dir='ltr'><strong>quasi</strong></span> <span class='ocrx_word' id='word_1_74' title='bbox 1885 1226 2066 1282; x_wconf 86' lang='lat' dir='ltr'><strong>evulsa</strong></span> 
     </span>
    </p>
   </div>
   <div class='ocr_carea' id='block_1_12' title="bbox 490 1322 2063 1394">
    <p class='ocr_par' dir='ltr' id='par_1_12' title="bbox 490 1322 2063 1394">
     <span class='ocr_line' id='line_1_12' title="bbox 490 1322 2063 1394; baseline -0.002 -16"><span class='ocrx_word' id='word_1_75' title='bbox 490 1333 813 1387; x_wconf 82' lang='lat' dir='ltr'><strong>marcescat,</strong></span> <span class='ocrx_word' id='word_1_76' title='bbox 841 1323 981 1394; x_wconf 92' lang='lat' dir='ltr'><strong>quod</strong></span> <span class='ocrx_word' id='word_1_77' title='bbox 1023 1332 1105 1377; x_wconf 89' lang='lat' dir='ltr'><strong>est</strong></span> <span class='ocrx_word' id='word_1_78' title='bbox 1145 1322 1441 1378; x_wconf 86' lang='lat' dir='ltr'><strong>cradicari?</strong></span> <span class='ocrx_word' id='word_1_79' title='bbox 1469 1322 1598 1375; x_wconf 82' lang='lat' dir='ltr'><strong>Nam</strong></span> <span class='ocrx_word' id='word_1_80' title='bbox 1633 1323 1712 1376; x_wconf 84' lang='lat' dir='ltr'><strong>sic</strong></span> <span class='ocrx_word' id='word_1_81' title='bbox 1735 1322 1810 1374; x_wconf 89' lang='lat' dir='ltr'><strong>ait</strong></span> <span class='ocrx_word' id='word_1_82' title='bbox 1830 1323 2063 1389; x_wconf 81' lang='lat' dir='ltr'><strong>Aposto-</strong></span> 
     </span>
    </p>
   </div>
   <div class='ocr_carea' id='block_1_13' title="bbox 491 1415 2069 1485">
    <p class='ocr_par' dir='ltr' id='par_1_13' title="bbox 491 1415 2069 1485">
     <span class='ocr_line' id='line_1_13' title="bbox 491 1415 2069 1485; baseline -0.004 -12"><span class='ocrx_word' id='word_1_83' title='bbox 491 1418 575 1473; x_wconf 90' lang='lat' dir='ltr'><strong>lus</strong></span> <span class='ocrx_word' id='word_1_84' title='bbox 604 1435 618 1472; x_wconf 93' lang='lat'><strong>:</strong></span> <span class='ocrx_word' id='word_1_85' title='bbox 652 1418 718 1473; x_wconf 88' lang='lat' dir='ltr'><strong>Ut</strong></span> <span class='ocrx_word' id='word_1_86' title='bbox 765 1420 815 1472; x_wconf 87' lang='lat' dir='ltr'><strong>in</strong></span> <span class='ocrx_word' id='word_1_87' title='bbox 854 1418 1096 1471; x_wconf 85' lang='lat' dir='ltr'><strong>cltaritale</strong></span> <span class='ocrx_word' id='word_1_88' title='bbox 1124 1418 1333 1470; x_wconf 81' lang='lat' dir='ltr'><strong>radicati</strong></span> <span class='ocrx_word' id='word_1_89' title='bbox 1358 1426 1400 1469; x_wconf 85' lang='lat' dir='ltr'><strong>et</strong></span> <span class='ocrx_word' id='word_1_90' title='bbox 1441 1416 1676 1483; x_wconf 76' lang='lat' dir='ltr'><strong>fundati,</strong></span> <span class='ocrx_word' id='word_1_91' title='bbox 1704 1415 1904 1485; x_wconf 79' lang='lat' dir='ltr'><strong>possitis</strong></span> <span class='ocrx_word' id='word_1_92' title='bbox 1932 1430 2069 1467; x_wconf 84' lang='lat' dir='ltr'><strong>com-</strong></span> 
     </span>
    </p>
   </div>
   <div class='ocr_carea' id='block_1_14' title="bbox 492 1508 2069 1583">
    <p class='ocr_par' dir='ltr' id='par_1_14' title="bbox 492 1508 2069 1583">
     <span class='ocr_line' id='line_1_14' title="bbox 492 1508 2069 1583; baseline -0.004 -16"><span class='ocrx_word' id='word_1_93' title='bbox 492 1513 796 1583; x_wconf 77' lang='lat' dir='ltr'><strong>prehendere</strong></span> <span class='ocrx_word' id='word_1_94' title='bbox 824 1512 1038 1582; x_wconf 79' lang='lat' dir='ltr'><strong>(Ephes.</strong></span> <span class='ocrx_word' id='word_1_95' title='bbox 1069 1527 1124 1565; x_wconf 87' lang='lat' dir='ltr'><strong>tn</strong></span> <span class='ocrx_word' id='word_1_96' title='bbox 1147 1553 1161 1577; x_wconf 90' lang='lat'><strong>,</strong></span> <span class='ocrx_word' id='word_1_97' title='bbox 1196 1512 1279 1576; x_wconf 85' lang='lat' dir='ltr'><strong>l7,</strong></span> <span class='ocrx_word' id='word_1_98' title='bbox 1314 1509 1423 1579; x_wconf 86' lang='grc'><strong>18).</strong></span> <span class='ocrx_word' id='word_1_99' title='bbox 1461 1510 1541 1563; x_wconf 86' lang='lat' dir='ltr'><strong>An</strong></span> <span class='ocrx_word' id='word_1_100' title='bbox 1591 1508 1724 1563; x_wconf 91' lang='lat' dir='ltr'><strong>forte</strong></span> <span class='ocrx_word' id='word_1_101' title='bbox 1767 1508 1885 1562; x_wconf 90' lang='lat' dir='ltr'><strong>ideo</strong></span> <span class='ocrx_word' id='word_1_102' title='bbox 1911 1508 2069 1561; x_wconf 87' lang='lat' dir='ltr'><strong>simul</strong></span> 
     </span>
    </p>
   </div>
   <div class='ocr_carea' id='block_1_15' title="bbox 491 1599 2069 1669">
    <p class='ocr_par' dir='ltr' id='par_1_15' title="bbox 491 1599 2069 1669">
     <span class='ocr_line' id='line_1_15' title="bbox 491 1599 2069 1669; baseline -0.006 -9"><span class='ocrx_word' id='word_1_103' title='bbox 491 1605 791 1663; x_wconf 78' lang='lat' dir='ltr'><strong>eradicatur</strong></span> <span class='ocrx_word' id='word_1_104' title='bbox 838 1603 1105 1669; x_wconf 89' lang='lat' dir='ltr'><strong>triticum,</strong></span> <span class='ocrx_word' id='word_1_105' title='bbox 1156 1618 1278 1656; x_wconf 89' lang='lat' dir='ltr'><strong>cum</strong></span> <span class='ocrx_word' id='word_1_106' title='bbox 1323 1602 1636 1655; x_wconf 85' lang='lat' dir='ltr'><strong>auferuntur</strong></span> <span class='ocrx_word' id='word_1_107' title='bbox 1682 1600 1914 1663; x_wconf 80' lang='lat' dir='ltr'><strong>zizania,</strong></span> <span class='ocrx_word' id='word_1_108' title='bbox 1947 1599 2069 1667; x_wconf 84' lang='lat' dir='ltr'><strong>quia</strong></span> 
     </span>
    </p>
   </div>
   <div class='ocr_carea' id='block_1_16' title="bbox 490 1692 2070 1766">
    <p class='ocr_par' dir='ltr' id='par_1_16' title="bbox 490 1692 2070 1766">
     <span class='ocr_line' id='line_1_16' title="bbox 490 1692 2070 1766; baseline -0.004 -15"><span class='ocrx_word' id='word_1_109' title='bbox 490 1698 640 1751; x_wconf 88' lang='lat' dir='ltr'><strong>multi</strong></span> <span class='ocrx_word' id='word_1_110' title='bbox 669 1697 842 1766; x_wconf 86' lang='lat' dir='ltr'><strong>primo</strong></span> <span class='ocrx_word' id='word_1_111' title='bbox 888 1697 1087 1750; x_wconf 81' lang='lat' dir='ltr'><strong>zizania</strong></span> <span class='ocrx_word' id='word_1_112' title='bbox 1114 1705 1266 1757; x_wconf 83' lang='lat' dir='ltr'><strong>sunt,</strong></span> <span class='ocrx_word' id='word_1_113' title='bbox 1301 1705 1355 1748; x_wconf 88' lang='lat' dir='ltr'><strong>et</strong></span> <span class='ocrx_word' id='word_1_114' title='bbox 1400 1703 1581 1763; x_wconf 84' lang='lat' dir='ltr'><strong>postea</strong></span> <span class='ocrx_word' id='word_1_115' title='bbox 1628 1692 1861 1747; x_wconf 86' lang='lat' dir='ltr'><strong>triticum</strong></span> <span class='ocrx_word' id='word_1_116' title='bbox 1902 1692 2070 1745; x_wconf 86' lang='lat' dir='ltr'><strong>ﬁunt?</strong></span> 
     </span>
    </p>
   </div>
   <div class='ocr_carea' id='block_1_17' title="bbox 494 1782 2067 1857">
    <p class='ocr_par' dir='ltr' id='par_1_17' title="bbox 494 1782 2067 1857">
     <span class='ocr_line' id='line_1_17' title="bbox 494 1782 2067 1857; baseline -0.004 -16"><span class='ocrx_word' id='word_1_117' title='bbox 494 1789 582 1857; x_wconf 86' lang='lat' dir='ltr'><strong>qui</strong></span> <span class='ocrx_word' id='word_1_118' title='bbox 607 1788 707 1842; x_wconf 76' lang='lat' dir='ltr'><strong>nisl</strong></span> <span class='ocrx_word' id='word_1_119' title='bbox 735 1788 1013 1857; x_wconf 81' lang='lat' dir='ltr'><strong>patienter,</strong></span> <span class='ocrx_word' id='word_1_120' title='bbox 1047 1802 1166 1840; x_wconf 91' lang='lat' dir='ltr'><strong>cum</strong></span> <span class='ocrx_word' id='word_1_121' title='bbox 1190 1787 1311 1839; x_wconf 83' lang='lat' dir='ltr'><strong>mali</strong></span> <span class='ocrx_word' id='word_1_122' title='bbox 1342 1792 1493 1850; x_wconf 67' lang='lat' dir='ltr'><strong>situt,</strong></span> <span class='ocrx_word' id='word_1_123' title='bbox 1525 1786 1831 1849; x_wconf 78' lang='lat' dir='ltr'><strong>tolerantur,</strong></span> <span class='ocrx_word' id='word_1_124' title='bbox 1860 1782 1926 1836; x_wconf 88' lang='lat' dir='ltr'><strong>ad</strong></span> <span class='ocrx_word' id='word_1_125' title='bbox 1954 1782 2067 1836; x_wconf 87' lang='lat' dir='ltr'><strong>lau-</strong></span> 
     </span>
    </p>
   </div>
   <div class='ocr_carea' id='block_1_18' title="bbox 490 1873 2069 1945">
    <p class='ocr_par' dir='ltr' id='par_1_18' title="bbox 490 1873 2069 1945">
     <span class='ocr_line' id='line_1_18' title="bbox 490 1873 2069 1945; baseline -0.003 -13"><span class='ocrx_word' id='word_1_126' title='bbox 490 1878 717 1933; x_wconf 85' lang='lat' dir='ltr'><strong>dabilem</strong></span> <span class='ocrx_word' id='word_1_127' title='bbox 746 1879 1089 1932; x_wconf 89' lang='lat' dir='ltr'><strong>mutationem</strong></span> <span class='ocrx_word' id='word_1_128' title='bbox 1118 1893 1221 1930; x_wconf 89' lang='lat' dir='ltr'><strong>non</strong></span> <span class='ocrx_word' id='word_1_129' title='bbox 1250 1876 1603 1945; x_wconf 83' lang='lat' dir='ltr'><strong>perveniunt:</strong></span> <span class='ocrx_word' id='word_1_130' title='bbox 1631 1874 1805 1944; x_wconf 77' lang='lat' dir='ltr'><strong>itaque</strong></span> <span class='ocrx_word' id='word_1_131' title='bbox 1831 1874 1873 1927; x_wconf 88' lang='lat' dir='ltr'><strong>si</strong></span> <span class='ocrx_word' id='word_1_132' title='bbox 1903 1873 2069 1927; x_wconf 84' lang='lat' dir='ltr'><strong>cvulsi</strong></span> 
     </span>
    </p>
   </div>
   <div class='ocr_carea' id='block_1_19' title="bbox 493 1963 2069 2034">
    <p class='ocr_par' dir='ltr' id='par_1_19' title="bbox 493 1963 2069 2034">
     <span class='ocr_line' id='line_1_19' title="bbox 493 1963 2069 2034; baseline -0.004 -12"><span class='ocrx_word' id='word_1_133' title='bbox 493 1968 717 2032; x_wconf 87' lang='lat' dir='ltr'><strong>fuerint,</strong></span> <span class='ocrx_word' id='word_1_134' title='bbox 752 1969 905 2023; x_wconf 88' lang='lat' dir='ltr'><strong>simul</strong></span> <span class='ocrx_word' id='word_1_135' title='bbox 949 1967 1251 2022; x_wconf 86' lang='lat' dir='ltr'><strong>eradicatur</strong></span> <span class='ocrx_word' id='word_1_136' title='bbox 1297 1977 1352 2022; x_wconf 90' lang='lat' dir='ltr'><strong>et</strong></span> <span class='ocrx_word' id='word_1_137' title='bbox 1409 1966 1676 2030; x_wconf 88' lang='lat' dir='ltr'><strong>triticum,</strong></span> <span class='ocrx_word' id='word_1_138' title='bbox 1716 1964 1857 2034; x_wconf 90' lang='lat' dir='ltr'><strong>quod</strong></span> <span class='ocrx_word' id='word_1_139' title='bbox 1912 1963 2069 2017; x_wconf 82' lang='lat' dir='ltr'><strong>l&#39;uturi</strong></span> 
     </span>
    </p>
   </div>
   <div class='ocr_carea' id='block_1_20' title="bbox 492 2061 1229 2130">
    <p class='ocr_par' dir='ltr' id='par_1_20' title="bbox 492 2061 1229 2130">
     <span class='ocr_line' id='line_1_20' title="bbox 492 2061 1229 2130; baseline -0.005 -13"><span class='ocrx_word' id='word_1_140' title='bbox 492 2071 699 2126; x_wconf 83' lang='lat' dir='ltr'><strong>essent,</strong></span> <span class='ocrx_word' id='word_1_141' title='bbox 724 2063 767 2116; x_wconf 88' lang='lat' dir='ltr'><strong>si</strong></span> <span class='ocrx_word' id='word_1_142' title='bbox 800 2061 877 2115; x_wconf 85' lang='lat' dir='ltr'><strong>eis</strong></span> <span class='ocrx_word' id='word_1_143' title='bbox 904 2070 1229 2130; x_wconf 84' lang='lat' dir='ltr'><strong>parceretur.</strong></span> 
     </span>
    </p>
   </div>
   <div class='ocr_carea' id='block_1_21' title="bbox 566 2146 2071 2224">
    <p class='ocr_par' dir='ltr' id='par_1_21' title="bbox 566 2146 2071 2224">
     <span class='ocr_line' id='line_1_21' title="bbox 566 2146 2071 2224; baseline -0.006 -17"><span class='ocrx_word' id='word_1_144' title='bbox 566 2151 703 2207; x_wconf 79' lang='lat' dir='ltr'><strong>Xlll.</strong></span> <span class='ocrx_word' id='word_1_145' title='bbox 737 2150 850 2224; x_wconf 89' lang='lat' dir='ltr'><strong>[lb.</strong></span> <span class='ocrx_word' id='word_1_146' title='bbox 880 2168 995 2215; x_wconf 80' lang='lat' dir='ltr'><strong>xm,</strong></span> <span class='ocrx_word' id='word_1_147' title='bbox 1026 2152 1116 2217; x_wconf 77' lang='grc'><strong>45,</strong></span> <span class='ocrx_word' id='word_1_148' title='bbox 1141 2149 1255 2222; x_wconf 75' lang='grc'><strong>46.]</strong></span> <span class='ocrx_word' id='word_1_149' title='bbox 1279 2147 1458 2204; x_wconf 82' lang='lat' dir='ltr'><strong>Simile</strong></span> <span class='ocrx_word' id='word_1_150' title='bbox 1485 2157 1556 2202; x_wconf 83' lang='lat' dir='ltr'><strong>est</strong></span> <span class='ocrx_word' id='word_1_151' title='bbox 1591 2162 1797 2218; x_wconf 78' lang='lat' dir='ltr'><strong>regnum</strong></span> <span class='ocrx_word' id='word_1_152' title='bbox 1832 2146 2071 2200; x_wconf 64' lang='lat' dir='ltr'><strong>calorum</strong></span> 
     </span>
    </p>
   </div>
   <div class='ocr_carea' id='block_1_22' title="bbox 498 2234 2071 2313">
    <p class='ocr_par' dir='ltr' id='par_1_22' title="bbox 498 2234 2071 2313">
     <span class='ocr_line' id='line_1_22' title="bbox 498 2234 2071 2313; baseline -0.003 -19"><span class='ocrx_word' id='word_1_153' title='bbox 498 2244 686 2297; x_wconf 83' lang='lat' dir='ltr'><strong>homini</strong></span> <span class='ocrx_word' id='word_1_154' title='bbox 712 2243 1007 2313; x_wconf 74' lang='lat' dir='ltr'><strong>negotiatori</strong></span> <span class='ocrx_word' id='word_1_155' title='bbox 1046 2241 1286 2311; x_wconf 68' lang='lat' dir='ltr'><strong>quaerenti</strong></span> <span class='ocrx_word' id='word_1_156' title='bbox 1324 2239 1480 2293; x_wconf 84' lang='lat' dir='ltr'><strong>bonas</strong></span> <span class='ocrx_word' id='word_1_157' title='bbox 1505 2237 1824 2307; x_wconf 68' lang='lat' dir='ltr'><strong>margaritas.</strong></span> <span class='ocrx_word' id='word_1_158' title='bbox 1857 2234 2071 2290; x_wconf 83' lang='lat' dir='ltr'><strong>Inventa</strong></span> 
     </span>
    </p>
   </div>
   <div class='ocr_carea' id='block_1_23' title="bbox 493 2330 2071 2406">
    <p class='ocr_par' dir='ltr' id='par_1_23' title="bbox 493 2330 2071 2406">
     <span class='ocr_line' id='line_1_23' title="bbox 493 2330 2071 2406; baseline -0.002 -19"><span class='ocrx_word' id='word_1_159' title='bbox 493 2343 659 2389; x_wconf 81' lang='lat' dir='ltr'><strong>autem</strong></span> <span class='ocrx_word' id='word_1_160' title='bbox 691 2350 793 2387; x_wconf 84' lang='lat' dir='ltr'><strong>una</strong></span> <span class='ocrx_word' id='word_1_161' title='bbox 828 2335 1042 2406; x_wconf 82' lang='lat' dir='ltr'><strong>pretiosa</strong></span> <span class='ocrx_word' id='word_1_162' title='bbox 1084 2332 1390 2403; x_wconf 79' lang='lat' dir='ltr'><strong>margarita,</strong></span> <span class='ocrx_word' id='word_1_163' title='bbox 1420 2330 1543 2385; x_wconf 87' lang='lat' dir='ltr'><strong>abiit</strong></span> <span class='ocrx_word' id='word_1_164' title='bbox 1570 2340 1617 2384; x_wconf 79' lang='lat' dir='ltr'><strong>et</strong></span> <span class='ocrx_word' id='word_1_165' title='bbox 1645 2330 1864 2383; x_wconf 73' lang='lat' dir='ltr'><strong>vendidit</strong></span> <span class='ocrx_word' id='word_1_166' title='bbox 1900 2330 2071 2384; x_wconf 79' lang='lat' dir='ltr'><strong>omnia</strong></span> 
     </span>
    </p>
   </div>
   <div class='ocr_carea' id='block_1_24' title="bbox 493 2425 2070 2498">
    <p class='ocr_par' dir='ltr' id='par_1_24' title="bbox 493 2425 2070 2498">
     <span class='ocr_line' id='line_1_24' title="bbox 493 2425 2070 2498; baseline 0.001 -21"><span class='ocrx_word' id='word_1_167' title='bbox 493 2443 606 2498; x_wconf 67' lang='lat' dir='ltr'><strong>qua</strong></span> <span class='ocrx_word' id='word_1_168' title='bbox 642 2426 835 2492; x_wconf 71' lang='lat' dir='ltr'><strong>habuit,</strong></span> <span class='ocrx_word' id='word_1_169' title='bbox 873 2437 920 2481; x_wconf 83' lang='lat' dir='ltr'><strong>et</strong></span> <span class='ocrx_word' id='word_1_170' title='bbox 962 2427 1077 2480; x_wconf 84' lang='lat' dir='ltr'><strong>emit</strong></span> <span class='ocrx_word' id='word_1_171' title='bbox 1107 2442 1238 2480; x_wconf 85' lang='lat' dir='ltr'><strong>eam.</strong></span> <span class='ocrx_word' id='word_1_172' title='bbox 1273 2425 1506 2492; x_wconf 70' lang='lat' dir='ltr'><strong>Quazstio</strong></span> <span class='ocrx_word' id='word_1_173' title='bbox 1548 2432 1631 2479; x_wconf 85' lang='lat' dir='ltr'><strong>est</strong></span> <span class='ocrx_word' id='word_1_174' title='bbox 1670 2439 1765 2478; x_wconf 91' lang='lat' dir='ltr'><strong>cur</strong></span> <span class='ocrx_word' id='word_1_175' title='bbox 1792 2439 1822 2478; x_wconf 86' lang='lat' dir='ltr'><strong>a</strong></span> <span class='ocrx_word' id='word_1_176' title='bbox 1849 2439 2070 2480; x_wconf 91' lang='lat' dir='ltr'><strong>numero</strong></span> 
     </span>
    </p>
   </div>
   <div class='ocr_carea' id='block_1_25' title="bbox 496 2510 2070 2589">
    <p class='ocr_par' dir='ltr' id='par_1_25' title="bbox 496 2510 2070 2589">
     <span class='ocr_line' id='line_1_25' title="bbox 496 2510 2070 2589; baseline -0.001 -17"><span class='ocrx_word' id='word_1_177' title='bbox 496 2519 681 2589; x_wconf 80' lang='lat' dir='ltr'><strong>plurali</strong></span> <span class='ocrx_word' id='word_1_178' title='bbox 707 2519 773 2573; x_wconf 79' lang='lat' dir='ltr'><strong>ad</strong></span> <span class='ocrx_word' id='word_1_179' title='bbox 805 2519 1122 2588; x_wconf 75' lang='lat' dir='ltr'><strong>singularem</strong></span> <span class='ocrx_word' id='word_1_180' title='bbox 1152 2517 1437 2581; x_wconf 81' lang='lat' dir='ltr'><strong>transierit,</strong></span> <span class='ocrx_word' id='word_1_181' title='bbox 1468 2523 1521 2570; x_wconf 91' lang='lat' dir='ltr'><strong>ut</strong></span> <span class='ocrx_word' id='word_1_182' title='bbox 1543 2510 1890 2585; x_wconf 23' lang='lat' dir='ltr'><strong>cum‘quzcrat</strong></span> <span class='ocrx_word' id='word_1_183' title='bbox 1910 2516 2070 2571; x_wconf 89' lang='lat' dir='ltr'><strong>homo</strong></span> 
     </span>
    </p>
   </div>
   <div class='ocr_carea' id='block_1_26' title="bbox 494 2608 2070 2680">
    <p class='ocr_par' dir='ltr' id='par_1_26' title="bbox 494 2608 2070 2680">
     <span class='ocr_line' id='line_1_26' title="bbox 494 2608 2070 2680; baseline -0.001 -16"><span class='ocrx_word' id='word_1_184' title='bbox 494 2609 662 2664; x_wconf 79' lang='lat' dir='ltr'><strong>bonas</strong></span> <span class='ocrx_word' id='word_1_185' title='bbox 695 2610 1003 2680; x_wconf 68' lang='lat' dir='ltr'><strong>margaritas</strong></span> <span class='ocrx_word' id='word_1_186' title='bbox 1024 2650 1039 2674; x_wconf 92' lang='lat'><strong>,</strong></span> <span class='ocrx_word' id='word_1_187' title='bbox 1069 2623 1227 2662; x_wconf 87' lang='lat' dir='ltr'><strong>unam</strong></span> <span class='ocrx_word' id='word_1_188' title='bbox 1276 2608 1507 2662; x_wconf 77' lang='lat' dir='ltr'><strong>inveniat</strong></span> <span class='ocrx_word' id='word_1_189' title='bbox 1546 2608 1834 2679; x_wconf 84' lang='lat' dir='ltr'><strong>pretiosam</strong></span> <span class='ocrx_word' id='word_1_190' title='bbox 1854 2649 1870 2673; x_wconf 93' lang='lat'><strong>,</strong></span> <span class='ocrx_word' id='word_1_191' title='bbox 1910 2623 2070 2677; x_wconf 89' lang='lat' dir='ltr'><strong>quam</strong></span> 
     </span>
    </p>
   </div>
   <div class='ocr_carea' id='block_1_27' title="bbox 498 2698 2067 2769">
    <p class='ocr_par' dir='ltr' id='par_1_27' title="bbox 498 2698 2067 2769">
     <span class='ocr_line' id='line_1_27' title="bbox 498 2698 2067 2769; baseline 0 -16"><span class='ocrx_word' id='word_1_192' title='bbox 498 2699 725 2755; x_wconf 81' lang='lat' dir='ltr'><strong>venditis</strong></span> <span class='ocrx_word' id='word_1_193' title='bbox 749 2700 997 2754; x_wconf 89' lang='lat' dir='ltr'><strong>omnibus</strong></span> <span class='ocrx_word' id='word_1_194' title='bbox 1019 2714 1138 2769; x_wconf 62' lang='lat' dir='ltr'><strong>quae</strong></span> <span class='ocrx_word' id='word_1_195' title='bbox 1168 2698 1347 2762; x_wconf 82' lang='lat' dir='ltr'><strong>habet,</strong></span> <span class='ocrx_word' id='word_1_196' title='bbox 1375 2707 1535 2753; x_wconf 86' lang='lat' dir='ltr'><strong>emat.</strong></span> <span class='ocrx_word' id='word_1_197' title='bbox 1560 2700 1665 2752; x_wconf 79' lang='lat' dir='ltr'><strong>Aut</strong></span> <span class='ocrx_word' id='word_1_198' title='bbox 1689 2713 1816 2767; x_wconf 81' lang='lat' dir='ltr'><strong>ergo</strong></span> <span class='ocrx_word' id='word_1_199' title='bbox 1841 2698 1940 2753; x_wconf 91' lang='lat' dir='ltr'><strong>iste</strong></span> <span class='ocrx_word' id='word_1_200' title='bbox 1969 2698 2067 2753; x_wconf 86' lang='lat' dir='ltr'><strong>bo-</strong></span> 
     </span>
    </p>
   </div>
   <div class='ocr_carea' id='block_1_28' title="bbox 494 2789 2071 2861">
    <p class='ocr_par' dir='ltr' id='par_1_28' title="bbox 494 2789 2071 2861">
     <span class='ocr_line' id='line_1_28' title="bbox 494 2789 2071 2861; baseline -0.002 -14"><span class='ocrx_word' id='word_1_201' title='bbox 494 2807 590 2847; x_wconf 83' lang='lat' dir='ltr'><strong>nos</strong></span> <span class='ocrx_word' id='word_1_202' title='bbox 621 2792 860 2846; x_wconf 86' lang='lat' dir='ltr'><strong>homines</strong></span> <span class='ocrx_word' id='word_1_203' title='bbox 886 2807 1151 2861; x_wconf 70' lang='lat' dir='ltr'><strong>qumns,</strong></span> <span class='ocrx_word' id='word_1_204' title='bbox 1183 2806 1300 2843; x_wconf 82' lang='lat' dir='ltr'><strong>eum</strong></span> <span class='ocrx_word' id='word_1_205' title='bbox 1334 2790 1524 2859; x_wconf 77' lang='lat' dir='ltr'><strong>quilms</strong></span> <span class='ocrx_word' id='word_1_206' title='bbox 1563 2789 1761 2844; x_wconf 89' lang='lat' dir='ltr'><strong>utiliter</strong></span> <span class='ocrx_word' id='word_1_207' title='bbox 1787 2789 1960 2856; x_wconf 80' lang='lat' dir='ltr'><strong>vivat,</strong></span> <span class='ocrx_word' id='word_1_208' title='bbox 1989 2790 2071 2844; x_wconf 83' lang='lat' dir='ltr'><strong>in-</strong></span> 
     </span>
    </p>
   </div>
   <div class='ocr_carea' id='block_1_29' title="bbox 492 2881 2069 2952">
    <p class='ocr_par' dir='ltr' id='par_1_29' title="bbox 492 2881 2069 2952">
     <span class='ocr_line' id='line_1_29' title="bbox 492 2881 2069 2952; baseline 0 -16"><span class='ocrx_word' id='word_1_209' title='bbox 492 2884 637 2938; x_wconf 80' lang='lat' dir='ltr'><strong>venit</strong></span> <span class='ocrx_word' id='word_1_210' title='bbox 678 2898 840 2937; x_wconf 91' lang='lat' dir='ltr'><strong>nnum</strong></span> <span class='ocrx_word' id='word_1_211' title='bbox 880 2897 988 2952; x_wconf 75' lang='lat' dir='ltr'><strong>pra:</strong></span> <span class='ocrx_word' id='word_1_212' title='bbox 1028 2882 1272 2935; x_wconf 83' lang='lat' dir='ltr'><strong>omnibus</strong></span> <span class='ocrx_word' id='word_1_213' title='bbox 1299 2882 1415 2935; x_wconf 83' lang='lat' dir='ltr'><strong>sine</strong></span> <span class='ocrx_word' id='word_1_214' title='bbox 1442 2890 1691 2950; x_wconf 89' lang='lat' dir='ltr'><strong>peccato,</strong></span> <span class='ocrx_word' id='word_1_215' title='bbox 1724 2881 2069 2936; x_wconf 88' lang='lat' dir='ltr'><strong>mediatorem</strong></span> 
     </span>
    </p>
   </div>
   <div class='ocr_carea' id='block_1_30' title="bbox 498 2970 2066 3039">
    <p class='ocr_par' dir='ltr' id='par_1_30' title="bbox 498 2970 2066 3039">
     <span class='ocr_line' id='line_1_30' title="bbox 498 2970 2066 3039; baseline -0.002 -11"><span class='ocrx_word' id='word_1_216' title='bbox 498 2975 588 3028; x_wconf 84' lang='lat' dir='ltr'><strong>Dei</strong></span> <span class='ocrx_word' id='word_1_217' title='bbox 609 2982 662 3027; x_wconf 87' lang='lat' dir='ltr'><strong>et</strong></span> <span class='ocrx_word' id='word_1_218' title='bbox 682 2973 952 3026; x_wconf 79' lang='lat' dir='ltr'><strong>hominum</strong></span> <span class='ocrx_word' id='word_1_219' title='bbox 980 3012 994 3035; x_wconf 85' lang='lat'><strong>,</strong></span> <span class='ocrx_word' id='word_1_220' title='bbox 1024 2971 1291 3025; x_wconf 86' lang='lat' dir='ltr'><strong>hominem</strong></span> <span class='ocrx_word' id='word_1_221' title='bbox 1324 2970 1594 3026; x_wconf 88' lang='lat' dir='ltr'><strong>Christum</strong></span> <span class='ocrx_word' id='word_1_222' title='bbox 1624 2970 1804 3025; x_wconf 85' lang='lat' dir='ltr'><strong>Jesum</strong></span> <span class='ocrx_word' id='word_1_223' title='bbox 1838 2972 1895 3039; x_wconf 85' lang='lat' dir='ltr'><strong>(l</strong></span> <span class='ocrx_word' id='word_1_224' title='bbox 1938 2971 2066 3025; x_wconf 84' lang='lat' dir='ltr'><strong>Tim.</strong></span> 
     </span>
    </p>
   </div>
   <div class='ocr_carea' id='block_1_31' title="bbox 469 3044 2069 3135">
    <p class='ocr_par' dir='ltr' id='par_1_31' title="bbox 469 3044 2069 3135">
     <span class='ocr_line' id='line_1_31' title="bbox 469 3044 2069 3135; baseline 0 -18"><span class='ocrx_word' id='word_1_225' title='bbox 469 3044 554 3130; x_wconf 22' lang='lat' dir='ltr'><strong>In,</strong></span> <span class='ocrx_word' id='word_1_226' title='bbox 595 3061 652 3135; x_wconf 72' lang='grc' dir='ltr'><strong>Β)</strong></span> <span class='ocrx_word' id='word_1_227' title='bbox 686 3071 813 3116; x_wconf 85' lang='lat' dir='ltr'><strong>:aut</strong></span> <span class='ocrx_word' id='word_1_228' title='bbox 842 3070 1105 3131; x_wconf 76' lang='lat' dir='ltr'><strong>prtccepta</strong></span> <span class='ocrx_word' id='word_1_229' title='bbox 1134 3076 1415 3132; x_wconf 67' lang='lat' dir='ltr'><strong>qnmrens,</strong></span> <span class='ocrx_word' id='word_1_230' title='bbox 1445 3062 1637 3132; x_wconf 85' lang='lat' dir='ltr'><strong>quibus</strong></span> <span class='ocrx_word' id='word_1_231' title='bbox 1683 3061 1909 3116; x_wconf 86' lang='lat' dir='ltr'><strong>servatis</strong></span> <span class='ocrx_word' id='word_1_232' title='bbox 1949 3078 2069 3117; x_wconf 90' lang='lat' dir='ltr'><strong>cum</strong></span> 
     </span>
    </p>
   </div>
   <div class='ocr_carea' id='block_1_32' title="bbox 495 3152 2070 3219">
    <p class='ocr_par' dir='ltr' id='par_1_32' title="bbox 495 3152 2070 3219">
     <span class='ocr_line' id='line_1_32' title="bbox 495 3152 2070 3219; baseline 0.001 -13"><span class='ocrx_word' id='word_1_233' title='bbox 495 3152 796 3208; x_wconf 88' lang='lat' dir='ltr'><strong>hominibus</strong></span> <span class='ocrx_word' id='word_1_234' title='bbox 851 3160 995 3208; x_wconf 84' lang='lat' dir='ltr'><strong>recte</strong></span> <span class='ocrx_word' id='word_1_235' title='bbox 1050 3162 1432 3219; x_wconf 83' lang='lat' dir='ltr'><strong>conversetur,</strong></span> <span class='ocrx_word' id='word_1_236' title='bbox 1482 3152 1684 3208; x_wconf 84' lang='lat' dir='ltr'><strong>invenit</strong></span> <span class='ocrx_word' id='word_1_237' title='bbox 1733 3153 2070 3209; x_wconf 86' lang='lat' dir='ltr'><strong>dilectionem</strong></span> 
     </span>
    </p>
   </div>
   <div class='ocr_carea' id='block_1_33' title="bbox 494 3240 2067 3314">
    <p class='ocr_par' dir='ltr' id='par_1_33' title="bbox 494 3240 2067 3314">
     <span class='ocr_line' id='line_1_33' title="bbox 494 3240 2067 3314; baseline 0.001 -17"><span class='ocrx_word' id='word_1_238' title='bbox 494 3240 743 3314; x_wconf 75' lang='lat' dir='ltr'><strong>proximi,</strong></span> <span class='ocrx_word' id='word_1_239' title='bbox 772 3244 823 3297; x_wconf 92' lang='lat' dir='ltr'><strong>in</strong></span> <span class='ocrx_word' id='word_1_240' title='bbox 848 3258 957 3313; x_wconf 90' lang='lat' dir='ltr'><strong>quo</strong></span> <span class='ocrx_word' id='word_1_241' title='bbox 976 3257 1082 3298; x_wconf 91' lang='lat' dir='ltr'><strong>uno</strong></span> <span class='ocrx_word' id='word_1_242' title='bbox 1106 3243 1233 3298; x_wconf 87' lang='lat' dir='ltr'><strong>dicit</strong></span> <span class='ocrx_word' id='word_1_243' title='bbox 1257 3242 1541 3313; x_wconf 86' lang='lat' dir='ltr'><strong>Apostolus</strong></span> <span class='ocrx_word' id='word_1_244' title='bbox 1570 3243 1748 3298; x_wconf 86' lang='lat' dir='ltr'><strong>omnia</strong></span> <span class='ocrx_word' id='word_1_245' title='bbox 1775 3244 2067 3309; x_wconf 90' lang='lat' dir='ltr'><strong>contineri;</strong></span> 
     </span>
    </p>
   </div>
   <div class='ocr_carea' id='block_1_34' title="bbox 497 3332 2071 3406">
    <p class='ocr_par' dir='ltr' id='par_1_34' title="bbox 497 3332 2071 3406">
     <span class='ocr_line' id='line_1_34' title="bbox 497 3332 2071 3406; baseline -0.001 -16"><span class='ocrx_word' id='word_1_246' title='bbox 497 3344 572 3400; x_wconf 89' lang='lat' dir='ltr'><strong>ut,</strong></span> <span class='ocrx_word' id='word_1_247' title='bbox 604 3332 724 3389; x_wconf 86' lang='lat' dir='ltr'><strong>Non</strong></span> <span class='ocrx_word' id='word_1_248' title='bbox 753 3335 979 3402; x_wconf 75' lang='lat' dir='ltr'><strong>occides,</strong></span> <span class='ocrx_word' id='word_1_249' title='bbox 1003 3352 1105 3389; x_wconf 78' lang='lat' dir='ltr'><strong>non</strong></span> <span class='ocrx_word' id='word_1_250' title='bbox 1128 3335 1484 3400; x_wconf 75' lang='lat' dir='ltr'><strong>tm/taberis,</strong></span> <span class='ocrx_word' id='word_1_251' title='bbox 1511 3351 1610 3389; x_wconf 81' lang='lat' dir='ltr'><strong>non</strong></span> <span class='ocrx_word' id='word_1_252' title='bbox 1649 3335 1900 3406; x_wconf 77' lang='lat' dir='ltr'><strong>furaberis</strong></span> <span class='ocrx_word' id='word_1_253' title='bbox 1918 3377 1933 3402; x_wconf 94' lang='lat'><strong>,</strong></span> <span class='ocrx_word' id='word_1_254' title='bbox 1969 3352 2071 3391; x_wconf 84' lang='lat' dir='ltr'><strong>non</strong></span> 
     </span>
    </p>
   </div>
   <div class='ocr_carea' id='block_1_35' title="bbox 497 3424 2067 3496">
    <p class='ocr_par' dir='ltr' id='par_1_35' title="bbox 497 3424 2067 3496">
     <span class='ocr_line' id='line_1_35' title="bbox 497 3424 2067 3496; baseline 0.001 -19"><span class='ocrx_word' id='word_1_255' title='bbox 497 3424 682 3496; x_wconf 74' lang='lat' dir='ltr'><strong>falsum</strong></span> <span class='ocrx_word' id='word_1_256' title='bbox 708 3425 1041 3479; x_wconf 77' lang='lat' dir='ltr'><strong>testimonium</strong></span> <span class='ocrx_word' id='word_1_257' title='bbox 1057 3426 1210 3491; x_wconf 82' lang='lat' dir='ltr'><strong>dices,</strong></span> <span class='ocrx_word' id='word_1_258' title='bbox 1234 3435 1280 3479; x_wconf 88' lang='lat' dir='ltr'><strong>et</strong></span> <span class='ocrx_word' id='word_1_259' title='bbox 1294 3426 1338 3479; x_wconf 86' lang='lat' dir='ltr'><strong>si</strong></span> <span class='ocrx_word' id='word_1_260' title='bbox 1352 3425 1486 3495; x_wconf 84' lang='lat' dir='ltr'><strong>quod</strong></span> <span class='ocrx_word' id='word_1_261' title='bbox 1499 3433 1570 3479; x_wconf 82' lang='lat' dir='ltr'><strong>est</strong></span> <span class='ocrx_word' id='word_1_262' title='bbox 1586 3426 1725 3480; x_wconf 81' lang='lat' dir='ltr'><strong>aliud</strong></span> <span class='ocrx_word' id='word_1_263' title='bbox 1750 3427 2067 3493; x_wconf 84' lang='lat' dir='ltr'><strong>mandatum,</strong></span> 
     </span>
    </p>
   </div>
   <div class='ocr_carea' id='block_1_36' title="bbox 496 3514 2071 3586">
    <p class='ocr_par' dir='ltr' id='par_1_36' title="bbox 496 3514 2071 3586">
     <span class='ocr_line' id='line_1_36' title="bbox 496 3514 2071 3586; baseline 0.002 -16"><span class='ocrx_word' id='word_1_264' title='bbox 496 3516 715 3585; x_wconf 64' lang='lat' dir='ltr'><strong>singula:</strong></span> <span class='ocrx_word' id='word_1_265' title='bbox 746 3514 1046 3586; x_wconf 69' lang='lat' dir='ltr'><strong>margaritae</strong></span> <span class='ocrx_word' id='word_1_266' title='bbox 1079 3516 1209 3578; x_wconf 89' lang='lat' dir='ltr'><strong>sint,</strong></span> <span class='ocrx_word' id='word_1_267' title='bbox 1236 3531 1355 3585; x_wconf 75' lang='lat' dir='ltr'><strong>qua:</strong></span> <span class='ocrx_word' id='word_1_268' title='bbox 1374 3515 1427 3570; x_wconf 80' lang='lat' dir='ltr'><strong>in</strong></span> <span class='ocrx_word' id='word_1_269' title='bbox 1451 3516 1543 3570; x_wconf 84' lang='lat' dir='ltr'><strong>hoc</strong></span> <span class='ocrx_word' id='word_1_270' title='bbox 1563 3533 1790 3571; x_wconf 81' lang='lat' dir='ltr'><strong>sermone</strong></span> <span class='ocrx_word' id='word_1_271' title='bbox 1817 3518 2071 3584; x_wconf 78' lang='lat' dir='ltr'><strong>recapitu-</strong></span> 
     </span>
    </p>
   </div>
   <div class='ocr_carea' id='block_1_37' title="bbox 494 3606 2068 3679">
    <p class='ocr_par' dir='ltr' id='par_1_37' title="bbox 494 3606 2068 3679">
     <span class='ocr_line' id='line_1_37' title="bbox 494 3606 2068 3679; baseline 0.002 -19"><span class='ocrx_word' id='word_1_272' title='bbox 494 3608 686 3673; x_wconf 73' lang='lat' dir='ltr'><strong>lantar,</strong></span> <span class='ocrx_word' id='word_1_273' title='bbox 714 3606 910 3677; x_wconf 77' lang='lat' dir='ltr'><strong>Diliges</strong></span> <span class='ocrx_word' id='word_1_274' title='bbox 931 3607 1216 3675; x_wconf 74' lang='lat' dir='ltr'><strong>proximum</strong></span> <span class='ocrx_word' id='word_1_275' title='bbox 1242 3617 1383 3661; x_wconf 83' lang='lat' dir='ltr'><strong>tuum</strong></span> <span class='ocrx_word' id='word_1_276' title='bbox 1407 3617 1643 3677; x_wconf 82' lang='lat' dir='ltr'><strong>tanquam</strong></span> <span class='ocrx_word' id='word_1_277' title='bbox 1663 3610 1876 3679; x_wconf 76' lang='lat' dir='ltr'><strong>teipsum</strong></span> <span class='ocrx_word' id='word_1_278' title='bbox 1892 3608 2068 3677; x_wconf 86' lang='lat' dir='ltr'><strong>(Rom.</strong></span> 
     </span>
    </p>
   </div>
   <div class='ocr_carea' id='block_1_38' title="bbox 498 3701 2070 3774">
    <p class='ocr_par' dir='ltr' id='par_1_38' title="bbox 498 3701 2070 3774">
     <span class='ocr_line' id='line_1_38' title="bbox 498 3701 2070 3774; baseline 0.001 -17"><span class='ocrx_word' id='word_1_279' title='bbox 498 3718 608 3766; x_wconf 74' lang='lat' dir='ltr'><strong>xui,</strong></span> <span class='ocrx_word' id='word_1_280' title='bbox 632 3704 687 3769; x_wconf 90' lang='lat'><strong>8,</strong></span> <span class='ocrx_word' id='word_1_281' title='bbox 709 3701 788 3774; x_wconf 87' lang='lat'><strong>9).</strong></span> <span class='ocrx_word' id='word_1_282' title='bbox 824 3703 926 3755; x_wconf 85' lang='lat' dir='ltr'><strong>Aut</strong></span> <span class='ocrx_word' id='word_1_283' title='bbox 951 3702 1123 3756; x_wconf 88' lang='lat' dir='ltr'><strong>bonos</strong></span> <span class='ocrx_word' id='word_1_284' title='bbox 1152 3701 1449 3756; x_wconf 88' lang='lat' dir='ltr'><strong>intellectus</strong></span> <span class='ocrx_word' id='word_1_285' title='bbox 1476 3701 1636 3757; x_wconf 88' lang='lat' dir='ltr'><strong>homo</strong></span> <span class='ocrx_word' id='word_1_286' title='bbox 1667 3704 1875 3773; x_wconf 70' lang='lat' dir='ltr'><strong>quterit,</strong></span> <span class='ocrx_word' id='word_1_287' title='bbox 1903 3713 1957 3758; x_wconf 90' lang='lat' dir='ltr'><strong>et</strong></span> <span class='ocrx_word' id='word_1_288' title='bbox 1985 3705 2070 3759; x_wconf 91' lang='lat' dir='ltr'><strong>iu-</strong></span> 
     </span>
    </p>
   </div>
   <div class='ocr_carea' id='block_1_39' title="bbox 497 3792 2071 3865">
    <p class='ocr_par' dir='ltr' id='par_1_39' title="bbox 497 3792 2071 3865">
     <span class='ocr_line' id='line_1_39' title="bbox 497 3792 2071 3865; baseline 0.002 -18"><span class='ocrx_word' id='word_1_289' title='bbox 497 3794 641 3850; x_wconf 83' lang='lat' dir='ltr'><strong>venit</strong></span> <span class='ocrx_word' id='word_1_290' title='bbox 662 3809 822 3848; x_wconf 84' lang='lat' dir='ltr'><strong>unum</strong></span> <span class='ocrx_word' id='word_1_291' title='bbox 849 3792 976 3847; x_wconf 86' lang='lat' dir='ltr'><strong>illud</strong></span> <span class='ocrx_word' id='word_1_292' title='bbox 1000 3807 1106 3862; x_wconf 89' lang='lat' dir='ltr'><strong>quo</strong></span> <span class='ocrx_word' id='word_1_293' title='bbox 1130 3794 1304 3848; x_wconf 88' lang='lat' dir='ltr'><strong>cuncti</strong></span> <span class='ocrx_word' id='word_1_294' title='bbox 1341 3794 1695 3860; x_wconf 89' lang='lat' dir='ltr'><strong>continentur,</strong></span> <span class='ocrx_word' id='word_1_295' title='bbox 1723 3796 1774 3848; x_wconf 90' lang='lat' dir='ltr'><strong>in</strong></span> <span class='ocrx_word' id='word_1_296' title='bbox 1810 3796 2071 3865; x_wconf 88' lang='lat' dir='ltr'><strong>principio</strong></span> 
     </span>
    </p>
   </div>
   <div class='ocr_carea' id='block_1_40' title="bbox 504 3869 2070 3952">
    <p class='ocr_par' dir='ltr' id='par_1_40' title="bbox 504 3869 2070 3952">
     <span class='ocr_line' id='line_1_40' title="bbox 504 3869 2070 3952; baseline 0.001 -13"><span class='ocrx_word' id='word_1_297' title='bbox 504 3885 756 3948; x_wconf 77' lang='lat' dir='ltr'><strong>Verbum,</strong></span> <span class='ocrx_word' id='word_1_298' title='bbox 797 3894 853 3938; x_wconf 91' lang='lat' dir='ltr'><strong>et</strong></span> <span class='ocrx_word' id='word_1_299' title='bbox 883 3883 1112 3937; x_wconf 79' lang='lat' dir='ltr'><strong>Verbum</strong></span> <span class='ocrx_word' id='word_1_300' title='bbox 1153 3882 1293 3952; x_wconf 86' lang='lat' dir='ltr'><strong>apud</strong></span> <span class='ocrx_word' id='word_1_301' title='bbox 1334 3885 1515 3949; x_wconf 89' lang='lat' dir='ltr'><strong>Deum,</strong></span> <span class='ocrx_word' id='word_1_302' title='bbox 1551 3893 1607 3939; x_wconf 90' lang='lat' dir='ltr'><strong>et</strong></span> <span class='ocrx_word' id='word_1_303' title='bbox 1632 3869 1861 3940; x_wconf 61' lang='lat' dir='ltr'><strong>Verbum</strong></span> <span class='ocrx_word' id='word_1_304' title='bbox 1907 3887 2070 3941; x_wconf 87' lang='lat' dir='ltr'><strong>Deum</strong></span> 
     </span>
    </p>
   </div>
   <div class='ocr_carea' id='block_1_41' title="bbox 497 3973 2071 4046">
    <p class='ocr_par' dir='ltr' id='par_1_41' title="bbox 497 3973 2071 4046">
     <span class='ocr_line' id='line_1_41' title="bbox 497 3973 2071 4046; baseline 0.003 -17"><span class='ocrx_word' id='word_1_305' title='bbox 497 3975 678 4045; x_wconf 74' lang='lat' dir='ltr'><strong>(locu.</strong></span> <span class='ocrx_word' id='word_1_306' title='bbox 711 3991 749 4042; x_wconf 83' lang='grc' dir='ltr'><strong>ι,</strong></span> <span class='ocrx_word' id='word_1_307' title='bbox 792 3973 868 4046; x_wconf 84' lang='grc'><strong>1),</strong></span> <span class='ocrx_word' id='word_1_308' title='bbox 896 3973 1129 4029; x_wconf 78' lang='lat' dir='ltr'><strong>lucidum</strong></span> <span class='ocrx_word' id='word_1_309' title='bbox 1172 3974 1404 4031; x_wconf 82' lang='lat' dir='ltr'><strong>candore</strong></span> <span class='ocrx_word' id='word_1_310' title='bbox 1442 3976 1715 4040; x_wconf 80' lang='lat' dir='ltr'><strong>veritatis,</strong></span> <span class='ocrx_word' id='word_1_311' title='bbox 1747 3986 1802 4031; x_wconf 90' lang='lat' dir='ltr'><strong>et</strong></span> <span class='ocrx_word' id='word_1_312' title='bbox 1845 3978 2071 4033; x_wconf 89' lang='lat' dir='ltr'><strong>solidum</strong></span> 
     </span>
    </p>
   </div>
   <div class='ocr_carea' id='block_1_42' title="bbox 497 4068 2070 4142">
    <p class='ocr_par' dir='ltr' id='par_1_42' title="bbox 497 4068 2070 4142">
     <span class='ocr_line' id='line_1_42' title="bbox 497 4068 2070 4142; baseline 0.004 -19"><span class='ocrx_word' id='word_1_313' title='bbox 497 4069 750 4125; x_wconf 84' lang='lat' dir='ltr'><strong>ﬁrmitate</strong></span> <span class='ocrx_word' id='word_1_314' title='bbox 768 4068 1097 4136; x_wconf 81' lang='lat' dir='ltr'><strong>:cternitatis,</strong></span> <span class='ocrx_word' id='word_1_315' title='bbox 1129 4077 1183 4124; x_wconf 91' lang='lat' dir='ltr'><strong>et</strong></span> <span class='ocrx_word' id='word_1_316' title='bbox 1209 4068 1440 4139; x_wconf 88' lang='lat' dir='ltr'><strong>undique</strong></span> <span class='ocrx_word' id='word_1_317' title='bbox 1474 4070 1556 4125; x_wconf 88' lang='lat' dir='ltr'><strong>sui</strong></span> <span class='ocrx_word' id='word_1_318' title='bbox 1581 4070 1756 4126; x_wconf 88' lang='lat' dir='ltr'><strong>simile</strong></span> <span class='ocrx_word' id='word_1_319' title='bbox 1778 4072 2070 4142; x_wconf 82' lang='lat' dir='ltr'><strong>pulchritu-</strong></span> 
     </span>
    </p>
   </div>
   <div class='ocr_carea' id='block_1_43' title="bbox 496 4158 2068 4233">
    <p class='ocr_par' dir='ltr' id='par_1_43' title="bbox 496 4158 2068 4233">
     <span class='ocr_line' id='line_1_43' title="bbox 496 4158 2068 4233; baseline 0.003 -19"><span class='ocrx_word' id='word_1_320' title='bbox 496 4158 622 4214; x_wconf 82' lang='lat' dir='ltr'><strong>dine</strong></span> <span class='ocrx_word' id='word_1_321' title='bbox 652 4159 960 4227; x_wconf 83' lang='lat' dir='ltr'><strong>divinitatis,</strong></span> <span class='ocrx_word' id='word_1_322' title='bbox 989 4160 1079 4230; x_wconf 91' lang='lat' dir='ltr'><strong>qui</strong></span> <span class='ocrx_word' id='word_1_323' title='bbox 1104 4159 1261 4225; x_wconf 85' lang='lat' dir='ltr'><strong>Deus,</strong></span> <span class='ocrx_word' id='word_1_324' title='bbox 1286 4168 1559 4229; x_wconf 85' lang='lat' dir='ltr'><strong>penetrata</strong></span> <span class='ocrx_word' id='word_1_325' title='bbox 1583 4161 1759 4217; x_wconf 88' lang='lat' dir='ltr'><strong>carnis</strong></span> <span class='ocrx_word' id='word_1_326' title='bbox 1787 4164 2068 4233; x_wconf 84' lang='lat' dir='ltr'><strong>testudine,</strong></span> 
     </span>
    </p>
   </div>
   <div class='ocr_carea' id='block_1_44' title="bbox 498 4248 2061 4324">
    <p class='ocr_par' dir='ltr' id='par_1_44' title="bbox 498 4248 2061 4324">
     <span class='ocr_line' id='line_1_44' title="bbox 498 4248 2061 4324; baseline 0.002 -20"><span class='ocrx_word' id='word_1_327' title='bbox 498 4248 872 4320; x_wconf 72' lang='lat' dir='ltr'><strong>intelligendus</strong></span> <span class='ocrx_word' id='word_1_328' title='bbox 891 4259 991 4305; x_wconf 88' lang='lat' dir='ltr'><strong>est.</strong></span> <span class='ocrx_word' id='word_1_329' title='bbox 1016 4250 1110 4306; x_wconf 90' lang='lat' dir='ltr'><strong>llle</strong></span> <span class='ocrx_word' id='word_1_330' title='bbox 1133 4251 1275 4306; x_wconf 86' lang='lat' dir='ltr'><strong>enim</strong></span> <span class='ocrx_word' id='word_1_331' title='bbox 1296 4251 1362 4306; x_wconf 89' lang='lat' dir='ltr'><strong>ad</strong></span> <span class='ocrx_word' id='word_1_332' title='bbox 1391 4252 1729 4322; x_wconf 78' lang='lat' dir='ltr'><strong>margaritam</strong></span> <span class='ocrx_word' id='word_1_333' title='bbox 1760 4253 1927 4323; x_wconf 83' lang='lat' dir='ltr'><strong>ipsam</strong></span> <span class='ocrx_word' id='word_1_334' title='bbox 1951 4253 2061 4324; x_wconf 87' lang='lat' dir='ltr'><strong>jam</strong></span> 
     </span>
    </p>
   </div>
   <div class='ocr_carea' id='block_1_45' title="bbox 497 4344 2071 4418">
    <p class='ocr_par' dir='ltr' id='par_1_45' title="bbox 497 4344 2071 4418">
     <span class='ocr_line' id='line_1_45' title="bbox 497 4344 2071 4418; baseline 0.004 -22"><span class='ocrx_word' id='word_1_335' title='bbox 497 4352 851 4411; x_wconf 86' lang='lat' dir='ltr'><strong>pervenerat,</strong></span> <span class='ocrx_word' id='word_1_336' title='bbox 888 4359 1007 4413; x_wconf 67' lang='lat' dir='ltr'><strong>qua:</strong></span> <span class='ocrx_word' id='word_1_337' title='bbox 1044 4344 1100 4398; x_wconf 93' lang='lat' dir='ltr'><strong>in</strong></span> <span class='ocrx_word' id='word_1_338' title='bbox 1147 4345 1465 4413; x_wconf 70' lang='lat' dir='ltr'><strong>tegumentis</strong></span> <span class='ocrx_word' id='word_1_339' title='bbox 1502 4346 1875 4413; x_wconf 83' lang='lat' dir='ltr'><strong>mortalitatis,</strong></span> <span class='ocrx_word' id='word_1_340' title='bbox 1921 4348 2071 4418; x_wconf 87' lang='lat' dir='ltr'><strong>quasi</strong></span> 
     </span>
    </p>
   </div>
   <div class='ocr_carea' id='block_1_46' title="bbox 499 4433 2071 4507">
    <p class='ocr_par' dir='ltr' id='par_1_46' title="bbox 499 4433 2071 4507">
     <span class='ocr_line' id='line_1_46' title="bbox 499 4433 2071 4507; baseline 0.003 -19"><span class='ocrx_word' id='word_1_341' title='bbox 499 4433 826 4488; x_wconf 84' lang='lat' dir='ltr'><strong>concharum</strong></span> <span class='ocrx_word' id='word_1_342' title='bbox 853 4433 1129 4488; x_wconf 85' lang='lat' dir='ltr'><strong>obstaculo</strong></span> <span class='ocrx_word' id='word_1_343' title='bbox 1148 4476 1161 4498; x_wconf 93' lang='lat'><strong>,</strong></span> <span class='ocrx_word' id='word_1_344' title='bbox 1193 4435 1247 4489; x_wconf 91' lang='lat' dir='ltr'><strong>in</strong></span> <span class='ocrx_word' id='word_1_345' title='bbox 1279 4433 1541 4504; x_wconf 88' lang='lat' dir='ltr'><strong>profundo</strong></span> <span class='ocrx_word' id='word_1_346' title='bbox 1569 4436 1725 4505; x_wconf 83' lang='lat' dir='ltr'><strong>hujus</strong></span> <span class='ocrx_word' id='word_1_347' title='bbox 1753 4438 1930 4493; x_wconf 66' lang='lat' dir='ltr'><strong>saeculi</strong></span> <span class='ocrx_word' id='word_1_348' title='bbox 1950 4481 1965 4507; x_wconf 91' lang='lat'><strong>,</strong></span> <span class='ocrx_word' id='word_1_349' title='bbox 1993 4449 2071 4494; x_wconf 90' lang='lat' dir='ltr'><strong>at-</strong></span> 
     </span>
    </p>
   </div>
   <div class='ocr_carea' id='block_1_47' title="bbox 504 4524 2070 4599">
    <p class='ocr_par' dir='ltr' id='par_1_47' title="bbox 504 4524 2070 4599">
     <span class='ocr_line' id='line_1_47' title="bbox 504 4524 2070 4599; baseline 0.006 -22"><span class='ocrx_word' id='word_1_350' title='bbox 504 4538 606 4594; x_wconf 85' lang='lat' dir='ltr'><strong>que</strong></span> <span class='ocrx_word' id='word_1_351' title='bbox 632 4525 771 4580; x_wconf 87' lang='lat' dir='ltr'><strong>inter</strong></span> <span class='ocrx_word' id='word_1_352' title='bbox 796 4524 1018 4579; x_wconf 71' lang='lat' dir='ltr'><strong>duritiae</strong></span> <span class='ocrx_word' id='word_1_353' title='bbox 1053 4539 1242 4580; x_wconf 83' lang='lat' dir='ltr'><strong>saxeas</strong></span> <span class='ocrx_word' id='word_1_354' title='bbox 1273 4526 1575 4581; x_wconf 68' lang='lat' dir='ltr'><strong>Judaaorum</strong></span> <span class='ocrx_word' id='word_1_355' title='bbox 1598 4529 1878 4599; x_wconf 81' lang='lat' dir='ltr'><strong>aliquando</strong></span> <span class='ocrx_word' id='word_1_356' title='bbox 1901 4532 2070 4588; x_wconf 88' lang='lat' dir='ltr'><strong>latue-</strong></span> 
     </span>
    </p>
   </div>
   <div class='ocr_carea' id='block_1_48' title="bbox 503 4614 2068 4691">
    <p class='ocr_par' dir='ltr' id='par_1_48' title="bbox 503 4614 2068 4691">
     <span class='ocr_line' id='line_1_48' title="bbox 503 4614 2068 4691; baseline 0.006 -23"><span class='ocrx_word' id='word_1_357' title='bbox 503 4624 584 4668; x_wconf 83' lang='lat' dir='ltr'><strong>rat</strong></span> <span class='ocrx_word' id='word_1_358' title='bbox 622 4633 635 4667; x_wconf 90' lang='lat'>:</span> <span class='ocrx_word' id='word_1_359' title='bbox 680 4614 771 4668; x_wconf 90' lang='lat' dir='ltr'><strong>ille</strong></span> <span class='ocrx_word' id='word_1_360' title='bbox 792 4630 920 4684; x_wconf 84' lang='lat' dir='ltr'><strong>ergo</strong></span> <span class='ocrx_word' id='word_1_361' title='bbox 942 4614 1009 4668; x_wconf 88' lang='lat' dir='ltr'><strong>ad</strong></span> <span class='ocrx_word' id='word_1_362' title='bbox 1038 4616 1204 4684; x_wconf 88' lang='lat' dir='ltr'><strong>ipsam</strong></span> <span class='ocrx_word' id='word_1_363' title='bbox 1231 4618 1568 4687; x_wconf 78' lang='lat' dir='ltr'><strong>margaritam</strong></span> <span class='ocrx_word' id='word_1_364' title='bbox 1599 4618 1708 4688; x_wconf 85' lang='lat' dir='ltr'><strong>jam</strong></span> <span class='ocrx_word' id='word_1_365' title='bbox 1739 4633 2068 4691; x_wconf 84' lang='lat' dir='ltr'><strong>pervenerat,</strong></span> 
     </span>
    </p>
   </div>
   <div class='ocr_carea' id='block_1_49' title="bbox 499 4705 2067 4784">
    <p class='ocr_par' dir='ltr' id='par_1_49' title="bbox 499 4705 2067 4784">
     <span class='ocr_line' id='line_1_49' title="bbox 499 4705 2067 4784; baseline 0.007 -24"><span class='ocrx_word' id='word_1_366' title='bbox 499 4705 592 4775; x_wconf 89' lang='lat' dir='ltr'><strong>qui</strong></span> <span class='ocrx_word' id='word_1_367' title='bbox 625 4706 717 4767; x_wconf 84' lang='lat' dir='ltr'><strong>ait,</strong></span> <span class='ocrx_word' id='word_1_368' title='bbox 748 4705 812 4759; x_wconf 82' lang='lat' dir='ltr'><strong>Et</strong></span> <span class='ocrx_word' id='word_1_369' title='bbox 846 4707 889 4760; x_wconf 82' lang='lat' dir='ltr'><strong>si</strong></span> <span class='ocrx_word' id='word_1_370' title='bbox 926 4723 1219 4761; x_wconf 72' lang='lat' dir='ltr'><strong>noveramus</strong></span> <span class='ocrx_word' id='word_1_371' title='bbox 1257 4707 1509 4764; x_wconf 79' lang='lat' dir='ltr'><strong>Christum</strong></span> <span class='ocrx_word' id='word_1_372' title='bbox 1549 4714 1823 4767; x_wconf 64' lang='lat' dir='ltr'><strong>“cundum</strong></span> <span class='ocrx_word' id='word_1_373' title='bbox 1846 4732 2067 4784; x_wconf 80' lang='lat' dir='ltr'><strong>carnem,</strong></span> 
     </span>
    </p>
   </div>
   <div class='ocr_carea' id='block_1_50' title="bbox 499 4797 2072 4873">
    <p class='ocr_par' dir='ltr' id='par_1_50' title="bbox 499 4797 2072 4873">
     <span class='ocr_line' id='line_1_50' title="bbox 499 4797 2072 4873; baseline 0.008 -22"><span class='ocrx_word' id='word_1_374' title='bbox 499 4797 585 4851; x_wconf 81' lang='lat' dir='ltr'><strong>sed</strong></span> <span class='ocrx_word' id='word_1_375' title='bbox 611 4814 743 4851; x_wconf 72' lang='lat' dir='ltr'><strong>nunc</strong></span> <span class='ocrx_word' id='word_1_376' title='bbox 759 4799 873 4867; x_wconf 68' lang='lat' dir='ltr'><strong>jam</strong></span> <span class='ocrx_word' id='word_1_377' title='bbox 908 4814 1007 4853; x_wconf 77' lang='lat' dir='ltr'><strong>non</strong></span> <span class='ocrx_word' id='word_1_378' title='bbox 1042 4801 1266 4854; x_wconf 79' lang='lat' dir='ltr'><strong>norimus</strong></span> <span class='ocrx_word' id='word_1_379' title='bbox 1295 4798 1377 4872; x_wconf 88' lang='lat' dir='ltr'><strong>(Il</strong></span> <span class='ocrx_word' id='word_1_380' title='bbox 1400 4799 1515 4856; x_wconf 81' lang='lat' dir='ltr'><strong>Cor.</strong></span> <span class='ocrx_word' id='word_1_381' title='bbox 1547 4818 1601 4869; x_wconf 91' lang='lat' dir='ltr'><strong>v,</strong></span> <span class='ocrx_word' id='word_1_382' title='bbox 1637 4802 1750 4873; x_wconf 83' lang='lat' dir='ltr'><strong>l6).</strong></span> <span class='ocrx_word' id='word_1_383' title='bbox 1794 4805 1900 4861; x_wconf 84' lang='lat' dir='ltr'><strong>Nec</strong></span> <span class='ocrx_word' id='word_1_384' title='bbox 1936 4801 2072 4864; x_wconf 83' lang='lat' dir='ltr'><strong>ullus</strong></span> 
     </span>
    </p>
   </div>
   <div class='ocr_carea' id='block_1_51' title="bbox 500 4887 2073 4966">
    <p class='ocr_par' dir='ltr' id='par_1_51' title="bbox 500 4887 2073 4966">
     <span class='ocr_line' id='line_1_51' title="bbox 500 4887 2073 4966; baseline 0.011 -27"><span class='ocrx_word' id='word_1_385' title='bbox 500 4887 717 4942; x_wconf 88' lang='lat' dir='ltr'><strong>omnino</strong></span> <span class='ocrx_word' id='word_1_386' title='bbox 745 4888 1044 4943; x_wconf 86' lang='lat' dir='ltr'><strong>intellectus</strong></span> <span class='ocrx_word' id='word_1_387' title='bbox 1068 4892 1367 4960; x_wconf 76' lang='lat' dir='ltr'><strong>margarita:</strong></span> <span class='ocrx_word' id='word_1_388' title='bbox 1389 4892 1600 4949; x_wconf 90' lang='lat' dir='ltr'><strong>nomine</strong></span> <span class='ocrx_word' id='word_1_389' title='bbox 1622 4893 1812 4965; x_wconf 82' lang='lat' dir='ltr'><strong>dignus</strong></span> <span class='ocrx_word' id='word_1_390' title='bbox 1838 4909 1942 4966; x_wconf 87' lang='lat' dir='ltr'><strong>est,</strong></span> <span class='ocrx_word' id='word_1_391' title='bbox 1971 4902 2073 4957; x_wconf 90' lang='lat' dir='ltr'><strong>nisi</strong></span> 
     </span>
    </p>
   </div>
   <div class='ocr_carea' id='block_1_52' title="bbox 501 4974 2073 5059">
    <p class='ocr_par' dir='ltr' id='par_1_52' title="bbox 501 4974 2073 5059">
     <span class='ocr_line' id='line_1_52' title="bbox 501 4974 2073 5059; baseline 0.01 -29"><span class='ocrx_word' id='word_1_392' title='bbox 501 4974 568 5030; x_wconf 84' lang='lat' dir='ltr'><strong>ad</strong></span> <span class='ocrx_word' id='word_1_393' title='bbox 616 4990 775 5046; x_wconf 83' lang='lat' dir='ltr'><strong>quem</strong></span> <span class='ocrx_word' id='word_1_394' title='bbox 815 4977 1068 5033; x_wconf 87' lang='lat' dir='ltr'><strong>discussis</strong></span> <span class='ocrx_word' id='word_1_395' title='bbox 1114 4981 1362 5036; x_wconf 89' lang='lat' dir='ltr'><strong>omnibus</strong></span> <span class='ocrx_word' id='word_1_396' title='bbox 1407 4985 1712 5041; x_wconf 86' lang='lat' dir='ltr'><strong>carnalibus</strong></span> <span class='ocrx_word' id='word_1_397' title='bbox 1756 4990 2073 5059; x_wconf 82' lang='lat' dir='ltr'><strong>tegminibus</strong></span> 
     </span>
    </p>
   </div>
   <div class='ocr_carea' id='block_1_53' title="bbox 506 5067 2076 5152">
    <p class='ocr_par' dir='ltr' id='par_1_53' title="bbox 506 5067 2076 5152">
     <span class='ocr_line' id='line_1_53' title="bbox 506 5067 2076 5152; baseline 0.012 -33"><span class='ocrx_word' id='word_1_398' title='bbox 506 5067 834 5135; x_wconf 74' lang='lat' dir='ltr'><strong>pervenitur,</strong></span> <span class='ocrx_word' id='word_1_399' title='bbox 862 5069 1053 5138; x_wconf 90' lang='lat' dir='ltr'><strong>quibus</strong></span> <span class='ocrx_word' id='word_1_400' title='bbox 1080 5071 1191 5125; x_wconf 90' lang='lat' dir='ltr'><strong>sive</strong></span> <span class='ocrx_word' id='word_1_401' title='bbox 1224 5088 1317 5140; x_wconf 86' lang='lat' dir='ltr'><strong>per</strong></span> <span class='ocrx_word' id='word_1_402' title='bbox 1346 5073 1503 5129; x_wconf 85' lang='lat' dir='ltr'><strong>verba</strong></span> <span class='ocrx_word' id='word_1_403' title='bbox 1531 5074 1759 5133; x_wconf 80' lang='lat' dir='ltr'><strong>humana</strong></span> <span class='ocrx_word' id='word_1_404' title='bbox 1781 5120 1797 5145; x_wconf 92' lang='lat'><strong>,</strong></span> <span class='ocrx_word' id='word_1_405' title='bbox 1827 5082 1944 5136; x_wconf 85' lang='lat' dir='ltr'><strong>sive</strong></span> <span class='ocrx_word' id='word_1_406' title='bbox 1982 5098 2076 5152; x_wconf 88' lang='lat' dir='ltr'><strong>per</strong></span> 
     </span>
    </p>
   </div>
   <div class='ocr_carea' id='block_1_54' title="bbox 500 5157 2072 5241">
    <p class='ocr_par' dir='ltr' id='par_1_54' title="bbox 500 5157 2072 5241">
     <span class='ocr_line' id='line_1_54' title="bbox 500 5157 2072 5241; baseline 0.011 -29"><span class='ocrx_word' id='word_1_407' title='bbox 500 5157 871 5215; x_wconf 71' lang='lat' dir='ltr'><strong>similitudines</strong></span> <span class='ocrx_word' id='word_1_408' title='bbox 908 5162 1309 5232; x_wconf 82' lang='lat' dir='ltr'><strong>circumpositas</strong></span> <span class='ocrx_word' id='word_1_409' title='bbox 1333 5166 1600 5234; x_wconf 85' lang='lat' dir='ltr'><strong>aperitur,</strong></span> <span class='ocrx_word' id='word_1_410' title='bbox 1628 5178 1684 5223; x_wconf 88' lang='lat' dir='ltr'><strong>ut</strong></span> <span class='ocrx_word' id='word_1_411' title='bbox 1710 5186 1872 5241; x_wconf 88' lang='lat' dir='ltr'><strong>purus</strong></span> <span class='ocrx_word' id='word_1_412' title='bbox 1901 5183 1956 5228; x_wconf 90' lang='lat' dir='ltr'><strong>et</strong></span> <span class='ocrx_word' id='word_1_413' title='bbox 1982 5188 2072 5228; x_wconf 85' lang='lat' dir='ltr'><strong>so-</strong></span> 
     </span>
    </p>
   </div>
   <div class='ocr_carea' id='block_1_55' title="bbox 500 5248 2075 5322">
    <p class='ocr_par' dir='ltr' id='par_1_55' title="bbox 500 5248 2075 5322">
     <span class='ocr_line' id='line_1_55' title="bbox 500 5248 2075 5322; baseline 0.01 -18"><span class='ocrx_word' id='word_1_414' title='bbox 500 5248 643 5305; x_wconf 83' lang='lat' dir='ltr'><strong>lidus</strong></span> <span class='ocrx_word' id='word_1_415' title='bbox 670 5257 724 5304; x_wconf 89' lang='lat' dir='ltr'><strong>et</strong></span> <span class='ocrx_word' id='word_1_416' title='bbox 744 5264 1003 5321; x_wconf 85' lang='lat' dir='ltr'><strong>nusquam</strong></span> <span class='ocrx_word' id='word_1_417' title='bbox 1030 5267 1059 5306; x_wconf 91' lang='lat' dir='ltr'><strong>a</strong></span> <span class='ocrx_word' id='word_1_418' title='bbox 1089 5267 1147 5308; x_wconf 84' lang='lat' dir='ltr'><strong>se</strong></span> <span class='ocrx_word' id='word_1_419' title='bbox 1165 5254 1464 5322; x_wconf 81' lang='lat' dir='ltr'><strong>dissonans,</strong></span> <span class='ocrx_word' id='word_1_420' title='bbox 1494 5268 1636 5313; x_wconf 86' lang='lat' dir='ltr'><strong>certa</strong></span> <span class='ocrx_word' id='word_1_421' title='bbox 1666 5261 1872 5317; x_wconf 83' lang='lat' dir='ltr'><strong>ratione</strong></span> <span class='ocrx_word' id='word_1_422' title='bbox 1891 5278 2075 5320; x_wconf 85' lang='lat' dir='ltr'><strong>cerna-</strong></span> 
     </span>
    </p>
   </div>
   <div class='ocr_carea' id='block_1_56' title="bbox 500 5342 2073 5423">
    <p class='ocr_par' dir='ltr' id='par_1_56' title="bbox 500 5342 2073 5423">
     <span class='ocr_line' id='line_1_56' title="bbox 500 5342 2073 5423; baseline 0.009 -26"><span class='ocrx_word' id='word_1_423' title='bbox 500 5351 606 5398; x_wconf 87' lang='lat' dir='ltr'><strong>tur.</strong></span> <span class='ocrx_word' id='word_1_424' title='bbox 638 5342 782 5409; x_wconf 84' lang='lat' dir='ltr'><strong>Quos</strong></span> <span class='ocrx_word' id='word_1_425' title='bbox 811 5351 989 5402; x_wconf 79' lang='lat' dir='ltr'><strong>tamen</strong></span> <span class='ocrx_word' id='word_1_426' title='bbox 1024 5359 1208 5401; x_wconf 80' lang='lat' dir='ltr'><strong>omnes</strong></span> <span class='ocrx_word' id='word_1_427' title='bbox 1236 5361 1392 5403; x_wconf 82' lang='lat' dir='ltr'><strong>veros</strong></span> <span class='ocrx_word' id='word_1_428' title='bbox 1424 5357 1478 5404; x_wconf 88' lang='lat' dir='ltr'><strong>et</strong></span> <span class='ocrx_word' id='word_1_429' title='bbox 1514 5349 1695 5406; x_wconf 85' lang='lat' dir='ltr'><strong>ﬁrmos</strong></span> <span class='ocrx_word' id='word_1_430' title='bbox 1732 5360 1786 5407; x_wconf 90' lang='lat' dir='ltr'><strong>et</strong></span> <span class='ocrx_word' id='word_1_431' title='bbox 1811 5354 2073 5423; x_wconf 89' lang='lat' dir='ltr'><strong>perfectos</strong></span> 
     </span>
    </p>
   </div>
   <div class='ocr_carea' id='block_1_57' title="bbox 500 5432 2074 5511">
    <p class='ocr_par' dir='ltr' id='par_1_57' title="bbox 500 5432 2074 5511">
     <span class='ocr_line' id='line_1_57' title="bbox 500 5432 2074 5511; baseline 0.008 -22"><span class='ocrx_word' id='word_1_432' title='bbox 500 5432 803 5490; x_wconf 84' lang='lat' dir='ltr'><strong>intellectus</strong></span> <span class='ocrx_word' id='word_1_433' title='bbox 843 5448 980 5490; x_wconf 88' lang='lat' dir='ltr'><strong>unus</strong></span> <span class='ocrx_word' id='word_1_434' title='bbox 1020 5436 1110 5491; x_wconf 88' lang='lat' dir='ltr'><strong>ille</strong></span> <span class='ocrx_word' id='word_1_435' title='bbox 1150 5438 1421 5506; x_wconf 87' lang='lat' dir='ltr'><strong>continet,</strong></span> <span class='ocrx_word' id='word_1_436' title='bbox 1453 5454 1547 5509; x_wconf 88' lang='lat' dir='ltr'><strong>per</strong></span> <span class='ocrx_word' id='word_1_437' title='bbox 1584 5456 1742 5511; x_wconf 84' lang='lat' dir='ltr'><strong>quem</strong></span> <span class='ocrx_word' id='word_1_438' title='bbox 1780 5444 1917 5501; x_wconf 83' lang='lat' dir='ltr'><strong>facta</strong></span> <span class='ocrx_word' id='word_1_439' title='bbox 1950 5457 2074 5501; x_wconf 81' lang='lat' dir='ltr'><strong>sum</strong></span> 
     </span>
    </p>
   </div>
   <div class='ocr_carea' id='block_1_58' title="bbox 502 5525 2075 5603">
    <p class='ocr_par' dir='ltr' id='par_1_58' title="bbox 502 5525 2075 5603">
     <span class='ocr_line' id='line_1_58' title="bbox 502 5525 2075 5603; baseline 0.008 -23"><span class='ocrx_word' id='word_1_440' title='bbox 502 5525 703 5592; x_wconf 76' lang='lat' dir='ltr'><strong>omnia,</strong></span> <span class='ocrx_word' id='word_1_441' title='bbox 748 5525 890 5596; x_wconf 79' lang='lat' dir='ltr'><strong>quod</strong></span> <span class='ocrx_word' id='word_1_442' title='bbox 926 5536 1011 5583; x_wconf 82' lang='lat' dir='ltr'><strong>est</strong></span> <span class='ocrx_word' id='word_1_443' title='bbox 1035 5528 1266 5585; x_wconf 85' lang='lat' dir='ltr'><strong>Verbum</strong></span> <span class='ocrx_word' id='word_1_444' title='bbox 1300 5530 1391 5586; x_wconf 90' lang='lat' dir='ltr'><strong>Dei</strong></span> <span class='ocrx_word' id='word_1_445' title='bbox 1414 5530 1594 5600; x_wconf 80' lang='lat' dir='ltr'><strong>(Joau.</strong></span> <span class='ocrx_word' id='word_1_446' title='bbox 1622 5549 1658 5597; x_wconf 84' lang='grc' dir='ltr'><strong>ι,</strong></span> <span class='ocrx_word' id='word_1_447' title='bbox 1685 5535 1762 5603; x_wconf 75' lang='grc'><strong>3).</strong></span> <span class='ocrx_word' id='word_1_448' title='bbox 1791 5535 2075 5601; x_wconf 83' lang='lat' dir='ltr'><strong>Quodlibet</strong></span> 
     </span>
    </p>
   </div>
   <div class='ocr_carea' id='block_1_59' title="bbox 500 5615 2075 5691">
    <p class='ocr_par' dir='ltr' id='par_1_59' title="bbox 500 5615 2075 5691">
     <span class='ocr_line' id='line_1_59' title="bbox 500 5615 2075 5691; baseline 0.01 -21"><span class='ocrx_word' id='word_1_449' title='bbox 500 5626 679 5671; x_wconf 82' lang='lat' dir='ltr'><strong>autem</strong></span> <span class='ocrx_word' id='word_1_450' title='bbox 706 5615 893 5673; x_wconf 86' lang='lat' dir='ltr'><strong>borum</strong></span> <span class='ocrx_word' id='word_1_451' title='bbox 919 5620 1076 5673; x_wconf 91' lang='lat' dir='ltr'><strong>trium</strong></span> <span class='ocrx_word' id='word_1_452' title='bbox 1100 5620 1199 5686; x_wconf 87' lang='lat' dir='ltr'><strong>sit,</strong></span> <span class='ocrx_word' id='word_1_453' title='bbox 1222 5621 1304 5676; x_wconf 83' lang='lat' dir='ltr'><strong>vel</strong></span> <span class='ocrx_word' id='word_1_454' title='bbox 1330 5622 1373 5675; x_wconf 89' lang='lat' dir='ltr'><strong>si</strong></span> <span class='ocrx_word' id='word_1_455' title='bbox 1399 5622 1592 5691; x_wconf 88' lang='lat' dir='ltr'><strong>aliquid</strong></span> <span class='ocrx_word' id='word_1_456' title='bbox 1620 5623 1761 5678; x_wconf 84' lang='lat' dir='ltr'><strong>aliud</strong></span> <span class='ocrx_word' id='word_1_457' title='bbox 1795 5641 2075 5685; x_wconf 83' lang='lat' dir='ltr'><strong>occurrere</strong></span> 
     </span>
    </p>
   </div>
   <div class='ocr_carea' id='block_1_60' title="bbox 500 5708 2075 5786">
    <p class='ocr_par' dir='ltr' id='par_1_60' title="bbox 500 5708 2075 5786">
     <span class='ocr_line' id='line_1_60' title="bbox 500 5708 2075 5786; baseline 0.01 -24"><span class='ocrx_word' id='word_1_458' title='bbox 500 5708 763 5779; x_wconf 86' lang='lat' dir='ltr'><strong>potuerit,</strong></span> <span class='ocrx_word' id='word_1_459' title='bbox 786 5710 926 5779; x_wconf 85' lang='lat' dir='ltr'><strong>quod</strong></span> <span class='ocrx_word' id='word_1_460' title='bbox 962 5711 1261 5782; x_wconf 64' lang='lat' dir='ltr'><strong>margaritae</strong></span> <span class='ocrx_word' id='word_1_461' title='bbox 1297 5713 1450 5769; x_wconf 80' lang='lat' dir='ltr'><strong>unius</strong></span> <span class='ocrx_word' id='word_1_462' title='bbox 1490 5724 1545 5769; x_wconf 91' lang='lat' dir='ltr'><strong>et</strong></span> <span class='ocrx_word' id='word_1_463' title='bbox 1581 5716 1825 5786; x_wconf 67' lang='lat' dir='ltr'><strong>pretiosae</strong></span> <span class='ocrx_word' id='word_1_464' title='bbox 1865 5723 2075 5778; x_wconf 87' lang='lat' dir='ltr'><strong>nomine</strong></span> 
     </span>
    </p>
   </div>
   <div class='ocr_carea' id='block_1_61' title="bbox 1295 281 2828 362">
    <p class='ocr_par' dir='ltr' id='par_1_61' title="bbox 1295 281 2828 362">
     <span class='ocr_line' id='line_1_61' title="bbox 1295 281 2828 362; baseline -0.007 -13"><span class='ocrx_word' id='word_1_465' title='bbox 1295 286 1764 362; x_wconf 66' lang='lat' dir='ltr'><strong>QUESTIONUM</strong></span> <span class='ocrx_word' id='word_1_466' title='bbox 1801 281 2277 341; x_wconf 69' lang='lat' dir='ltr'><strong>SEPTEMDECIM</strong></span> <span class='ocrx_word' id='word_1_467' title='bbox 2318 285 2383 341; x_wconf 84' lang='lat' dir='ltr'><strong>lN</strong></span> <span class='ocrx_word' id='word_1_468' title='bbox 2422 283 2828 341; x_wconf 73' lang='lat' dir='ltr'><strong>MATTll/EUM</strong></span> 
     </span>
    </p>
   </div>
   <div class='ocr_carea' id='block_1_62' title="bbox 3596 289 3751 351">
    <p class='ocr_par' dir='ltr' id='par_1_62' title="bbox 3596 289 3751 351">
     <span class='ocr_line' id='line_1_62' title="bbox 3596 289 3751 351; baseline -0.013 0"><span class='ocrx_word' id='word_1_469' title='bbox 3596 289 3751 351; x_wconf 58' lang='lat'><strong>[873</strong></span> 
     </span>
    </p>
   </div>
   <div class='ocr_carea' id='block_1_63' title="bbox 2166 397 3765 477">
    <p class='ocr_par' dir='ltr' id='par_1_63' title="bbox 2166 397 3765 477">
     <span class='ocr_line' id='line_1_63' title="bbox 2166 397 3765 477; baseline 0.003 -22"><span class='ocrx_word' id='word_1_470' title='bbox 2166 397 2303 455; x_wconf 85' lang='lat' dir='ltr'><strong>bene</strong></span> <span class='ocrx_word' id='word_1_471' title='bbox 2329 398 2674 470; x_wconf 87' lang='lat' dir='ltr'><strong>signiﬁcetur,</strong></span> <span class='ocrx_word' id='word_1_472' title='bbox 2712 399 2939 469; x_wconf 80' lang='lat' dir='ltr'><strong>pretium</strong></span> <span class='ocrx_word' id='word_1_473' title='bbox 2980 399 3098 471; x_wconf 85' lang='lat' dir='ltr'><strong>ejus</strong></span> <span class='ocrx_word' id='word_1_474' title='bbox 3127 410 3209 461; x_wconf 82' lang='lat' dir='ltr'><strong>est</strong></span> <span class='ocrx_word' id='word_1_475' title='bbox 3250 417 3349 461; x_wconf 84' lang='lat' dir='ltr'><strong>nos</strong></span> <span class='ocrx_word' id='word_1_476' title='bbox 3385 402 3520 477; x_wconf 79' lang='lat' dir='ltr'><strong>ipsi:</strong></span> <span class='ocrx_word' id='word_1_477' title='bbox 3550 403 3643 477; x_wconf 85' lang='lat' dir='ltr'><strong>qui</strong></span> <span class='ocrx_word' id='word_1_478' title='bbox 3685 402 3765 460; x_wconf 76' lang='lat' dir='ltr'><strong>ad</strong></span> 
     </span>
    </p>
   </div>
   <div class='ocr_carea' id='block_1_64' title="bbox 2166 488 3752 562">
    <p class='ocr_par' dir='ltr' id='par_1_64' title="bbox 2166 488 3752 562">
     <span class='ocr_line' id='line_1_64' title="bbox 2166 488 3752 562; baseline 0.004 -16"><span class='ocrx_word' id='word_1_479' title='bbox 2166 503 2288 546; x_wconf 87' lang='lat' dir='ltr'><strong>eam</strong></span> <span class='ocrx_word' id='word_1_480' title='bbox 2332 488 2706 560; x_wconf 85' lang='lat' dir='ltr'><strong>possidendam</strong></span> <span class='ocrx_word' id='word_1_481' title='bbox 2750 504 2854 547; x_wconf 92' lang='lat' dir='ltr'><strong>non</strong></span> <span class='ocrx_word' id='word_1_482' title='bbox 2894 506 3080 549; x_wconf 87' lang='lat' dir='ltr'><strong>sumus</strong></span> <span class='ocrx_word' id='word_1_483' title='bbox 3115 491 3303 562; x_wconf 87' lang='lat' dir='ltr'><strong>liberi,</strong></span> <span class='ocrx_word' id='word_1_484' title='bbox 3349 493 3449 555; x_wconf 81' lang='lat' dir='ltr'><strong>nisi</strong></span> <span class='ocrx_word' id='word_1_485' title='bbox 3495 494 3752 553; x_wconf 84' lang='lat' dir='ltr'><strong>omnibus</strong></span> 
     </span>
    </p>
   </div>
   <div class='ocr_carea' id='block_1_65' title="bbox 2168 582 3756 658">
    <p class='ocr_par' dir='ltr' id='par_1_65' title="bbox 2168 582 3756 658">
     <span class='ocr_line' id='line_1_65' title="bbox 2168 582 3756 658; baseline 0.003 -21"><span class='ocrx_word' id='word_1_486' title='bbox 2168 596 2267 651; x_wconf 88' lang='lat' dir='ltr'><strong>pro</strong></span> <span class='ocrx_word' id='word_1_487' title='bbox 2308 590 2488 639; x_wconf 87' lang='lat' dir='ltr'><strong>nostra</strong></span> <span class='ocrx_word' id='word_1_488' title='bbox 2522 582 2843 641; x_wconf 83' lang='lat' dir='ltr'><strong>liberatione</strong></span> <span class='ocrx_word' id='word_1_489' title='bbox 2868 584 3205 656; x_wconf 81' lang='lat' dir='ltr'><strong>contemptis,</strong></span> <span class='ocrx_word' id='word_1_490' title='bbox 3226 601 3348 658; x_wconf 66' lang='lat' dir='ltr'><strong>quae</strong></span> <span class='ocrx_word' id='word_1_491' title='bbox 3386 585 3756 658; x_wconf 84' lang='lat' dir='ltr'><strong>temporaliter</strong></span> 
     </span>
    </p>
   </div>
   <div class='ocr_carea' id='block_1_66' title="bbox 2170 674 3751 747">
    <p class='ocr_par' dir='ltr' id='par_1_66' title="bbox 2170 674 3751 747">
     <span class='ocr_line' id='line_1_66' title="bbox 2170 674 3751 747; baseline 0.006 -18"><span class='ocrx_word' id='word_1_492' title='bbox 2170 674 2525 744; x_wconf 82' lang='lat' dir='ltr'><strong>possidentur.</strong></span> <span class='ocrx_word' id='word_1_493' title='bbox 2551 675 2789 732; x_wconf 78' lang='lat' dir='ltr'><strong>Venditis</strong></span> <span class='ocrx_word' id='word_1_494' title='bbox 2815 679 2956 732; x_wconf 91' lang='lat' dir='ltr'><strong>enim</strong></span> <span class='ocrx_word' id='word_1_495' title='bbox 2982 679 3140 734; x_wconf 90' lang='lat' dir='ltr'><strong>rebus</strong></span> <span class='ocrx_word' id='word_1_496' title='bbox 3164 680 3378 747; x_wconf 90' lang='lat' dir='ltr'><strong>nostris,</strong></span> <span class='ocrx_word' id='word_1_497' title='bbox 3408 680 3613 736; x_wconf 88' lang='lat' dir='ltr'><strong>nullum</strong></span> <span class='ocrx_word' id='word_1_498' title='bbox 3641 696 3751 739; x_wconf 83' lang='lat' dir='ltr'><strong>ea-</strong></span> 
     </span>
    </p>
   </div>
   <div class='ocr_carea' id='block_1_67' title="bbox 2168 766 3753 844">
    <p class='ocr_par' dir='ltr' id='par_1_67' title="bbox 2168 766 3753 844">
     <span class='ocr_line' id='line_1_67' title="bbox 2168 766 3753 844; baseline 0.004 -24"><span class='ocrx_word' id='word_1_499' title='bbox 2168 780 2287 821; x_wconf 88' lang='lat' dir='ltr'><strong>rum</strong></span> <span class='ocrx_word' id='word_1_500' title='bbox 2316 766 2799 837; x_wconf 79' lang='lat' dir='ltr'><strong>majusaccipimus</strong></span> <span class='ocrx_word' id='word_1_501' title='bbox 2827 769 3090 838; x_wconf 69' lang='lat' dir='ltr'><strong>pretium,</strong></span> <span class='ocrx_word' id='word_1_502' title='bbox 3116 785 3277 842; x_wconf 82' lang='lat' dir='ltr'><strong>quam</strong></span> <span class='ocrx_word' id='word_1_503' title='bbox 3304 787 3403 829; x_wconf 88' lang='lat' dir='ltr'><strong>nos</strong></span> <span class='ocrx_word' id='word_1_504' title='bbox 3426 772 3599 844; x_wconf 85' lang='lat' dir='ltr'><strong>ipsos;</strong></span> <span class='ocrx_word' id='word_1_505' title='bbox 3624 773 3753 843; x_wconf 90' lang='lat' dir='ltr'><strong>quia</strong></span> 
     </span>
    </p>
   </div>
   <div class='ocr_carea' id='block_1_68' title="bbox 2171 857 3755 927">
    <p class='ocr_par' dir='ltr' id='par_1_68' title="bbox 2171 857 3755 927">
     <span class='ocr_line' id='line_1_68' title="bbox 2171 857 3755 927; baseline 0.005 -15"><span class='ocrx_word' id='word_1_506' title='bbox 2171 857 2363 913; x_wconf 86' lang='lat' dir='ltr'><strong>talibus</strong></span> <span class='ocrx_word' id='word_1_507' title='bbox 2389 858 2677 927; x_wconf 88' lang='lat' dir='ltr'><strong>implicati,</strong></span> <span class='ocrx_word' id='word_1_508' title='bbox 2708 860 2876 917; x_wconf 89' lang='lat' dir='ltr'><strong>nostri</strong></span> <span class='ocrx_word' id='word_1_509' title='bbox 2912 876 3018 917; x_wconf 91' lang='lat' dir='ltr'><strong>non</strong></span> <span class='ocrx_word' id='word_1_510' title='bbox 3061 876 3271 919; x_wconf 86' lang='lat' dir='ltr'><strong>eramus</strong></span> <span class='ocrx_word' id='word_1_511' title='bbox 3298 880 3313 917; x_wconf 91' lang='lat'><strong>:</strong></span> <span class='ocrx_word' id='word_1_512' title='bbox 3339 871 3398 923; x_wconf 91' lang='lat' dir='ltr'><strong>ut</strong></span> <span class='ocrx_word' id='word_1_513' title='bbox 3429 878 3612 921; x_wconf 82' lang='lat' dir='ltr'><strong>rursus</strong></span> <span class='ocrx_word' id='word_1_514' title='bbox 3646 878 3755 920; x_wconf 86' lang='lat' dir='ltr'><strong>nos</strong></span> 
     </span>
    </p>
   </div>
   <div class='ocr_carea' id='block_1_69' title="bbox 2170 947 3749 1025">
    <p class='ocr_par' dir='ltr' id='par_1_69' title="bbox 2170 947 3749 1025">
     <span class='ocr_line' id='line_1_69' title="bbox 2170 947 3749 1025; baseline 0.008 -24"><span class='ocrx_word' id='word_1_515' title='bbox 2170 947 2316 1016; x_wconf 88' lang='lat' dir='ltr'><strong>ipsos</strong></span> <span class='ocrx_word' id='word_1_516' title='bbox 2341 963 2437 1017; x_wconf 90' lang='lat' dir='ltr'><strong>pro</strong></span> <span class='ocrx_word' id='word_1_517' title='bbox 2458 948 2547 1004; x_wconf 85' lang='lat' dir='ltr'><strong>illa</strong></span> <span class='ocrx_word' id='word_1_518' title='bbox 2575 951 2856 1020; x_wconf 86' lang='lat' dir='ltr'><strong>margarita</strong></span> <span class='ocrx_word' id='word_1_519' title='bbox 2884 951 3094 1019; x_wconf 83' lang='lat' dir='ltr'><strong>demus,</strong></span> <span class='ocrx_word' id='word_1_520' title='bbox 3115 968 3221 1009; x_wconf 90' lang='lat' dir='ltr'><strong>non</strong></span> <span class='ocrx_word' id='word_1_521' title='bbox 3248 954 3370 1025; x_wconf 88' lang='lat' dir='ltr'><strong>quia</strong></span> <span class='ocrx_word' id='word_1_522' title='bbox 3399 955 3528 1010; x_wconf 88' lang='lat' dir='ltr'><strong>tanti</strong></span> <span class='ocrx_word' id='word_1_523' title='bbox 3559 954 3749 1012; x_wconf 80' lang='lat' dir='ltr'><strong>valea-</strong></span> 
     </span>
    </p>
   </div>
   <div class='ocr_carea' id='block_1_70' title="bbox 2172 1039 3373 1114">
    <p class='ocr_par' dir='ltr' id='par_1_70' title="bbox 2172 1039 3373 1114">
     <span class='ocr_line' id='line_1_70' title="bbox 2172 1039 3373 1114; baseline 0.005 -21"><span class='ocrx_word' id='word_1_524' title='bbox 2172 1054 2293 1094; x_wconf 89' lang='lat' dir='ltr'><strong>mus</strong></span> <span class='ocrx_word' id='word_1_525' title='bbox 2315 1042 2354 1106; x_wconf 72' lang='grc' dir='ltr'><strong>ι,</strong></span> <span class='ocrx_word' id='word_1_526' title='bbox 2384 1039 2478 1095; x_wconf 87' lang='lat' dir='ltr'><strong>sed</strong></span> <span class='ocrx_word' id='word_1_527' title='bbox 2502 1039 2623 1110; x_wconf 88' lang='lat' dir='ltr'><strong>quia</strong></span> <span class='ocrx_word' id='word_1_528' title='bbox 2647 1041 2767 1111; x_wconf 83' lang='lat' dir='ltr'><strong>plus</strong></span> <span class='ocrx_word' id='word_1_529' title='bbox 2786 1042 2918 1099; x_wconf 85' lang='lat' dir='ltr'><strong>dare</strong></span> <span class='ocrx_word' id='word_1_530' title='bbox 2941 1059 3047 1099; x_wconf 88' lang='lat' dir='ltr'><strong>non</strong></span> <span class='ocrx_word' id='word_1_531' title='bbox 3073 1058 3373 1114; x_wconf 85' lang='lat' dir='ltr'><strong>possumus.</strong></span> 
     </span>
    </p>
   </div>
   <div class='ocr_carea' id='block_1_71' title="bbox 2245 1129 3757 1210">
    <p class='ocr_par' dir='ltr' id='par_1_71' title="bbox 2245 1129 3757 1210">
     <span class='ocr_line' id='line_1_71' title="bbox 2245 1129 3757 1210; baseline 0.005 -24"><span class='ocrx_word' id='word_1_532' title='bbox 2245 1130 2379 1187; x_wconf 84' lang='lat' dir='ltr'><strong>XIV.</strong></span> <span class='ocrx_word' id='word_1_533' title='bbox 2396 1129 2495 1203; x_wconf 86' lang='lat' dir='ltr'><strong>[lb.</strong></span> <span class='ocrx_word' id='word_1_534' title='bbox 2512 1132 2749 1206; x_wconf 76' lang='lat' dir='ltr'><strong>x1u,l5.]</strong></span> <span class='ocrx_word' id='word_1_535' title='bbox 2767 1133 3512 1205; x_wconf 79' lang='lat' dir='ltr'><strong>l.Etocutossuosclauseruut,</strong></span> <span class='ocrx_word' id='word_1_536' title='bbox 3530 1151 3757 1210; x_wconf 76' lang='lat' dir='ltr'><strong>nequan-</strong></span> 
     </span>
    </p>
   </div>
   <div class='ocr_carea' id='block_1_72' title="bbox 2181 1223 3756 1299">
    <p class='ocr_par' dir='ltr' id='par_1_72' title="bbox 2181 1223 3756 1299">
     <span class='ocr_line' id='line_1_72' title="bbox 2181 1223 3756 1299; baseline 0.007 -23"><span class='ocrx_word' id='word_1_537' title='bbox 2181 1223 2246 1277; x_wconf 88' lang='lat' dir='ltr'><strong>do</strong></span> <span class='ocrx_word' id='word_1_538' title='bbox 2271 1224 2429 1278; x_wconf 83' lang='lat' dir='ltr'><strong>oculis</strong></span> <span class='ocrx_word' id='word_1_539' title='bbox 2457 1224 2654 1279; x_wconf 82' lang='lat' dir='ltr'><strong>videant</strong></span> <span class='ocrx_word' id='word_1_540' title='bbox 2679 1242 2700 1282; x_wconf 84' lang='lat'><strong><em>:</em></strong></span> <span class='ocrx_word' id='word_1_541' title='bbox 2729 1225 2779 1281; x_wconf 89' lang='lat' dir='ltr'><strong>id</strong></span> <span class='ocrx_word' id='word_1_542' title='bbox 2806 1238 2917 1293; x_wconf 85' lang='lat' dir='ltr'><strong>est,</strong></span> <span class='ocrx_word' id='word_1_543' title='bbox 2943 1227 3043 1299; x_wconf 87' lang='lat' dir='ltr'><strong>ipsi</strong></span> <span class='ocrx_word' id='word_1_544' title='bbox 3078 1241 3235 1284; x_wconf 87' lang='lat' dir='ltr'><strong>causa</strong></span> <span class='ocrx_word' id='word_1_545' title='bbox 3271 1225 3488 1285; x_wconf 89' lang='lat' dir='ltr'><strong>fuerunt</strong></span> <span class='ocrx_word' id='word_1_546' title='bbox 3521 1238 3577 1284; x_wconf 90' lang='lat' dir='ltr'><strong>ut</strong></span> <span class='ocrx_word' id='word_1_547' title='bbox 3609 1229 3756 1287; x_wconf 88' lang='lat' dir='ltr'><strong>Deus</strong></span> 
     </span>
    </p>
   </div>
   <div class='ocr_carea' id='block_1_73' title="bbox 2172 1314 3752 1392">
    <p class='ocr_par' dir='ltr' id='par_1_73' title="bbox 2172 1314 3752 1392">
     <span class='ocr_line' id='line_1_73' title="bbox 2172 1314 3752 1392; baseline 0.008 -25"><span class='ocrx_word' id='word_1_548' title='bbox 2172 1314 2249 1368; x_wconf 88' lang='lat' dir='ltr'><strong>eis</strong></span> <span class='ocrx_word' id='word_1_549' title='bbox 2289 1315 2473 1370; x_wconf 85' lang='lat' dir='ltr'><strong>oculos</strong></span> <span class='ocrx_word' id='word_1_550' title='bbox 2513 1316 2805 1373; x_wconf 82' lang='lat' dir='ltr'><strong>clauderet.</strong></span> <span class='ocrx_word' id='word_1_551' title='bbox 2846 1318 2999 1374; x_wconf 79' lang='lat' dir='ltr'><strong>Alius</strong></span> <span class='ocrx_word' id='word_1_552' title='bbox 3044 1320 3187 1374; x_wconf 90' lang='lat' dir='ltr'><strong>enim</strong></span> <span class='ocrx_word' id='word_1_553' title='bbox 3227 1319 3549 1392; x_wconf 69' lang='lat' dir='ltr'><strong>evangelista</strong></span> <span class='ocrx_word' id='word_1_554' title='bbox 3584 1320 3752 1390; x_wconf 85' lang='lat' dir='ltr'><strong>dicit,</strong></span> 
     </span>
    </p>
   </div>
   <div class='ocr_carea' id='block_1_74' title="bbox 2174 1404 3758 1494">
    <p class='ocr_par' dir='ltr' id='par_1_74' title="bbox 2174 1404 3758 1494">
     <span class='ocr_line' id='line_1_74' title="bbox 2174 1404 3758 1494; baseline 0.007 -34"><span class='ocrx_word' id='word_1_555' title='bbox 2174 1404 2459 1461; x_wconf 68' lang='lat' dir='ltr'><strong>Eacwcavit</strong></span> <span class='ocrx_word' id='word_1_556' title='bbox 2498 1409 2673 1467; x_wconf 78' lang='lat' dir='ltr'><strong>oculos</strong></span> <span class='ocrx_word' id='word_1_557' title='bbox 2708 1425 2899 1466; x_wconf 85' lang='lat' dir='ltr'><strong>eorum.</strong></span> <span class='ocrx_word' id='word_1_558' title='bbox 2939 1410 3045 1467; x_wconf 87' lang='lat' dir='ltr'><strong>Sed</strong></span> <span class='ocrx_word' id='word_1_559' title='bbox 3082 1419 3261 1469; x_wconf 91' lang='lat' dir='ltr'><strong>utrum</strong></span> <span class='ocrx_word' id='word_1_560' title='bbox 3294 1420 3351 1467; x_wconf 92' lang='lat' dir='ltr'><strong>ut</strong></span> <span class='ocrx_word' id='word_1_561' title='bbox 3386 1427 3656 1494; x_wconf 78' lang='lat' dir='ltr'><strong>nunquam</strong></span> <span class='ocrx_word' id='word_1_562' title='bbox 3679 1414 3758 1471; x_wconf 86' lang='lat' dir='ltr'><strong>vi-</strong></span> 
     </span>
    </p>
   </div>
   <div class='ocr_carea' id='block_1_75' title="bbox 2172 1497 3756 1573">
    <p class='ocr_par' dir='ltr' id='par_1_75' title="bbox 2172 1497 3756 1573">
     <span class='ocr_line' id='line_1_75' title="bbox 2172 1497 3756 1573; baseline 0.007 -21"><span class='ocrx_word' id='word_1_563' title='bbox 2172 1497 2369 1554; x_wconf 79' lang='lat' dir='ltr'><strong>deant?</strong></span> <span class='ocrx_word' id='word_1_564' title='bbox 2387 1514 2456 1553; x_wconf 87' lang='lat' dir='ltr'><strong>an</strong></span> <span class='ocrx_word' id='word_1_565' title='bbox 2485 1514 2613 1554; x_wconf 87' lang='lat' dir='ltr'><strong>vero</strong></span> <span class='ocrx_word' id='word_1_566' title='bbox 2629 1516 2695 1554; x_wconf 89' lang='lat' dir='ltr'><strong>ne</strong></span> <span class='ocrx_word' id='word_1_567' title='bbox 2725 1501 2806 1556; x_wconf 90' lang='lat' dir='ltr'><strong>vel</strong></span> <span class='ocrx_word' id='word_1_568' title='bbox 2830 1501 2909 1558; x_wconf 88' lang='lat' dir='ltr'><strong>sic</strong></span> <span class='ocrx_word' id='word_1_569' title='bbox 2934 1502 3216 1573; x_wconf 80' lang='lat' dir='ltr'><strong>aliquando</strong></span> <span class='ocrx_word' id='word_1_570' title='bbox 3243 1503 3488 1571; x_wconf 80' lang='lat' dir='ltr'><strong>videant,</strong></span> <span class='ocrx_word' id='word_1_571' title='bbox 3510 1504 3756 1563; x_wconf 68' lang='lat' dir='ltr'><strong>catcitate</strong></span> 
     </span>
    </p>
   </div>
   <div class='ocr_carea' id='block_1_76' title="bbox 2173 1588 3753 1663">
    <p class='ocr_par' dir='ltr' id='par_1_76' title="bbox 2173 1588 3753 1663">
     <span class='ocr_line' id='line_1_76' title="bbox 2173 1588 3753 1663; baseline 0.006 -20"><span class='ocrx_word' id='word_1_572' title='bbox 2173 1604 2266 1643; x_wconf 86' lang='lat' dir='ltr'><strong>sua</strong></span> <span class='ocrx_word' id='word_1_573' title='bbox 2298 1588 2398 1644; x_wconf 91' lang='lat' dir='ltr'><strong>sibi</strong></span> <span class='ocrx_word' id='word_1_574' title='bbox 2425 1588 2797 1661; x_wconf 86' lang='lat' dir='ltr'><strong>displicentes,</strong></span> <span class='ocrx_word' id='word_1_575' title='bbox 2823 1601 2877 1649; x_wconf 90' lang='lat' dir='ltr'><strong>et</strong></span> <span class='ocrx_word' id='word_1_576' title='bbox 2901 1609 2960 1649; x_wconf 89' lang='lat' dir='ltr'><strong>se</strong></span> <span class='ocrx_word' id='word_1_577' title='bbox 2982 1593 3252 1663; x_wconf 82' lang='lat' dir='ltr'><strong>dolentes,</strong></span> <span class='ocrx_word' id='word_1_578' title='bbox 3277 1602 3332 1651; x_wconf 83' lang='lat' dir='ltr'><strong>et</strong></span> <span class='ocrx_word' id='word_1_579' title='bbox 3353 1610 3417 1651; x_wconf 87' lang='lat' dir='ltr'><strong>ex</strong></span> <span class='ocrx_word' id='word_1_580' title='bbox 3442 1594 3548 1657; x_wconf 86' lang='lat' dir='ltr'><strong>hoc</strong></span> <span class='ocrx_word' id='word_1_581' title='bbox 3571 1595 3753 1655; x_wconf 81' lang='lat' dir='ltr'><strong>humi-</strong></span> 
     </span>
    </p>
   </div>
   <div class='ocr_carea' id='block_1_77' title="bbox 2173 1679 3753 1762">
    <p class='ocr_par' dir='ltr' id='par_1_77' title="bbox 2173 1679 3753 1762">
     <span class='ocr_line' id='line_1_77' title="bbox 2173 1679 3753 1762; baseline 0.008 -27"><span class='ocrx_word' id='word_1_582' title='bbox 2173 1679 2286 1735; x_wconf 87' lang='lat' dir='ltr'><strong>liati</strong></span> <span class='ocrx_word' id='word_1_583' title='bbox 2321 1690 2479 1751; x_wconf 88' lang='lat' dir='ltr'><strong>atque</strong></span> <span class='ocrx_word' id='word_1_584' title='bbox 2504 1684 2755 1739; x_wconf 92' lang='lat' dir='ltr'><strong>commoti</strong></span> <span class='ocrx_word' id='word_1_585' title='bbox 2779 1684 2846 1740; x_wconf 88' lang='lat' dir='ltr'><strong>ad</strong></span> <span class='ocrx_word' id='word_1_586' title='bbox 2867 1685 3161 1743; x_wconf 88' lang='lat' dir='ltr'><strong>conﬁtenda</strong></span> <span class='ocrx_word' id='word_1_587' title='bbox 3188 1696 3405 1758; x_wconf 82' lang='lat' dir='ltr'><strong>peccata</strong></span> <span class='ocrx_word' id='word_1_588' title='bbox 3423 1702 3552 1757; x_wconf 86' lang='lat' dir='ltr'><strong>sua,</strong></span> <span class='ocrx_word' id='word_1_589' title='bbox 3576 1700 3634 1747; x_wconf 90' lang='lat' dir='ltr'><strong>et</strong></span> <span class='ocrx_word' id='word_1_590' title='bbox 3659 1689 3753 1762; x_wconf 88' lang='lat' dir='ltr'><strong>pie</strong></span> 
     </span>
    </p>
   </div>
   <div class='ocr_carea' id='block_1_78' title="bbox 2173 1773 3747 1849">
    <p class='ocr_par' dir='ltr' id='par_1_78' title="bbox 2173 1773 3747 1849">
     <span class='ocr_line' id='line_1_78' title="bbox 2173 1773 3747 1849; baseline 0.006 -21"><span class='ocrx_word' id='word_1_591' title='bbox 2173 1773 2516 1842; x_wconf 60' lang='lat' dir='ltr'><strong>quaerendum</strong></span> <span class='ocrx_word' id='word_1_592' title='bbox 2546 1775 2861 1833; x_wconf 87' lang='lat' dir='ltr'><strong>Dominum?</strong></span> <span class='ocrx_word' id='word_1_593' title='bbox 2887 1776 2976 1834; x_wconf 91' lang='lat' dir='ltr'><strong>Sic</strong></span> <span class='ocrx_word' id='word_1_594' title='bbox 3011 1779 3154 1842; x_wconf 79' lang='lat' dir='ltr'><strong>enim</strong></span> <span class='ocrx_word' id='word_1_595' title='bbox 3194 1779 3402 1837; x_wconf 71' lang='lat' dir='ltr'><strong>Marcus</strong></span> <span class='ocrx_word' id='word_1_596' title='bbox 3436 1779 3543 1841; x_wconf 84' lang='lat' dir='ltr'><strong>hoc</strong></span> <span class='ocrx_word' id='word_1_597' title='bbox 3582 1780 3747 1849; x_wconf 89' lang='lat' dir='ltr'><strong>dicit,</strong></span> 
     </span>
    </p>
   </div>
   <div class='ocr_carea' id='block_1_79' title="bbox 2176 1864 3749 1947">
    <p class='ocr_par' dir='ltr' id='par_1_79' title="bbox 2176 1864 3749 1947">
     <span class='ocr_line' id='line_1_79' title="bbox 2176 1864 3749 1947; baseline 0.007 -28"><span class='ocrx_word' id='word_1_598' title='bbox 2176 1864 2462 1936; x_wconf 85' lang='lat' dir='ltr'><strong>Nequaudo</strong></span> <span class='ocrx_word' id='word_1_599' title='bbox 2478 1876 2848 1937; x_wconf 81' lang='lat' dir='ltr'><strong>convertantur,</strong></span> <span class='ocrx_word' id='word_1_600' title='bbox 2868 1878 2914 1925; x_wconf 87' lang='lat' dir='ltr'><strong>et</strong></span> <span class='ocrx_word' id='word_1_601' title='bbox 2928 1870 3239 1927; x_wconf 75' lang='lat' dir='ltr'><strong>dimittantur</strong></span> <span class='ocrx_word' id='word_1_602' title='bbox 3251 1871 3324 1928; x_wconf 84' lang='lat' dir='ltr'><strong>eis</strong></span> <span class='ocrx_word' id='word_1_603' title='bbox 3339 1879 3542 1942; x_wconf 80' lang='lat' dir='ltr'><strong>peccata</strong></span> <span class='ocrx_word' id='word_1_604' title='bbox 3556 1872 3749 1947; x_wconf 63' lang='lat' dir='ltr'><strong>(lare.</strong></span> 
     </span>
    </p>
   </div>
   <div class='ocr_carea' id='block_1_80' title="bbox 2172 1956 3752 2031">
    <p class='ocr_par' dir='ltr' id='par_1_80' title="bbox 2172 1956 3752 2031">
     <span class='ocr_line' id='line_1_80' title="bbox 2172 1956 3752 2031; baseline 0.008 -20"><span class='ocrx_word' id='word_1_605' title='bbox 2172 1973 2247 2024; x_wconf 84' lang='lat' dir='ltr'><strong>tv,</strong></span> <span class='ocrx_word' id='word_1_606' title='bbox 2279 1956 2403 2030; x_wconf 72' lang='grc'><strong>12).</strong></span> <span class='ocrx_word' id='word_1_607' title='bbox 2436 1958 2537 2013; x_wconf 89' lang='lat' dir='ltr'><strong>Ubi</strong></span> <span class='ocrx_word' id='word_1_608' title='bbox 2576 1959 2937 2030; x_wconf 81' lang='lat' dir='ltr'><strong>intelliguntur</strong></span> <span class='ocrx_word' id='word_1_609' title='bbox 2970 1963 3204 2031; x_wconf 88' lang='lat' dir='ltr'><strong>peccatis</strong></span> <span class='ocrx_word' id='word_1_610' title='bbox 3243 1963 3356 2019; x_wconf 81' lang='lat' dir='ltr'><strong>suis</strong></span> <span class='ocrx_word' id='word_1_611' title='bbox 3392 1964 3649 2022; x_wconf 83' lang='lat' dir='ltr'><strong>meruisse</strong></span> <span class='ocrx_word' id='word_1_612' title='bbox 3687 1974 3752 2023; x_wconf 88' lang='lat' dir='ltr'><strong>ut</strong></span> 
     </span>
    </p>
   </div>
   <div class='ocr_carea' id='block_1_81' title="bbox 2173 2049 3753 2125">
    <p class='ocr_par' dir='ltr' id='par_1_81' title="bbox 2173 2049 3753 2125">
     <span class='ocr_line' id='line_1_81' title="bbox 2173 2049 3753 2125; baseline 0.006 -22"><span class='ocrx_word' id='word_1_613' title='bbox 2173 2063 2277 2104; x_wconf 90' lang='lat' dir='ltr'><strong>non</strong></span> <span class='ocrx_word' id='word_1_614' title='bbox 2307 2049 2696 2119; x_wconf 79' lang='lat' dir='ltr'><strong>intelligerent,</strong></span> <span class='ocrx_word' id='word_1_615' title='bbox 2728 2059 2784 2106; x_wconf 88' lang='lat' dir='ltr'><strong>et</strong></span> <span class='ocrx_word' id='word_1_616' title='bbox 2804 2060 2981 2109; x_wconf 88' lang='lat' dir='ltr'><strong>tamen</strong></span> <span class='ocrx_word' id='word_1_617' title='bbox 3000 2052 3102 2109; x_wconf 88' lang='lat' dir='ltr'><strong>hoc</strong></span> <span class='ocrx_word' id='word_1_618' title='bbox 3130 2053 3301 2125; x_wconf 89' lang='lat' dir='ltr'><strong>ipsum</strong></span> <span class='ocrx_word' id='word_1_619' title='bbox 3334 2055 3753 2114; x_wconf 87' lang='lat' dir='ltr'><strong>misericorditer</strong></span> 
     </span>
    </p>
   </div>
   <div class='ocr_carea' id='block_1_82' title="bbox 2173 2138 3765 2224">
    <p class='ocr_par' dir='ltr' id='par_1_82' title="bbox 2173 2138 3765 2224">
     <span class='ocr_line' id='line_1_82' title="bbox 2173 2138 3765 2224; baseline 0.006 -30"><span class='ocrx_word' id='word_1_620' title='bbox 2173 2139 2250 2194; x_wconf 87' lang='lat' dir='ltr'><strong>cis</strong></span> <span class='ocrx_word' id='word_1_621' title='bbox 2280 2138 2497 2205; x_wconf 88' lang='lat' dir='ltr'><strong>factum,</strong></span> <span class='ocrx_word' id='word_1_622' title='bbox 2532 2148 2588 2195; x_wconf 92' lang='lat' dir='ltr'><strong>ut</strong></span> <span class='ocrx_word' id='word_1_623' title='bbox 2608 2150 2820 2211; x_wconf 88' lang='lat' dir='ltr'><strong>peccata</strong></span> <span class='ocrx_word' id='word_1_624' title='bbox 2847 2156 2940 2197; x_wconf 88' lang='lat' dir='ltr'><strong>sua</strong></span> <span class='ocrx_word' id='word_1_625' title='bbox 2968 2148 3385 2214; x_wconf 81' lang='lat' dir='ltr'><strong>cognoscerent,</strong></span> <span class='ocrx_word' id='word_1_626' title='bbox 3417 2154 3473 2203; x_wconf 90' lang='lat' dir='ltr'><strong>et</strong></span> <span class='ocrx_word' id='word_1_627' title='bbox 3498 2148 3765 2224; x_wconf 24' lang='lat' dir='ltr'><strong>conversi.</strong></span> 
     </span>
    </p>
   </div>
   <div class='ocr_carea' id='block_1_83' title="bbox 2175 2231 3751 2302">
    <p class='ocr_par' dir='ltr' id='par_1_83' title="bbox 2175 2231 3751 2302">
     <span class='ocr_line' id='line_1_83' title="bbox 2175 2231 3751 2302; baseline 0.008 -19"><span class='ocrx_word' id='word_1_628' title='bbox 2175 2231 2385 2286; x_wconf 88' lang='lat' dir='ltr'><strong>veniam</strong></span> <span class='ocrx_word' id='word_1_629' title='bbox 2412 2240 2761 2287; x_wconf 87' lang='lat' dir='ltr'><strong>mererentur.</strong></span> <span class='ocrx_word' id='word_1_630' title='bbox 2794 2233 2942 2302; x_wconf 86' lang='lat' dir='ltr'><strong>Quod</strong></span> <span class='ocrx_word' id='word_1_631' title='bbox 2966 2244 3142 2292; x_wconf 87' lang='lat' dir='ltr'><strong>autem</strong></span> <span class='ocrx_word' id='word_1_632' title='bbox 3168 2235 3399 2293; x_wconf 83' lang='lat' dir='ltr'><strong>Joannes</strong></span> <span class='ocrx_word' id='word_1_633' title='bbox 3414 2238 3555 2295; x_wconf 87' lang='lat' dir='ltr'><strong>hunc</strong></span> <span class='ocrx_word' id='word_1_634' title='bbox 3572 2238 3751 2297; x_wconf 84' lang='lat' dir='ltr'><strong>locum</strong></span> 
     </span>
    </p>
   </div>
   <div class='ocr_carea' id='block_1_84' title="bbox 2172 2320 3753 2402">
    <p class='ocr_par' dir='ltr' id='par_1_84' title="bbox 2172 2320 3753 2402">
     <span class='ocr_line' id='line_1_84' title="bbox 2172 2320 3753 2402; baseline 0.008 -26"><span class='ocrx_word' id='word_1_635' title='bbox 2172 2320 2244 2376; x_wconf 88' lang='lat' dir='ltr'><strong>ita</strong></span> <span class='ocrx_word' id='word_1_636' title='bbox 2275 2322 2422 2377; x_wconf 87' lang='lat' dir='ltr'><strong>dicit.</strong></span> <span class='ocrx_word' id='word_1_637' title='bbox 2457 2341 2475 2374; x_wconf 76' lang='grc' dir='ltr'>ι</span> <span class='ocrx_word' id='word_1_638' title='bbox 2505 2323 2793 2394; x_wconf 80' lang='lat' dir='ltr'><strong>Propterea</strong></span> <span class='ocrx_word' id='word_1_639' title='bbox 2824 2341 2928 2381; x_wconf 92' lang='lat' dir='ltr'><strong>non</strong></span> <span class='ocrx_word' id='word_1_640' title='bbox 2953 2336 3197 2396; x_wconf 88' lang='lat' dir='ltr'><strong>poterant</strong></span> <span class='ocrx_word' id='word_1_641' title='bbox 3219 2328 3470 2398; x_wconf 89' lang='lat' dir='ltr'><strong>credere,</strong></span> <span class='ocrx_word' id='word_1_642' title='bbox 3499 2331 3621 2402; x_wconf 86' lang='lat' dir='ltr'><strong>quia</strong></span> <span class='ocrx_word' id='word_1_643' title='bbox 3646 2332 3753 2388; x_wconf 90' lang='lat' dir='ltr'><strong>ite-</strong></span> 
     </span>
    </p>
   </div>
   <div class='ocr_carea' id='block_1_85' title="bbox 2172 2413 3752 2491">
    <p class='ocr_par' dir='ltr' id='par_1_85' title="bbox 2172 2413 3752 2491">
     <span class='ocr_line' id='line_1_85' title="bbox 2172 2413 3752 2491; baseline 0.007 -23"><span class='ocrx_word' id='word_1_644' title='bbox 2172 2428 2293 2468; x_wconf 88' lang='lat' dir='ltr'><strong>rum</strong></span> <span class='ocrx_word' id='word_1_645' title='bbox 2314 2413 2447 2468; x_wconf 80' lang='lat' dir='ltr'><strong>dixit</strong></span> <span class='ocrx_word' id='word_1_646' title='bbox 2472 2414 2653 2482; x_wconf 84' lang='lat' dir='ltr'><strong>lsaias,</strong></span> <span class='ocrx_word' id='word_1_647' title='bbox 2689 2416 2987 2472; x_wconf 66' lang='lat' dir='ltr'><strong>Excmcavit</strong></span> <span class='ocrx_word' id='word_1_648' title='bbox 3005 2418 3190 2474; x_wconf 84' lang='lat' dir='ltr'><strong>oculos</strong></span> <span class='ocrx_word' id='word_1_649' title='bbox 3208 2434 3391 2477; x_wconf 87' lang='lat' dir='ltr'><strong>eorum</strong></span> <span class='ocrx_word' id='word_1_650' title='bbox 3410 2461 3426 2491; x_wconf 86' lang='lat'><strong>,</strong></span> <span class='ocrx_word' id='word_1_651' title='bbox 3458 2429 3511 2477; x_wconf 88' lang='lat' dir='ltr'><strong>et</strong></span> <span class='ocrx_word' id='word_1_652' title='bbox 3535 2421 3752 2479; x_wconf 87' lang='lat' dir='ltr'><strong>indura-</strong></span> 
     </span>
    </p>
   </div>
   <div class='ocr_carea' id='block_1_86' title="bbox 2174 2506 3753 2587">
    <p class='ocr_par' dir='ltr' id='par_1_86' title="bbox 2174 2506 3753 2587">
     <span class='ocr_line' id='line_1_86' title="bbox 2174 2506 3753 2587; baseline 0.008 -28"><span class='ocrx_word' id='word_1_653' title='bbox 2174 2506 2249 2560; x_wconf 85' lang='lat' dir='ltr'><strong>vit</strong></span> <span class='ocrx_word' id='word_1_654' title='bbox 2276 2521 2370 2562; x_wconf 91' lang='lat' dir='ltr'><strong>cor</strong></span> <span class='ocrx_word' id='word_1_655' title='bbox 2396 2521 2585 2561; x_wconf 87' lang='lat' dir='ltr'><strong>eorum</strong></span> <span class='ocrx_word' id='word_1_656' title='bbox 2605 2548 2619 2571; x_wconf 95' lang='lat'><strong>,</strong></span> <span class='ocrx_word' id='word_1_657' title='bbox 2649 2515 2707 2561; x_wconf 90' lang='lat' dir='ltr'><strong>ut</strong></span> <span class='ocrx_word' id='word_1_658' title='bbox 2749 2523 2852 2564; x_wconf 90' lang='lat' dir='ltr'><strong>non</strong></span> <span class='ocrx_word' id='word_1_659' title='bbox 2898 2509 3113 2566; x_wconf 87' lang='lat' dir='ltr'><strong>videant</strong></span> <span class='ocrx_word' id='word_1_660' title='bbox 3140 2512 3338 2580; x_wconf 83' lang='lat' dir='ltr'><strong>oculis,</strong></span> <span class='ocrx_word' id='word_1_661' title='bbox 3367 2523 3420 2570; x_wconf 90' lang='lat' dir='ltr'><strong>et</strong></span> <span class='ocrx_word' id='word_1_662' title='bbox 3458 2515 3753 2587; x_wconf 67' lang='lat' dir='ltr'><strong>intelligant</strong></span> 
     </span>
    </p>
   </div>
   <div class='ocr_carea' id='block_1_87' title="bbox 2174 2599 3748 2678">
    <p class='ocr_par' dir='ltr' id='par_1_87' title="bbox 2174 2599 3748 2678">
     <span class='ocr_line' id='line_1_87' title="bbox 2174 2599 3748 2678; baseline 0.01 -26"><span class='ocrx_word' id='word_1_663' title='bbox 2174 2599 2353 2665; x_wconf 90' lang='lat' dir='ltr'><strong>corde,</strong></span> <span class='ocrx_word' id='word_1_664' title='bbox 2383 2608 2436 2654; x_wconf 91' lang='lat' dir='ltr'><strong>et</strong></span> <span class='ocrx_word' id='word_1_665' title='bbox 2466 2608 2861 2669; x_wconf 89' lang='lat' dir='ltr'><strong>convertantur,</strong></span> <span class='ocrx_word' id='word_1_666' title='bbox 2892 2610 2948 2657; x_wconf 89' lang='lat' dir='ltr'><strong>et</strong></span> <span class='ocrx_word' id='word_1_667' title='bbox 2970 2617 3154 2660; x_wconf 87' lang='lat' dir='ltr'><strong>sanem</strong></span> <span class='ocrx_word' id='word_1_668' title='bbox 3181 2620 3273 2661; x_wconf 85' lang='lat' dir='ltr'><strong>eos</strong></span> <span class='ocrx_word' id='word_1_669' title='bbox 3297 2624 3318 2661; x_wconf 71' lang='grc' dir='ltr'><strong><em>ι</em></strong></span> <span class='ocrx_word' id='word_1_670' title='bbox 3345 2606 3525 2678; x_wconf 76' lang='lat' dir='ltr'><strong>(locu.</strong></span> <span class='ocrx_word' id='word_1_671' title='bbox 3542 2608 3748 2677; x_wconf 71' lang='lat'><strong>311,39,</strong></span> 
     </span>
    </p>
   </div>
   <div class='ocr_carea' id='block_1_88' title="bbox 2172 2689 3751 2765">
    <p class='ocr_par' dir='ltr' id='par_1_88' title="bbox 2172 2689 3751 2765">
     <span class='ocr_line' id='line_1_88' title="bbox 2172 2689 3751 2765; baseline 0.007 -19"><span class='ocrx_word' id='word_1_672' title='bbox 2172 2690 2298 2759; x_wconf 64' lang='lat'><strong>40);</strong></span> <span class='ocrx_word' id='word_1_673' title='bbox 2329 2689 2598 2746; x_wconf 84' lang='lat' dir='ltr'><strong>adversari</strong></span> <span class='ocrx_word' id='word_1_674' title='bbox 2628 2692 2835 2748; x_wconf 88' lang='lat' dir='ltr'><strong>videtur</strong></span> <span class='ocrx_word' id='word_1_675' title='bbox 2866 2693 2989 2749; x_wconf 88' lang='lat' dir='ltr'><strong>huic</strong></span> <span class='ocrx_word' id='word_1_676' title='bbox 3013 2697 3311 2765; x_wconf 65' lang='lat' dir='ltr'><strong>sententiae,</strong></span> <span class='ocrx_word' id='word_1_677' title='bbox 3343 2707 3398 2753; x_wconf 91' lang='lat' dir='ltr'><strong>et</strong></span> <span class='ocrx_word' id='word_1_678' title='bbox 3420 2699 3635 2757; x_wconf 84' lang='lat' dir='ltr'><strong>omnino</strong></span> <span class='ocrx_word' id='word_1_679' title='bbox 3658 2715 3751 2757; x_wconf 79' lang='lat' dir='ltr'><strong>co-</strong></span> 
     </span>
    </p>
   </div>
   <div class='ocr_carea' id='block_1_89' title="bbox 2171 2780 3748 2859">
    <p class='ocr_par' dir='ltr' id='par_1_89' title="bbox 2171 2780 3748 2859">
     <span class='ocr_line' id='line_1_89' title="bbox 2171 2780 3748 2859; baseline 0.011 -29"><span class='ocrx_word' id='word_1_680' title='bbox 2171 2792 2296 2847; x_wconf 88' lang='lat' dir='ltr'><strong>gere</strong></span> <span class='ocrx_word' id='word_1_681' title='bbox 2323 2789 2377 2834; x_wconf 93' lang='lat' dir='ltr'><strong>ut</strong></span> <span class='ocrx_word' id='word_1_682' title='bbox 2400 2781 2537 2850; x_wconf 90' lang='lat' dir='ltr'><strong>quod</strong></span> <span class='ocrx_word' id='word_1_683' title='bbox 2560 2780 2644 2837; x_wconf 91' lang='lat' dir='ltr'><strong>hic</strong></span> <span class='ocrx_word' id='word_1_684' title='bbox 2668 2782 2865 2839; x_wconf 87' lang='lat' dir='ltr'><strong>dictum</strong></span> <span class='ocrx_word' id='word_1_685' title='bbox 2890 2794 2995 2851; x_wconf 87' lang='lat' dir='ltr'><strong>est,</strong></span> <span class='ocrx_word' id='word_1_686' title='bbox 3031 2784 3313 2857; x_wconf 78' lang='lat' dir='ltr'><strong>Nequando</strong></span> <span class='ocrx_word' id='word_1_687' title='bbox 3345 2789 3508 2849; x_wconf 79' lang='lat' dir='ltr'><strong>oculis</strong></span> <span class='ocrx_word' id='word_1_688' title='bbox 3528 2790 3748 2859; x_wconf 77' lang='lat' dir='ltr'><strong>videant,</strong></span> 
     </span>
    </p>
   </div>
   <div class='ocr_carea' id='block_1_90' title="bbox 2175 2872 3747 2954">
    <p class='ocr_par' dir='ltr' id='par_1_90' title="bbox 2175 2872 3747 2954">
     <span class='ocr_line' id='line_1_90' title="bbox 2175 2872 3747 2954; baseline 0.011 -30"><span class='ocrx_word' id='word_1_689' title='bbox 2175 2885 2283 2926; x_wconf 91' lang='lat' dir='ltr'><strong>non</strong></span> <span class='ocrx_word' id='word_1_690' title='bbox 2319 2872 2627 2941; x_wconf 88' lang='lat' dir='ltr'><strong>accipiatur,</strong></span> <span class='ocrx_word' id='word_1_691' title='bbox 2659 2874 2735 2929; x_wconf 88' lang='lat' dir='ltr'><strong>Ne</strong></span> <span class='ocrx_word' id='word_1_692' title='bbox 2771 2876 2855 2930; x_wconf 83' lang='lat' dir='ltr'><strong>vel</strong></span> <span class='ocrx_word' id='word_1_693' title='bbox 2894 2877 2973 2931; x_wconf 88' lang='lat' dir='ltr'><strong>sic</strong></span> <span class='ocrx_word' id='word_1_694' title='bbox 3000 2877 3285 2949; x_wconf 88' lang='lat' dir='ltr'><strong>aliquando</strong></span> <span class='ocrx_word' id='word_1_695' title='bbox 3317 2882 3488 2939; x_wconf 84' lang='lat' dir='ltr'><strong>oculis</strong></span> <span class='ocrx_word' id='word_1_696' title='bbox 3513 2883 3747 2954; x_wconf 80' lang='lat' dir='ltr'><strong>videant,</strong></span> 
     </span>
    </p>
   </div>
   <div class='ocr_carea' id='block_1_91' title="bbox 2172 2963 3751 3043">
    <p class='ocr_par' dir='ltr' id='par_1_91' title="bbox 2172 2963 3751 3043">
     <span class='ocr_line' id='line_1_91' title="bbox 2172 2963 3751 3043; baseline 0.011 -28"><span class='ocrx_word' id='word_1_697' title='bbox 2172 2963 2264 3017; x_wconf 84' lang='lat' dir='ltr'><strong>sed</strong></span> <span class='ocrx_word' id='word_1_698' title='bbox 2305 2979 2537 3032; x_wconf 75' lang='lat' dir='ltr'><strong>prorsus,</strong></span> <span class='ocrx_word' id='word_1_699' title='bbox 2566 2964 2635 3022; x_wconf 90' lang='lat' dir='ltr'><strong>Ut</strong></span> <span class='ocrx_word' id='word_1_700' title='bbox 2672 2982 2776 3022; x_wconf 91' lang='lat' dir='ltr'><strong>non</strong></span> <span class='ocrx_word' id='word_1_701' title='bbox 2813 2967 3069 3024; x_wconf 87' lang='lat' dir='ltr'><strong>videant:</strong></span> <span class='ocrx_word' id='word_1_702' title='bbox 3100 2972 3526 3043; x_wconf 84' lang='lat' dir='ltr'><strong>quandoquidem</strong></span> <span class='ocrx_word' id='word_1_703' title='bbox 3565 2986 3751 3043; x_wconf 81' lang='lat' dir='ltr'><strong>aperte</strong></span> 
     </span>
    </p>
   </div>
   <div class='ocr_carea' id='block_1_92' title="bbox 2173 3053 3750 3137">
    <p class='ocr_par' dir='ltr' id='par_1_92' title="bbox 2173 3053 3750 3137">
     <span class='ocr_line' id='line_1_92' title="bbox 2173 3053 3750 3137; baseline 0.01 -30"><span class='ocrx_word' id='word_1_704' title='bbox 2173 3054 2243 3109; x_wconf 88' lang='lat' dir='ltr'><strong>ita</strong></span> <span class='ocrx_word' id='word_1_705' title='bbox 2272 3053 2418 3122; x_wconf 88' lang='lat' dir='ltr'><strong>dicit,</strong></span> <span class='ocrx_word' id='word_1_706' title='bbox 2446 3055 2514 3112; x_wconf 88' lang='lat' dir='ltr'><strong>Ut</strong></span> <span class='ocrx_word' id='word_1_707' title='bbox 2534 3058 2693 3112; x_wconf 78' lang='lat' dir='ltr'><strong>oculis</strong></span> <span class='ocrx_word' id='word_1_708' title='bbox 2719 3075 2819 3115; x_wconf 85' lang='lat' dir='ltr'><strong>non</strong></span> <span class='ocrx_word' id='word_1_709' title='bbox 2847 3060 3068 3115; x_wconf 81' lang='lat' dir='ltr'><strong>uideant.</strong></span> <span class='ocrx_word' id='word_1_710' title='bbox 3094 3062 3158 3117; x_wconf 80' lang='lat' dir='ltr'><strong>Et</strong></span> <span class='ocrx_word' id='word_1_711' title='bbox 3183 3063 3325 3133; x_wconf 88' lang='lat' dir='ltr'><strong>quod</strong></span> <span class='ocrx_word' id='word_1_712' title='bbox 3353 3065 3450 3134; x_wconf 88' lang='lat' dir='ltr'><strong>ait,</strong></span> <span class='ocrx_word' id='word_1_713' title='bbox 3472 3064 3750 3137; x_wconf 76' lang='lat' dir='ltr'><strong>Propterea</strong></span> 
     </span>
    </p>
   </div>
   <div class='ocr_carea' id='block_1_93' title="bbox 2174 3150 3746 3218">
    <p class='ocr_par' dir='ltr' id='par_1_93' title="bbox 2174 3150 3746 3218">
     <span class='ocr_line' id='line_1_93' title="bbox 2174 3150 3746 3218; baseline 0.01 -19"><span class='ocrx_word' id='word_1_714' title='bbox 2174 3162 2271 3200; x_wconf 84' lang='lat' dir='ltr'><strong>non</strong></span> <span class='ocrx_word' id='word_1_715' title='bbox 2313 3154 2541 3218; x_wconf 83' lang='lat' dir='ltr'><strong>poterant</strong></span> <span class='ocrx_word' id='word_1_716' title='bbox 2581 3150 2809 3218; x_wconf 85' lang='lat' dir='ltr'><strong>credere,</strong></span> <span class='ocrx_word' id='word_1_717' title='bbox 2840 3152 2969 3207; x_wconf 82' lang='lat' dir='ltr'><strong>satis</strong></span> <span class='ocrx_word' id='word_1_718' title='bbox 2996 3153 3228 3211; x_wconf 83' lang='lat' dir='ltr'><strong>ostendit</strong></span> <span class='ocrx_word' id='word_1_719' title='bbox 3260 3171 3367 3212; x_wconf 84' lang='lat' dir='ltr'><strong>non</strong></span> <span class='ocrx_word' id='word_1_720' title='bbox 3402 3156 3522 3213; x_wconf 87' lang='lat' dir='ltr'><strong>ideo</strong></span> <span class='ocrx_word' id='word_1_721' title='bbox 3554 3157 3746 3215; x_wconf 82' lang='lat' dir='ltr'><strong>factam</strong></span> 
     </span>
    </p>
   </div>
   <div class='ocr_carea' id='block_1_94' title="bbox 2174 3237 3749 3307">
    <p class='ocr_par' dir='ltr' id='par_1_94' title="bbox 2174 3237 3749 3307">
     <span class='ocr_line' id='line_1_94' title="bbox 2174 3237 3749 3307; baseline 0.01 -16"><span class='ocrx_word' id='word_1_722' title='bbox 2174 3237 2313 3293; x_wconf 86' lang='lat' dir='ltr'><strong>illam</strong></span> <span class='ocrx_word' id='word_1_723' title='bbox 2356 3241 2784 3307; x_wconf 63' lang='lat' dir='ltr'><strong>excarcationem,</strong></span> <span class='ocrx_word' id='word_1_724' title='bbox 2814 3251 2872 3299; x_wconf 91' lang='lat' dir='ltr'><strong>ut</strong></span> <span class='ocrx_word' id='word_1_725' title='bbox 2908 3258 2971 3299; x_wconf 88' lang='lat' dir='ltr'><strong>ea</strong></span> <span class='ocrx_word' id='word_1_726' title='bbox 3014 3247 3265 3305; x_wconf 88' lang='lat' dir='ltr'><strong>commoti</strong></span> <span class='ocrx_word' id='word_1_727' title='bbox 3308 3256 3364 3301; x_wconf 87' lang='lat' dir='ltr'><strong>et</strong></span> <span class='ocrx_word' id='word_1_728' title='bbox 3407 3247 3649 3304; x_wconf 86' lang='lat' dir='ltr'><strong>dolentes</strong></span> <span class='ocrx_word' id='word_1_729' title='bbox 3686 3265 3749 3306; x_wconf 89' lang='lat' dir='ltr'><strong>se</strong></span> 
     </span>
    </p>
   </div>
   <div class='ocr_carea' id='block_1_95' title="bbox 2173 3330 3747 3409">
    <p class='ocr_par' dir='ltr' id='par_1_95' title="bbox 2173 3330 3747 3409">
     <span class='ocr_line' id='line_1_95' title="bbox 2173 3330 3747 3409; baseline 0.01 -27"><span class='ocrx_word' id='word_1_730' title='bbox 2173 3343 2277 3382; x_wconf 86' lang='lat' dir='ltr'><strong>non</strong></span> <span class='ocrx_word' id='word_1_731' title='bbox 2324 3330 2646 3400; x_wconf 82' lang='lat' dir='ltr'><strong>intelligere,</strong></span> <span class='ocrx_word' id='word_1_732' title='bbox 2676 3342 3109 3390; x_wconf 88' lang='lat' dir='ltr'><strong>converterentur</strong></span> <span class='ocrx_word' id='word_1_733' title='bbox 3136 3335 3420 3406; x_wconf 86' lang='lat' dir='ltr'><strong>aliquando</strong></span> <span class='ocrx_word' id='word_1_734' title='bbox 3448 3354 3542 3408; x_wconf 85' lang='lat' dir='ltr'><strong>per</strong></span> <span class='ocrx_word' id='word_1_735' title='bbox 3575 3339 3747 3409; x_wconf 59' lang='lat' dir='ltr'><strong>pani-</strong></span> 
     </span>
    </p>
   </div>
   <div class='ocr_carea' id='block_1_96' title="bbox 2176 3420 3750 3499">
    <p class='ocr_par' dir='ltr' id='par_1_96' title="bbox 2176 3420 3750 3499">
     <span class='ocr_line' id='line_1_96' title="bbox 2176 3420 3750 3499; baseline 0.011 -27"><span class='ocrx_word' id='word_1_736' title='bbox 2176 3420 2391 3474; x_wconf 84' lang='lat' dir='ltr'><strong>tentiam</strong></span> <span class='ocrx_word' id='word_1_737' title='bbox 2415 3436 2428 3485; x_wconf 90' lang='lat'><strong>;</strong></span> <span class='ocrx_word' id='word_1_738' title='bbox 2460 3435 2562 3475; x_wconf 91' lang='lat' dir='ltr'><strong>non</strong></span> <span class='ocrx_word' id='word_1_739' title='bbox 2591 3423 2731 3476; x_wconf 90' lang='lat' dir='ltr'><strong>enim</strong></span> <span class='ocrx_word' id='word_1_740' title='bbox 2760 3434 2978 3492; x_wconf 88' lang='lat' dir='ltr'><strong>possent</strong></span> <span class='ocrx_word' id='word_1_741' title='bbox 3002 3424 3103 3479; x_wconf 87' lang='lat' dir='ltr'><strong>hoc</strong></span> <span class='ocrx_word' id='word_1_742' title='bbox 3129 3426 3323 3496; x_wconf 82' lang='lat' dir='ltr'><strong>facere,</strong></span> <span class='ocrx_word' id='word_1_743' title='bbox 3348 3428 3446 3483; x_wconf 90' lang='lat' dir='ltr'><strong>nisi</strong></span> <span class='ocrx_word' id='word_1_744' title='bbox 3470 3428 3617 3499; x_wconf 89' lang='lat' dir='ltr'><strong>prius</strong></span> <span class='ocrx_word' id='word_1_745' title='bbox 3631 3444 3750 3489; x_wconf 78' lang='lat' dir='ltr'><strong>ere-</strong></span> 
     </span>
    </p>
   </div>
   <div class='ocr_carea' id='block_1_97' title="bbox 2173 3510 3746 3585">
    <p class='ocr_par' dir='ltr' id='par_1_97' title="bbox 2173 3510 3746 3585">
     <span class='ocr_line' id='line_1_97' title="bbox 2173 3510 3746 3585; baseline 0.011 -22"><span class='ocrx_word' id='word_1_746' title='bbox 2173 3510 2361 3565; x_wconf 83' lang='lat' dir='ltr'><strong>dcrcnt</strong></span> <span class='ocrx_word' id='word_1_747' title='bbox 2378 3553 2393 3578; x_wconf 90' lang='lat'><strong>,</strong></span> <span class='ocrx_word' id='word_1_748' title='bbox 2423 3523 2482 3567; x_wconf 90' lang='lat' dir='ltr'><strong>nt</strong></span> <span class='ocrx_word' id='word_1_749' title='bbox 2505 3513 2774 3569; x_wconf 89' lang='lat' dir='ltr'><strong>credendo</strong></span> <span class='ocrx_word' id='word_1_750' title='bbox 2799 3526 3253 3585; x_wconf 81' lang='lat' dir='ltr'><strong>converterentur,</strong></span> <span class='ocrx_word' id='word_1_751' title='bbox 3284 3521 3634 3578; x_wconf 80' lang='lat' dir='ltr'><strong>conversione</strong></span> <span class='ocrx_word' id='word_1_752' title='bbox 3657 3537 3746 3579; x_wconf 81' lang='lat' dir='ltr'><strong>sa-</strong></span> 
     </span>
    </p>
   </div>
   <div class='ocr_carea' id='block_1_98' title="bbox 2173 3604 3750 3685">
    <p class='ocr_par' dir='ltr' id='par_1_98' title="bbox 2173 3604 3750 3685">
     <span class='ocr_line' id='line_1_98' title="bbox 2173 3604 3750 3685; baseline 0.008 -28"><span class='ocrx_word' id='word_1_753' title='bbox 2173 3614 2445 3671; x_wconf 86' lang='lat' dir='ltr'><strong>narentur,</strong></span> <span class='ocrx_word' id='word_1_754' title='bbox 2477 3604 2704 3660; x_wconf 82' lang='lat' dir='ltr'><strong>sanitatu</strong></span> <span class='ocrx_word' id='word_1_755' title='bbox 2733 3606 3125 3677; x_wconf 76' lang='lat' dir='ltr'><strong>intelligerent:</strong></span> <span class='ocrx_word' id='word_1_756' title='bbox 3158 3610 3253 3666; x_wconf 85' lang='lat' dir='ltr'><strong>sed</strong></span> <span class='ocrx_word' id='word_1_757' title='bbox 3295 3612 3414 3669; x_wconf 81' lang='lat' dir='ltr'><strong>ideo</strong></span> <span class='ocrx_word' id='word_1_758' title='bbox 3452 3615 3624 3685; x_wconf 83' lang='lat' dir='ltr'><strong>potius</strong></span> <span class='ocrx_word' id='word_1_759' title='bbox 3657 3629 3750 3670; x_wconf 84' lang='lat' dir='ltr'><strong>ex-</strong></span> 
     </span>
    </p>
   </div>
   <div class='ocr_carea' id='block_1_99' title="bbox 2174 3697 3746 3774">
    <p class='ocr_par' dir='ltr' id='par_1_99' title="bbox 2174 3697 3746 3774">
     <span class='ocr_line' id='line_1_99' title="bbox 2174 3697 3746 3774; baseline 0.01 -27"><span class='ocrx_word' id='word_1_760' title='bbox 2174 3702 2431 3760; x_wconf 71' lang='lat' dir='ltr'><strong>caecatus,</strong></span> <span class='ocrx_word' id='word_1_761' title='bbox 2466 3702 2525 3749; x_wconf 93' lang='lat' dir='ltr'><strong>ut</strong></span> <span class='ocrx_word' id='word_1_762' title='bbox 2554 3711 2656 3750; x_wconf 91' lang='lat' dir='ltr'><strong>non</strong></span> <span class='ocrx_word' id='word_1_763' title='bbox 2701 3697 3001 3754; x_wconf 89' lang='lat' dir='ltr'><strong>crederent.</strong></span> <span class='ocrx_word' id='word_1_764' title='bbox 3034 3701 3170 3757; x_wconf 86' lang='lat' dir='ltr'><strong>Dicit</strong></span> <span class='ocrx_word' id='word_1_765' title='bbox 3204 3703 3345 3758; x_wconf 89' lang='lat' dir='ltr'><strong>enim</strong></span> <span class='ocrx_word' id='word_1_766' title='bbox 3380 3703 3746 3774; x_wconf 85' lang='lat' dir='ltr'><strong>apertissime,</strong></span> 
     </span>
    </p>
   </div>
   <div class='ocr_carea' id='block_1_100' title="bbox 2176 3782 3067 3857">
    <p class='ocr_par' dir='ltr' id='par_1_100' title="bbox 2176 3782 3067 3857">
     <span class='ocr_line' id='line_1_100' title="bbox 2176 3782 3067 3857; baseline 0.01 -21"><span class='ocrx_word' id='word_1_767' title='bbox 2176 3782 2452 3851; x_wconf 80' lang='lat' dir='ltr'><strong>Propterea</strong></span> <span class='ocrx_word' id='word_1_768' title='bbox 2472 3801 2571 3839; x_wconf 86' lang='lat' dir='ltr'><strong>non</strong></span> <span class='ocrx_word' id='word_1_769' title='bbox 2592 3796 2819 3857; x_wconf 85' lang='lat' dir='ltr'><strong>poterant</strong></span> <span class='ocrx_word' id='word_1_770' title='bbox 2848 3790 3067 3845; x_wconf 81' lang='lat' dir='ltr'><strong>credere.</strong></span> 
     </span>
    </p>
   </div>
   <div class='ocr_carea' id='block_1_101' title="bbox 2242 3876 3747 3958">
    <p class='ocr_par' dir='ltr' id='par_1_101' title="bbox 2242 3876 3747 3958">
     <span class='ocr_line' id='line_1_101' title="bbox 2242 3876 3747 3958; baseline 0.011 -28"><span class='ocrx_word' id='word_1_771' title='bbox 2242 3876 2296 3930; x_wconf 74' lang='lat'><strong>2.</strong></span> <span class='ocrx_word' id='word_1_772' title='bbox 2315 3876 2467 3944; x_wconf 88' lang='lat' dir='ltr'><strong>Quod</strong></span> <span class='ocrx_word' id='word_1_773' title='bbox 2488 3878 2531 3932; x_wconf 92' lang='lat' dir='ltr'><strong>si</strong></span> <span class='ocrx_word' id='word_1_774' title='bbox 2560 3879 2632 3933; x_wconf 85' lang='lat' dir='ltr'><strong>ita</strong></span> <span class='ocrx_word' id='word_1_775' title='bbox 2657 3889 2755 3946; x_wconf 86' lang='lat' dir='ltr'><strong>est,</strong></span> <span class='ocrx_word' id='word_1_776' title='bbox 2780 3882 2898 3951; x_wconf 89' lang='lat' dir='ltr'><strong>quis</strong></span> <span class='ocrx_word' id='word_1_777' title='bbox 2926 3898 3030 3937; x_wconf 90' lang='lat' dir='ltr'><strong>non</strong></span> <span class='ocrx_word' id='word_1_778' title='bbox 3047 3896 3296 3958; x_wconf 76' lang='lat' dir='ltr'><strong>exsurgat</strong></span> <span class='ocrx_word' id='word_1_779' title='bbox 3318 3890 3370 3942; x_wconf 88' lang='lat' dir='ltr'><strong>lu</strong></span> <span class='ocrx_word' id='word_1_780' title='bbox 3388 3888 3747 3946; x_wconf 85' lang='lat' dir='ltr'><strong>defensionem</strong></span> 
     </span>
    </p>
   </div>
   <div class='ocr_carea' id='block_1_102' title="bbox 2173 3966 3746 4051">
    <p class='ocr_par' dir='ltr' id='par_1_102' title="bbox 2173 3966 3746 4051">
     <span class='ocr_line' id='line_1_102' title="bbox 2173 3966 3746 4051; baseline 0.009 -29"><span class='ocrx_word' id='word_1_781' title='bbox 2173 3966 2511 4040; x_wconf 70' lang='lat' dir='ltr'><strong>Judtcortnn,</strong></span> <span class='ocrx_word' id='word_1_782' title='bbox 2542 3979 2599 4027; x_wconf 89' lang='lat' dir='ltr'><strong>ut</strong></span> <span class='ocrx_word' id='word_1_783' title='bbox 2641 3986 2733 4027; x_wconf 85' lang='lat' dir='ltr'><strong>eos</strong></span> <span class='ocrx_word' id='word_1_784' title='bbox 2774 3982 2924 4029; x_wconf 82' lang='lat' dir='ltr'><strong>extra</strong></span> <span class='ocrx_word' id='word_1_785' title='bbox 2966 3976 3174 4045; x_wconf 84' lang='lat' dir='ltr'><strong>culpam</strong></span> <span class='ocrx_word' id='word_1_786' title='bbox 3224 3978 3385 4036; x_wconf 84' lang='lat' dir='ltr'><strong>fuisse</strong></span> <span class='ocrx_word' id='word_1_787' title='bbox 3429 3981 3746 4051; x_wconf 87' lang='lat' dir='ltr'><strong>proclamet,</strong></span> 
     </span>
    </p>
   </div>
   <div class='ocr_carea' id='block_1_103' title="bbox 2173 4059 3748 4143">
    <p class='ocr_par' dir='ltr' id='par_1_103' title="bbox 2173 4059 3748 4143">
     <span class='ocr_line' id='line_1_103' title="bbox 2173 4059 3748 4143; baseline 0.011 -31"><span class='ocrx_word' id='word_1_788' title='bbox 2173 4059 2313 4130; x_wconf 90' lang='lat' dir='ltr'><strong>quod</strong></span> <span class='ocrx_word' id='word_1_789' title='bbox 2352 4076 2456 4116; x_wconf 90' lang='lat' dir='ltr'><strong>non</strong></span> <span class='ocrx_word' id='word_1_790' title='bbox 2482 4061 2853 4119; x_wconf 86' lang='lat' dir='ltr'><strong>crediderunt?</strong></span> <span class='ocrx_word' id='word_1_791' title='bbox 2882 4065 3171 4136; x_wconf 84' lang='lat' dir='ltr'><strong>Propterea</strong></span> <span class='ocrx_word' id='word_1_792' title='bbox 3200 4069 3341 4124; x_wconf 86' lang='lat' dir='ltr'><strong>enim</strong></span> <span class='ocrx_word' id='word_1_793' title='bbox 3368 4088 3472 4127; x_wconf 90' lang='lat' dir='ltr'><strong>non</strong></span> <span class='ocrx_word' id='word_1_794' title='bbox 3504 4082 3748 4143; x_wconf 82' lang='lat' dir='ltr'><strong>poterant</strong></span> 
     </span>
    </p>
   </div>
   <div class='ocr_carea' id='block_1_104' title="bbox 2175 4149 3745 4234">
    <p class='ocr_par' dir='ltr' id='par_1_104' title="bbox 2175 4149 3745 4234">
     <span class='ocr_line' id='line_1_104' title="bbox 2175 4149 3745 4234; baseline 0.01 -29"><span class='ocrx_word' id='word_1_795' title='bbox 2175 4149 2414 4219; x_wconf 84' lang='lat' dir='ltr'><strong>credere,</strong></span> <span class='ocrx_word' id='word_1_796' title='bbox 2443 4152 2564 4222; x_wconf 90' lang='lat' dir='ltr'><strong>quia</strong></span> <span class='ocrx_word' id='word_1_797' title='bbox 2593 4154 2882 4210; x_wconf 68' lang='lat' dir='ltr'><strong>excmcavit</strong></span> <span class='ocrx_word' id='word_1_798' title='bbox 2909 4157 3093 4213; x_wconf 89' lang='lat' dir='ltr'><strong>oculos</strong></span> <span class='ocrx_word' id='word_1_799' title='bbox 3125 4174 3331 4215; x_wconf 87' lang='lat' dir='ltr'><strong>eorum.</strong></span> <span class='ocrx_word' id='word_1_800' title='bbox 3366 4161 3468 4217; x_wconf 85' lang='lat' dir='ltr'><strong>Sed</strong></span> <span class='ocrx_word' id='word_1_801' title='bbox 3495 4164 3745 4234; x_wconf 90' lang='lat' dir='ltr'><strong>quoniam</strong></span> 
     </span>
    </p>
   </div>
   <div class='ocr_carea' id='block_1_105' title="bbox 2175 4242 3744 4324">
    <p class='ocr_par' dir='ltr' id='par_1_105' title="bbox 2175 4242 3744 4324">
     <span class='ocr_line' id='line_1_105' title="bbox 2175 4242 3744 4324; baseline 0.012 -29"><span class='ocrx_word' id='word_1_802' title='bbox 2175 4242 2349 4312; x_wconf 90' lang='lat' dir='ltr'><strong>potius</strong></span> <span class='ocrx_word' id='word_1_803' title='bbox 2377 4243 2512 4298; x_wconf 88' lang='lat' dir='ltr'><strong>Deus</strong></span> <span class='ocrx_word' id='word_1_804' title='bbox 2538 4251 2686 4299; x_wconf 82' lang='lat' dir='ltr'><strong>extra</strong></span> <span class='ocrx_word' id='word_1_805' title='bbox 2711 4246 2922 4316; x_wconf 86' lang='lat' dir='ltr'><strong>culpam</strong></span> <span class='ocrx_word' id='word_1_806' title='bbox 2945 4246 3107 4303; x_wconf 83' lang='lat' dir='ltr'><strong>debet</strong></span> <span class='ocrx_word' id='word_1_807' title='bbox 3130 4250 3375 4323; x_wconf 88' lang='lat' dir='ltr'><strong>intelligi,</strong></span> <span class='ocrx_word' id='word_1_808' title='bbox 3405 4254 3641 4324; x_wconf 80' lang='lat' dir='ltr'><strong>cogimur</strong></span> <span class='ocrx_word' id='word_1_809' title='bbox 3664 4255 3711 4313; x_wconf 76' lang='lat' dir='ltr'><strong>fa</strong></span> <span class='ocrx_word' id='word_1_810' title='bbox 3731 4288 3744 4297; x_wconf 89' lang='lat'><strong>-</strong></span> 
     </span>
    </p>
   </div>
   <div class='ocr_carea' id='block_1_106' title="bbox 2176 4333 3749 4407">
    <p class='ocr_par' dir='ltr' id='par_1_106' title="bbox 2176 4333 3749 4407">
     <span class='ocr_line' id='line_1_106' title="bbox 2176 4333 3749 4407; baseline 0.011 -20"><span class='ocrx_word' id='word_1_811' title='bbox 2176 4334 2271 4387; x_wconf 86' lang='lat' dir='ltr'><strong>teri</strong></span> <span class='ocrx_word' id='word_1_812' title='bbox 2297 4333 2415 4387; x_wconf 87' lang='lat' dir='ltr'><strong>aliis</strong></span> <span class='ocrx_word' id='word_1_813' title='bbox 2441 4333 2756 4403; x_wconf 86' lang='lat' dir='ltr'><strong>quibusdam</strong></span> <span class='ocrx_word' id='word_1_814' title='bbox 2775 4339 3005 4407; x_wconf 85' lang='lat' dir='ltr'><strong>peccatis</strong></span> <span class='ocrx_word' id='word_1_815' title='bbox 3032 4340 3103 4394; x_wconf 86' lang='lat' dir='ltr'><strong>ita</strong></span> <span class='ocrx_word' id='word_1_816' title='bbox 3127 4357 3221 4397; x_wconf 89' lang='lat' dir='ltr'><strong>eos</strong></span> <span class='ocrx_word' id='word_1_817' title='bbox 3240 4346 3494 4401; x_wconf 70' lang='lat' dir='ltr'><strong>excaacari</strong></span> <span class='ocrx_word' id='word_1_818' title='bbox 3527 4350 3749 4403; x_wconf 87' lang='lat' dir='ltr'><strong>meruis-</strong></span> 
     </span>
    </p>
   </div>
   <div class='ocr_carea' id='block_1_107' title="bbox 2175 4432 3744 4504">
    <p class='ocr_par' dir='ltr' id='par_1_107' title="bbox 2175 4432 3744 4504">
     <span class='ocr_line' id='line_1_107' title="bbox 2175 4432 3744 4504; baseline 0.011 -26"><span class='ocrx_word' id='word_1_819' title='bbox 2175 4439 2234 4479; x_wconf 85' lang='lat' dir='ltr'><strong>se</strong></span> <span class='ocrx_word' id='word_1_820' title='bbox 2262 4444 2273 4479; x_wconf 87' lang='lat'><strong>:</strong></span> <span class='ocrx_word' id='word_1_821' title='bbox 2306 4441 2407 4495; x_wconf 89' lang='lat' dir='ltr'><strong>qua</strong></span> <span class='ocrx_word' id='word_1_822' title='bbox 2437 4435 2611 4481; x_wconf 80' lang='lat' dir='ltr'><strong>tamen</strong></span> <span class='ocrx_word' id='word_1_823' title='bbox 2649 4432 3003 4487; x_wconf 70' lang='lat' dir='ltr'><strong>cxcmcatione</strong></span> <span class='ocrx_word' id='word_1_824' title='bbox 3037 4449 3144 4489; x_wconf 85' lang='lat' dir='ltr'><strong>non</strong></span> <span class='ocrx_word' id='word_1_825' title='bbox 3179 4446 3471 4504; x_wconf 78' lang='lat' dir='ltr'><strong>potuerunt</strong></span> <span class='ocrx_word' id='word_1_826' title='bbox 3508 4438 3744 4495; x_wconf 80' lang='lat' dir='ltr'><strong>credere.</strong></span> 
     </span>
    </p>
   </div>
   <div class='ocr_carea' id='block_1_108' title="bbox 2179 4517 3746 4600">
    <p class='ocr_par' dir='ltr' id='par_1_108' title="bbox 2179 4517 3746 4600">
     <span class='ocr_line' id='line_1_108' title="bbox 2179 4517 3746 4600; baseline 0.01 -29"><span class='ocrx_word' id='word_1_827' title='bbox 2179 4517 2346 4571; x_wconf 88' lang='lat' dir='ltr'><strong>Verba</strong></span> <span class='ocrx_word' id='word_1_828' title='bbox 2370 4518 2510 4572; x_wconf 91' lang='lat' dir='ltr'><strong>enim</strong></span> <span class='ocrx_word' id='word_1_829' title='bbox 2535 4517 2755 4574; x_wconf 86' lang='lat' dir='ltr'><strong>Joannis</strong></span> <span class='ocrx_word' id='word_1_830' title='bbox 2781 4521 2877 4576; x_wconf 85' lang='lat' dir='ltr'><strong>ista</strong></span> <span class='ocrx_word' id='word_1_831' title='bbox 2909 4532 3067 4578; x_wconf 89' lang='lat' dir='ltr'><strong>sunt:</strong></span> <span class='ocrx_word' id='word_1_832' title='bbox 3098 4523 3373 4597; x_wconf 78' lang='lat' dir='ltr'><strong>Propterea</strong></span> <span class='ocrx_word' id='word_1_833' title='bbox 3400 4545 3501 4584; x_wconf 83' lang='lat' dir='ltr'><strong>non</strong></span> <span class='ocrx_word' id='word_1_834' title='bbox 3522 4540 3746 4600; x_wconf 77' lang='lat' dir='ltr'><strong>poterant</strong></span> 
     </span>
    </p>
   </div>
   <div class='ocr_carea' id='block_1_109' title="bbox 2175 4606 3746 4682">
    <p class='ocr_par' dir='ltr' id='par_1_109' title="bbox 2175 4606 3746 4682">
     <span class='ocr_line' id='line_1_109' title="bbox 2175 4606 3746 4682; baseline 0.013 -23"><span class='ocrx_word' id='word_1_835' title='bbox 2175 4606 2393 4673; x_wconf 86' lang='lat' dir='ltr'><strong>credere,</strong></span> <span class='ocrx_word' id='word_1_836' title='bbox 2417 4609 2538 4676; x_wconf 85' lang='lat' dir='ltr'><strong>quia</strong></span> <span class='ocrx_word' id='word_1_837' title='bbox 2556 4610 2736 4664; x_wconf 85' lang='lat' dir='ltr'><strong>iterum</strong></span> <span class='ocrx_word' id='word_1_838' title='bbox 2765 4611 2890 4665; x_wconf 68' lang='lat' dir='ltr'><strong>dixit</strong></span> <span class='ocrx_word' id='word_1_839' title='bbox 2918 4612 3115 4682; x_wconf 79' lang='lat' dir='ltr'><strong>Isaias,</strong></span> <span class='ocrx_word' id='word_1_840' title='bbox 3146 4614 3438 4673; x_wconf 68' lang='grc' dir='ltr'><strong>Επωεαυὶι</strong></span> <span class='ocrx_word' id='word_1_841' title='bbox 3464 4622 3634 4678; x_wconf 81' lang='lat' dir='ltr'><strong>oculos</strong></span> <span class='ocrx_word' id='word_1_842' title='bbox 3660 4639 3746 4678; x_wconf 76' lang='lat' dir='ltr'><strong>eo-</strong></span> 
     </span>
    </p>
   </div>
   <div class='ocr_carea' id='block_1_110' title="bbox 2175 4698 3746 4781">
    <p class='ocr_par' dir='ltr' id='par_1_110' title="bbox 2175 4698 3746 4781">
     <span class='ocr_line' id='line_1_110' title="bbox 2175 4698 3746 4781; baseline 0.013 -30"><span class='ocrx_word' id='word_1_843' title='bbox 2175 4716 2307 4752; x_wconf 85' lang='lat' dir='ltr'><strong>rum.</strong></span> <span class='ocrx_word' id='word_1_844' title='bbox 2345 4698 2559 4754; x_wconf 88' lang='lat' dir='ltr'><strong>Frustra</strong></span> <span class='ocrx_word' id='word_1_845' title='bbox 2599 4702 2773 4773; x_wconf 89' lang='lat' dir='ltr'><strong>itaque</strong></span> <span class='ocrx_word' id='word_1_846' title='bbox 2811 4720 3067 4761; x_wconf 85' lang='lat' dir='ltr'><strong>conamur</strong></span> <span class='ocrx_word' id='word_1_847' title='bbox 3103 4708 3416 4781; x_wconf 85' lang='lat' dir='ltr'><strong>intelligore,</strong></span> <span class='ocrx_word' id='word_1_848' title='bbox 3446 4712 3565 4769; x_wconf 87' lang='lat' dir='ltr'><strong>ideo</strong></span> <span class='ocrx_word' id='word_1_849' title='bbox 3586 4713 3746 4771; x_wconf 82' lang='lat' dir='ltr'><strong>fuisse</strong></span> 
     </span>
    </p>
   </div>
   <div class='ocr_carea' id='block_1_111' title="bbox 2176 4799 3746 4866">
    <p class='ocr_par' dir='ltr' id='par_1_111' title="bbox 2176 4799 3746 4866">
     <span class='ocr_line' id='line_1_111' title="bbox 2176 4799 3746 4866; baseline 0.012 -21"><span class='ocrx_word' id='word_1_850' title='bbox 2176 4799 2420 4857; x_wconf 65' lang='lat' dir='ltr'><strong>cacantes,</strong></span> <span class='ocrx_word' id='word_1_851' title='bbox 2453 4801 2511 4848; x_wconf 90' lang='lat' dir='ltr'><strong>ut</strong></span> <span class='ocrx_word' id='word_1_852' title='bbox 2532 4802 2969 4853; x_wconf 85' lang='lat' dir='ltr'><strong>converterentur</strong></span> <span class='ocrx_word' id='word_1_853' title='bbox 2990 4800 3032 4866; x_wconf 83' lang='grc'><strong>³,</strong></span> <span class='ocrx_word' id='word_1_854' title='bbox 3056 4815 3176 4856; x_wconf 85' lang='lat' dir='ltr'><strong>eum</strong></span> <span class='ocrx_word' id='word_1_855' title='bbox 3207 4803 3328 4858; x_wconf 89' lang='lat' dir='ltr'><strong>ideo</strong></span> <span class='ocrx_word' id='word_1_856' title='bbox 3369 4808 3611 4862; x_wconf 87' lang='lat' dir='ltr'><strong>converti</strong></span> <span class='ocrx_word' id='word_1_857' title='bbox 3640 4824 3746 4864; x_wconf 91' lang='lat' dir='ltr'><strong>non</strong></span> 
     </span>
    </p>
   </div>
   <div class='ocr_carea' id='block_1_112' title="bbox 2176 4885 3744 4959">
    <p class='ocr_par' dir='ltr' id='par_1_112' title="bbox 2176 4885 3744 4959">
     <span class='ocr_line' id='line_1_112' title="bbox 2176 4885 3744 4959; baseline 0.014 -24"><span class='ocrx_word' id='word_1_858' title='bbox 2176 4891 2440 4951; x_wconf 90' lang='lat' dir='ltr'><strong>poterant,</strong></span> <span class='ocrx_word' id='word_1_859' title='bbox 2490 4885 2613 4954; x_wconf 88' lang='lat' dir='ltr'><strong>quia</strong></span> <span class='ocrx_word' id='word_1_860' title='bbox 2653 4902 2756 4942; x_wconf 90' lang='lat' dir='ltr'><strong>non</strong></span> <span class='ocrx_word' id='word_1_861' title='bbox 2790 4888 3113 4959; x_wconf 84' lang='lat' dir='ltr'><strong>credebant,</strong></span> <span class='ocrx_word' id='word_1_862' title='bbox 3154 4903 3208 4948; x_wconf 92' lang='lat' dir='ltr'><strong>et</strong></span> <span class='ocrx_word' id='word_1_863' title='bbox 3238 4894 3359 4951; x_wconf 84' lang='lat' dir='ltr'><strong>ideo</strong></span> <span class='ocrx_word' id='word_1_864' title='bbox 3381 4898 3604 4955; x_wconf 85' lang='lat' dir='ltr'><strong>credere</strong></span> <span class='ocrx_word' id='word_1_865' title='bbox 3641 4915 3744 4956; x_wconf 82' lang='lat' dir='ltr'><strong>non</strong></span> 
     </span>
    </p>
   </div>
   <div class='ocr_carea' id='block_1_113' title="bbox 2179 4976 3749 5048">
    <p class='ocr_par' dir='ltr' id='par_1_113' title="bbox 2179 4976 3749 5048">
     <span class='ocr_line' id='line_1_113' title="bbox 2179 4976 3749 5048; baseline 0.013 -21"><span class='ocrx_word' id='word_1_866' title='bbox 2179 4984 2443 5043; x_wconf 85' lang='lat' dir='ltr'><strong>poterant,</strong></span> <span class='ocrx_word' id='word_1_867' title='bbox 2461 4976 2584 5045; x_wconf 90' lang='lat' dir='ltr'><strong>quia</strong></span> <span class='ocrx_word' id='word_1_868' title='bbox 2612 4982 2860 5037; x_wconf 61' lang='lat' dir='ltr'><strong>emercati</strong></span> <span class='ocrx_word' id='word_1_869' title='bbox 2899 4990 3068 5037; x_wconf 85' lang='lat' dir='ltr'><strong>erant.</strong></span> <span class='ocrx_word' id='word_1_870' title='bbox 3101 4983 3180 5039; x_wconf 80' lang='lat' dir='ltr'><strong>An</strong></span> <span class='ocrx_word' id='word_1_871' title='bbox 3210 4984 3349 5043; x_wconf 88' lang='lat' dir='ltr'><strong>forte</strong></span> <span class='ocrx_word' id='word_1_872' title='bbox 3384 5004 3491 5045; x_wconf 79' lang='lat' dir='ltr'><strong>non</strong></span> <span class='ocrx_word' id='word_1_873' title='bbox 3519 4990 3749 5048; x_wconf 81' lang='lat' dir='ltr'><strong>absurde</strong></span> 
     </span>
    </p>
   </div>
   <div class='ocr_carea' id='block_1_114' title="bbox 2178 5063 3748 5149">
    <p class='ocr_par' dir='ltr' id='par_1_114' title="bbox 2178 5063 3748 5149">
     <span class='ocr_line' id='line_1_114' title="bbox 2178 5063 3748 5149; baseline 0.015 -33"><span class='ocrx_word' id='word_1_874' title='bbox 2178 5063 2435 5129; x_wconf 85' lang='lat' dir='ltr'><strong>dicimus,</strong></span> <span class='ocrx_word' id='word_1_875' title='bbox 2467 5066 2723 5134; x_wconf 86' lang='lat' dir='ltr'><strong>quosdam</strong></span> <span class='ocrx_word' id='word_1_876' title='bbox 2767 5069 3072 5128; x_wconf 71' lang='lat' dir='ltr'><strong>Judaeorutn</strong></span> <span class='ocrx_word' id='word_1_877' title='bbox 3112 5073 3276 5131; x_wconf 84' lang='lat' dir='ltr'><strong>fuisse</strong></span> <span class='ocrx_word' id='word_1_878' title='bbox 3319 5079 3617 5149; x_wconf 81' lang='lat' dir='ltr'><strong>sanabiles;</strong></span> <span class='ocrx_word' id='word_1_879' title='bbox 3657 5083 3748 5140; x_wconf 83' lang='lat' dir='ltr'><strong>sed</strong></span> 
     </span>
    </p>
   </div>
   <div class='ocr_carea' id='block_1_115' title="bbox 2181 5159 3749 5239">
    <p class='ocr_par' dir='ltr' id='par_1_115' title="bbox 2181 5159 3749 5239">
     <span class='ocr_line' id='line_1_115' title="bbox 2181 5159 3749 5239; baseline 0.015 -32"><span class='ocrx_word' id='word_1_880' title='bbox 2181 5162 2324 5209; x_wconf 87' lang='lat' dir='ltr'><strong>tanta</strong></span> <span class='ocrx_word' id='word_1_881' title='bbox 2350 5163 2524 5211; x_wconf 90' lang='lat' dir='ltr'><strong>tamen</strong></span> <span class='ocrx_word' id='word_1_882' title='bbox 2554 5159 2814 5229; x_wconf 77' lang='lat' dir='ltr'><strong>superbia:</strong></span> <span class='ocrx_word' id='word_1_883' title='bbox 2844 5170 3052 5222; x_wconf 88' lang='lat' dir='ltr'><strong>tumore</strong></span> <span class='ocrx_word' id='word_1_884' title='bbox 3081 5168 3425 5239; x_wconf 78' lang='lat' dir='ltr'><strong>periclitatus,</strong></span> <span class='ocrx_word' id='word_1_885' title='bbox 3457 5181 3517 5228; x_wconf 88' lang='lat' dir='ltr'><strong>ut</strong></span> <span class='ocrx_word' id='word_1_886' title='bbox 3551 5174 3629 5230; x_wconf 80' lang='lat' dir='ltr'><strong>eis</strong></span> <span class='ocrx_word' id='word_1_887' title='bbox 3653 5188 3749 5231; x_wconf 79' lang='lat' dir='ltr'><strong>ex-</strong></span> 
     </span>
    </p>
   </div>
   <div class='ocr_carea' id='block_1_116' title="bbox 2181 5246 3744 5337">
    <p class='ocr_par' dir='ltr' id='par_1_116' title="bbox 2181 5246 3744 5337">
     <span class='ocr_line' id='line_1_116' title="bbox 2181 5246 3744 5337; baseline 0.017 -36"><span class='ocrx_word' id='word_1_888' title='bbox 2181 5246 2403 5317; x_wconf 88' lang='lat' dir='ltr'><strong>pedierit</strong></span> <span class='ocrx_word' id='word_1_889' title='bbox 2424 5249 2598 5318; x_wconf 87' lang='lat' dir='ltr'><strong>primo</strong></span> <span class='ocrx_word' id='word_1_890' title='bbox 2616 5266 2722 5307; x_wconf 91' lang='lat' dir='ltr'><strong>non</strong></span> <span class='ocrx_word' id='word_1_891' title='bbox 2751 5253 2989 5319; x_wconf 84' lang='lat' dir='ltr'><strong>credere,</strong></span> <span class='ocrx_word' id='word_1_892' title='bbox 3013 5260 3153 5315; x_wconf 83' lang='lat' dir='ltr'><strong>etad</strong></span> <span class='ocrx_word' id='word_1_893' title='bbox 3183 5261 3284 5318; x_wconf 78' lang='lat' dir='ltr'><strong>hoc</strong></span> <span class='ocrx_word' id='word_1_894' title='bbox 3309 5262 3471 5322; x_wconf 82' lang='lat' dir='ltr'><strong>fuisse</strong></span> <span class='ocrx_word' id='word_1_895' title='bbox 3500 5276 3744 5337; x_wconf 68' lang='lat' dir='ltr'><strong>caeatos,</strong></span> 
     </span>
    </p>
   </div>
   <div class='ocr_carea' id='block_1_117' title="bbox 2184 5342 3751 5431">
    <p class='ocr_par' dir='ltr' id='par_1_117' title="bbox 2184 5342 3751 5431">
     <span class='ocr_line' id='line_1_117' title="bbox 2184 5342 3751 5431; baseline 0.017 -38"><span class='ocrx_word' id='word_1_896' title='bbox 2184 5348 2240 5395; x_wconf 88' lang='lat' dir='ltr'><strong>ut</strong></span> <span class='ocrx_word' id='word_1_897' title='bbox 2260 5356 2363 5396; x_wconf 90' lang='lat' dir='ltr'><strong>non</strong></span> <span class='ocrx_word' id='word_1_898' title='bbox 2394 5342 2745 5414; x_wconf 81' lang='lat' dir='ltr'><strong>intelligerent</strong></span> <span class='ocrx_word' id='word_1_899' title='bbox 2769 5346 3051 5405; x_wconf 85' lang='lat' dir='ltr'><strong>Dominum</strong></span> <span class='ocrx_word' id='word_1_900' title='bbox 3073 5351 3378 5423; x_wconf 79' lang='lat' dir='ltr'><strong>loquentem</strong></span> <span class='ocrx_word' id='word_1_901' title='bbox 3408 5373 3503 5429; x_wconf 79' lang='lat' dir='ltr'><strong>per</strong></span> <span class='ocrx_word' id='word_1_902' title='bbox 3526 5361 3751 5431; x_wconf 79' lang='lat' dir='ltr'><strong>parabo-</strong></span> 
     </span>
    </p>
   </div>
   <div class='ocr_carea' id='block_1_118' title="bbox 2245 5490 3216 5562">
    <p class='ocr_par' dir='ltr' id='par_1_118' title="bbox 2245 5490 3216 5562">
     <span class='ocr_line' id='line_1_118' title="bbox 2245 5490 3216 5562; baseline 0.014 -20"><span class='ocrx_word' id='word_1_903' title='bbox 2245 5491 2265 5562; x_wconf 66' lang='grc' dir='ltr'><strong>ξ</strong></span> <span class='ocrx_word' id='word_1_904' title='bbox 2287 5490 2659 5562; x_wconf 35' lang='grc' dir='ltr'><strong>Μεεκιιιθινὶφιθ,</strong></span> <span class='ocrx_word' id='word_1_905' title='bbox 2684 5508 2776 5547; x_wconf 82' lang='lat' dir='ltr'><strong>non</strong></span> <span class='ocrx_word' id='word_1_906' title='bbox 2795 5496 2912 5562; x_wconf 79' lang='lat' dir='ltr'><strong>quia</strong></span> <span class='ocrx_word' id='word_1_907' title='bbox 2927 5505 3057 5552; x_wconf 84' lang='lat' dir='ltr'><strong>tanta</strong></span> <span class='ocrx_word' id='word_1_908' title='bbox 3077 5503 3216 5557; x_wconf 80' lang='lat' dir='ltr'><strong>ualet.</strong></span> 
     </span>
    </p>
   </div>
   <div class='ocr_carea' id='block_1_119' title="bbox 2244 5555 3759 5641">
    <p class='ocr_par' dir='ltr' id='par_1_119' title="bbox 2244 5555 3759 5641">
     <span class='ocr_line' id='line_1_119' title="bbox 2244 5555 3759 5641; baseline 0.007 0"><span class='ocrx_word' id='word_1_909' title='bbox 2244 5555 2380 5641; x_wconf 64' lang='lat' dir='ltr'><strong>12a-</strong></span> <span class='ocrx_word' id='word_1_910' title='bbox 2401 5555 2547 5641; x_wconf 55' lang='lat' dir='ltr'><strong>se</strong></span> <span class='ocrx_word' id='word_1_911' title='bbox 2563 5555 2768 5641; x_wconf 53' lang='lat' dir='ltr'><strong>una</strong></span> <span class='ocrx_word' id='word_1_912' title='bbox 2778 5555 3631 5641; x_wconf 58' lang='lat' dir='ltr'><strong>ensezwerwwpwm</strong></span> <span class='ocrx_word' id='word_1_913' title='bbox 3647 5574 3759 5629; x_wconf 78' lang='grc' dir='ltr'><strong>ωηο</strong></span> 
     </span>
    </p>
   </div>
   <div class='ocr_carea' id='block_1_120' title="bbox 2182 5624 3758 5698">
    <p class='ocr_par' dir='ltr' id='par_1_120' title="bbox 2182 5624 3758 5698">
     <span class='ocr_line' id='line_1_120' title="bbox 2182 5624 3758 5698; baseline -0.006 0"><span class='ocrx_word' id='word_1_914' title='bbox 2182 5624 2551 5698; x_wconf 56' lang='grc' dir='ltr'><strong>Ηὲξὲἓίέδλέῐυὲ</strong></span> <span class='ocrx_word' id='word_1_915' title='bbox 2563 5627 2777 5698; x_wconf 56' lang='grc'><strong>5³9999⁸,</strong></span> <span class='ocrx_word' id='word_1_916' title='bbox 2789 5624 2997 5698; x_wconf 15' lang='grc' dir='ltr'><strong>ἓρξωεσς</strong></span> <span class='ocrx_word' id='word_1_917' title='bbox 3011 5638 3105 5698; x_wconf 67' lang='grc' dir='ltr'><strong>³³⁸ίὲ</strong></span> <span class='ocrx_word' id='word_1_918' title='bbox 3130 5632 3182 5698; x_wconf 69' lang='lat' dir='ltr'><strong>in</strong></span> <span class='ocrx_word' id='word_1_919' title='bbox 3209 5624 3407 5698; x_wconf 64' lang='lat' dir='ltr'><strong>antiqui</strong></span> <span class='ocrx_word' id='word_1_920' title='bbox 3426 5624 3641 5688; x_wconf 70' lang='lat' dir='ltr'><strong>editione</strong></span> <span class='ocrx_word' id='word_1_921' title='bbox 3650 5624 3758 5689; x_wconf 60' lang='lat' dir='ltr'><strong>is:</strong></span> 
     </span>
    </p>
   </div>
   <div class='ocr_carea' id='block_1_121' title="bbox 2183 5681 3759 5798">
    <p class='ocr_par' dir='ltr' id='par_1_121' title="bbox 2183 5681 3759 5798">
     <span class='ocr_line' id='line_1_121' title="bbox 2183 5681 3759 5798; baseline 0.02 -75"><span class='ocrx_word' id='word_1_922' title='bbox 2183 5681 3107 5798; x_wconf 41' lang='lat' dir='ltr'><strong>gsptinmﬁqagt’duﬂaézgﬁglui</strong></span> <span class='ocrx_word' id='word_1_923' title='bbox 3130 5681 3759 5755; x_wconf 39' lang='lat' dir='ltr'><strong>buuelocuntvtransttilit‘in</strong></span> 
     </span>
    </p>
   </div>
  </div>
