4036 6398
340 351 481 419 ιω

352 479 461 545 las,
494 478 692 552 quibus
731 494 850 540 non
891 480 1207 545 intellectis.
1249 493 1354 536 non
1397 479 1450 537 in
1498 494 1619 535 cum
1659 478 1957 543 crederent,

362 588 478 630 non
503 570 797 630 credentes
822 582 1032 639 autem,
1063 586 1184 629 cum
1209 572 1416 629 caeteris
1438 571 1739 643 desperatis
1765 571 1965 626 crucili-

365 673 558 739 gerent
582 680 705 723 eum
725 682 742 732 ;
765 673 935 737 atque
967 665 1039 722 ita
1065 672 1183 734 post
1207 663 1325 734 ejus
1353 662 1796 719 resurrectionem
1834 677 1966 719 con-

371 766 733 823 verterentur,
766 756 984 829 quando
1001 756 1113 829 jam
1140 755 1207 811 de
1226 764 1378 813 reatu
1394 756 1581 811 mortis
1605 755 1817 811 Domini
1845 771 1963 812 am-

374 852 525 926 plius
564 849 861 918 bumiliati,
909 847 1277 905 vehementius
1318 846 1599 917 diligerent
1641 862 1673 900 a
1711 841 1819 918 quo
1866 846 1966 904 sibi

375 951 591 1000 tantum
633 940 810 1001 scelus
855 938 1133 997 dimissum
1171 952 1293 994 esse
1338 937 1628 1011 gauderent
1663 956 1679 996 :
1715 936 1965 1009 quoniam

312 1044 319 1055 '
376 1040 533 1090 tanta
555 1039 667 1088 erat
692 1044 878 1086 eorum
906 1028 1153 1099 superbia
1176 1070 1190 1093 ,
1220 1038 1279 1083 ut
1309 1028 1399 1085 tali
1427 1027 1794 1085 humiliatione
1822 1036 1966 1089 esset

373 1120 721 1198 dejicienda?
744 1121 901 1192 Quod
929 1121 1223 1195 incongrue
1248 1119 1446 1177 dictum
1477 1133 1596 1175 esse
1626 1120 1847 1191 quilibet
1875 1133 1967 1174 ar-

376 1217 635 1285 bitretur,
664 1214 711 1273 si
735 1228 841 1271 non
861 1213 932 1271 ita
962 1211 1246 1283 contigisse
1266 1211 1319 1266 in
1345 1210 1567 1267 Actibus
1589 1211 1966 1280 Apostolorum

372 1307 821 1371 manifestissime
841 1304 1035 1381 legerit
1062 1304 1195 1379 (Act.
1225 1321 1283 1371 ιι.
1315 1304 1430 1378 37).
1458 1304 1576 1361 Non
1605 1318 1731 1375 ergo
1768 1304 1967 1360 abhor-

380 1411 469 1461 ret
492 1400 639 1477 quod
664 1400 739 1457 ait
761 1397 1014 1465 Joannes,
1045 1396 1321 1471 Propterea
1350 1413 1448 1452 non
1482 1404 1716 1469 poterant
1744 1395 1964 1465 credere,

383 1496 509 1568 quia
544 1492 814 1551 επιεεαυὶε
851 1489 1025 1548 oculos
1064 1506 1234 1546 eorum
1273 1497 1327 1543 ut
1368 1505 1469 1543 non
1520 1488 1756 1557 videant,
1792 1489 1861 1545 ab
1904 1504 1968 1545 ea

342 1652 345 1653 ν
387 1586 657 1645 sententia
686 1599 789 1657 qua
821 1582 1164 1654 intelligimus
1188 1581 1308 1639 ideo
1336 1589 1630 1637 exeaccatos
1656 1589 1716 1636 ut
1742 1595 1967 1637 conver-

384 1688 671 1746 terentur;
698 1678 802 1737 hoc
825 1683 927 1744 est,
956 1675 1076 1733 ideo
1102 1674 1181 1731 eis
1201 1689 1295 1747 per
1322 1674 1673 1731 obscuritates
1691 1674 1968 1746 parabola-

384 1787 505 1831 rum
530 1769 825 1827 occultatas
851 1767 1142 1826 sententias
1162 1765 1391 1833 Domini,
1423 1772 1480 1821 ut
1510 1773 1627 1837 post
1650 1765 1765 1836 ejus
1787 1781 1970 1822 resur-

385 1862 683 1920 rectionem
720 1856 1016 1916 salubriore
1045 1856 1352 1928 pamitentia
1385 1856 1759 1926 resipiscerent
1790 1874 1803 1910 :
1845 1855 1967 1928 quia

384 1969 483 2029 per
495 1952 876 2009 obscuritatem
899 1949 1164 2007 sermonis
1178 1949 1448 2016 excarcati,
1471 1948 1607 2004 dicta
1626 1948 1838 2005 Domini
1863 1963 1969 2004 non

389 2045 804 2112 intellexerunt,
845 2050 899 2098 et
928 2056 989 2099 ea
1033 2056 1138 2096 non
1184 2039 1528 2112 intelligendo
1552 2083 1565 2108 ,
1606 2055 1711 2095 non
1751 2040 1803 2096 in
1845 2056 1967 2095 eum

396 2138 759 2207 crediderunt,
785 2151 892 2192 non
922 2134 1189 2191 credendo
1220 2132 1594 2190 crucifixerunt
1623 2149 1779 2199 eum;
1811 2142 1969 2205 atque

394 2234 468 2289 ita
494 2241 613 2305 post
644 2231 755 2302 ejus
795 2229 1242 2286 resurrectionem
1276 2226 1546 2283 miraculis
1567 2268 1580 2291 ,
1612 2242 1729 2299 quae
1766 2226 1818 2281 in
1856 2226 1970 2297 ejus

386 2324 604 2379 nomine
634 2322 847 2388 fiebant,
876 2320 1135 2387 exterriti,
1165 2320 1367 2391 majore
1381 2317 1619 2373 criminis
1640 2326 1791 2373 reatu
1818 2332 1968 2377 com—

386 2418 572 2492 puncti
593 2424 719 2471 sunt
743 2424 798 2472 et
840 2413 1089 2486 prostrati
1126 2411 1193 2467 ad
1235 2412 1619 2482 paenitentiam,
1655 2409 1848 2466 deinde
1876 2425 1967 2467 ac-

383 2518 538 2580 cepta
568 2506 890 2577 indulgentia
931 2504 997 2559 ad
1034 2503 1386 2558 obedientiam
1408 2545 1421 2565 ,
1455 2502 1858 2573 flagrantissima
1885 2503 1969 2557 di-

364 2601 619 2656 ‘lectione
643 2596 909 2653 conversi.

456 2690 511 2748 5.
537 2689 675 2747 Nam
690 2687 885 2759 quibus
915 2701 1021 2744 non
1040 2684 1235 2756 profuit
1251 2684 1339 2741 illa
1354 2685 1564 2741 caecitas
1582 2684 1649 2741 ad
1663 2685 1972 2743 conversio-

386 2799 533 2849 nem,
562 2798 681 2853 qua:
704 2795 802 2852 per
825 2780 1056 2849 linguam
1087 2778 1455 2849 parabolarum
1490 2777 1678 2847 fiebat,
1708 2778 1779 2833 ita
1809 2778 1876 2834 de
1906 2779 1972 2833 il-

386 2875 459 2931 lis
500 2872 760 2945 propheta
798 2870 902 2926 alio
939 2871 1059 2925 loco
1093 2868 1251 2934 dicit,
1293 2867 1433 2938 quod
1477 2868 1638 2922 etiam
1687 2867 1972 2937 Apostolus

386 2965 834 3024 commemoravit
855 2980 973 3021 cum
994 2964 1061 3019 de
1087 2963 1412 3019 obscuritate
1434 2964 1726 3034 linguarum
1756 2970 1969 3033 ageret:

387 3061 459 3115 In
480 3062 594 3116 aliis
622 3060 831 3132 linguis,
863 3068 910 3113 et
936 3059 990 3113 in
1017 3058 1133 3113 aliis
1152 3058 1297 3113 labiis
1331 3058 1511 3129 loquar
1546 3058 1734 3127 populo
1765 3057 1902 3123 huic,
1926 3065 1975 3113 ct

387 3171 478 3209 nec
504 3157 576 3208 sic
603 3170 686 3207 me
728 3152 1024 3218 exaudient,
1065 3150 1185 3204 dicit
1213 3149 1460 3204 Dominus
1494 3150 1545 3221 (l
1568 3150 1685 3206 Cor.
1716 3154 1830 3219 xiv,
1860 3151 1923 3205 ‘21
1953 3168 1968 3215 ;

390 3245 522 3302 Isai.
547 3262 734 3311 xxvm,
764 3244 886 3317 11).
917 3244 1030 3300 Νοιι
1055 3244 1194 3300 enim
1226 3244 1512 3311 diceretur,
1541 3244 1650 3299 Nec
1678 3246 1750 3299 sic
1778 3262 1856 3300 me
1881 3262 1972 3300 ca:-

383 3339 626 3407 audicnt,
655 3337 760 3393 nisi
786 3336 851 3392 ad
880 3336 982 3391 hoc
1019 3336 1199 3401 fieret,
1231 3345 1289 3390 ut
1310 3335 1397 3391 vel
1434 3337 1511 3391 sic
1540 3337 1850 3392 exaudirent
1877 3355 1889 3390 :
1919 3337 1972 3393 id

383 3439 491 3497 est,
540 3438 600 3484 nt
645 3429 725 3484 eis
751 3427 817 3482 ad
854 3427 1108 3483 humilem
1148 3427 1535 3482 confessionem
1556 3469 1571 3491 ,
1600 3435 1655 3483 et
1690 3427 1972 3483 sollicitam

386 3521 818 3593 inquisitionem,
855 3527 909 3576 et
941 3518 1276 3576 obedientem
1311 3518 1735 3583 conversionem,
1763 3528 1817 3575 et
1861 3519 1971 3576 fer-

384 3622 607 3669 ventem
633 3611 973 3667 dilectionem
1001 3611 1222 3666 valeret.
1254 3611 1349 3666 Est
1378 3624 1508 3665 vero
1531 3611 1689 3665 etiam
1712 3610 1809 3666 ista
1835 3612 1973 3666 ratio

383 3703 672 3759 medicina:
704 3702 1019 3773 corporalis.
1056 3700 1187 3758 Nam
1222 3709 1274 3757 et
1300 3703 1548 3771 pleraque
1587 3701 1973 3757 medicamenta

384 3796 541 3866 prius
571 3793 816 3865 afﬂigunt
843 3802 901 3849 ut
923 3801 1134 3862 sanent,
1152 3801 1206 3848 et
1233 3794 1344 3863 ipsa
1373 3782 1591 3865 collyria
1615 3809 1732 3864 quae
1753 3794 1819 3849 ad
1845 3809 1973 3850 ocu-

388 3891 476 3946 los
505 3889 805 3960 pertinent,
828 3887 873 3943 si
901 3902 962 3943 ea
989 3902 1123 3958 opus
1147 3896 1230 3942 est
1256 3887 1574 3942 intrinsecus
1598 3886 1830 3953 infundi,
1869 3887 1972 3943 nisi

387 3995 607 4037 sensum
632 3978 847 4036 videndi
866 3980 1013 4050 prius
1032 3979 1282 4036 claudant
1299 3988 1352 4035 et
1372 3979 1699 4050 perturbent,
1719 3979 1974 4050 prodesse

389 4084 498 4125 non
520 4075 765 4139 possunt.

461 4162 518 4218 4.
542 4159 651 4217 Nec
673 4168 884 4217 moveat
904 4159 1043 4230 qttod
1064 4158 1204 4214 idem
1219 4156 1475 4230 propheta
1491 4157 1637 4225 dicit,
1668 4156 1786 4213 Nisi
1804 4157 1972 4213 credi-

395 4254 713 4321 deritismon
736 4253 1024 4325 intetligetis
1048 4251 1068 4323 (
1088 4251 1212 4307 Isai.
1230 4268 1325 4317 vn,
1352 4253 1406 4320 9,
1450 4270 1549 4308 sec.
1582 4251 1791 4326 LXX);
1821 4254 1971 4324 quasi

394 4346 719 4402 contrarium
748 4345 817 4401 sit
835 4345 976 4415 quod
1002 4345 1234 4400 Joannes
1259 4344 1361 4411 ait,
1394 4343 1668 4415 Propterea
1692 4361 1793 4399 non
1832 4354 1973 4413 pote-

394 4446 512 4493 rant
534 4438 756 4501 credere,
776 4437 895 4507 quia
919 4437 1179 4490 occecurrit
1206 4436 1376 4491 oculos
1401 4452 1609 4499 eorum;
1631 4436 1679 4491 id
1719 4445 1819 4501 est,
1848 4437 1971 4507 quia

396 4530 503 4586 illa:
523 4528 787 4599 parabolae
804 4530 877 4587 ita
901 4528 1231 4593 dicebantur,
1260 4538 1319 4583 ut
1336 4529 1404 4583 ab
1423 4530 1499 4584 eis
1529 4545 1632 4584 non
1663 4541 1879 4599 possent
1900 4533 1973 4585 in-

398 4621 578 4693 telligi.
610 4622 747 4677 Dicit
773 4623 912 4678 enim
948 4620 1138 4692 aliquis
1168 4638 1180 4674 :
1209 4620 1267 4677 Si
1297 4630 1352 4674 ut
1377 4619 1729 4692 intelligerent
1753 4622 1974 4679 credere

398 4716 684 4781 debebant,
714 4717 980 4788 quomodo
1010 4727 1289 4788 propterea
1323 4732 1427 4771 non
1460 4726 1704 4788 poterant
1728 4718 1969 4787 credere,

398 4809 523 4880 quia
557 4825 663 4866 non
701 4808 1083 4880 intelligebant,
1112 4808 1213 4881 hoc
1235 4817 1315 4863 est
1333 4850 1346 4873 ,
1374 4809 1491 4878 quia
1519 4809 1778 4863 excwcavit
1802 4810 1975 4864 oculos

398 4903 606 4957 eorum?
632 4902 739 4958 Sed
764 4901 909 4973 quod
930 4902 1006 4957 ait
1033 4901 1213 4969 Isaias,
1250 4900 1365 4955 Nisi
1394 4901 1702 4955 credideritis
1729 4943 1742 4966 ,
1769 4918 1870 4955 non
1894 4902 1974 4955 in-

401 4994 630 5066 telligetis
648 5036 663 5061 ,
687 4995 757 5051 de
788 4994 877 5049 illa
896 4994 1243 5065 intelligentia
1271 4994 1466 5049 dictant
1497 5001 1597 5061 est,
1629 4995 1683 5048 in
1710 5010 1812 5065 qua
1833 5008 1973 5051 sem~

401 5087 841 5157 permanebitur,
863 5102 1045 5145 rerum
1078 5085 1419 5141 ineffabilium
1446 5103 1458 5140 :
1490 5101 1610 5140 cum
1642 5095 1816 5143 autem
1843 5088 1975 5143 dici-

400 5189 489 5235 tur
511 5179 654 5252 quod
678 5179 944 5245 credente,
976 5180 1075 5235 nisi
1093 5180 1233 5251 quod
1259 5180 1450 5234 dicitur
1465 5180 1805 5250 intelligatur,
1827 5181 1972 5236 credi

398 5286 511 5328 non
536 5278 730 5342 potest.
758 5271 1105 5343 lnteﬂigenda
1121 5280 1244 5327 sunt
1267 5287 1394 5342 ergo
1418 5273 1578 5337 dicta,
1604 5282 1661 5327 ut
1688 5272 1973 5327 credantur

396 5378 517 5433 quin
544 5362 646 5421 dici
669 5371 953 5435 potuerunt
977 5381 989 5415 :
1018 5363 1282 5419 credenda
1311 5373 1491 5418 autem
1515 5380 1630 5433 quae
1658 5363 1758 5439 dici
1793 5374 1974 5435 potue-

396 5468 546 5522 mt.
568 5467 627 5514 ut
650 5456 1012 5527 intelligantur
1034 5472 1153 5526 qua:
1179 5456 1281 5511 dici
1309 5472 1413 5511 non
1445 5463 1684 5525 possunt.

468 5548 583 5613 XV.
613 5546 730 5622 [11).
759 5562 872 5613 alia,
904 5545 1017 5620 ει]
1045 5546 1115 5603 Et
1149 5547 1260 5602 sine
1285 5546 1538 5618 parabolis
1566 5563 1667 5602 non
1685 5548 1976 5621 loquebatur

393 5639 487 5705 ἀρ.
518 5638 643 5699 Non
663 5637 793 5709 quia
814 5636 949 5697 nihil
976 5639 1192 5709 proprie
1217 5638 1425 5694 loeutus
1448 5646 1560 5704 est,
1587 5639 1683 5694 sed
1706 5641 1826 5710 quia
1857 5642 1976 5696 nul-

392 5731 501 5797 lam
542 5730 664 5797 {ese
707 5743 1012 5791 malum
1056 5730 1362 5800 aplieavit,
1393 5730 1484 5786 ubi
1513 5746 1619 5787 non
1648 5731 1845 5802 aliquid
1880 5749 1978 5805 per

386 5822 705 5897 plebeiam
739 5818 1085 5890 signiﬁcavit,
1116 5821 1357 5892 mtamvis
1388 5821 1440 5877 in
1471 5836 1537 5877 eo
1559 5822 1733 5893 aliqua
1758 5833 1812 5880 et
1850 5840 1972 5893 pro-

1674 406 1681 411 -
1778 363 1981 423 LIBER
2018 363 2219 427 UNUS.

3509 382 3652 440 i374

2072 481 2188 552 prie
2208 480 2408 541 dixerit
2436 502 2452 545 :
2473 486 2545 545 ita
2576 496 2635 547 ut
2665 503 2808 562 saepe
2833 490 3134 551 inveniatur
3159 502 3306 553 tatus
3325 507 3506 555 samo
3533 498 3652 569 ejus

2074 579 2346 649 parabolis
2370 582 2689 654 explicatus,
2722 595 2862 644 totus
2895 595 3073 647 autem
3100 590 3317 663 proprie
3337 589 3511 649 dictus
3532 593 3651 651 nul-

2071 668 2159 727 lus
2201 671 2522 733 inveniatur.
2571 676 2879 748 Explicatos
2922 689 3102 739 autem
3156 696 3436 743 sermones
3495 684 3654 756 dico,

2072 763 2287 833 quando
2306 779 2373 821 ex
2401 766 2577 839 aliqua
2605 772 2886 828 occasione
2921 788 3105 831 rerum
3130 774 3317 847 incipit
3341 775 3488 848 loqui
3516 790 3659 848 quo-

2072 869 2241 927 usque
2283 860 2535 917 terminet
2573 863 2830 935 quidquid
2859 865 2930 922 ad
2958 867 3127 938 ipsum
3159 883 3275 925 rem
3311 869 3568 941 pertinet,
3607 882 3664 928 et

2073 954 2307 1005 transeat
2328 950 2392 1007 ad
2410 951 2575 1008 aliud.
2605 952 2992 1026 Nonnunquam
3011 974 3140 1015 sane
3163 959 3297 1016 alius
3327 962 3658 1032 evangelista

2073 1042 2327 1109 contexit,
2356 1044 2496 1113 quod
2518 1044 2656 1103 alius
2677 1046 2902 1104 diversis
2925 1051 3253 1121 temporibus
3281 1051 3485 1109 dictum
3513 1054 3656 1111 indi-

2073 1138 2177 1187 cat.
2215 1131 2333 1189 Non
2354 1134 2497 1191 enim
2526 1137 2833 1195 omnimodo
2860 1141 3154 1198 secundum
3180 1159 3359 1200 rerum
3379 1153 3653 1217 gestarum

2073 1223 2353 1294 ordinem,
2398 1228 2496 1284 sed
2534 1231 2825 1287 secundum
2867 1248 2982 1290 sua:
3007 1235 3230 1308 quisque
3270 1238 3654 1296 recordationis

2071 1312 2399 1383 faettltatem,
2427 1322 2783 1378 narrationem
2807 1339 2967 1395 quam
3005 1341 3234 1384 exorsus
3260 1337 3344 1385 est
3368 1328 3652 1389 ordinant.

2146 1405 2286 1465 XVI.
2316 1407 2430 1482 [1b.
2459 1413 2572 1481 alii,
2598 1414 2689 1479 5|,
2716 1414 2804 1479 59,
2824 1415 2941 1490 ιι]
2955 1416 3285 1475 Intellexistis
3309 1421 3415 1476 hcc
3442 1423 3656 1477 omnia?

2072 1498 2260 1556 Dicunt
2284 1503 2332 1558 ei
2360 1519 2379 1559 :
2405 1503 2595 1560 Etiam.
2628 1507 2710 1563 Ait
2737 1509 2841 1564 illis
2863 1525 2885 1565 :
2914 1509 3045 1566 Ideo
3079 1515 3243 1569 omnis
3278 1516 3443 1571 scriba
3477 1516 3655 1572 doctus

2075 1591 2127 1645 in
2152 1608 2305 1664 regno
2336 1596 2596 1665 caelorum,
2625 1599 2806 1655 similis
2833 1609 2905 1656 est
2934 1602 3126 1659 homini
3146 1606 3507 1677 patrifamilias
3525 1645 3543 1675 ,
3567 1608 3656 1679 qui

2074 1682 2264 1753 profert
2290 1684 2352 1739 de
2372 1686 2608 1743 thesauro
2625 1705 2721 1745 suo
2744 1706 2873 1747 noua
2897 1700 2945 1747 et
2968 1702 3149 1750 actae.
3181 1694 3365 1752 Utrum
3393 1697 3493 1753 ista
3519 1712 3653 1753 con-

2074 1772 2312 1831 clusione
2336 1791 2608 1847 exponere
2640 1780 2807 1838 voluit
2839 1799 3001 1854 quem
3032 1784 3226 1843 dixerit
3255 1788 3565 1851 thesaurum
3595 1791 3650 1847 in

2074 1880 2202 1937 agro
2226 1867 2594 1927 absconditum
2620 1890 2633 1929 :
2661 1875 2910 1944 quoniam
2929 1887 3128 1935 sanctae
3142 1877 3432 1952 Scriptura:
3456 1881 3653 1938 intelli-

2073 1964 2289 2026 guntur,
2330 1974 2449 2030 quae
2491 1963 2706 2019 nomine
2732 1964 2961 2022 duorum
2994 1968 3455 2027 Testamentorum
3476 2013 3490 2035 ,
3517 1971 3652 2028 Novi

2014 2096 2017 2100 Α
2074 2054 2129 2100 et
2148 2045 2374 2114 Veteris,
2416 2051 2830 2122 concluduntur;
2861 2057 3308 2127 quemadmodum
3322 2060 3463 2133 apud
3487 2061 3653 2118 alium

2073 2139 2458 2210 evangelistam
2479 2184 2496 2210 ,
2534 2144 2768 2216 gladium
2809 2147 2893 2204 bis
2924 2160 3138 2207 acutum
3185 2153 3274 2208 tali
3308 2153 3653 2210 conclusione

2075 2230 2283 2289 videtur
2318 2248 2585 2305 exponere
2617 2237 2803 2311 (Apoc.
2831 2257 2869 2309 ι,
2894 2242 3123 2315 l6)?An
3151 2247 3275 2316 quia
3303 2246 3359 2302 in
3385 2246 3652 2316 parabolis

2076 2320 2178 2378 iSta
2207 2323 2412 2382 locutus
2434 2336 2543 2395 est;
2569 2336 2765 2387 etcum
2787 2334 3066 2402 quaesisset
3095 2336 3164 2391 ab
3186 2337 3264 2393 eis
3290 2346 3469 2394 utrum
3496 2339 3654 2394 intel-

2075 2413 2369 2487 lexissent,
2401 2422 2793 2489 responderunt
2828 2441 2889 2482 se
2918 2427 3275 2495 intellexisse;
3306 2430 3532 2488 fortasse
3554 2432 3653 2487 ista

2074 2506 2419 2567 similitudine
2444 2512 2626 2571 ultima
2656 2516 3051 2585 patrisfamilias
3077 2520 3399 2591 proferentis
3430 2524 3499 2579 de
3526 2523 3649 2580 the-

2075 2612 2235 2654 sauro
2261 2615 2358 2656 suo
2387 2618 2522 2659 nova
2549 2615 2602 2659 et
2643 2617 2841 2678 vetera,
2879 2611 3162 2667 ostendere
3194 2614 3361 2670 voluit
3395 2631 3516 2671 eum
3556 2615 3654 2672 do-

2076 2698 2228 2747 ctum
2255 2692 2556 2752 habendum
2576 2713 2696 2755 esse
2720 2700 2773 2755 in
2800 2701 3037 2757 Ecclesia
3055 2747 3069 2772 ,
3094 2705 3186 2774 qui
3222 2707 3384 2762 etiam
3415 2708 3655 2778 Scriptu-

2077 2797 2165 2839 ras
2195 2792 2400 2841 veteres
2439 2788 2705 2861 parabolis
2741 2792 3029 2862 explicatas
3065 2795 3421 2866 intellexerit,
3451 2799 3518 2853 ab
3539 2799 3653 2854 istis

2079 2874 2231 2930 novis
2259 2877 2522 2946 accipiens
2551 2882 2793 2952 regulas?
2810 2884 2941 2951 Quia
2968 2895 3021 2940 et
3047 2886 3143 2941 ista
3172 2888 3428 2943 Dominus
3449 2906 3543 2959 per
3564 2906 3654 2960 pa.

2079 2964 2292 3021 rabolas
2330 2970 2645 3040 enuntiavit,
2682 2976 2921 3043 quamvis
2957 2976 3070 3045 ipse
3104 2974 3347 3034 Christus
3372 2987 3513 3035 esset
3538 2981 3655 3036 linis

2079 3058 2320 3126 illorum;
2361 3062 2412 3116 id
2452 3073 2562 3132 est,
2602 3076 2657 3119 ιιι
2696 3067 2747 3120 in
2776 3082 2841 3122 eo
2871 3069 2959 3122 illa
2998 3078 3177 3125 vetera
3216 3073 3652 3142 complerentur:

2078 3159 2135 3204 ut
2174 3153 2216 3205 si
2258 3153 2452 3223 ipsein
2490 3172 2595 3226 quo
2635 3157 2721 3211 illa
2768 3160 3102 3230 complentur
3135 3171 3186 3217 et
3227 3162 3653 3230 manifestantur,

2078 3258 2178 3312 per
2205 3246 2480 3313 parabolas
2508 3247 2679 3303 adhuc
2718 3251 2973 3320 loquitur,
3014 3254 3184 3309 donec
3220 3254 3334 3327 ejus
3362 3258 3537 3328 passio
3561 3270 3656 3309 ve-

2084 3334 2191 3388 lum
2220 3336 2504 3406 discindat,
2535 3350 2589 3394 ut
2618 3342 2747 3396 nihil
2770 3344 2835 3396 sit
2865 3344 3130 3399 occultum
3154 3346 3290 3416 quod
3320 3364 3425 3403 non
3454 3351 3657 3406 revele-

2081 3432 2192 3492 tur;
2225 3428 2390 3482 multo
2416 3432 2583 3499 magis
2612 3432 2696 3486 illa
2722 3449 2839 3503 quae
2868 3434 2934 3489 ad
2955 3438 3425 3493 commendandam
3460 3448 3656 3495 tantam

2079 3517 2302 3572 salutem
2351 3528 2456 3574 tam
2505 3522 2664 3592 longe
2707 3524 2773 3578 de
2819 3524 2908 3579 illo
2956 3527 3149 3596 scripta
3196 3538 3345 3595 sunt,
3391 3530 3657 3609 parabolis

2079 3615 2259 3676 operta
2301 3624 2419 3665 esse
2455 3615 2790 3667 noverimus:
2824 3631 2940 3684 quae
2976 3632 3095 3670 cum
3131 3617 3298 3675 Judaei
3334 3618 3397 3674 ad
3431 3621 3655 3675 litteram

2080 3699 2415 3768 acciperent,
2448 3702 2729 3759 noluerunt
2758 3721 2875 3761 esse
2917 3707 3056 3763 doeti
3087 3708 3136 3763 in
3179 3725 3342 3779 regno
3377 3710 3653 3778 caelorum,

2079 3804 2253 3859 neque
2302 3793 2528 3847 transire
2567 3793 2630 3847 ad
2672 3793 2962 3862 Christum,
2995 3807 3049 3851 ut
3080 3798 3378 3854 auferretur
3410 3802 3654 3856 velamen

2078 3882 2219 3951 quod
2243 3898 2526 3952 supra.cor
2551 3900 2733 3940 eorum
2768 3889 2992 3956 positum
3021 3898 3102 3944 est
3122 3892 3158 3942 ¹.

2151 3973 2313 4027 XVII.
2338 3973 2439 4047 [11).
2458 3992 2568 4041 xm,
2594 3978 2660 4031 55
2684 3990 2727 4030 et
2748 3976 2860 4051 56.]
2886 3982 2933 4034 l.
2965 3979 3170 4036 Fratres
3187 3985 3317 4052 ejus,
3336 3982 3576 4049 Iacobus,
3606 3992 3653 4037 et

2078 4064 2288 4134 Ioseph,
2304 4077 2350 4119 et
2369 4067 2564 4133 Simon,
2590 4079 2636 4122 ct
2660 4070 2691 4122 J
2701 4072 2846 4137 udas,
2871 4081 2917 4125 et
2944 4090 3139 4127 sorores
3164 4077 3292 4146 ejus,
3308 4092 3471 4129 nonne
3487 4092 3656 4130 omnes

2079 4155 2218 4226 apud
2244 4173 2335 4211 nos
2359 4159 2511 4212 sunt?
2528 4160 2661 4212 unde
2686 4177 2802 4231 ergo
2824 4161 2939 4214 huic
2960 4164 3126 4216 omnia
3153 4164 3248 4216 ista
3263 4165 3288 4217 ?
3310 4163 3378 4218 Et
3406 4165 3657 4221 scandali-

2080 4247 2326 4302 snbantur
2343 4250 2395 4301 in
2417 4266 2491 4302 eo.
2514 4249 2727 4304 Fratres
2747 4251 2880 4321 apud
2905 4251 3112 4307 Judzeos
3132 4252 3233 4307 dici
3260 4253 3432 4308 solere
3456 4269 3654 4325 cogna-

2079 4346 2165 4392 tos
2190 4352 2355 4407 usque
2384 4337 2517 4392 adeo
2544 4338 2814 4408 probatur,
2844 4348 2901 4394 ut
2927 4354 3030 4394 non
3066 4340 3236 4396 solum
3266 4357 3332 4397 cx
3360 4341 3655 4413 prepinquo

2078 4430 2436 4500 generationis
2450 4429 2634 4500 gradu,
2656 4429 2791 4485 sicut
2816 4440 2939 4485 sunt
2954 4430 3045 4486 lilii
3067 4431 3287 4487 fratrum
3315 4442 3369 4489 ct
3387 4447 3652 4499 sororum,

2079 4521 2167 4590 qui
2194 4521 2353 4575 etiam
2384 4522 2521 4591 apud
2553 4536 2650 4576 nos
2679 4522 3019 4578 nsitatissime
3042 4521 3233 4580 fratres
3258 4522 3502 4580 dicuntur
3522 4543 3536 4593 ;
3557 4524 3655 4581 sed

2078 4614 2237 4667 etiam
2278 4614 2565 4669 avunculus
2594 4622 2647 4668 et
2676 4615 2874 4670 sororis
2906 4615 3063 4676 filius.
3093 4616 3225 4672 sicut
3256 4618 3355 4673 sibi
3384 4627 3536 4673 erant
3562 4618 3654 4673 .i'a-

2080 4705 2181 4761 cob
2207 4714 2261 4760 et
2278 4705 2475 4770 Laban,
2496 4705 2686 4761 fratres
2710 4707 2954 4777 appellati
2985 4707 3654 4781 lnveniantur(Gen.xx1x,

2083 4796 2212 4866 l5).
2236 4796 2350 4852 Non
2380 4812 2508 4868 ergo
2535 4798 2729 4853 mirum
2769 4807 2850 4853 est
2876 4799 3046 4855 dictos
3085 4815 3203 4856 esse
3236 4801 3423 4857 fratres
3449 4802 3657 4861 Domini

2084 4905 2149 4945 ex
2179 4897 2419 4944 materno
2438 4904 2635 4960 genere
2660 4906 3020 4962 quoscumque
3045 4901 3324 4963 cognatos;
3354 4909 3472 4949 cum
3502 4895 3657 4949 etiam

2082 4995 2145 5034 ex
2178 4982 2493 5050 cognatione
2529 4982 2725 5053 Joseph
2768 4984 2871 5039 dici
2911 4985 3178 5054 potuerint
3212 4984 3402 5042 fratres
3439 4986 3555 5058 ejus
3592 4986 3659 5042 ab

2082 5072 2190 5139 eis,
2219 5074 2307 5143 qui
2346 5074 2495 5129 illum
2526 5085 2729 5146 patrem
2761 5076 2969 5131 Domini
2998 5092 3115 5133 esse
3141 5078 3532 5134 arbitrabantur
3560 5079 3655 5152 (a).

2152 5161 2204 5215 2.
2226 5162 2540 5220 Generalem
2556 5166 2812 5235 justitiam
2826 5182 2931 5223 non
2952 5168 3112 5223 violat
3134 5170 3273 5239 quis,
3305 5170 3405 5225 nisi
3436 5170 3652 5226 libidine

2084 5262 2445 5324 transgressus
2486 5256 2643 5311 fuerit
2671 5267 2762 5312 aut
2802 5258 3051 5329 placitum
3087 5260 3359 5315 societatis
3387 5260 3651 5326 humanae,

2148 5386 2163 5416 ι
2179 5390 2240 5452 _tn
2276 5385 2487 5452 editione
2520 5388 2849 5452 natisponensi
2886 5390 3115 5452 inseritur
3145 5390 3455 5452 hicuquaestio
3491 5390 3539 5439 in
3578 5387 3659 5443 illa

2148 5405 2163 5416 ·
2191 5405 2240 5434 ιιι
2276 5405 2487 5438 cautione
2523 5405 2849 5452 natlsponenan
2886 5405 3115 5441 inseritur
3148 5405 3224 5441 mc
3319 5405 3455 5441 aesno
3491 5405 3539 5439 tn
3578 5405 3659 5443 tua

2097 5447 2419 5524 ἰεῖδξὲιειιέις
2436 5461 2544 5524 ξηιλ
2566 5449 2730 5524 “an.
2738 5451 2925 5524 59.1.09
2946 5450 3027 5524 die
3043 5458 3201 5503 ααιεπι
3221 5405 3369 5524 εδει
3383 5449 3503 5524 hora
3522 5463 3661 5524 nemo

2079 5510 2189 5577 scit,
2213 5515 2330 5569 etc.,
2360 5510 2451 5577 sed
2471 5510 2733 5577 timeth
2767 5511 2930 5566 differt
2949 5516 3013 5565 ab
3034 5527 3094 5577 ea
3114 5527 3226 5576 quae
3263 5514 3389 5569 inter
3417 5512 3661 5576 ωιοειιιιι

2080 5575 2186 5619 tres
2205 5571 2504 5628 Quaestiones'
2525 5572 2694 5622 ordine
2720 5581 2795 5625 est
2815 5571 3138 5641 sexagesima.

2145 5653 2218 5716 (a)
2248 5655 2330 5703 Hic
2351 5656 2635 5705 terminatur
2657 5655 2935 5716 opusculum
2959 5658 3008 5705 In
3026 5656 3170 5706 editis
3190 5662 3289 5706 ttat.
3309 5666 3411 5706 Am.
3436 5663 3511 5707 Er.
3537 5664 3589 5709 et
3612 5660 3660 5710 in

2207 5716 2443 5783 vaticam,
2469 5718 2740 5783 Scriboniam
2762 5718 3096 5783 cisterciensi;
3119 5728 3217 5767 nec
3230 5716 3418 5783 reliqua
3440 5720 3659 5780 timus,

2081 5777 2441 5886 εὲῗῖιᾘηιὲν.
2461 5785 2513 5828 et
2533 5779 2583 5829 in
2605 5785 2711 5831 Mss.
2731 5779 2977 5835 Victorini-<3
2987 5777 3177 5833 duobus
3196 5777 3363 5832 acund
3384 5777 3658 5837 Corbeiensi

2081 5840 2419 5887 Vetustissimo.
