4036 6418
466 385 606 445 1575

465 504 605 561 sicut
632 510 714 560 est
742 500 961 571 furtum,
982 502 1189 572 rapina,
1217 499 1553 565 adulterium,
1584 498 1838 562 incestus,
1870 506 1925 550 et
1953 492 2055 549 bu-

463 597 732 670 jusmodi;
758 605 850 653 aut
894 604 1156 662 naturam,
1195 593 1333 650 sicut
1370 601 1451 649 est
1482 590 1823 657 contumelia,
1853 587 2051 654 caedes,

468 687 836 756 homicidium,
873 684 1187 743 concubitus
1226 683 1585 740 masculorum
1629 682 1716 737 vel
1762 694 2051 751 pecorum;

467 789 561 838 aut
587 780 804 837 modum
831 779 885 835 in
911 777 1212 845 concessis,
1240 777 1378 833 sicut
1401 784 1483 832 est
1510 774 1798 847 superbum
1823 773 2052 844 amplius

467 871 754 938 verberare
777 883 938 942 quam
963 877 1193 940 oportet,
1217 868 1302 925 vel
1328 866 1657 940 superfluum
1677 866 1836 922 edere
1865 863 1949 920 vel
1970 864 2054 919 bi-

468 963 597 1020 bere
638 961 868 1033 amplius
913 974 1072 1031 quam
1096 968 1327 1030 oportet,
1354 974 1475 1015 cum
1508 959 1622 1030 ipsa
1658 960 1884 1029 conjuge
1921 970 2053 1011 eon-

470 1054 722 1112 cumbere
748 1054 977 1125 amplius
996 1069 1154 1125 quam
1175 1060 1406 1124 oportet,
1430 1061 1484 1108 et
1508 1051 1721 1107 similia.

545 1147 599 1203 3.
638 1145 783 1202 Bene
819 1144 1131 1217 intelligitur
1164 1144 1393 1215 Spiritus
1426 1151 1640 1199 sanctus
1676 1141 1798 1198 ideo
1827 1141 2058 1213 primum

468 1237 769 1308 linguarum
807 1236 1007 1293 donum
1039 1236 1251 1293 dedisse
1290 1235 1621 1302 hominibus,
1651 1249 1771 1304 qua:
1810 1242 1967 1303 pacto
2004 1240 2059 1288 et

467 1331 665 1403 placito
706 1330 980 1386 hominum
1030 1329 1284 1385 instituta:
1324 1338 1469 1396 sunt,
1515 1337 1569 1383 et
1622 1327 1922 1382 forinsecus
1960 1340 2059 1396 per

468 1437 660 1480 sensus
699 1423 939 1493 corporis
980 1421 1361 1478 consuetudine
1397 1419 1645 1476 audiendi
1678 1419 1974 1482 discuntur,
1999 1426 2058 1473 ut

469 1514 548 1572 eis
572 1514 879 1571 ostenderet
900 1530 1058 1585 quam
1082 1514 1236 1569 facile
1262 1521 1445 1583 posset
1468 1512 1738 1584 sapientes
1766 1510 1941 1567 facere
1963 1526 2059 1582 per

471 1608 785 1681 sapientiam
816 1606 939 1673 Dei,
966 1622 1084 1678 qua:
1110 1607 1163 1679 ip
1194 1608 1274 1661 eis
1302 1606 1509 1660 interna
1541 1612 1641 1660 est.

545 1702 601 1757 4.
629 1701 762 1757 Item
788 1700 1033 1756 voluntas
1064 1699 1220 1755 Verbi
1246 1698 1556 1770 sempiterni
1582 1697 1785 1753 stabilis
1812 1707 1893 1753 est
1918 1712 2058 1753 sem-

478 1808 594 1865 per,
616 1793 742 1865 quia
769 1792 925 1848 simul
955 1792 1117 1848 habet
1154 1792 1331 1847 omnia
1357 1809 1370 1846 :
1397 1802 1578 1848 nostra
1610 1800 1789 1848 autem
1814 1792 2057 1849 voluntas

475 1883 598 1940 ideo
619 1899 725 1939 non
746 1890 869 1951 stat,
889 1883 1010 1954 quia
1037 1898 1143 1937 non
1165 1882 1327 1939 habet
1344 1883 1502 1939 simul
1522 1884 1699 1939 omnia
1721 1900 1736 1950 ;
1759 1882 1878 1939 ideo
1898 1883 2058 1939 modo

470 1974 595 2043 hoc,
638 1974 799 2030 modo
835 1974 962 2030 illud
1002 1974 1266 2031 volumus.
1310 1975 1441 2031 ltem
1484 1976 1562 2031 sic
1606 1976 1817 2031 fuerunt
1863 1977 1915 2031 in
1966 1976 2057 2032 illo

474 2066 656 2125 Verbo
683 2067 861 2123 omnia
886 2083 1005 2139 quae
1035 2068 1171 2124 facta
1196 2078 1339 2135 sunt,
1368 2077 1422 2125 et
1450 2069 1564 2140 ipsa
1591 2070 1855 2140 susceptio
1881 2071 2057 2125 homi—

475 2156 565 2212 nis
590 2156 669 2213 sic
693 2155 762 2212 ab
786 2170 854 2213 eo
877 2158 1196 2228 praecognita
1224 2168 1326 2225 est,
1362 2159 1628 2229 quomodo
1658 2160 1703 2214 si
1736 2160 1905 2230 pictor
1932 2161 2059 2217 velit

475 2250 696 2321 pingere
723 2257 889 2305 totam
918 2249 1164 2317 domum,
1201 2258 1256 2306 et
1293 2240 1490 2322 cogitet
1518 2251 1606 2307 vel
1636 2253 1846 2307 noverit
1882 2253 2055 2308 locum

472 2341 564 2398 ubi
593 2342 751 2397 etiam
778 2357 837 2397 se
866 2342 1084 2414 pingere
1110 2342 1339 2398 debeat:
1369 2351 1540 2398 totum
1570 2343 1625 2397 in
1653 2352 1767 2399 arte
1796 2342 1974 2409 habet,
2005 2354 2059 2399 et

470 2432 526 2489 in
553 2433 958 2503 praeparatione,
991 2439 1047 2487 et
1084 2433 1136 2487 in
1176 2432 1479 2501 voluntate,
1524 2434 1765 2504 quamvis
1804 2434 1967 2490 certis
2006 2443 2060 2492 et

473 2524 584 2580 suis
611 2538 837 2595 quasque
867 2524 1192 2595 temporibus
1219 2524 1469 2594 explicet.
1494 2524 1584 2581 Sic
1607 2525 1781 2581 omnis
1810 2535 2058 2582 creatura

998 382 1370 442 ADMONITIO
1405 382 1493 441 DE
1528 375 2132 447 SUBSEQUENTIBUS
2167 376 2235 434 1N
2272 377 2586 438 JOANNEM
2622 380 3121 441 TRACTATIBUS.

1589 2744 2658 2973 ΑΒΜΟΝἷῆδ

3590 376 3758 438 1376

2160 503 2216 549 et
2241 495 2355 566 ipse
2383 497 2546 552 homo
2587 497 2677 569 qui
2723 498 2961 570 ejusdem
2991 498 3277 570 Sapientiae
3304 509 3586 569 personam
3619 512 3769 571 my-

2161 586 2295 642 stice
2332 595 2388 643 et
2428 589 2766 645 inenarrabili
2803 591 3139 662 susceptione
3165 597 3466 662 gestaturus
3505 597 3650 659 erat,
3692 590 3763 646 in

2162 678 2276 750 ipsa
2309 681 2567 752 sapientia
2598 691 2848 754 tanquam
2882 683 2979 739 Dei
3020 690 3136 739 arte
3178 682 3500 753 sempiterna
3531 697 3765 755 semper

2162 781 2308 839 erat,
2347 774 2587 844 quamvis
2624 773 2734 829 suis
2762 790 2987 846 quaeque
3026 773 3349 844 temporibus
3372 772 3592 837 efﬁciat,
3625 789 3764 847 qum

2163 864 2431 934 pertendit
2464 880 2493 919 a
2530 865 2636 921 ﬁne
2676 881 2844 937 usque
2871 866 2937 921 ad
2967 866 3127 921 ﬁnem
3159 863 3390 932 fortiter,
3426 874 3481 922 et
3512 864 3765 939 disponit

2163 958 2340 1012 omnia
2388 957 2619 1014 suaviter
2657 964 2816 1029 atque
2860 958 2915 1013 in
2953 972 3013 1014 se
3050 972 3273 1014 manens
3314 956 3532 1014 innovat
3566 959 3760 1015 omnia

2164 1050 2321 1123 (Sap.
2343 1068 2456 1119 vni,
2488 1052 2537 1117 i,
2566 1060 2612 1106 et
2636 1066 2728 1118 vn,
2749 1049 2863 1124 27).

2238 1144 2293 1198 5.
2335 1142 2466 1198 item
2485 1142 2753 1215 quomodo
2772 1143 2893 1214 quis
2912 1142 3039 1199 velit
3063 1142 3199 1199 velle
3223 1142 3392 1208 mori,
3422 1143 3466 1200 si
3494 1143 3572 1199 sic
3606 1142 3762 1201 velle

2164 1234 2299 1290 mori
2352 1243 2695 1305 pervenerat,
2726 1234 2818 1307 qui
2847 1235 2957 1306 jam
2985 1234 3148 1292 habet
3181 1249 3366 1291 sanam
3402 1233 3559 1291 ﬁdem
3588 1244 3643 1290 et
3666 1235 3761 1291 vi-

2162 1327 2254 1383 det
2288 1343 2394 1399 quo
2429 1328 2527 1383 sibi
2558 1327 2975 1399 perveniendum
3004 1327 3093 1394 sit,
3123 1326 3192 1382 ad
3221 1327 3325 1384 hoc
3360 1326 3471 1398 jam
3510 1325 3754 1398 proﬁcit,

2165 1430 2223 1476 ut
2246 1421 2475 1479 libenter
2494 1422 2560 1478 de
2587 1424 2686 1479 hac
2708 1423 2818 1477 vita
2845 1421 3100 1478 discedat.
3125 1420 3243 1477 Non
3272 1421 3414 1476 enim
3444 1420 3545 1476 hoc
3566 1421 3759 1477 estvi-

2162 1513 2292 1571 dere
2312 1530 2417 1586 quo
2442 1515 2543 1570 sibi
2568 1513 2983 1586 perveniendum
3007 1512 3096 1583 sit,
3119 1512 3261 1586 quod
3281 1522 3364 1570 est
3381 1516 3540 1569 etiam
3563 1528 3757 1571 amare

2163 1608 2312 1676 illud,
2339 1617 2393 1664 et
2413 1608 2484 1665 ibi
2511 1607 2621 1678 jam
2643 1623 2762 1664 esse
2782 1606 3087 1663 desiderare
3111 1624 3123 1661 :
3147 1605 3288 1678 quod
3314 1606 3366 1661 in
3390 1605 3542 1676 cujus
3563 1605 3757 1662 animo

2162 1699 2407 1755 effectum
2456 1699 2634 1766 fuerit,
2683 1713 2907 1755 necesse
2953 1706 3035 1755 est
3085 1705 3143 1752 ut
3190 1697 3416 1753 libenter
3467 1697 3751 1753 moriatur.

2162 1790 2382 1848 Frustra
2425 1792 2602 1861 itaque
2644 1789 2829 1846 dicunt
2859 1788 3095 1860 quidam,
3128 1787 3217 1859 qui
3236 1788 3348 1859 jam
3377 1802 3557 1843 sanam
3584 1788 3755 1844 ﬁdem

2165 1894 2369 1951 tenent,
2413 1883 2532 1939 ideo
2576 1898 2635 1938 se
2682 1882 2822 1938 nolle
2865 1882 2999 1937 mori
3046 1890 3103 1935 ut
3146 1880 3444 1952 proﬁciant,
3482 1896 3601 1936 cum
3630 1881 3757 1952 ipse

2160 1976 2431 2047 profectus
2472 1989 2657 2031 eorum
2698 1975 2750 2029 in
2796 1989 2862 2030 eo
2905 1971 3146 2045 profectu
3186 1974 3284 2040 sit,
3315 1980 3374 2028 ut
3399 1974 3533 2029 mori
3556 1974 3751 2029 velint.

2162 2066 2220 2123 Si
2251 2083 2379 2138 ergo
2412 2082 2595 2123 verum
2641 2066 2784 2137 loqui
2825 2065 3039 2133 volunt,
3070 2079 3175 2119 non
3202 2063 3411 2130 dicant,
3446 2063 3568 2120 Ideo
3607 2064 3755 2121 mori

2164 2159 2309 2224 nolo,
2343 2166 2403 2213 ut
2431 2156 2734 2227 proﬁciam;
2765 2155 2883 2224 scd,
2913 2155 3037 2211 Ideo
3063 2155 3202 2210 mori
3230 2154 3377 2223 nolo,
3407 2155 3527 2225 quia
3556 2170 3753 2227 parum

2162 2248 2382 2320 profeci.
2412 2249 2594 2319 Itaque
2620 2249 2755 2303 mori
2784 2247 2925 2303 nolle
2953 2245 3199 2301 ﬁdelibus
3226 2261 3332 2300 non
3357 2244 3634 2299 consilium
3661 2253 3758 2300 cst

2163 2349 2221 2395 ut
2261 2338 2575 2410 proﬁciant,
2603 2338 2697 2394 sed
2729 2336 2978 2393 indicium
3009 2336 3151 2407 quod
3182 2351 3368 2408 parum
3399 2333 3750 2406 profccerint.

2163 2430 2393 2485 Proinde
2422 2429 2561 2501 quod
2593 2429 2797 2492 nolunt,
2827 2436 2883 2482 ut
2914 2425 3131 2499 perfecti
3157 2426 3296 2493 sint;
3327 2424 3509 2493 velint,
3534 2434 3587 2482 et
3617 2440 3754 2497 pcr-

2163 2523 2285 2578 fecti
2313 2533 2454 2579 sunt.

1095 3049 1201 3111 DE
1245 3049 1926 3126 SUBSEQUENTIBUS
1968 3054 2052 3116 1N
2102 3053 2475 3116 JOANNEM
2519 3051 3092 3116 'l‘RACTATlBUS.

1907 3202 2278 3258 Μ

535 3294 686 3352 Haud
712 3304 911 3352 temere
935 3294 1122 3354 fecisse
1148 3297 1463 3366 videbimur,
1494 3298 1541 3369 si
1565 3300 1845 3371 Augustini
1875 3302 1926 3356 in
1952 3301 2210 3358 Joannem
2241 3303 2518 3359 Tractatus
2553 3304 2990 3375 adseripserimus
3021 3320 3162 3364 anno
3190 3307 3380 3365 Christi
3429 3324 3586 3381 supra
3611 3326 3742 3382 qna-

465 3386 938 3462 dringentesimum
966 3401 1115 3446 sexto
1140 3390 1367 3459 decimo,
1396 3400 1488 3447 aut
1513 3393 1752 3462 proximo
1777 3405 1897 3465 post
1919 3395 2161 3464 tempori.
2189 3394 2347 3452 Certe
2387 3398 2599 3467 quidem
2622 3396 2763 3453 hunc
2787 3400 3163 3470 evangelistam
3180 3418 3298 3458 cum
3314 3415 3621 3475 exponeret,
3648 3405 3744 3462 ﬁa-

464 3480 649 3573 grabat
671 3482 972 3573 etiamtum
998 3482 1390 3573 catholicorum
1420 3500 1540 3540 cum
1565 3486 1856 3543 Donatistis
1884 3505 2083 3560 pugna;
2113 3492 2327 3562 quando
2356 3492 2407 3546 in
2437 3491 2674 3547 factiosis
2704 3493 2809 3548 illis
2835 3495 3167 3552 revincendis
3193 3508 3296 3554 tam
3316 3501 3513 3557 multus
3531 3510 3740 3573 tamque

462 3570 750 3627 vehemens
765 3571 903 3666 inibi
922 3571 1095 3666 cst,S.
1129 3573 1325 3629 Doctor
1354 3593 1367 3628 :
1396 3585 1747 3648 praeterquam
1772 3580 1914 3650 quod
1944 3581 2010 3635 ad
2038 3581 2089 3637 id
2123 3598 2291 3653 usque
2314 3584 2569 3654 temporis
2589 3584 2982 3642 schismaticum
3010 3603 3193 3644 eorum
3223 3592 3393 3648 altare
3422 3592 3591 3649 stabat
3614 3570 3741 3666 Hip-

463 3677 603 3734 pone
629 3681 643 3718 :
673 3663 825 3720 unde.
839 3663 891 3719 in
921 3663 1168 3720 Tractatu
1198 3680 1359 3736 super
1376 3667 1613 3737 ejusdem
1639 3670 1857 3728 Joannis
1882 3673 2176 3742 Epistolam
2206 3675 2309 3747 (cui
2339 3675 2588 3732 nimirum
2617 3680 2943 3747 exponendas
2980 3681 3247 3752 Epistolas,
3278 3684 3520 3741 inchoata
3541 3663 3737 3745 dudum

462 3771 526 3812 ac
550 3757 849 3813 intermissa
878 3759 1144 3828 paulisper
1172 3760 1444 3832 Evangelii
1475 3766 1804 3831 tractatione,
1828 3766 1975 3822 dedit
1997 3767 2258 3840 Operam),
2293 3770 2342 3824 in
2377 3768 2490 3826 haec
2518 3771 2681 3827 verba
2704 3776 3066 3845 conqueritur,
3096 3776 3232 3844 Quid
3250 3779 3441 3849 faciunt
3475 3782 3528 3836 in
3547 3783 3640 3837 hac
3661 3785 3738 3837 ci-

461 3850 613 3905 vitate
638 3852 738 3914 duo
758 3850 981 3904 altaria?
1004 3850 1156 3919 Quod
1180 3852 1304 3908 licet
1324 3854 1376 3907 in
1405 3864 1641 3925 tempora
1662 3858 1819 3921 etiam
1848 3860 2113 3913 anteriora
2139 3860 2541 3932 Carthaginensi
2582 3862 2893 3929 Collatione.
2934 3883 3053 3939 quin
3095 3884 3216 3925 cum
3268 3870 3555 3928 Donatistis
3595 3889 3735 3931 anno

459 3942 557 4031 Mil
597 3942 773 3999 habita
793 3942 907 4010 fuit,
938 3945 1127 4000 referri
1153 3956 1343 4016 queat;
1375 3956 1609 4005 attamen
1633 3951 1753 4020 quia
1785 3966 1880 4020 per
1918 3953 2015 4008 hos
2055 3951 2220 4024 ipsos,
2252 3954 2318 4009 de
2341 3954 2528 4025 quibus
2563 3956 2766 4027 agimus
2791 3965 2842 4013 in
2868 3959 3217 4031 Evangelinln
3244 3963 3592 4031 Tractatibus,
3633 3984 3737 4025 non

460 4030 631 4085 solum
660 4030 1139 4089 Prmdestinationis
1170 4034 1319 4103 ﬁdes,
1364 4038 1435 4091 uti
1463 4054 1549 4094 res
1579 4040 1806 4096 maxime
1835 4042 2130 4112 explorata,
2160 4046 2471 4115 proponitur
2497 4047 2549 4102 in
2580 4048 2781 4105 Traett.
2823 4066 2949 4120 xcv,
2977 4030 3157 4121 xnvm,
3187 4070 3367 4123 vatn,
3402 4073 3619 4128 Lxxxln,
3648 4077 3731 4130 ev,

458 4136 568 4223 ext,
599 4124 848 4223 e-tc.,-sed
876 4126 1036 4182 etiam
1069 4128 1490 4199 perstringuntur
1518 4131 1676 4185 tacito
1704 4133 1920 4189 nomine
1945 4134 2215 4206 Pelagiani
2241 4136 2294 4190 in
2323 4136 2525 4193 Tractt.
2554 4155 2661 4203 Llll,
2687 4156 2850 4207 van,
2877 4159 3054 4210 Lxxxr,
3078 4160 3290 4212 Lxxxn,
3320 4156 3445 4215 ete.,
3477 4124 3734 4223 hinc'pro;

460 4214 599 4271 fecto
625 4216 915 4315 intelligere
933 4219 1133 4315 licebat
1159 4220 1373 4277 eosdem
1400 4222 1676 4279 Tractatus
1704 4240 1809 4281 non
1834 4235 1959 4283 ante
1981 4228 2558 4299 quadringentesimum
2582 4240 2636 4287 et
2657 4233 2990 4289 undecimum
3014 4236 3207 4293 Christi
3236 4214 3454 4308 annum,
3487 4259 3593 4315 quo
3614 4214 3728 4315 pri-

464 4323 609 4409 mum
638 4309 905 4409 invehitur
929 4313 987 4409 in.
1009 4311 1241 4409 Africam
1286 4315 1566 4385 Pelagiana
1586 4317 1833 4409 haeresis,
1882 4319 2052 4376 editos
2081 4320 2262 4379 fuisse.
2307 4322 2412 4379 Sed
2439 4325 2579 4379 aliud
2600 4338 2984 4396 argumentum,
3017 4346 3122 4402 quo
3142 4332 3201 4388 ﬁt
3223 4343 3282 4389 ut
3305 4335 3360 4390 in
3386 4309 3579 4393 annum
3603 4309 3731 4409 qua—

458 4397 932 4468 dringentesimum
955 4402 1219 4457 decimum
1245 4414 1449 4459 sextum
1467 4422 1495 4457 a
1514 4406 1667 4462 nobis
1687 4409 2044 4478 remittantur,"
2057 4413 2288 4482 suppetit
2312 4414 2468 4484 longe
2487 4417 2791 4486 expressius
2826 4435 2889 4474 ex
2910 4397 3087 4476 Tract.
3115 4438 3235 4491 cxx,
3282 4425 3369 4481 ubi
3391 4397 3731 4487 Nicodenium

457 4491 653 4594 saepius
673 4492 879 4594 venisse
894 4492 969 4594 ad
994 4493 1290 4594 Christum,
1311 4505 1371 4549 ut
1391 4496 1512 4594 ejus
1530 4497 1822 4594 discipulus
1850 4501 2113 4594 audiendo
2142 4502 2309 4570 ﬁeret,
2341 4506 2530 4574 probat
2554 4508 2877 4579 Augustinus
2899 4514 2996 4569 hac
3010 4516 3251 4573 ratione:
3285 4520 3435 4586 Quod
3470 4531 3617 4590 certe,
3637 4525 3729 4594 ait,

458 4581 618 4688 modi:
628 4582 679 4636 in
698 4583 1000 4688 remotione
1023 4587 1249 4688 corporis
1271 4586 1547 4688 beatissimi
1571 4590 1820 4688 Stephani
1844 4593 1984 4665 (quae
2009 4594 2253 4651 videlicet
2276 4612 2419 4653 anno
2443 4599 2962 4673 quadringentesimo
3005 4606 3211 4667 decimo
3260 4581 3445 4684 quinto
3485 4581 3648 4688 prope
3673 4581 3731 4673 ﬁ:

458 4674 571 4730 nito
591 4674 725 4731 facta
755 4675 856 4748 est)
886 4682 990 4747 fere
1014 4678 1241 4733 omnibus
1261 4682 1491 4750 gentibus
1512 4682 1821 4739 declaratur.

540 4767 735 4869 Diebus
769 4782 928 4869 porro
970 4769 1293 4869 quibuslibet
1318 4771 1597 4828 Tractatus
1616 4790 1965 4869 sermonesvc
2004 4778 2140 4835 hanc
2161 4780 2211 4834 in
2239 4796 2352 4836 rem
2381 4796 2507 4838 suos
2535 4783 2776 4840 habebat.
2808 4765 3063 4858 Primum,
3091 4794 3316 4865 exempli
3336 4798 3525 4869 gratia,
3542 4800 3628 4859 die
3647 4802 3730 4858 do~

372 4862 379 4867 ’
456 4859 672 4926 minico,
699 4861 955 4931 postridie
980 4862 1270 4918 secundum
1296 4879 1354 4920 se
1381 4868 1748 4935 pronuntiasse
1779 4870 1828 4923 in
1859 4869 1961 4926 hoc
1984 4871 2099 4941 ipso
2126 4872 2302 4927 Traet.
2330 4889 2368 4928 ιι
2395 4873 2612 4930 indicat.
2651 4875 2871 4933 Habitus
2896 4879 3021 4936 item
3048 4880 3145 4938 fuit
3175 4859 3443 4943 dominico
3469 4859 3557 4947 die
3600 4907 3727 4963 qua-

461 4962 789 5035 dragesimus
823 4973 1021 5031 sextus,
1056 4980 1121 5021 ex
1151 4964 1326 5021 Tract.
1356 4983 1497 5021 xnvn
1526 4985 1540 5021 :
1571 4968 1738 5038 pridie
1781 4985 1907 5026 vero
1941 4971 2375 5041 quadragesimus
2405 4973 2618 5042 quintus
2644 5013 2658 5039 ,
2685 4990 2751 5029 ex
2790 4974 2964 5032 Tract.
2998 4993 3118 5033 va1
3143 5019 3156 5044 ,
3187 4979 3362 5039 dictus
3392 4982 3580 5042 fuerat.
3610 4962 3729 5042 Tri-

456 5055 691 5149 gcsimus
714 5064 931 5126 quartus
958 5066 1171 5149 tresque
1194 5066 1494 5127 sequentes,
1540 5067 1765 5128 quatuor
1802 5059 1988 5115 diebus
2035 5062 2322 5128 continuis,
2361 5071 2417 5116 ut
2445 5077 2510 5116 ex
2550 5062 2806 5134 cujusque
2850 5067 3071 5123 exordio
3098 5084 3160 5124 ac
3188 5075 3526 5141 peroratione
3567 5086 3726 5149 patet,

461 5146 628 5202 habiti
658 5156 802 5215 sunt,
832 5157 886 5201 et
909 5145 1123 5218 quidem
1175 5149 1473 5219 trigesimus
1518 5151 1775 5220 septimus
1798 5151 1884 5207 die
1913 5152 2201 5219 dominico,
2231 5169 2295 5208 ex
2322 5152 2497 5207 Tract.
2528 5169 2742 5209 xxxvm.
2770 5154 2857 5213 Sic
2875 5166 3113 5227 octavus,
3144 5176 3335 5232 nonus,
3367 5174 3422 5221 et
3449 5145 3684 5224 decituus

458 5242 537 5298 sic
568 5240 778 5295 tandem
823 5241 908 5295 isti
934 5240 1166 5312 quinque
1184 5258 1295 5307 xix,
1321 5259 1409 5310 xx,
1443 5259 1550 5310 xxi,
1578 5259 1686 5299 χιιι
1708 5255 1762 5300 et
1789 5260 1941 5311 xxm,
1969 5245 2160 5316 singuli
2181 5245 2399 5316 singulis
2426 5247 2760 5303 continenter
2788 5248 2974 5306 diebus
3000 5256 3324 5323 pronuntiati
3350 5258 3726 5329 signiﬁcantur.

457 5335 569 5394 Hoc
584 5336 757 5408 egisse
780 5336 1150 5407 Augustinum,
1185 5344 1289 5391 utc
1321 5337 1509 5392 diebus
1534 5338 1788 5393 habendm
1814 5340 2055 5395 concioni
2086 5340 2363 5395 destinatis
2391 5341 2588 5396 nnllnm
2615 5345 2932 5415 praeteriret,
2961 5349 3046 5404 vel
3067 5349 3190 5405 hinc
3222 5351 3551 5424 intelligitur,
3592 5356 3728 5427 quod

455 5447 619 5489 unum
649 5430 1011 5501 hujuscemodi
1041 5431 1269 5501 quadam
1290 5431 1567 5486 occasione
1588 5433 1843 5487 omissum
1876 5432 2015 5487 diem
2052 5433 2106 5487 in
2135 5432 2312 5488 Tract.
2342 5450 2454 5498 vnn,
2485 5448 2722 5504 excusat,
2745 5446 2800 5494 et
2827 5440 2879 5493 in
2905 5455 3047 5509 xnvr,
3079 5444 3314 5513 prmlecti
3346 5446 3415 5504 de
3448 5446 3730 5524 Evangelio

456 5525 558 5582 loci
577 5524 942 5580 tractationem
967 5524 1354 5596 diligentiorem
1377 5525 1429 5579 in
1445 5523 1702 5580 reddendi
1732 5528 1993 5581 sermonis
2009 5527 2122 5583 dies
2138 5528 2375 5583 remittit.
2397 5529 2455 5584 In
2482 5546 2817 5604 van,quem
2840 5533 3108 5609 dominico
3127 5539 3214 5597 die
3242 5541 3443 5613 habuit,
3474 5523 3728 5607 dicitsese

457 5633 554 5690 per
580 5619 853 5688 temporis,
883 5626 940 5673 ut
962 5618 1119 5684 solet,
1146 5617 1434 5688 angustias,
1462 5632 1567 5687 quo
1592 5617 1766 5674 minus
1792 5620 2085 5674 orationem
2110 5619 2276 5675 fusius
2303 5632 2672 5693 prosequatur,
2697 5626 2916 5684 minime
2950 5630 3241 5701 prohiberi.
3282 5635 3531 5693 Testatur
3549 5646 3727 5697 οοηιη

456 5724 862 5780 nonnunquam,
888 5723 954 5766 eo
974 5708 1114 5765 nolle
1147 5724 1205 5765 se
1233 5707 1421 5802 diebus
1445 5708 1853 5802 solemnioribus
1884 5724 2186 5768 sermonem
2227 5714 2541 5783 producere,
2569 5716 2712 5787 quod
2736 5716 2874 5774 forte
2897 5733 3077 5780 essent
3116 5726 3288 5797 multi,
3317 5729 3407 5802 qui
3424 5732 3599 5801 potius
3636 5744 3725 5787 so-

458 5802 748 5860 lemnitatis
766 5816 926 5860 causa
954 5818 1113 5874 quam
1138 5799 1401 5859 sermonis
1426 5800 1671 5858 audiendi
1712 5801 1975 5860 desiderio
2001 5804 2373 5862 convenissent
2403 5824 2414 5861 :
2449 5808 2525 5865 sic
2549 5809 2614 5864 ad
2640 5808 2915 5869 Tractatus
2952 5830 3042 5872 Vlll
3083 5817 3261 5876 ﬁnem.
3295 5799 3371 5877 Ex
3409 5799 3526 5880 xm
3554 5833 3724 5882 autem
