4036 6384
317 392 456 452 εὸτι
1451 407 1812 466 ΡΒᾹΞΡΑΤΙΟ
1851 409 1899 466 ll‘

2010 410 2124 466 R'fl
2163 409 2522 468 A‘JCTORIS.
3477 410 3618 470 i378

324 511 546 581 aliisque
569 527 697 569 eum
745 516 1119 592 intelligimus,
1153 534 1310 591 quam
1336 521 1604 592 Evangelii
1650 531 1853 592 partem
1884 523 2078 594 populo
2105 531 2219 578 erat
2248 524 2587 593 expositurus
2611 520 2800 592 jubere
2823 518 3040 577 solitum
3063 519 3202 576 inter
3235 518 3416 576 divina
3439 519 3618 578 ofﬁcia

326 604 584 660 recitari:
615 623 778 679 quam
811 613 1117 680 praelectam
1139 621 1319 683 postea
1340 613 1606 670 nitebatur
1631 615 1913 684 explicare.
1950 616 2140 670 Verum
2159 615 2202 668 si
2231 615 2444 685 quando
2468 615 2570 670 hoc
2591 613 2820 669 futurum
2845 613 3032 670 fuisset
3051 627 3205 684 aequo
3226 613 3456 686 longius,
3481 613 3620 670 resi-

327 697 501 754 duum
525 700 576 754 in
603 700 747 756 aliud
779 713 994 774 tempus
1017 705 1320 768 diil'erebat;
1348 721 1410 760 ac
1433 715 1542 760 tum
1566 722 1773 776 quoque
1800 707 1962 777 relegi
1985 707 2325 776 Evangelium
2344 705 2710 778 praecipiebat.

415 793 671 849 Ceterum
710 807 898 852 exacta
934 797 1166 854 nondum
1191 799 1366 854 hieme
1391 813 1539 854 suam
1569 801 1619 852 in
1650 799 1866 854 Joannis
1894 799 2236 869 Evangelium
2265 799 2691 868 explanationem
2720 811 2998 869 aggressus
3023 806 3107 854 est
3132 797 3480 869 Augustinus.
3506 795 3609 855 Te-

329 896 513 944 statur
536 889 729 961 quippe
763 890 818 945 in
843 890 1023 946 Tract.
1056 907 1128 957 γι,
1169 907 1289 947 sese
1327 892 1653 948 subveritum
1683 908 1749 947 ne
1776 893 1999 962 populus
2027 907 2056 944 a
2084 890 2466 961 frequentanda
2496 890 2717 947 ecclesia
2753 891 2964 962 frigoris
2990 895 3046 949 vi
3069 891 3447 948 deterreretur.
3478 889 3534 946 In
3559 907 3614 958 x,

329 980 640 1049 proximum
681 980 946 1053 signiﬁcat
971 990 1178 1054 tempus
1205 983 1483 1038 imminere
1503 1024 1516 1049 ,
1550 991 1606 1036 ut
1633 983 1893 1052 passionis
1923 996 1984 1037 ac
2011 982 2417 1037 resurrectionis
2456 982 2741 1037 Dominicae
2783 984 3092 1039 solemnitas
3118 983 3440 1040 celebretur.
3471 982 3530 1037 ln
3560 997 3615 1036 xi

330 1083 540 1141 autem,
562 1083 619 1129 ut
641 1074 954 1130 adhortetur
979 1075 1404 1142 catechumenos,
1432 1078 1540 1145 jam
1573 1086 1777 1145 tempus
1805 1077 2034 1146 exigere.
2067 1075 2243 1130 Pridie
2268 1077 2386 1144 ejus
2411 1076 2512 1131 diei
2539 1091 2644 1146 quo
2674 1075 2858 1131 habuit
2884 1093 2978 1145 xu,
3007 1077 3268 1132 dicturum
3298 1091 3356 1132 se
3393 1075 3462 1132 de
3487 1090 3616 1146 pace

330 1163 618 1232 Ecclesiae,
645 1167 731 1222 vel
777 1167 903 1238 quid
945 1168 1160 1239 egisset,
1190 1168 1273 1222 vel
1301 1167 1426 1238 quid
1453 1168 1626 1222 adhuc
1651 1168 1911 1238 agendum
1960 1177 2216 1238 speraret,
2243 1167 2437 1236 populo
2463 1168 2778 1237 promiserat
2805 1185 2818 1220 :
2849 1167 2945 1223 sed
2966 1168 3288 1238 praemittere
3317 1168 3527 1223 solitam
3547 1167 3615 1224 de

328 1259 565 1316 lectione
589 1262 890 1331 evangelica
919 1261 1280 1316 tractationem
1310 1260 1491 1325 voluit,
1523 1275 1584 1315 ac
1611 1269 1719 1314 tum
1750 1260 1906 1315 tidem
1929 1274 2080 1314 suam
2110 1259 2354 1316 liberare.
2382 1258 2518 1326 Quid
2549 1258 2676 1312 illud
2697 1259 3064 1330 porro'fuerit,
3092 1258 3232 1330 quod
3262 1259 3331 1314 de
3364 1258 3615 1315 Ecclesiae

327 1367 467 1423 pace
502 1353 784 1409 dicendum
811 1353 1055 1418 habebat,
1090 1354 1475 1422 incompertum
1521 1360 1631 1418 est;
1667 1369 1833 1423 neque
1862 1353 1914 1407 in
1949 1352 2186 1424 ejusdem
2216 1352 2543 1407 tractationis
2592 1351 2695 1406 ﬁne
2744 1352 3105 1422 conscriptum
3154 1351 3271 1407 fuit.
3301 1351 3522 1408 Videtur
3545 1366 3614 1407 ex

328 1462 430 1502 xm
459 1447 732 1504 Tractatus
756 1446 972 1502 exordio
999 1461 1156 1517 posse
1181 1447 1376 1516 colligi,
1408 1463 1438 1501 a
1465 1447 1652 1503 diebus
1679 1464 1782 1502 non
1812 1447 1883 1501 ita
1913 1446 2092 1518 paucis
2118 1447 2480 1503 intermissum
2509 1447 2577 1502 ab
2602 1461 2667 1503 eo
2692 1446 2856 1502 fuisse
2882 1446 3100 1502 Joannis
3142 1445 3484 1517 Evangelium
3517 1463 3530 1500 :
3560 1453 3616 1502 et

327 1540 509 1611 reipsa
537 1539 664 1595 illud
705 1555 800 1609 per
841 1538 1115 1596 Paschalia
1155 1539 1307 1603 festa,
1354 1555 1472 1609 qua:
1500 1539 1550 1592 in
1575 1539 1610 1592 2
1635 1539 1774 1594 diem
1806 1538 1986 1609 aprilis
2011 1554 2150 1593 anno
2177 1539 2282 1594 H6
2313 1537 2643 1605 incidebant,
2690 1538 2990 1608 interrupit,
3033 1553 3100 1594 eo
3144 1537 3287 1609 quod
3311 1537 3396 1592 his
3419 1536 3609 1594 diebus

326 1631 464 1687 lixas
493 1641 546 1688 et
570 1640 745 1688 certas
765 1647 829 1687 ex
854 1632 1144 1702 Evangelio
1166 1632 1422 1688 lectiones
1441 1640 1714 1701 oporteret
1738 1632 1789 1684 in
1822 1632 2060 1686 Ecclesia
2087 1631 2322 1698 recitari,
2343 1631 2536 1702 quibus
2555 1631 2874 1687 substituere
2895 1631 3024 1686 alias
3053 1645 3158 1687 non
3185 1630 3414 1686 licebat:
3451 1630 3606 1698 sicuti

322 1741 423 1782 sua
454 1726 507 1780 in
537 1725 930 1796 Expositionem
959 1725 1204 1796 Epistola:
1230 1724 1450 1779 Joannis
1487 1723 1793 1793 prml‘atione
1821 1723 1994 1780 docet.
2025 1723 2156 1778 Nam
2187 1724 2388 1780 interea
2421 1724 2674 1794 temporis
2699 1723 3050 1780 enarrandam
3095 1721 3233 1778 hanc
3273 1721 3442 1792 ipsam
3479 1721 3607 1792 Epio

321 1821 520 1876 stolam
557 1819 786 1890 suscepit
813 1838 826 1873 :
857 1833 1086 1889 moxque
1114 1833 1174 1873 ea
1213 1825 1531 1888 pertractata
1554 1815 1787 1871 rediitad
1816 1816 2180 1888 Evangelium.
2212 1815 2266 1870 ln
2295 1815 2444 1886 cujus
2465 1816 2816 1886 explicatione
2842 1815 3146 1871 Tractatum
3176 1830 3317 1870 xxvn
3335 1854 3352 1881 ,
3379 1815 3607 1870 necdum

325 1911 383 1966 in
410 1911 680 1967 Laurentii
719 1911 987 1982 martyris,
1019 1924 1178 1979 quem
1205 1907 1401 1962 ibidem
1433 1906 1628 1971 laudat,
1658 1907 1965 1963 celebritate
2010 1916 2346 1963 excesserat:
2374 1909 2585 1964 tametsi
2611 1909 2845 1979 quinque
2872 1908 3147 1964 Tractatus
3174 1923 3206 1962 a
3231 1923 3343 1974 xxx,
3393 1906 3469 1962 uti
3493 1905 3604 1978 jam

321 2003 665 2058 observatum
695 2009 793 2068 est,
825 2000 894 2056 ad
923 2016 1074 2066 xxut,
1103 1999 1290 2054 diebus
1315 1999 1550 2069 quinque
1574 1998 1838 2053 continuis
1868 1998 2195 2068 perfecisset.

402 2094 484 2148 Ex
504 2093 606 2147 hoc
629 2107 787 2164 opere
813 2091 1064 2163 decerpta
1095 2107 1252 2162 quam
1283 2091 1443 2144 multa
1473 2091 1708 2161 reperies
1731 2090 1871 2160 apud
1896 2091 2092 2148 Bedam
2109 2101 2164 2147 et
2189 2092 2468 2147 Alcuinum
2487 2107 2647 2163 super
2665 2092 2946 2162 Joannem,
2964 2093 3103 2164 apud
3126 2093 3341 2150 Florum
3369 2094 3422 2150 in
3447 2093 3601 2151 Com-

323 2185 602 2242 mentariis
629 2199 784 2254 super
810 2183 956 2238 Pauli
983 2182 1268 2253 Epistolas,
1295 2181 1452 2237 Beda:
1483 2182 1697 2236 nomine
1729 2182 1970 2251 vulgatis,
1995 2193 2121 2250 etc.,
2164 2199 2370 2240 necnon
2413 2185 2703 2240 sententias
2754 2184 3008 2256 quasdam
3031 2201 3062 2241 a
3086 2185 3356 2241 veteribus
3401 2188 3600 2243 conﬁr-

321 2279 534 2334 mand:c
562 2278 835 2334 catholica:
864 2276 986 2332 fidei
1019 2291 1176 2331 causa
1200 2275 1431 2344 prolatas
1470 2291 1537 2330 ex
1573 2276 1733 2330 variis
1762 2275 2096 2332 Tractatibus
2131 2296 2143 2332 :
2175 2279 2378 2333 scilicet
2403 2293 2466 2333 ex
2499 2295 2555 2345 ιι,
2589 2295 2618 2332 a
2646 2277 2917 2347 Cassiano,
2947 2279 3038 2335 lib.
3070 2281 3102 2333 7
3123 2279 3189 2336 de
3216 2279 3602 2350 lncarnatione,

321 2389 441 2444 cap.
462 2374 565 2438 27;
594 2389 661 2430 ex
682 2389 905 2437 Lxxvm,
935 2387 964 2426 a
992 2371 1170 2426 Leone
1199 2355 1338 2441 papa
1357 2371 1409 2424 in
1440 2370 1678 2440 Epistola
1703 2369 1767 2424 ad
1799 2369 2028 2426 Leonem
2051 2372 2345 2441 Augustum
2373 2372 2497 2426 olim
2526 2372 2614 2437 97,
2642 2388 2780 2428 nunc
2809 2373 2932 2438 154,
2960 2380 3061 2428 etc.
3091 2371 3421 2433 Recordatur
3464 2375 3606 2446 ejus-

318 2468 444 2524 dem
469 2469 646 2537 operis
665 2465 1013 2522 Cassiodorus
1034 2465 1258 2521 Senator
1277 2464 1332 2518 in
1359 2463 1452 2518 lib.
1481 2463 1678 2527 lnstit.,
1711 2479 1826 2533 cap.
1860 2464 1914 2527 7,
1941 2463 2200 2519 Joannem
2232 2465 2443 2534 copiosa
2475 2471 2528 2518 et
2549 2465 2738 2535 insigni
2768 2467 3098 2536 expositione
3125 2467 3192 2524 ab
3222 2470 3516 2542 Augustino
3537 2471 3601 2526 il-

319 2559 600 2616 lustratum
629 2559 1028 2616 commendans.
1059 2557 1332 2612 Possidius
1352 2556 1405 2610 in
1432 2555 1690 2619 lndicnlo,
1722 2571 1840 2626 cap.
1873 2555 1926 2622 6,
1960 2556 2058 2612 sub
2082 2555 2164 2609 his
2193 2555 2370 2610 verbis
2400 2575 2411 2609 :
2441 2554 2708 2610 Tractatus
2736 2559 2798 2612 de
2827 2557 3102 2630 Evangelia
3131 2559 3350 2618 Joannis
3381 2581 3413 2616 a
3438 2565 3605 2634 capite

319 2671 474 2726 usque
499 2655 567 2707 ad
600 2655 774 2723 finem,
805 2655 860 2708 in
887 2653 1137 2707 codicibus
1163 2669 1271 2707 sesc.
1302 2652 1626 2723 Augustinus
1657 2651 1768 2720 ipse
1796 2652 1847 2704 in
1880 2651 2189 2721 prrefatione
2218 2651 2282 2705 ad
2311 2651 2588 2706 Tractatus
2615 2665 2776 2722 super
2805 2651 3100 2722 Epistolam
3116 2653 3336 2713 Joannis
3367 2675 3381 2712 :
3412 2656 3600 2712 Memi-

318 2747 410 2814 nit,
439 2749 624 2818 inquit,
658 2748 913 2803 Sanctitas
939 2757 1102 2802 vestra
1125 2746 1454 2816 Evangelium
1496 2743 1769 2799 secundum
1797 2743 2050 2800 Joannem
2085 2761 2148 2798 ea;
2172 2744 2345 2798 ordine
2371 2744 2639 2798 lectionum
2671 2761 2764 2798 nos
2805 2745 2965 2800 solere
2989 2755 3223 2802 tractare.
3258 2748 3598 2820 Rursumque

317 2840 372 2894 in
403 2840 492 2895 lib.
517 2841 583 2896 15
603 2840 670 2896 de
695 2841 971 2908 Trinitate,
994 2855 1111 2910 cap.
1139 2839 1230 2906 27,
1258 2839 1431 2910 signat
1462 2837 1767 2892 Tractatum
1798 2837 1847 2891 in
1878 2837 2031 2894 Joan.
2062 2853 2202 2904 xCIx,
2233 2853 2351 2891 cum
2383 2837 2455 2890 ait
2485 2855 2498 2889 :
2531 2835 2609 2890 De
2633 2836 2728 2890 hac
2749 2853 2801 2890 re
2827 2837 2880 2891 in
2923 2853 3149 2892 sermone
3175 2838 3396 2908 quodam
3427 2848 3601 2910 prole-

317 2933 472 2986 rcndo
496 2933 564 2987 ad
591 2950 740 2987 aures
767 2932 943 3004 populi
970 2931 1232 2987 christiani
1261 2931 1500 2997 diximus,
1526 2929 1811 3000 dictumque
1831 2931 2236 3000 conscripsimus.
2259 2929 2418 2983 Plura
2449 2943 2595 2992 sane,
2619 2929 2663 2984 si
2693 2939 2775 2984 sat
2801 2929 3037 2998 vixisset,
3063 2929 3298 2987 dicturus
3324 2931 3377 2986 in
3404 2931 3600 2988 Retra-

322 3027 615 3082 ctationum
643 3025 794 3080 libris
822 3023 1196 3096 peculiaribus,
1223 3039 1378 3094 quos,
1407 3023 1483 3077 uti
1524 3023 1590 3077 ad
1615 3021 2062 3090 Quodvultdeum,
2091 3021 2244 3090 epist.
2268 3021 2390 3087 2:24,
2425 3021 2628 3087 scribit,
2649 3023 2701 3076 in
2728 3022 3003 3078 Tractatus
3029 3023 3310 3093 populares
3325 3023 3600 3081 bomilias-

316 3133 420 3191 que
443 3133 474 3172 a
497 3133 558 3174 se
585 3117 792 3172 habitas
809 3116 1182 3172 meditabatur.

384 3212 533 3282 Opus
560 3209 614 3264 in
633 3208 854 3265 vetustis
883 3209 1154 3265 codicibus
1180 3208 1512 3274 inscribitur,
1531 3206 1846 3278 quibusdam
1869 3205 2170 3271 Tractatus,
2195 3205 2311 3260 aliis
2332 3204 2638 3270 Sermones,
2663 3205 2932 3260 nonnullis
2959 3205 3202 3263 Homilite
3231 3208 3284 3263 in
3313 3208 3597 3268 Joannem.

311 3303 420 3361 Sed
437 3304 598 3375 paulo
617 3304 844 3373 amplior
869 3303 1050 3358 titulus
1075 3311 1156 3359 est
1183 3302 1235 3357 in
1262 3303 1388 3357 Mss.
1416 3301 1776 3368 Audoenensi,
1806 3299 2238 3363 Gemmeticensi,
2267 3308 2320 3354 et
2357 3299 2692 3365 Pratellensi,
2723 3298 2864 3354 hunc
2892 3299 2944 3353 in
2975 3300 3190 3356 modum
3223 3317 3236 3355 :
3269 3302 3462 3358 Aurelii
3486 3303 3600 3358 Au-

312 3400 504 3471 gustini
533 3397 767 3452 Doctoris
797 3396 1025 3468 Hippon.
1055 3397 1206 3467 episc.
1248 3393 1487 3448 Homilia:
1513 3394 1566 3448 in
1596 3393 1927 3465 Evangelium
1957 3393 2108 3448 Dom.
2137 3391 2263 3447 Iesu
2291 3391 2563 3446 secundum
2589 3391 2841 3447 Joannem
2863 3393 3130 3465 incipiunt,
3159 3411 3283 3464 quas
3302 3395 3409 3467 ipse
3435 3396 3598 3452 collo-

309 3489 512 3559 quendo
553 3489 692 3558 prius
737 3488 803 3540 ad
848 3488 1089 3558 populum
1132 3485 1324 3553 habuit,
1366 3493 1413 3540 et
1441 3485 1572 3557 inter
1602 3484 1902 3554 loquendum
1931 3503 1964 3540 a
1990 3486 2200 3540 notariis
2229 3493 2479 3554 exceptas,
2511 3503 2568 3540 eo
2595 3503 2692 3553 quo
2716 3486 2900 3541 habita:
2926 3495 3042 3540 sunt
3083 3487 3276 3553 ordine,
3311 3489 3511 3543 verbum
3536 3506 3599 3546 ex

310 3585 462 3639 uerbo
489 3591 661 3654 postea
679 3581 902 3636 dictavit.
945 3580 1182 3650 Denique
1213 3579 1356 3650 quod
1388 3579 1455 3633 ad
1485 3578 1847 3648 praefationem
1883 3578 1969 3634 hic
1994 3579 2286 3648 subjectam
2309 3579 2520 3645 attinet,
2571 3578 2764 3635 frustra
2786 3595 2902 3635 eam
2930 3593 3136 3650 qumras
3167 3581 3247 3636 vel
3278 3582 3330 3636 in
3350 3582 3474 3638 Mss.
3503 3581 3592 3637 vel

309 3678 364 3733 in
386 3675 549 3732 editis
573 3677 695 3731 Am.
722 3683 777 3730 et
806 3673 933 3729 Bad.
973 3673 1120 3728 Hanc
1146 3682 1266 3742 post
1287 3673 1566 3728 Erasmum
1591 3671 1854 3727 dederunt
1878 3670 2258 3739 Lovanienses,
2292 3673 2380 3742 qui
2401 3680 2574 3728 tamen
2597 3673 2882 3730 observant
2903 3689 3002 3731 nec
3029 3675 3310 3746 Augustini
3337 3691 3476 3744 esse,
3497 3689 3592 3734 nec

310 3768 368 3825 in
395 3768 507 3823 ullo
534 3767 629 3822 Ms.
659 3775 891 3823 exstare.
916 3765 1148 3821 Habetur
1167 3765 1349 3836 paucis
1381 3765 1596 3820 mutatis
1617 3765 1795 3820 verbis
1822 3764 1963 3835 apud
1988 3765 2184 3822 Bedam
2213 3775 2267 3820 et
2287 3765 2566 3821 Alcuinum
2593 3767 2645 3821 in
2665 3768 2943 3824 Joannem.

536 4065 1509 4186 PBEPATIO
1584 4065 2332 4179 INGERTI
2421 4065 3375 4184 AUGTORIS.

385 4268 646 4343 omnibus
670 4283 862 4339 divina:
887 4280 1171 4352 Scriptura:
1202 4278 1406 4350 paginis
1443 4277 1785 4350 Evangelium
1809 4294 1902 4334 ex-

309 4378 493 4443 cellit;
517 4377 637 4449 quia
667 4376 807 4448 quod
837 4376 946 4431 Lex
977 4384 1030 4429 ct
1058 4373 1336 4444 Prophetas
1367 4371 1598 4428 futurum
1642 4372 1901 4442 praedixe-

309 4478 463 4535 runt,
495 4468 597 4524 hoc
632 4468 947 4537 completum
987 4465 1114 4520 dicit
1165 4465 1525 4534 Evangelium.
1582 4464 1722 4519 lnter
1756 4465 1900 4533 ipsos

310 4570 493 4616 autem
522 4559 922 4630 Evangeliorum
949 4559 1232 4626 scriptores
1260 4557 1493 4611 Joannes
1523 4557 1720 4611 eminet
1749 4556 1800 4610 in
1823 4556 1901 4609 tli-

310 4655 560 4708 vinorum
609 4651 980 4722 mysteriorum
1026 4649 1415 4720 prolunditate,
1467 4650 1554 4719 qui
1593 4665 1622 4702 a
1661 4658 1898 4717 tempore

313 4745 604 4801 Dominicze
655 4743 978 4800 ascensionis
1023 4757 1117 4812 per
1159 4756 1326 4796 annos
1364 4741 1633 4812 sexaginta
1667 4741 1898 4812 quinque

312 4836 535 4893 verbum
567 4835 659 4892 Dei
676 4835 872 4904 absque
897 4833 1218 4889 adminiculo
1232 4832 1516 4897 scribendi,
1537 4848 1703 4902 usque
1727 4831 1794 4886 ad
1816 4832 1899 4886 ul-

314 4929 446 4983 tima
476 4926 754 4983 Domitiani
774 4925 1078 4995 przedicavit
1109 4933 1366 4994 tempora.
1391 4923 1494 4979 Sed
1515 4924 1692 4979 occiso
1722 4924 1898 4978 Domi-

316 5021 482 5084 tiano,
535 5033 654 5074 cum
707 5017 1045 5088 permittente
1095 5015 1265 5071 Nerva
1309 5015 1376 5070 de
1415 5015 1602 5070 exsilio
1653 5015 1899 5071 rediisset

317 5114 622 5184 Ephesum;
649 5112 953 5182 compulsus
978 5111 1045 5165 ab
1065 5109 1328 5180 episcopis
1347 5109 1507 5172 Asiae,
1541 5109 1606 5164 de
1633 5119 1896 5164 coaeterna

320 5209 463 5264 Patri
487 5208 759 5264 divinitate
781 5206 975 5262 Christi
999 5206 1209 5276 scripsit
1223 5203 1476 5259 adversus
1491 5202 1789 5268 hmreticos,
1809 5202 1898 5272 qui

317 5317 384 5357 eo
407 5300 629 5356 absente
675 5300 975 5370 irruperant
1007 5299 1061 5353 in
1103 5297 1218 5368 ejus
1259 5295 1564 5360 Ecclesias,
1608 5294 1696 5364 qui
1747 5293 1901 5348 Chri-

319 5405 461 5451 stum
487 5403 611 5450 ante
639 5394 854 5450 Mariam
883 5392 1051 5448 fuisse
1086 5389 1369 5463 negabant.
1426 5387 1578 5444 Unde
1619 5387 1808 5443 merito
1843 5385 1896 5441 in

317 5487 481 5559 ﬁgura
515 5496 736 5560 quatuor
772 5485 1076 5542 animalium
1097 5525 1113 5552 ,
1146 5483 1336 5555 aquila:
1386 5482 1583 5538 volanti
1621 5495 1898 5551 compara-

315 5591 404 5637 tur
433 5598 445 5635 :
474 5596 593 5652 qua:
628 5579 771 5636 volat
812 5580 968 5634 altius
995 5575 1203 5634 caeteris
1243 5575 1427 5630 avibus
1447 5616 1460 5639 ,
1491 5583 1544 5630 et
1568 5573 1695 5629 solis
1724 5571 1900 5628 radios

314 5673 721 5730 irreverberatis
745 5670 933 5742 aspicit
949 5669 1256 5726 luminibus.
1301 5667 1491 5724 Caeteri
1517 5666 1710 5738 quippe
1734 5680 1898 5721 evan-

311 5769 541 5840 gelistae,
585 5767 675 5840 qui
722 5765 1065 5838 temporalem
1090 5763 1286 5820 Christi
1316 5761 1661 5826 nativitatem,
1690 5768 1744 5816 et
1768 5769 1901 5815 tem-

310 5863 510 5938 poralia
546 5862 666 5936 ejus
707 5859 848 5916 facta
887 5875 1004 5931 qua:
1042 5857 1207 5933 gessit
1233 5857 1288 5914 in
1313 5857 1545 5924 homine,
1579 5854 1901 5912 sufﬁcienter

2010 4288 2300 4350 exponunt,
2344 4290 2398 4335 et
2434 4279 2501 4336 de
2523 4280 2796 4338 divinitate
2812 4297 2974 4354 pauca
3001 4285 3267 4353 dixerunt,
3293 4287 3441 4360 quasi
3471 4289 3589 4346 ani-

2009 4374 2165 4427 malia
2199 4372 2492 4444 grcssibilia
2518 4391 2637 4431 cum
2670 4375 2894 4432 Domino
2917 4377 3191 4434 ambulant
3218 4380 3270 4434 in
3290 4389 3426 4436 terra
3457 4399 3470 4435 :
3503 4380 3591 4438 hic

2007 4476 2186 4522 autem
2216 4482 2379 4538 pauca
2421 4467 2488 4523 de
2520 4469 2897 4540 temporalibus
2925 4470 3039 4540 ejus
3069 4471 3234 4542 gestis
3261 4472 3586 4541 edisserens,

2007 4558 2100 4613 sed
2127 4558 2416 4614 divinitatis
2442 4560 3028 4628 potentiamisublimius
3046 4563 3433 4634 contemplans,
3465 4579 3588 4621 cum

2007 4651 2233 4707 Domino
2262 4652 2326 4706 ad
2350 4652 2543 4707 cmlum
2591 4654 2750 4708 volat.
2774 4654 2871 4720 Qui
2898 4654 3039 4709 enim
3076 4669 3231 4725 supra
3264 4664 3448 4725 pectus
3480 4655 3590 4714 Do-

2005 4743 2134 4797 mini
2173 4742 2225 4796 in
2261 4759 2411 4800 caena
2443 4745 2717 4813 recubuit,
2761 4745 2992 4802 caelestis
3039 4745 3283 4802 haustum
3317 4748 3591 4818 sapientia:

2005 4837 2213 4892 caeteris
2249 4837 2594 4893 excellentius
2630 4836 2698 4893 de
2734 4837 2852 4909 ipso
2891 4838 3146 4894 Dominici
3176 4839 3404 4909 pectoris
3442 4839 3590 4898 fonte

2004 4929 2224 5001 potavit.
2252 4929 2476 5001 Legerat
2499 4929 2757 5000 siquidem
2803 4929 3086 5000 Evangelia
3122 4929 3281 4985 trium
3324 4932 3590 5002 evangeli-

2004 5032 2226 5089 starum,
2251 5031 2308 5079 et
2333 5023 2717 5093 approbaverat
2737 5021 2893 5077 ﬁdem
2920 5037 3103 5078 eorum
3125 5033 3179 5079 et
3193 5023 3470 5081 veritatem
3498 5043 3510 5080 :
3534 5025 3588 5082 in

2004 5114 2193 5184 quibus
2207 5113 2396 5169 deesse
2420 5113 2547 5168 vidit
2574 5112 2746 5184 aliqua
2773 5121 3040 5183 gestarum
3064 5129 3241 5169 rerum
3262 5113 3514 5181 historiae,
3535 5127 3590 5173 et

2004 5222 2065 5263 ea
2093 5207 2324 5262 maxime
2350 5223 2466 5278 qum
2509 5206 2766 5262 Dominus
2797 5205 2962 5278 gessit
2991 5206 3161 5277 primo
3200 5207 3588 5278 prredicationis

2005 5314 2115 5355 suae
2141 5307 2244 5354 tem
2252 5313 2398 5369 pore,
2429 5298 2632 5354 scilicet
2646 5306 2925 5370 antequam
2942 5297 3177 5354 Joannes
3193 5298 3428 5370 Baptista
3444 5299 3590 5354 clau-

2003 5390 2218 5446 deretur
2246 5391 2299 5446 in
2325 5405 2557 5447 carcere.
2605 5391 2729 5446 Haec
2769 5405 2898 5462 ergo
2935 5391 3084 5463 quasi
3133 5391 3349 5446 dimissa
3390 5390 3458 5444 ab
3482 5388 3588 5445 illis

2004 5485 2188 5541 scribit
2222 5484 2476 5551 Joannes,
2503 5501 2620 5555 qua:
2662 5484 2784 5539 fecit
2831 5483 2988 5539 Jesus
3032 5492 3314 5554 antequam
3355 5479 3587 5537 Joannes

2004 5577 2339 5633 clauderetur
2366 5597 2378 5632 :
2403 5577 2497 5632 sed
2527 5577 2756 5632 maxime
2772 5576 3101 5631 divinitatem
3122 5574 3318 5630 Christi
3338 5573 3588 5630 etTrini-

2006 5671 2128 5727 tatis
2153 5672 2462 5744 mysterium
2487 5669 2862 5726 commendare
2888 5667 3114 5724 curavit.
3155 5667 3287 5722 Tres
3324 5668 3587 5740 siquidem

2005 5762 2093 5818 alii
2123 5763 2460 5834 evangelista:
2488 5762 2627 5817 dicta
2658 5771 2712 5817 et
2731 5761 2865 5817 facta
2881 5758 3090 5814 Domini
3117 5761 3446 5832 temporalia,
3469 5777 3590 5834 quae

2005 5853 2070 5909 ad
2100 5853 2464 5910 informandos
2488 5867 2667 5910 mores
2694 5859 2814 5908 vitae
2834 5852 3112 5924 praesentis
3132 5854 3362 5912 maxime
3391 5854 3589 5927 valent,
