4036 6382
469 384 611 451 im

471 507 740 579 copiosius
765 506 1055 579 prosecuti,
1077 506 1222 563 circa
1249 507 1473 564 activam
1498 509 1659 563 vitam
1686 518 1810 564 sunt
1830 510 2055 566 versati:

474 598 529 653 in
558 614 662 671 qua
675 600 965 667 laboratur,
986 605 1154 655 uteor
1175 598 1459 655 mundetur
1472 600 1539 655 ad
1557 599 1839 656 videndum
1856 601 2021 657 Deum
2039 618 2054 656 :

470 689 705 746 Joannes
741 707 867 747 vero
907 707 1075 762 pauca
1118 691 1329 747 Domini
1373 692 1507 748 facta
1544 692 1710 748 dicit:
1741 693 1904 749 verba
1928 708 2057 750 vero

474 781 682 837 Domini
709 796 826 852 qua:
848 781 1123 839 Trinitatis
1147 784 1423 849 unitatem,
1452 793 1506 839 et
1543 784 1664 838 vita:
1692 794 1907 840 aeterna:
1936 783 2053 840 t‘eli-

468 877 981 944 citatemlnsiuuant,
1000 876 1305 949 diligentius
1323 876 1648 946 conscribit;
1677 884 1732 933 et
1756 877 1833 933 sic
1851 878 1906 932 in
1929 891 2056 933 con-

733 1017 975 1026 ——_._

477 1051 558 1058 κκή
571 1051 584 1054 ἦ

691 1051 921 1063 ΖΞ

1451 392 1521 451 ΙΝ
1556 392 1830 453 JOANNIS
1866 392 2331 466 EVANGELIUM,
2370 397 2428 455 S.
2466 398 2836 458 AUGUSTlNI

1001 1052 3254 1312 {Em

3616 398 3774 466 {380

2168 512 2470 582 templativa
2497 512 2694 571 virtute
2717 516 3173 585 commendanda,
3217 517 3565 575 intentionem
3603 533 3779 575 suam

2166 612 2221 658 et
2238 603 2667 675 praedicationem
2710 608 2882 663 tenuit
2909 625 2923 662 :
2951 608 3005 664 in
3025 624 3129 681 qua
3156 612 3568 681 contemplativa
3599 626 3779 668 vaca-

2168 704 2253 751 tur
2281 704 2340 751 ut
2366 697 2505 753 Deus
2519 698 2779 755 videatur.
2809 700 2913 757 Iste
2934 702 3197 773 siquidem
3223 714 3307 760 est
3318 704 3575 773 Joannes,
3595 720 3775 778 quem

2168 786 2423 843 Dominus
2452 788 2518 844 de
2536 788 2815 862 ﬂuctivaga
2843 794 3143 863 nuptiarum
3169 803 3480 866 tempestate
3524 798 3764 863 vocavit,

2165 886 2222 934 et
2247 879 2332 934 cui
2359 879 2579 936 Matrem
2604 882 2862 953 virginem
2877 884 3068 956 virgini
3090 885 3496 944 comraendavit.

2285 1027 3016 1040 Μ

3653 1071 3771 1083 —

1441 1392 2202 1483 HIPPONENSIS
2249 1399 2778 1493 EPISCOPI

605 1586 837 1744 IN
966 1576 1941 1794 JOANNIS
2054 1579 3617 1759 EVANGELIUM

1231 1876 2178 1985 TRACTATUS
2275 1883 2783 1992 CXXIV
2844 1896 2988 1998 (α).

1903 2138 2303 2178 W-

1013 2262 1423 2323 TRACTATUS
1462 2263 1505 2320 Ι.

468 2364 536 2421 1η
556 2364 685 2419 illud
704 2359 940 2427 Joannis,
966 2356 1022 2413 in
1049 2356 1305 2429 principio
1327 2364 1447 2411 erat
1472 2353 1727 2421 Verbum,
1756 2351 2056 2409 etVerbum

538 2465 651 2513 erat
679 2453 816 2524 apud
847 2453 1033 2518 Deum,
1062 2460 1118 2506 et
1154 2451 1292 2505 Deus
1320 2456 1436 2504 erat
1468 2448 1722 2515 Verbum,
1751 2458 1872 2514 etc.,
1901 2464 2061 2518 usque

539 2549 606 2602 ad
619 2547 692 2613 id,
711 2546 777 2601 Et
797 2544 1031 2601 tenebrae
1042 2557 1159 2599 eam
1180 2557 1284 2597 non
1297 2540 1836 2612 comprehenderunt.
1857 2538 1987 2610 Cap.
2007 2556 2055 2606 l,

614 2678 628 2692 .
656 2639 770 2694 1-5.

538 2640 628 2786 ἶ.
656 2640 876 2783 iniens
907 2727 924 2758 ¹
965 2724 1109 2794 quod
1163 2724 1325 2779 modo
1376 2724 1675 2779 audivimus
1721 2737 1787 2777 ex
1832 2722 2060 2778 lectione

467 2820 780 2894 apostolica,
812 2817 954 2888 quod
983 2816 1225 2870 animalis
1262 2815 1423 2870 homo
1452 2830 1558 2869 non
1599 2814 1825 2884 percipit
1850 2829 1912 2868 ea
1939 2828 2058 2883 quae

464 2921 589 2971 sunt
623 2909 853 2981 Spiritus
885 2908 978 2961 Dei
1009 2906 1051 2976 (l
1077 2903 1193 2960 Cor.
1225 2922 1279 2972 ιι,
1323 2904 1447 2977 id),
1489 2916 1544 2960 et
1570 2906 1833 2975 cogitans,
1863 2905 1915 2959 in
1959 2903 2061 2961 hac

465 3005 717 3078 praesenti
746 3002 898 3057 turba
924 2999 1212 3055 Charitatis
1240 3008 1430 3053 vestrae
1452 3013 1670 3053 necesse
1684 3011 1804 3053 esse
1826 3005 1881 3052 ut
1902 2996 2056 3052 multi

466 3099 573 3153 sint
598 3094 853 3150 animales
876 3132 890 3157 ,
920 3091 1009 3161 qui
1049 3088 1220 3144 adhuc
1246 3089 1538 3144 secundum
1569 3103 1781 3143 carnem
1811 3089 2051 3158 sapiant,

466 3189 807 3260 nondumque
830 3202 889 3243 se
917 3186 1123 3259 possint
1147 3186 1216 3241 ad
1240 3186 1569 3256 spiritualem
1601 3184 1926 3239 intellectum
1952 3184 2059 3239 eri-

464 3298 628 3357 gere,
678 3283 864 3338 luesito
906 3279 1282 3344 vehementer,
1337 3278 1638 3349 quomodo,
1699 3287 1756 3331 ut
1803 3276 2059 3331 Dominus

465 3377 691 3443 dederit,
723 3376 918 3448 possim
939 3374 1141 3440 dicere,
1166 3373 1250 3428 vel
1282 3387 1381 3443 pro
1408 3370 1623 3426 modulo
1653 3385 1774 3425 meo
1793 3369 2058 3438 explicare

465 3471 605 3543 quod
633 3471 826 3526 lectum
853 3476 936 3525 est
963 3482 1028 3523 ex
1061 3464 1347 3537 Evangelio
1366 3507 1380 3531 ,
1409 3462 1475 3519 In
1504 3464 1751 3535 principio
1784 3472 1890 3517 erat
1934 3460 2059 3516 Ver-

467 3563 603 3627 bum,
627 3571 672 3616 et
702 3560 919 3614 Verbum
941 3567 1045 3613 erat
1070 3556 1209 3628 apud
1233 3555 1413 3621 Deum,
1444 3564 1490 3609 et
1514 3553 1651 3608 Deus
1669 3563 1775 3608 erat
1805 3553 2020 3608 Verbum
2039 3569 2057 3606 :

466 3653 570 3710 hoc
594 3654 736 3710 enim
757 3651 1006 3706 animalis
1023 3649 1184 3704 homo
1210 3662 1316 3702 non
1346 3645 1590 3716 percipit.
1610 3644 1747 3712 Quid
1774 3659 1919 3714 ergo,
1944 3643 2055 3698 fra-

469 3746 616 3803 tres?
637 3744 910 3800 silebimus
938 3741 1096 3797 hinc?
1117 3742 1291 3809 Quare
1320 3754 1448 3810 ergo
1475 3739 1685 3809 legitur,
1711 3739 1755 3792 si
1780 3736 2057 3793 silebitur?

468 3846 560 3893 aut
601 3850 767 3907 quare
813 3833 1044 3901 auditur,
1093 3832 1139 3887 si
1190 3847 1295 3887 non
1337 3829 1653 3899 exponitur?
1697 3828 1887 3882 sedet
1930 3826 2056 3898 quid

468 3928 766 3999 exponitur,
794 3926 838 3980 si
859 3942 964 3982 non
987 3921 1332 3994 intelligitur?
1360 3922 1542 3991 itaque
1564 3919 1810 3990 quoniam
1841 3934 2054 3974 rursum

468 4036 588 4077 esse
617 4036 722 4076 non
748 4019 931 4076 dubito
960 4019 1014 4074 in
1040 4032 1264 4073 numero
1296 4026 1472 4070 vestro
1500 4012 1775 4083 quosdam,
1806 4029 1838 4068 a
1861 4012 2055 4084 quibus

470 4114 633 4184 possit
675 4126 780 4167 non
826 4109 997 4165 solum
1032 4110 1330 4179 expositum
1364 4106 1513 4177 capi,
1550 4106 1643 4161 sed
1680 4114 1735 4162 et
1769 4115 2054 4177 antequam

468 4213 781 4276 eXponatur,
813 4202 1068 4274 intelligi;
1114 4216 1219 4258 non
1270 4201 1526 4257 fraudabo
1564 4216 1658 4257 eos
1699 4202 1788 4273 qui
1832 4210 2054 4271 possunt

466 4310 673 4365 capere,
702 4294 827 4349 dum
849 4292 1012 4347 timeo
1036 4290 1337 4362 superﬂuus
1362 4306 1481 4346 esse
1508 4291 1722 4346 auribus
1750 4306 1932 4345 eorum
1961 4293 2052 4362 qui

467 4401 574 4440 non
596 4395 814 4455 possunt
833 4399 1042 4454 capere.
1068 4383 1343 4438 Postremo
1364 4383 1531 4438 aderit
1549 4383 1909 4439 misericordia
1934 4385 2048 4453 Dei,

467 4478 689 4533 fortasse
719 4486 775 4531 ut
803 4475 1048 4530 omnibus
1074 4476 1202 4531 satis
1235 4475 1353 4540 iiat,
1382 4484 1430 4530 et
1459 4474 1631 4544 capiat
1661 4474 1881 4544 quisque
1910 4475 2050 4543 quod

466 4575 642 4639 potest
669 4585 681 4621 :
711 4566 833 4638 quia
862 4575 916 4622 et
953 4566 1041 4635 qui
1073 4566 1335 4636 loquitur,
1365 4564 1492 4621 dicit
1523 4564 1663 4635 quod
1693 4572 1885 4635 potest.
1916 4564 2049 4621 Nam

465 4659 643 4715 dicere
664 4666 722 4713 ut
743 4664 844 4721 est,
876 4655 995 4728 quis
1024 4655 1236 4727 potest?
1264 4655 1446 4713 Audeo
1479 4655 1677 4724 dicere,
1706 4655 1895 4712 fratres
1920 4658 2045 4724 mei,

465 4752 686 4807 forsitan
713 4766 814 4807 nec
850 4750 965 4821 ipse
1003 4750 1235 4806 Joannes
1264 4749 1396 4805 dixit
1424 4758 1481 4804 ut
1505 4759 1585 4805 est
1604 4792 1617 4816 ,
1648 4750 1745 4807 sed
1772 4761 1826 4807 et
1854 4751 1967 4822 ipse
1992 4764 2048 4810 ut

464 4843 667 4914 potuit;
696 4843 817 4914 quia
848 4841 915 4898 de
943 4841 1054 4898 Deo
1078 4841 1238 4898 homo
1257 4841 1422 4898 dixit:
1444 4850 1498 4898 et
1523 4842 1735 4914 quidem
1761 4844 2046 4915 inspiratus

466 4950 495 4989 a
518 4935 648 5002 Deo,
671 4933 765 4989 sed
788 4941 963 4990 tamen
984 4931 1162 4989 homo.
1183 4933 1313 5000 Quia
1333 4932 1638 5005 inspiratus,
1661 4933 1796 4989 dixit
1813 4933 2043 5007 aliquid;

467 5026 512 5084 si
533 5042 642 5084 non
670 5026 954 5099 inspiratus
975 5034 1137 5096 esset,
1168 5026 1389 5083 dixisset
1409 5026 1540 5083 nihil
1562 5044 1575 5081 :
1598 5028 1718 5099 quia
1740 5044 1869 5085 vero
1884 5029 2047 5089 homo

2163 2259 2472 2355 inspiratus,
2503 2283 2610 2325 non
2639 2280 2804 2328 totum
2833 2276 2973 2345 quod
2999 2285 3082 2334 est
3105 2278 3267 2346 dixit;
3296 2280 3391 2337 sed
3413 2284 3555 2354 quod
3580 2288 3776 2355 potuit

2164 2352 2344 2423 homo,
2370 2358 2522 2416 dixit.

2233 2451 2289 2507 2.
2329 2453 2462 2510 Erat
2487 2458 2628 2514 enim
2660 2460 2762 2519 iste
2785 2461 3020 2523 Joannes
3042 2504 3058 2534 ,
3106 2468 3298 2526 fratres
3323 2470 3629 2529 charissimi
3655 2514 3672 2540 ,
3702 2475 3778 2533 de

2164 2543 2269 2600 illis
2296 2550 2565 2607 montibus
2589 2590 2602 2617 ,
2646 2553 2715 2610 de
2756 2557 2952 2628 quibus
2992 2562 3250 2633 scriptum
3284 2570 3371 2620 est
3410 2583 3424 2620 :
3456 2566 3775 2638 Suscipiunt

2162 2645 2353 2729 montes
2379 2656 2552 2709 pacem
2572 2647 2759 2718 populo
2775 2656 2879 2715 tuo,
2904 2659 2953 2705 et
2968 2652 3121 2707 colles
3132 2655 3381 2725 justitiam
3401 2655 3574 2729 (Paul.
3599 2674 3771 2729 an,

2163 2725 2242 2798 ὅ).
2292 2729 2529 2800 Montes,
2577 2738 2804 2795 excelsas
2844 2741 3039 2798 animm
3080 2754 3205 2800 sunt
3235 2763 3248 2800 :
3276 2725 3471 2814 colles,
3514 2725 3773 2818 parvula:

2162 2821 2354 2877 animae
2380 2833 2518 2880 sunt.
2567 2826 2673 2884 Sed
2718 2830 2840 2887 ideo
2883 2843 3090 2890 montes
3136 2836 3406 2907 excipiunt
3442 2853 3664 2909 pacem,
3711 2850 3773 2898 ut

2116 2943 2124 2959 ξ
2163 2912 2328 2969 colles
2372 2918 2577 2984 possint
2617 2922 2864 2993 excipere
2896 2925 3176 2995 justitiam.
3215 2929 3346 2997 Quae
3393 2940 3477 2986 est
3506 2931 3767 3002 iustitia,

2162 3018 2320 3071 quam
2365 3007 2529 3063 colles
2575 3012 2882 3082 excipiunt?
2922 3016 3114 3085 Fides,
3162 3020 3285 3090 quia
3321 3021 3496 3091 justus
3537 3038 3610 3078 ex
3655 3024 3775 3083 ﬁde

2162 3094 2292 3148 vivit
2324 3094 2556 3168 (Habac.
2584 3117 2655 3169 ll,
2688 3103 2754 3170 δίς
2799 3105 2949 3161 Rom.
2983 3124 3035 3173 ι,
3068 3110 3197 3180 i7).
3237 3110 3357 3168 Non
3383 3108 3561 3168 autem
3600 3117 3767 3176 exei-

2162 3194 2353 3252 perent
2396 3189 2633 3246 minores
2681 3194 2875 3252 anima:
2914 3196 3071 3254 ﬁdem
3093 3238 3111 3266 ,
3144 3200 3243 3254 nisi
3270 3200 3498 3271 majores
3526 3205 3761 3274 animas,

2161 3294 2279 3350 quae
2305 3294 2517 3341 montes
2542 3285 2699 3343 dicta:
2729 3297 2872 3358 sunt,
2898 3291 2967 3348 ab
2985 3292 3098 3362 ipsa
3121 3292 3388 3364 Sapientia
3418 3294 3770 3356 illustraret»

2162 3385 2269 3442 tur,
2291 3387 2348 3432 ut
2376 3379 2581 3447 possint
2610 3382 2842 3451 parvulis
2872 3383 3115 3454 trajicere
3140 3387 3281 3456 quod
3312 3387 3513 3456 possint
3541 3390 3765 3457 parvuli

2160 3481 2373 3539 capere,
2403 3478 2459 3527 et
2483 3471 2664 3529 vivere
2704 3490 2772 3529 ex
2803 3474 2907 3530 lide
2940 3477 3125 3544 colles,
3150 3479 3274 3550 quia
3313 3490 3522 3537 montes
3562 3497 3767 3552 pacem

2161 3562 2476 3632 suscipiunt.
2522 3565 2605 3622 Ab
2647 3566 2775 3637 ipsis
2811 3570 3081 3625 montibus
3107 3570 3305 3628 dictum
3345 3582 3425 3630 est
3453 3574 3760 3644 Eodem,

2162 3652 2271 3709 Pax
2299 3657 2569 3713 vobiscum
2603 3675 2617 3712 :
2652 3668 2707 3714 et
2747 3661 2849 3730 ipsi
2896 3672 3105 3720 montes
3150 3678 3335 3735 pacem
3383 3669 3764 3731 annuntiendo

2161 3744 2436 3816 Ecclesiae,
2454 3764 2563 3805 non
2590 3750 2886 3809 diviserunt
2911 3770 2971 3810 se
2997 3755 3254 3812 adversus
3281 3772 3403 3813 eum
3429 3773 3460 3813 a
3483 3774 3595 3829 quo
3623 3775 3759 3819 sus-

2160 3847 2416 3907 ceperunt.
2460 3856 2642 3911 pacem
2685 3840 2861 3916 (Joan.
2913 3862 3016 3913 xx,
3049 3847 3176 3919 19),
3216 3857 3276 3903 ut
3312 3849 3606 3918 veraciter,
3642 3868 3758 3909 non

2161 3927 2283 3984 ﬁcte
2311 3931 2614 3987 nuntiarent
2636 3948 2842 4004 pacem.

2229 4020 2283 4076 5.
2323 4020 2459 4077 Sunt
2481 4023 2623 4078 enim
2651 4025 2742 4080 alii
2781 4035 2991 4084 montes
3030 4020 3328 4101 naufragosi
3347 4072 3362 4098 ,
3389 4046 3494 4102 quo
3517 4032 3757 4107 quisque

2159 4113 2337 4167 navim
2373 4128 2495 4168 cum
2529 4115 2835 4186 impulerit,
2870 4117 3111 4175 solvitur.
3139 4117 3317 4179 Facile
3341 4131 3423 4179 est
3446 4121 3589 4179 enim
3621 4141 3756 4183 cum

2157 4203 2366 4260 videtur
2382 4214 2520 4260 terra
2541 4221 2571 4260 a
2591 4208 3029 4277 periclitantibus,
3052 4213 3199 4283 quasi
3220 4215 3401 4270 conari
3420 4215 3486 4271 ad
3509 4224 3753 4283 terram:

2158 4296 2250 4352 sed
2278 4297 2559 4367 aliquando
2587 4300 2793 4355 videtur
2820 4311 2961 4358 terra
2997 4303 3050 4359 in
3091 4313 3301 4375 monte,
3332 4312 3385 4363 et
3411 4322 3540 4364 saxa
3574 4308 3755 4370 latent

2155 4386 2256 4441 sub
2283 4396 2496 4455 monte;
2525 4398 2578 4445 et
2605 4406 2724 4446 cum
2752 4393 2975 4465 quisque
3011 4406 3234 4452 conatur
3258 4398 3324 4453 ad
3352 4407 3612 4469 montem,
3664 4403 3755 4460 iu-

2156 4479 2285 4535 cidit
2302 4481 2354 4536 in
2376 4497 2500 4538 saxa
2524 4500 2538 4551 ;
2560 4492 2613 4540 et
2633 4500 2738 4540 non
2765 4486 2837 4541 ibi
2857 4488 3059 4544 invenit
3078 4498 3307 4561 portum,
3331 4491 3423 4548 sed
3444 4492 3749 4564 planctum.

2156 4573 2245 4628 Sic
2273 4572 2485 4630 fuerunt
2528 4576 2745 4647 quidam
2785 4588 3013 4648 montes,
3057 4590 3111 4637 et
3159 4583 3334 4655 magni
3374 4595 3754 4655 apparuerunt

2154 4663 2295 4721 inter
2320 4665 2598 4734 homines;
2626 4679 2680 4724 et
2705 4667 2947 4727 fecerunt
2973 4673 3203 4729 haereses
3241 4682 3293 4730 et
3331 4675 3645 4744 schismata,
3694 4690 3755 4737 et

2152 4758 2448 4816 diviserunt
2491 4762 2782 4819 Ecclesiam
2824 4765 2918 4821 Dei
2964 4781 2978 4819 :
3026 4765 3121 4821 sed
3167 4766 3256 4823 isti
3304 4769 3393 4838 qui
3438 4769 3751 4829 diviserunt

2154 4851 2443 4909 Ecclesiam
2470 4854 2584 4922 Dei,
2608 4870 2714 4910 non
2732 4864 2883 4911 erant
2906 4856 2980 4913 illi
3004 4866 3212 4914 montes
3233 4857 3300 4914 de
3322 4859 3511 4931 quibus
3534 4860 3750 4919 dictum

2151 4953 2270 5013 est,
2315 4944 2609 5017 Suscipiunt
2641 4955 2831 5000 montes
2874 4963 3047 5016 pacem
3089 4949 3278 5020 populo
3322 4959 3427 5005 tuo.
3456 4950 3755 5019 Quomodo

2152 5038 2295 5094 enim
2324 5053 2507 5109 pacem
2535 5050 2902 5109 susceperunt,
2931 5040 3018 5110 qui
3047 5039 3304 5097 unitatem
3336 5040 3674 5100 diviserunt?

1664 5162 1922 5202 ΛῸΙΙΟΠΠἸΟ
1952 5166 2022 5203 PP:
2057 5169 2486 5207 ΒΠΕὩΙΟΤῘΝΟΒΠΙΙ.

526 5246 623 5316 H06.
641 5244 875 5316 sectae“
894 5236 1265 5316 eamme
1278 5234 2203 5316 %i_¥;ss;f2%see&§9}e£vtime.n9m
2227 5242 2522 5316 ἀθεοιξίριιιω
2539 5241 2687 5316 iussu
2723 5236 2971 5316 messui
2982 5238 3189 5316 iam
3216 5238 3411 5316 ςίτσὲιεξτ
3431 5252 3611 5316 mm
3628 5240 3746 5316 δέος

467 5304 529 5369 ad
543 5300 897 5369 vetustissimos
914 5297 1505 5369 Gergiianenses‘duosaad
1526 5297 1893 5369 Corbeiensem;
1921 5297 2306 5369 nemigiens'em,
2820 5300 3173 5369 Floriacensem
3187 5336 3204 5363 ,
3651 5297 3749 5355 ne;

465 5366 843 5423 cheronensem,
864 5359 1229 5426 Prateliensem,
1256 5359 1630 5426 Vindocinenses
1650 5360 1772 5411 duos
1787 5394 1804 5421 ,
1825 5359 2216 5426 Carmssoéensis
2237 5359 2461 5417 Ecclesia
2483 5378 2634 5426 unum
2651 5402 2664 5426 ,
2702 5359 2914 5417 Abbatiae
2937 5363 3004 5414 de
3023 5359 3216 5426 Cultura
3236 5377 3404 5414 unum.
3429 5359 3746 5416 adhibuimus

464 5435 708 5490 praeterea
746 5419 990 5476 variantes
1017 5419 1258 5472 lectiones
1278 5419 1574 5484 Belgicorum
1607 5419 1800 5486 septem
1821 5420 2039 5475 codicum
2070 5438 2161 5490 per
2200 5428 2522 5480 levanienses
2542 5419 2773 5479 collectas
2788 5439 2801 5477 :
2819 5436 3011 5477 necnon
3032 5425 3330 5491 antiquiores
3352 5426 3595 5478 editiones
3626 5428 3742 5480 βω.

464 5495 536 5539 Er.
558 5495 610 5539 et
626 5494 735 5539 [ιον.

544 5590 1061 5673 Comparaoimus
1080 5597 1379 5671 prwterea
1408 5607 1505 5649 eas
1525 5607 1727 5650 omnes
1754 5588 2055 5653 editiones
2078 5593 2275 5658 initio
2306 5599 2479 5662 Retr.
2502 5607 2563 5661 et
2578 5597 2862 5660 Confess.
2913 5604 2957 5658 t.
3006 5597 3064 5673 1,
3095 5607 3480 5662 Memoratas.
3565 5600 3652 5661 Μ.

501 5717 549 5787 .-ι
568 5721 676 5787 Mss.
702 5714 1050 5787 nostr-Lmagno
1070 5725 1341 5787 consensu,
1363 5710 1627 5787 intuentes;
1654 5713 1868 5787 ethlnfra,
1894 5721 1937 5765 et
1966 5730 2043 5766 co-

465 5778 684 5844 gitantes,
706 5772 879 5838 plurali
901 5772 1121 5833 numero,
1147 5788 1250 5846 pro,
1275 5772 1517 5823 intrans...
1543 5782 1587 5825 el
1609 5772 1834 5839 rogitans.

528 5837 603 5902 (α)
625 5836 779 5886 Habiti
804 5837 926 5886 forte
949 5838 1041 5885 sub
1062 5837 1230 5885 (ξιιτιεῑι
1253 5848 1427 5885 annum
1456 5836 1554 5886 illi.

1319 6078 1333 6106 ι
