4036 6418
219 563 269 620 J.
304 561 407 632 Qui
433 567 624 617 autem
657 566 1005 630 susceperunt
1028 572 1232 631 pacem
1254 559 1595 614 nuntiandum
1643 575 1740 630 po-

159 655 291 727 pulo,
324 652 689 723 contemplati
726 660 851 707 sunt
891 651 1058 722 ipsam
1103 650 1448 722 Sapientiam,
1487 660 1741 721 quantum

158 746 388 804 habenis
406 744 675 801 cordibus
702 743 868 815 potuit
891 742 1124 813 contingi
1152 742 1295 813 quod
1319 757 1418 798 nec
1442 743 1632 798 oculus
1657 742 1740 799 vi-

155 840 257 904 dit,
280 854 381 893 nee
415 836 569 892 auris
612 835 846 900 audivit,
881 850 981 890 nec
1014 835 1070 890 in
1112 850 1206 889 eor
1246 834 1475 891 hominis
1502 834 1744 891 ascendit

157 933 198 1007 (Ι
217 929 331 988 Cor.
353 946 412 997 ιι,
429 928 510 1001 9).
526 928 585 984 Si
608 929 669 983 in
687 943 779 984 cor
798 927 1027 985 hominis
1050 942 1155 983 non
1183 928 1444 997 ascendit,
1468 930 1741 1001 quomodo

154 1021 380 1081 ascendit
404 1021 461 1074 in
488 1033 591 1075 cor
618 1018 878 1074 Joannis?
902 1018 983 1074 An
1010 1034 1120 1075 non
1143 1027 1262 1075 erat
1286 1018 1447 1076 homo
1472 1020 1742 1077 Joannes?

156 1115 232 1173 Aa
258 1113 393 1169 torte
412 1128 519 1167 nee
550 1112 608 1167 in
634 1127 727 1168 cor
750 1111 971 1171 Joannis
991 1112 1249 1177 ascendit,
1282 1114 1374 1169 sed
1401 1128 1493 1170 cor
1523 1114 1741 1171 Joannis

156 1208 203 1262 in
224 1206 363 1262 illam
384 1204 639 1262 ascendit
654 1206 679 1260 τ
697 1204 849 1274 Quod
873 1206 1016 1261 enim
1042 1206 1281 1263 ascendit
1302 1208 1354 1262 in
1372 1223 1466 1263 cor
1487 1209 1738 1279 hominis,

155 1298 215 1354 de
243 1299 345 1352 imo
367 1307 453 1354 est
478 1298 549 1355 ad
579 1298 851 1357 hominem
880 1321 896 1360 :
924 1317 1029 1374 quo
1054 1313 1229 1359 autem
1255 1305 1494 1361 ascendit
1521 1321 1612 1361 cor
1640 1306 1740 1361 ho-

157 1390 317 1456 minis,
342 1405 562 1446 sursum
593 1401 679 1451 est
702 1394 770 1448 ab
796 1393 1028 1451 homine.
1062 1396 1232 1451 Etiam
1264 1397 1360 1465 sic,
1393 1398 1603 1465 fratres,
1635 1398 1741 1455 dici

158 1488 317 1551 potest
343 1483 465 1553 quia
487 1485 535 1539 si
565 1486 810 1542 ascendit
838 1487 890 1542 in
919 1504 1013 1543 cor
1040 1488 1280 1558 Joannis,
1304 1490 1347 1544 si
1377 1491 1553 1562 aliquo
1581 1491 1741 1547 modo

160 1582 317 1642 [istest
334 1574 461 1641 dici,
476 1576 532 1631 in
555 1584 763 1633 tantum
784 1579 1027 1635 ascendit
1043 1580 1102 1635 in
1121 1594 1214 1636 cor
1229 1581 1467 1650 Joannis,
1500 1583 1551 1637 in
1573 1598 1741 1654 quan—

161 1676 258 1721 tum
286 1668 396 1738 ipse
416 1668 662 1726 Joannes
690 1686 797 1727 non
825 1681 941 1726 erat
970 1672 1146 1727 homo.
1171 1672 1309 1741 Quid
1342 1684 1452 1740 est,
1481 1674 1593 1730 Non
1627 1683 1742 1731 erat

160 1759 337 1815 homo?
355 1759 410 1818 In
432 1768 699 1833 quantum
726 1768 964 1837 cmperat
992 1782 1113 1823 esse
1141 1769 1389 1839 angelus:
1413 1771 1532 1842 quia
1557 1786 1742 1828 omnes

162 1852 344 1916 sancti,
371 1854 581 1925 angeli;
615 1856 742 1927 quia
767 1859 1168 1915 snnuntiatores
1195 1860 1310 1915 Dei.
1357 1860 1483 1916 ideo
1518 1863 1745 1917 carnali-

165 1942 254 1997 bus
273 1952 323 1998 et
341 1945 664 2002 animalibus
697 1950 805 2003 nan
832 1948 1127 2004 valentibus
1166 1951 1442 2022 percipere
1467 1968 1584 2023 quae
1619 1962 1746 2009 sunt

165 2033 283 2101 Dei,
316 2034 441 2106 quid
478 2038 557 2095 ait
589 2041 918 2110 Apostolus?
944 2039 1075 2097 Cum
1109 2043 1243 2097 enim
1267 2043 1449 2109 dicitis,
1486 2044 1594 2116 Ego
1631 2061 1745 2100 sum

164 2122 333 2194 Pauli,
352 2128 667 2199 egoApollo.
681 2146 848 2186 nonne
867 2133 1091 2187 homines
1112 2135 1227 2189 estis
1248 2133 1294 2205 (l
1307 2133 1594 2207 Commi)?
1607 2136 1745 2205 Quid

161 2229 251 2270 eos
271 2216 473 2273 volebat
509 2218 725 2289 facere,
756 2222 949 2291 quibus
973 2224 1321 2292 exprobrabat
1350 2224 1471 2295 quia
1505 2225 1746 2282 homines

164 2306 339 2362 muti
369 2308 537 2364 Vultis
578 2325 745 2365 nosse
782 2313 907 2382 quid
937 2326 1031 2368 eos
1069 2313 1246 2369 facere
1289 2315 1540 2370 volebat?
1566 2316 1747 2373 audite

166 2397 213 2451 in
234 2397 486 2454 Psalmis:
522 2400 644 2473 Ego
669 2401 798 2468 dimi,
842 2402 927 2456 Dii
953 2405 1090 2470 estis,
1136 2414 1182 2457 et
1220 2406 1314 2474 lilii
1347 2404 1552 2460 Επειδὶ
1577 2422 1747 2461 omnes

168 2486 319 2558 (Pal.
347 2506 536 2559 sxxxt,
569 2492 648 2555 ϐ).
677 2492 759 2547 Ad
784 2492 889 2547 hoc
912 2508 1043 2565 ergo
1070 2503 1225 2549 vocat
1252 2511 1353 2552 nos
1383 2498 1544 2561 Deus,
1577 2513 1644 2553 ne
1670 2498 1747 2553 si-

172 2595 277 2636 mus
294 2581 561 2640 homines.
584 2583 691 2640 Sed
714 2592 839 2639 tunc
853 2584 908 2639 in
925 2585 1116 2640 melius
1135 2600 1239 2640 non
1262 2587 1461 2642 erimus
1483 2588 1746 2656 homines,

171 2671 211 2725 si
236 2672 370 2742 prius
393 2688 497 2729 nos
532 2674 776 2730 homines
802 2689 922 2731 esse
963 2690 1311 2747 agnoscamus
1332 2719 1346 2745 ,
1376 2679 1429 2732 id
1469 2688 1569 2745 est,
1601 2687 1658 2733 ut
1683 2678 1751 2734 ad

172 2763 300 2820 illam
326 2767 707 2824 celsitudinem
752 2769 819 2823 ab
859 2769 1155 2825 humilitate
1182 2785 1457 2841 surgamus
1486 2789 1499 2826 :
1531 2786 1599 2827 ne
1627 2786 1749 2827 cum

173 2863 397 2923 pta-mn
418 2872 527 2915 nos
544 2859 743 2928 aliquid
768 2872 907 2927 esse,
929 2874 1051 2915 cum
1073 2860 1204 2915 nihil
1225 2863 1412 2929 simus,
1442 2876 1547 2917 non
1574 2863 1748 2918 solum

178 2962 273 3003 non
294 2950 621 3021 accipiamus
648 2950 791 3021 quod
829 2964 935 3005 non
979 2965 1164 3006 sumus
1183 2994 1198 3019 ,
1229 2952 1322 3007 sed
1351 2962 1405 3008 et
1449 2955 1754 3010 amittamus

176 3040 300 3108 quod
328 3055 538 3097 sumus.
658 3038 662 3042 ’

240 3131 289 3185 5.
326 3130 492 3202 Ergo,
529 3130 742 3199 fratres,
771 3131 839 3188 de
867 3132 949 3188 his
976 3134 1246 3190 montibus
1274 3142 1327 3189 et
1354 3135 1585 3191 Joannes
1614 3145 1749 3205 erat,

179 3222 257 3292 qui
283 3221 427 3290 dixit,
470 3221 546 3277 In
590 3224 837 3294 principio
870 3234 976 3281 erat
1016 3224 1246 3291 Verbum,
1294 3236 1339 3282 et
1385 3226 1601 3283 Verbum
1649 3237 1756 3283 erat

181 3316 305 3385 apud
332 3315 522 3381 Deum,
561 3326 610 3370 et
635 3315 776 3371 Deus
813 3327 919 3371 erat
953 3316 1189 3372 Verbum.
1229 3319 1544 3390 Susceperat
1573 3335 1757 3390 pacem

184 3422 321 3463 mons
346 3409 490 3475 iste,
530 3409 988 3478 contemplabatur
1031 3409 1357 3464 divinitatem
1390 3410 1567 3465 Verbi.
1617 3410 1759 3477 Qua-

185 3499 240 3553 iis
273 3500 366 3556 iste
416 3514 579 3556 mons
615 3500 766 3556 erat?
807 3515 967 3572 quam
1010 3500 1291 3556 excelsus?
1337 3501 1762 3557 Trsnscenderat

186 3591 345 3645 omnis
395 3605 682 3647 cacumina
741 3598 1042 3657 terrarum,
1105 3591 1509 3648 transcenderat
1568 3607 1757 3648 omnes

186 3698 383 3755 campos
434 3685 600 3752 acris,
659 3684 1061 3740 transcenderat
1108 3698 1296 3740 omnes
1344 3684 1649 3739 altitudines
1682 3686 1756 3739 si—

189 3777 349 3833 dat-um
369 3816 385 3846 ,
414 3776 822 3833 transcenderat
863 3792 1050 3831 omnes
1078 3776 1270 3832 choros
1296 3785 1348 3832 et
1376 3777 1611 3848 legiones
1653 3779 1762 3831 Au-

190 3870 425 3940 gelorsm.
476 3870 591 3926 Nisi
635 3870 775 3925 enim
829 3868 1227 3925 transcenderet
1268 3869 1367 3924 ista
1420 3870 1597 3923 omnia
1644 3885 1763 3939 qum

191 3973 351 4018 creata
380 3972 539 4029 sunt,
573 3977 679 4016 non
729 3961 1032 4030 perveniret
1059 3960 1126 4015 ad
1156 3974 1276 4016 eum
1318 3975 1413 4030 per
1440 3975 1595 4030 quem
1627 3960 1764 4016 facta

191 4062 300 4110 sunt
323 4056 526 4112 omnia.
555 4054 671 4110 Non
699 4053 921 4125 potestis
941 4054 1172 4126 cogitare
1201 4053 1324 4123 quid
1359 4054 1762 4123 transcenderit,

193 4146 281 4200 nisi
306 4145 530 4203 videatis
554 4160 665 4217 quo
693 4145 1012 4215 pervenerit.
1043 4144 1249 4212 Quaeris
1270 4144 1335 4198 de
1354 4144 1492 4200 coelo
1512 4154 1565 4200 et
1584 4146 1764 4201 terra?

194 4236 318 4294 facta
339 4249 481 4295 sunt.
508 4238 716 4307 Quaeris
743 4237 809 4293 de
836 4238 920 4293 his
945 4252 1061 4308 qua:
1104 4247 1229 4293 sunt
1258 4237 1311 4292 in
1342 4238 1478 4293 coelo
1507 4249 1560 4294 et
1590 4238 1764 4294 terra?

197 4326 369 4399 Utique
393 4329 568 4385 multo
595 4329 763 4399 magis
788 4336 842 4384 et
870 4328 981 4399 ipsa
1011 4327 1144 4383 facta
1169 4336 1311 4382 sunt.
1338 4327 1541 4396 Qumris
1566 4328 1633 4385 de
1658 4331 1764 4400 spi-

198 4419 454 4477 ritualibas
480 4421 758 4486 creaturis,
782 4418 850 4474 de
869 4418 1102 4490 Angelis,
1128 4418 1493 4491 Archangelis,
1516 4419 1759 4490 Sedibus,

198 4509 675 4578 Dominationibus,
724 4510 1057 4579 Virtutibus,
1100 4509 1525 4580 Principatibus?
1553 4519 1607 4567 et
1654 4513 1767 4582 ipsa

199 4604 318 4662 facta
333 4615 475 4664 sunt.
501 4606 640 4663 Nam
657 4618 777 4662 cum
799 4613 1138 4662 enumeraret
1157 4604 1271 4663 lucc
1297 4608 1471 4662 omnia
1500 4607 1762 4677 Psalmus,

199 4699 437 4755 conclusit
454 4699 536 4756 sic
556 4714 573 4754 :
590 4697 712 4771 Ipse
730 4698 877 4765 dixit,
900 4707 946 4753 et
965 4698 1101 4769 facta
1115 4707 1265 4763 sunt;
1286 4699 1393 4770 ipse
1417 4699 1690 4766 mandavit,
1721 4709 1768 4755 et

199 4801 475 4849 munt
494 4790 673 4863 (Psal.
695 4806 911 4857 cxsvm,
941 4790 1020 4863 5).
1044 4789 1101 4848 Si
1117 4791 1264 4859 dixit,
1283 4801 1328 4847 et
1355 4794 1489 4863 facta
1509 4803 1645 4863 sunt,
1671 4809 1768 4866 per

202 4879 410 4940 Verbum
442 4885 580 4941 facta
607 4890 732 4939 sunt
756 4901 771 4937 :
802 4883 850 4938 si
875 4892 1050 4939 autem
1080 4898 1177 4957 per
1205 4882 1430 4939 Verbum
1456 4885 1593 4942 facta
1622 4896 1764 4956 sunt,
1799 4905 1802 4908 '

203 4987 294 5030 non
325 4979 490 5049 potuit
534 4976 754 5032 Joannis
794 4991 888 5031 cor
928 4975 1205 5047 pervenire
1232 4977 1298 5032 ad
1332 4978 1383 5033 id
1412 4977 1550 5049 quod
1580 4981 1672 5046 ait,
1702 4978 1767 5035 In

205 5069 429 5143 Principio
457 5079 568 5128 erat
614 5068 829 5125 Verbum
851 5110 867 5137 ,
891 5078 936 5124 et
968 5067 1187 5124 Verbum
1220 5080 1325 5125 erat
1351 5072 1487 5143 apud
1513 5072 1692 5141 Deum,
1721 5083 1770 5129 et

204 5156 323 5218 Dm
340 5175 447 5219 erat
475 5161 727 5229 Verbum;
748 5162 849 5217 nisi
870 5161 1283 5219 transcendisset
1307 5166 1483 5220 omnia
1511 5181 1627 5236 quze
1648 5168 1771 5222 sunt

206 5252 320 5312 facta
342 5271 438 5329 per
464 5255 727 5313 Verbum.
748 5254 935 5326 Qualis
963 5269 1091 5326 ergo
1115 5256 1215 5312 iste
1240 5270 1414 5323 mons,
1457 5272 1612 5329 quam
1642 5272 1769 5313 san-

205 5356 337 5419 ctus,
366 5362 531 5424 quam
575 5348 714 5405 altus
747 5350 887 5406 inter
914 5348 1035 5404 illos
1062 5357 1271 5406 montes
1308 5350 1399 5422 qui
1425 5356 1771 5422 susceperunt

205 5446 365 5507 paceni
405 5441 605 5514 populo
632 5440 758 5507 Dei,
792 5450 849 5496 ut
873 5440 1038 5498 colles
1076 5450 1293 5512 possent
1321 5443 1591 5513 suscipere
1616 5442 1771 5514 justi-

208 5530 346 5590 tiam?

265 5626 315 5680 6.
352 5622 541 5683 Videte
560 5638 688 5699 ergo
707 5668 720 5692 ,
753 5624 972 5691 fratres,
999 5638 1066 5681 ne
1096 5624 1230 5680 forte
1256 5624 1320 5682 de
1347 5626 1473 5698 ipsis
1504 5627 1769 5683 montibus

210 5716 536 5788 estJoannes,
566 5717 636 5775 de
660 5718 850 5790 quibus
880 5717 1033 5787 paulo
1059 5726 1182 5773 ante
1208 5718 1555 5786 cantavimus,
1589 5717 1769 5774 Levavi

209 5807 359 5864 mlas
374 5824 507 5867 luteas
524 5812 578 5866 in
598 5818 808 5878 ruentes,
833 5808 965 5863 unde
989 5808 1148 5863 ueniet
1169 5810 1415 5866 auxilium
1435 5811 1576 5865 mihi.
1603 5810 1764 5885 Ergo,

210 5894 380 5959 hstias
405 5902 529 5974 mei,
556 5902 605 5961 si
629 5899 1129 5972 vultisintelligerc,
1153 5900 1324 5960 levate
1350 5901 1533 5963 oculos
1557 5912 1765 5965 vestros

1369 444 1780 503 TRACTATUS
1814 445 1855 500 Ι.
1895 443 2121 503 CAPUT
2154 442 2195 504 Ι.

3299 452 3436 510 1582

1848 560 1899 615 in
1927 569 2156 616 montem
2187 562 2378 626 istum;
2402 561 2453 616 id
2470 570 2566 628 est,
2592 562 2776 629 erigite
2797 556 2891 619 vos
2914 565 2980 621 ad
3011 566 3426 638 Evangelistam,

1846 654 2031 724 erigite
2058 666 2153 710 vos
2194 653 2262 709 ad
2300 653 2413 724 ejus
2437 669 2672 710 sensum.
2705 654 2809 710 Sed
2836 657 2956 727 quia
2989 669 3199 715 montes
3227 660 3313 715 isti
3345 678 3439 732 pa-

1845 757 1962 800 cem
1991 744 2307 815 suscipiunt,
2354 760 2457 800 non
2495 754 2671 816 potest
2694 756 2871 804 autem
2900 763 3022 805 esse
3052 751 3103 805 in
3148 766 3279 821 pace
3300 794 3313 818 ,
3347 756 3439 825 qui

1845 851 1993 907 spem
2041 838 2189 907 ponit
2226 837 2277 891 in
2322 835 2575 905 homine;
2608 839 2771 895 nolite
2800 840 2877 895 sic
2911 841 3116 912 erigere
3153 844 3337 900 oculos
3385 846 3439 901 in

1845 938 2099 996 montem,
2128 937 2187 984 ut
2214 931 2409 1001 putetis
2438 931 2490 985 in
2518 930 2732 987 homine
2759 947 2906 1002 spem
2931 942 3161 993 vestram
3188 951 3307 993 esse
3335 940 3438 993 col-

1847 1020 2150 1088 locandam;
2183 1030 2237 1077 et
2259 1023 2337 1079 sic
2363 1022 2542 1089 dicite,
2567 1022 2749 1078 Levavi
2768 1024 2940 1080 oculos
2973 1042 3109 1082 meos
3133 1028 3188 1082 in
3215 1038 3431 1097 montes,

1845 1112 1979 1166 unde
1997 1114 2156 1168 veniet
2180 1114 2426 1169 auxilium
2446 1116 2589 1182 mihi,
2619 1127 2673 1171 ut
2695 1118 2871 1173 statim
2893 1119 3242 1191 subjungatis,
3266 1122 3433 1177 Auxi-

1846 1205 1970 1258 lium
1996 1220 2162 1259 meum
2188 1222 2221 1260 a
2258 1205 2499 1273 Domino,
2527 1209 2614 1279 qui
2640 1210 2756 1281 fecit
2775 1208 2955 1265 emtum
2979 1220 3024 1265 et
3052 1221 3237 1268 terram
3261 1213 3430 1284 (Psal.

1843 1310 1971 1361 cxx,
2000 1296 2054 1361 i,
2083 1295 2162 1367 2).
2194 1297 2335 1368 Ergo
2359 1298 2597 1353 levemus
2618 1299 2803 1354 oculos
2830 1301 2883 1357 in
2914 1310 3142 1370 montes,
3174 1305 3314 1361 unde
3341 1320 3433 1364 ve-

1846 1384 1955 1440 niet
1967 1385 2226 1440 auxilium
2251 1386 2404 1441 nobis
2428 1405 2441 1441 :
2466 1396 2520 1443 et
2534 1397 2710 1443 tamen
2729 1404 2833 1444 non
2856 1391 2956 1460 ipsi
2984 1401 3193 1451 montes
3208 1405 3352 1463 sunt,
3374 1397 3430 1453 in

1845 1477 2039 1548 quibus
2056 1493 2176 1548 spes
2198 1487 2382 1535 nostra
2404 1481 2645 1551 ponenda
2660 1492 2762 1549 est;
2782 1485 3046 1554 accipiunt
3058 1489 3201 1544 enim
3219 1500 3432 1549 montes

1845 1567 1988 1639 quod
2010 1569 2163 1625 nobis
2178 1571 2480 1627 ministrent
2498 1590 2510 1626 :
2531 1588 2656 1643 ergo
2673 1574 2813 1631 unde
2834 1584 2889 1631 et
2915 1586 3126 1634 montes
3142 1581 3426 1653 accipiunt,

1847 1658 1919 1713 ibi
1945 1673 2067 1730 spes
2086 1670 2267 1715 nostra
2297 1662 2538 1731 ponenda
2562 1671 2663 1719 est.
2692 1663 2887 1721 Oculos
2914 1675 3126 1724 nostros
3145 1684 3264 1727 cum
3293 1672 3433 1728 leva-

1846 1764 1966 1806 mus
1991 1751 2056 1805 ad
2088 1752 2408 1822 Scripturas,
2438 1754 2558 1826 quia
2581 1769 2680 1825 per
2703 1755 2946 1814 homines
2967 1760 3278 1818 ministrata:
3306 1774 3431 1820 sunt

1846 1840 2153 1912 Scriptum,
2178 1843 2420 1899 levamus
2458 1847 2641 1901 oculos
2672 1858 2883 1905 nostros
2925 1851 2991 1906 ad
3020 1862 3229 1909 montes
3249 1896 3263 1922 ,
3295 1856 3434 1913 unde

1848 1933 2101 1988 auxilium
2123 1939 2304 1991 veniet
2333 1936 2486 1991 nobis
2516 1939 2646 1994 :sed
2674 1947 2850 1996 tamen
2877 1943 2999 2013 quia
3045 1945 3142 2015 ipsi
3190 1946 3432 2006 homines

1848 2035 2001 2081 erant
2023 2028 2112 2098 qui
2140 2029 2468 2098 scripserunt
2496 2031 2813 2101 Scripturas,
2844 2050 2949 2091 non
2981 2037 3046 2093 de
3071 2054 3130 2094 se
3153 2040 3431 2112 lucebunt;

1848 2117 1943 2171 sed
1969 2117 2060 2173 ille
2098 2128 2213 2174 erat
2240 2119 2421 2175 lumen
2446 2136 2629 2176 verum
2670 2123 2847 2195 (Joan.
2878 2143 2912 2192 ι,
2942 2126 3031 2200 9),
3059 2131 3149 2200 qui
3178 2131 3438 2191 illuminat

1848 2223 2061 2267 omnem
2096 2211 2364 2269 hominem
2394 2215 2695 2271 venientem
2732 2217 2782 2271 in
2808 2217 2948 2274 hunc
2981 2222 3257 2280 mundum.
3286 2224 3437 2285 Mons
3458 2216 3471 2225 ’

1848 2309 1963 2355 erat
1986 2310 2039 2355 et
2077 2303 2165 2357 ille
2202 2303 2437 2359 Joannes
2475 2304 2728 2375 Baptista,
2761 2309 2849 2377 qui
2879 2308 3029 2375 dixit,
3062 2311 3182 2367 Non
3207 2332 3318 2369 sunt
3346 2334 3436 2389 ego

1851 2390 2078 2445 Christus
2116 2390 2276 2466 (Ibid.
2304 2436 2319 2461 ,
2357 2393 2468 2472 20’)
2494 2412 2507 2448 :
2537 2411 2604 2451 ne
2629 2398 2905 2468 quisquam
2944 2416 3093 2471 spem
3122 2405 3173 2459 in
3202 2415 3439 2465 montem

1851 2495 2088 2550 ponens,
2114 2483 2329 2539 caderet
2369 2485 2436 2539 ab
2469 2486 2559 2540 illo
2597 2488 2685 2556 qui
2714 2497 2923 2545 montes
2952 2492 3179 2549 illustrat
3198 2536 3212 2562 ,
3241 2507 3295 2552 et
3325 2498 3440 2569 ipse

1852 2573 2129 2629 confessus
2154 2575 2228 2629 ait
2252 2617 2265 2642 ,
2299 2574 2551 2642 Quoniam
2581 2578 2643 2631 de
2670 2579 2979 2648 plenitudine
3011 2586 3119 2656 ejus
3156 2604 3327 2645 omnes
3354 2609 3441 2647 ac-

1853 2668 2075 2737 cepimus
2102 2667 2275 2740 (Ibid.
2314 2685 2349 2737 t,
2384 2668 2496 2742 i6).
2524 2670 2599 2727 lla
2623 2672 2788 2730 debes
2814 2675 2992 2734 dicere
3011 2721 3025 2747 ,
3056 2679 3237 2738 Levavi
3267 2689 3441 2744 oculos

1854 2773 1990 2813 meos
2015 2760 2068 2813 in
2089 2770 2298 2827 montes,
2330 2761 2467 2815 unde
2493 2763 2648 2817 veniet
2668 2766 2914 2821 auxilium
2933 2769 3075 2837 mihi,
3098 2787 3165 2828 ne
3185 2775 3441 2834 auxilium

1856 2850 1995 2919 quod
2025 2850 2118 2905 tibi
2142 2852 2324 2918 venit,
2368 2854 2633 2909 montibus
2662 2854 2923 2925 imputes;
2962 2862 3057 2916 sed
3103 2867 3362 2936 sequaris,
3388 2878 3445 2925 et

1856 2941 2031 3009 dicas,
2073 2942 2333 2997 Auxilium
2371 2960 2537 2998 utrum
2575 2962 2607 2999 a
2650 2945 2901 3017 Domino,
2930 2953 3017 3022 qui
3040 2956 3160 3026 fecit
3183 2956 3363 3013 caelum
3390 2968 3441 3016 et

1858 3039 2061 3087 terram.

1930 3125 1982 3178 7.
2013 3125 2184 3196 Ergo,
2209 3125 2398 3182 fratres
2414 3168 2427 3192 ,
2460 3127 2525 3183 ad
2548 3129 2648 3185 hoc
2672 3131 2772 3187 ista
2793 3137 3091 3193 monuerim
3108 3179 3124 3206 ,
3148 3150 3205 3195 ut
3229 3146 3441 3214 quando

1859 3215 2105 3270 erexistis
2133 3231 2226 3271 cor
2250 3217 2316 3271 ad
2342 3218 2663 3289 Scripturas,
2692 3236 2813 3278 cum
2836 3239 3052 3284 sonaret
3072 3231 3438 3307 Evangelium,

1860 3305 1927 3360 In
1955 3308 2203 3380 principio
2228 3319 2334 3363 erat
2362 3309 2592 3379 Verbum,
2624 3323 2670 3369 et
2709 3315 2921 3374 Verbum
2951 3331 3059 3376 erat
3088 3327 3228 3397 apud
3252 3305 3438 3401 Deum,

1861 3408 1909 3452 et
1938 3399 2074 3454 Deus
2101 3410 2205 3454 erat
2235 3399 2470 3469 Verbum,
2501 3413 2556 3460 et
2584 3414 2778 3462 caetera
2804 3426 2922 3477 qua:
2948 3412 3081 3469 lecta
3108 3426 3263 3485 sunt,
3294 3399 3449 3477 intel-

1865 3489 2036 3560 ligetis
2055 3506 2150 3547 vos
2177 3491 2379 3548 levasse
2400 3495 2585 3551 oculos
2600 3495 2667 3551 ad
2688 3509 2918 3555 montes.
2945 3501 3053 3557 Nisi
3081 3506 3221 3561 cnim
3240 3519 3448 3569 montes

1864 3580 1964 3634 ista
2011 3581 2277 3650 dicerent,
2310 3586 2450 3640 unde
2480 3587 2698 3642 omnino
2725 3591 3058 3660 cogitaretis,
3091 3611 3195 3651 non
3236 3600 3443 3657 inveni-

1866 3672 2014 3725 retis.
2049 3673 2188 3743 Ergo
2217 3689 2283 3727 ex
2313 3676 2581 3731 montibus
2606 3679 2749 3733 venit
2771 3680 2919 3736 vobis
2947 3685 3219 3754 auxilium,
3253 3698 3310 3744 ut
3331 3690 3449 3749 haec

1866 3766 1948 3819 vel
1976 3766 2269 3821 audiretis:
2319 3770 2411 3822 sed
2449 3770 2682 3825 nondum
2724 3774 2945 3842 potestis
2983 3777 3280 3851 intelligere
3307 3786 3449 3854 quod

1866 3858 2107 3913 audistis.
2170 3858 2413 3915 lnvocate
2473 3862 2725 3916 auxilium
2779 3879 2808 3917 a
2872 3866 3135 3937 Domino,
3188 3875 3277 3943 qui
3327 3874 3451 3933 fecit

1865 3950 2057 4007 omium
2088 3962 2142 4007 et
2172 3959 2400 4007 terram:
2434 3954 2555 4022 quia
2586 3965 2796 4012 montes
2833 3958 2909 4014 sic
2936 3970 3221 4029 potuerunt
3261 3968 3405 4039 loqui
3429 4014 3446 4038 ,

1866 4049 1928 4096 ut
1950 4056 2058 4098 non
2087 4043 2295 4112 possint
2320 4044 2419 4113 ipsi
2446 4044 2746 4102 illuminare
2770 4064 2785 4114 ;
2819 4051 2940 4118 quia
2966 4060 3018 4107 et
3044 4053 3142 4124 ipsi
3171 4056 3451 4117 iiluminati

1868 4142 1994 4190 sunt
2035 4134 2318 4191 audiendo.
2361 4134 2489 4191 lude
2523 4136 2613 4205 qui
2642 4136 2756 4193 haec
2784 4140 2944 4209 dixit,
2984 4148 3187 4215 accepit
3215 4148 3450 4210 Joannes

1869 4226 1991 4292 ille,
2028 4224 2252 4292 fratres,
2296 4227 2385 4297 qui
2413 4226 2779 4282 discumbebat
2821 4244 2982 4300 super
3014 4243 3199 4304 pectus
3242 4240 3451 4301 Domini

1869 4317 2047 4389 (Joan.
2080 4333 2195 4385 χιιι,
2226 4318 2321 4392 25)
2341 4362 2355 4387 ,
2383 4327 2438 4375 et
2463 4319 2529 4375 de
2550 4329 2765 4390 pectore
2809 4322 3017 4381 Domini
3054 4327 3265 4387 bibebat
3309 4336 3452 4405 quod

1870 4412 2177 4482 propinaret
2218 4414 2389 4469 nobis.
2423 4413 2528 4469 Sed
2554 4416 2849 4486 propinavit
2884 4421 3076 4489 verba;
3121 4424 3449 4488 intellectum

1871 4511 2047 4561 autem
2080 4505 2202 4562 inde
2238 4505 2402 4562 debes
2440 4521 2663 4576 capere,
2701 4508 2841 4564 unde
2880 4518 2934 4565 et
2963 4512 3076 4583 ipse
3117 4514 3321 4574 biberat
3360 4524 3451 4593 qui
3496 4497 3507 4507 ’

1872 4596 1966 4652 tibi
1986 4596 2284 4667 propinavit
2309 4615 2322 4651 :
2350 4606 2407 4652 ut
2431 4598 2573 4654 leves
2597 4598 2780 4654 oculos
2800 4599 2863 4656 ad
2889 4613 3116 4673 montes,
3142 4609 3283 4665 unde
3302 4613 3451 4668 auxi-

1874 4689 2001 4744 lium
2042 4689 2221 4746 veniet
2261 4690 2389 4755 tibi,
2438 4699 2495 4743 ut
2524 4690 2645 4746 inde
2680 4700 2927 4762 tanquam
2956 4696 3209 4765 calicem,
3252 4700 3303 4756 id
3333 4710 3449 4771 est,

1873 4780 2091 4836 verbum
2121 4783 2137 4815 ¹
2171 4781 2505 4852 propinatum
2530 4782 2836 4852 acciperes;
2868 4795 2920 4841 et
2950 4795 3125 4844 tamen
3153 4791 3273 4861 quia
3303 4795 3454 4849 auxi-

1875 4872 2002 4928 lium
2027 4881 2172 4928 tuum
2198 4888 2228 4927 a
2258 4873 2501 4941 Domino,
2524 4874 2613 4944 qui
2642 4874 2763 4930 fecit
2789 4876 2980 4933 omium
3003 4890 3058 4936 et
3084 4888 3301 4953 terram,
3330 4886 3452 4944 inde

1874 4964 2123 5036 impleres
2162 4974 2371 5035 pectus,
2415 4965 2552 5020 unde
2595 4966 2831 5037 implevit
2884 4970 3009 5025 ille:
3057 4973 3195 5029 unde
3236 4975 3450 5046 dixisti,

1875 5055 2135 5113 Auxilium
2159 5073 2327 5113 meum
2352 5074 2387 5111 a
2408 5056 2629 5112 Domino
2648 5099 2663 5125 ,
2693 5061 2778 5127 qui
2805 5063 2921 5133 fecit
2946 5064 3125 5120 mlum
3152 5077 3200 5121 et
3229 5078 3412 5127 terram
3432 5089 3456 5131 .-

1874 5151 1964 5223 qui
1991 5158 2164 5223 potest
2187 5165 2350 5222 ergo,
2391 5150 2626 5220 impleat.
2659 5151 2899 5221 Fratres,
2932 5155 3033 5211 hoc
3070 5158 3177 5215 dixi
3206 5162 3227 5193 ²
3255 5179 3269 5216 :
3311 5162 3458 5221 levet

1875 5244 2097 5314 quisque
2134 5257 2230 5298 eor
2265 5258 2419 5299 suum
2456 5243 2725 5314 quomodo
2750 5245 2880 5301 illud
2908 5248 3051 5304 videt
3078 5250 3357 5324 idoneum,
3401 5264 3457 5312 et

1874 5336 2049 5406 capiat
2090 5335 2232 5406 quod
2257 5334 2468 5393 dicitur.
2508 5334 2614 5391 Sed
2643 5334 2783 5392 forte
2820 5337 2922 5394 hoc
2942 5340 3165 5410 dicetis,
3194 5346 3314 5415 quia
3355 5359 3455 5417 ego

1876 5428 2026 5484 vobis
2061 5442 2180 5483 sum
2219 5428 2534 5499 praesentior
2560 5443 2718 5499 quam
2760 5430 2918 5487 Deus.
2966 5433 3137 5488 Absit.
3170 5434 3331 5491 Multo
3370 5445 3457 5493 est

1877 5522 1967 5578 ille
1996 5522 2309 5593 pmsentior
2334 5539 2347 5576 :
2377 5536 2498 5577 nam
2522 5537 2622 5595 ego
2642 5524 2812 5581 oculis
2840 5527 3031 5582 vestris
3064 5542 3295 5598 appareo
3317 5571 3332 5598 ,
3364 5531 3457 5588 ille

1875 5614 2219 5675 conscientiis
2244 5616 2436 5673 vestris
2463 5617 2732 5688 praesidet.
2763 5618 2842 5673 Ad
2876 5633 2964 5674 me
2981 5633 3140 5675 aures
3160 5662 3174 5686 ,
3217 5620 3285 5677 ad
3310 5623 3457 5682 illum

1875 5726 2003 5777 cor,
2036 5721 2096 5767 ut
2135 5718 2420 5782 utrumque
2448 5711 2727 5783 impleatis.
2761 5712 2899 5767 Ecce
2929 5710 3113 5767 oculos
3155 5723 3362 5773 vestros
3404 5728 3458 5776 et

1940 5850 1956 5881 ι
1981 5855 2033 5912 tu
2055 5843 2304 5912 plerisque
2320 5855 2449 5912 mss,
2471 5845 2625 5897 verbo.

1937 5912 1959 5943 s
1976 5904 2176 5961 sic'uss.
2198 5904 2251 5960 [ι
2274 5908 2411 5971 editi,
2433 5904 2564 5973 ergo,
2590 5911 2802 5969 Fratres,
2824 5904 3019 5972 nuptast
3036 5906 3127 5961 lto:
3148 5910 3276 5976 mood
3297 5910 3425 5968 disi.
