4036 6386
576 420 717 479 i383

575 549 766 592 sensus
788 533 921 590 istos
943 531 1181 602 corporis
1206 525 1394 584 levatis
1416 525 1483 582 ad
1508 541 1604 583 nos
1624 545 1639 594 ;
1669 541 1768 582 nec
1793 526 1859 580 ad
1884 540 1980 580 nos
2003 567 2017 590 ,
2045 539 2151 578 non

576 628 717 682 enim
760 640 857 681 nos
894 625 961 680 de
1000 623 1103 678 illis
1135 620 1401 677 montibus
1423 659 1440 684 ,
1471 618 1566 675 sed
1604 618 1672 674 ad
1698 619 1870 688 ipsum
1909 617 2150 686 Evange-

579 717 708 772 lium
725 757 740 783 ,
766 713 833 770 ad
853 715 1026 784 ipsum
1050 710 1438 782 Evangelistam
1463 725 1478 762 :
1507 723 1601 764 cor
1622 717 1798 763 autem
1825 705 2150 776 implendum

576 807 644 862 ad
685 805 985 862 Dominum.
1026 803 1094 858 Et
1136 803 1497 873 unusquisque
1538 801 1615 856 sic
1655 799 1824 866 levet,
1870 807 1930 853 ut
1977 797 2152 852 videat

575 896 701 968 quid
722 896 889 960 levet,
912 904 966 951 et
989 909 1093 965 quo
1115 893 1272 949 levet.
1297 891 1434 959 Quid
1458 890 1601 957 dixi,
1625 889 1762 958 Quid
1783 890 1950 956 levet,
1973 896 2027 943 et
2044 902 2151 957 quo

574 987 756 1044 levet?
784 986 948 1055 Quale
973 1001 1065 1040 cor
1090 985 1259 1050 levet,
1288 982 1500 1046 videat;
1532 981 1653 1052 quia
1680 980 1747 1034 ad
1772 980 2050 1034 Dominum
2073 979 2150 1034 le-

573 1088 662 1134 vat
685 1097 697 1132 :
731 1093 798 1134 ne
817 1078 1021 1132 sarcina
1041 1075 1322 1146 voluptatis
1348 1073 1578 1129 carnalis
1604 1079 2006 1143 praegravatum,
2027 1078 2151 1125 ante

573 1169 759 1235 cadat,
789 1183 946 1239 quam
973 1166 1134 1222 fuerit
1161 1165 1510 1220 sublevatum.
1541 1163 1647 1220 Sed
1671 1161 1816 1218 videt
1846 1177 1905 1217 se
1929 1162 2150 1232 quisque

571 1268 784 1330 gestare
822 1274 955 1312 onus
983 1257 1194 1312 carnis?
1233 1256 1322 1311 det
1349 1270 1562 1326 operam
1603 1268 1698 1324 per
1729 1253 2106 1309 continentiam
2131 1294 2146 1319 ,

573 1361 632 1407 ut
673 1359 861 1421 purget
901 1349 1043 1420 quod
1072 1349 1210 1403 levet
1246 1347 1311 1401 ad
1354 1347 1540 1401 Deum.
1591 1344 1740 1399 Beati
1778 1343 1920 1398 enim
1969 1341 2149 1396 mundi

572 1443 770 1510 corde,
801 1441 1048 1512 quoniam
1083 1439 1182 1509 ipsi
1213 1439 1380 1494 Deum
1415 1436 1667 1491 videbunt
1707 1432 1916 1505 (Matth.
1961 1449 2026 1498 v,
2069 1432 2146 1500 8).

643 1536 697 1592 8.
736 1533 866 1590 Nam
897 1549 1022 1589 ecce
1045 1531 1167 1602 quid
1195 1530 1438 1602 prodest,
1469 1529 1590 1598 quia
1617 1534 1906 1582 sonuerunt
1952 1525 2109 1580 verba
2129 1565 2146 1592 ,

571 1629 639 1683 In
665 1627 912 1699 principio
937 1636 1042 1680 erat
1079 1624 1295 1679 Verbum
1311 1665 1325 1690 ,
1345 1631 1392 1677 et
1425 1620 1641 1675 Verbum
1669 1629 1773 1676 erat
1803 1619 1941 1688 apud
1960 1619 2144 1683 Deum,

570 1727 618 1772 et
643 1717 782 1772 Deus
806 1726 912 1771 erat
945 1715 1200 1769 Verbum?
1229 1715 1296 1768 Et
1321 1728 1419 1768 nos
1446 1712 1676 1767 diximus
1696 1710 1886 1776 verba,
1917 1725 2037 1764 cum
2066 1708 2148 1762 lo-

571 1822 874 1879 queremur.
914 1804 1177 1873 Numquid
1219 1804 1322 1858 tale
1352 1801 1582 1857 Verbum
1621 1809 1736 1856 erat
1771 1799 1909 1869 apud
1939 1798 2151 1854 Deum?

572 1897 758 1954 Nonne
784 1912 843 1952 ea
873 1912 992 1967 qua:
1013 1896 1260 1960 diximus,
1292 1901 1584 1950 sonuerunt
1613 1901 1770 1961 atque
1792 1889 2148 1946 transierunt?

571 1990 711 2060 Ergo
730 1999 784 2045 et
810 1987 904 2043 Dei
927 1987 1154 2043 Verbum
1176 1987 1351 2041 sonuit
1369 1994 1424 2040 et
1443 1993 1712 2054 peractum
1733 1983 1851 2038 est?
1872 1980 2148 2048 Quomodo

570 2083 748 2138 omnia
772 2097 868 2152 per
900 2081 1071 2151 ipsum
1113 2079 1247 2134 facta
1279 2087 1432 2143 sunt,
1463 2086 1518 2132 et
1543 2076 1656 2131 sine
1681 2077 1796 2144 ipso
1830 2073 2022 2128 factum
2066 2082 2149 2129 est

572 2175 745 2230 nihil?
789 2172 1055 2244 quomodo
1095 2187 1190 2240 per
1238 2169 1363 2224 illud
1411 2169 1642 2238 regitur,
1696 2165 1838 2236 quod
1880 2181 1974 2235 per
2019 2165 2146 2219 illud

569 2273 807 2320 creatum
826 2273 908 2319 est
925 2304 940 2328 ,
966 2262 1013 2334 si
1037 2262 1214 2316 sonuit
1236 2269 1290 2314 et
1310 2259 1550 2314 transiit?
1573 2257 1738 2324 Quale
1764 2271 1892 2326 ergo
1912 2254 2146 2310 Verbum

569 2356 711 2428 quod
754 2365 809 2412 et
831 2355 1060 2420 dicitur,
1111 2362 1166 2408 et
1206 2367 1310 2407 non
1351 2349 1578 2404 transit?
1624 2346 1865 2404 lntendat
1906 2346 2145 2401 Charitas

569 2457 743 2504 vestra
769 2466 784 2503 :
811 2462 997 2518 magna
1025 2460 1114 2502 res
1137 2453 1236 2501 est.
1271 2442 1516 2511 Quotidie
1544 2439 1772 2495 dicendo
1797 2439 1957 2494 verba
1977 2439 2146 2494 vilue-

568 2549 694 2596 runt
713 2539 866 2596 nobis
887 2580 902 2604 ,
933 2539 1053 2609 quia
1080 2537 1318 2592 sonando
1344 2535 1506 2590 verba
1533 2542 1588 2591 et
1613 2532 1936 2588 transeundo
1974 2532 2144 2587 vilue-

567 2639 721 2698 runt,
750 2638 804 2686 et
827 2629 960 2684 nihil
979 2627 1122 2684 aliud
1147 2627 1393 2684 videntur
1411 2641 1567 2696 quam
1591 2625 1771 2680 verba.
1803 2623 1899 2677 Est
1925 2623 2144 2678 verbum

566 2730 622 2777 et
662 2721 715 2776 in
761 2721 875 2789 ipso
917 2719 1164 2782 homine,
1214 2717 1354 2788 quod
1384 2724 1562 2771 manet
1605 2716 1782 2770 intus:
1818 2704 1950 2768 nam
1981 2728 2145 2768 sonus

566 2811 814 2883 procedit
845 2827 912 2868 ex
945 2826 1058 2867 ore.
1097 2811 1193 2866 Est
1226 2809 1445 2865 verbum
1485 2808 1626 2878 quod
1652 2823 1778 2862 vere
1803 2807 2144 2875 spiritualiter

564 2902 778 2967 dicitur,
804 2903 932 2957 illud
959 2901 1100 2973 quod
1124 2901 1373 2970 intelligis
1397 2900 1466 2955 de
1495 2914 1648 2964 sono,
1682 2914 1787 2952 non
1818 2897 1933 2967 ipse
1957 2912 2137 2953 sonus.

565 2997 705 3052 Ecce
728 2996 947 3051 verbum
974 2995 1094 3050 dico
1113 3036 1128 3061 ,
1159 3009 1280 3049 cum
1311 2993 1460 3060 dico,
1489 2992 1651 3046 Deus.
1677 2990 1845 3058 Quam
1873 2990 2034 3045 breve
2060 2999 2144 3046 est

563 3088 704 3160 quod
728 3087 837 3142 dixi
861 3129 875 3151 ,
921 3097 1146 3157 quatuor
1171 3087 1371 3141 litteras
1395 3128 1410 3152 ,
1437 3095 1492 3140 et
1514 3085 1646 3139 duas
1672 3085 1934 3156 syllabas!
1979 3084 2142 3140 Num-

563 3178 812 3250 quidnam
837 3178 941 3232 boc
968 3186 1133 3232 totum
1161 3185 1244 3233 est
1273 3177 1440 3243 Deus,
1464 3184 1688 3246 quatuor
1716 3175 1924 3239 litterae,
1948 3184 2002 3231 et
2022 3175 2140 3230 duce

565 3269 818 3342 syllabze?
847 3270 929 3324 An
959 3277 1210 3340 quantum
1253 3268 1355 3322 hoc
1390 3267 1494 3322 vile
1521 3275 1628 3332 est,
1667 3275 1872 3320 tantum
1918 3266 2139 3321 charum

565 3373 647 3420 est
672 3363 812 3435 quod
836 3363 887 3418 in
918 3362 996 3418 eis
1022 3360 1370 3430 intelligitur?
1396 3359 1532 3426 Quid
1560 3358 1753 3413 factum
1790 3367 1871 3414 est
1898 3358 1950 3413 in
1979 3358 2141 3414 corde

562 3464 683 3524 tuo,
723 3470 844 3510 cum
873 3453 1112 3509 audisses
1135 3494 1149 3519 ,
1179 3453 1355 3507 Deus?
1379 3451 1516 3519 Quid
1538 3449 1735 3507 factum
1778 3461 1860 3506 cst
1887 3451 1942 3505 in
1979 3452 2140 3507 corde

561 3564 704 3616 meo,
732 3563 852 3604 cum
877 3547 1132 3612 dicerem,
1166 3546 1347 3600 Deus?
1376 3545 1560 3616 Magna
1590 3554 1644 3602 et
1667 3561 1871 3601 summa
1895 3547 2138 3616 quedam

561 3641 855 3697 substantia
881 3640 1106 3710 cogitata
1133 3647 1231 3704 ,
1267 3654 1384 3709 quae
1415 3639 1752 3694 transcendat
1779 3654 1990 3694 omnem
2019 3655 2136 3694 mu-

561 3732 776 3788 tabilem
826 3740 1157 3798 creaturam,
1209 3731 1475 3786 carnalem
1524 3740 1577 3786 et
1627 3731 1930 3786 animalem.
1981 3731 2049 3785 Et
2091 3732 2136 3786 si

560 3822 732 3878 dicam
763 3821 892 3888 tibi,
932 3821 1072 3876 Deus
1105 3821 1494 3876 commutabilis
1522 3830 1604 3876 est
1625 3863 1639 3886 ,
1676 3837 1743 3876 an
1783 3821 2134 3877 incommuta-

557 3911 1091 3982 bilis?respondebis
1135 3912 1311 3967 statim
1336 3953 1350 3978 ,
1388 3911 1540 3967 Absit
1579 3919 1638 3966 ut
1676 3927 1774 3982 ego
1802 3913 1883 3967 vel
1922 3911 2135 3968 credam

557 4011 641 4067 vel
685 4011 908 4066 sentiam
964 4009 1388 4065 commutabilem
1432 4007 1637 4064 Deum:
1689 4007 2136 4064 incommutabilis

556 4112 641 4160 est
667 4103 825 4160 Deus.
854 4102 1044 4158 Anima
1075 4109 1159 4156 tua
1202 4100 1440 4171 quamvis
1482 4114 1642 4170 parva
1668 4140 1682 4165 ,
1715 4100 1956 4169 quamvis
1999 4098 2136 4154 forte

554 4194 729 4251 adhuc
770 4193 1029 4260 carnalis,
1059 4208 1165 4250 non
1193 4193 1322 4248 mihi
1349 4192 1520 4263 potuit
1563 4191 1887 4261 respondere
1926 4192 2027 4247 nisi
2054 4192 2136 4245 in-

553 4287 984 4344 commutabilem
1015 4285 1215 4351 Deum;
1247 4285 1419 4339 omnis
1458 4293 1635 4339 autem
1673 4294 1914 4340 creatura
1957 4293 2132 4339 muta-

553 4383 677 4439 bilis
703 4400 716 4434 :
745 4380 1012 4453 quomodo
1037 4395 1164 4450 ergo
1192 4379 1405 4448 potuisti
1434 4378 1724 4433 scintillare
1756 4379 1809 4432 in
1837 4378 1965 4433 illud
1991 4378 2131 4447 quod

554 4481 638 4529 est
683 4487 843 4543 super
869 4485 1082 4526 omnem
1115 4477 1438 4534 creaturam,
1469 4476 1528 4523 ut
1555 4479 1732 4524 certus
1759 4468 1888 4523 mihi
1915 4483 2134 4538 respon-

555 4563 714 4620 deres
751 4560 1234 4618 incommutabilem
1274 4559 1483 4614 Deum?
1525 4558 1661 4626 Quid
1705 4568 1788 4614 est
1833 4573 1959 4629 ergo
2001 4559 2130 4614 illud

557 4656 613 4713 in
641 4655 802 4712 corde
831 4664 921 4710 tuo
944 4696 960 4721 ,
989 4652 1200 4725 quando
1228 4652 1428 4722 c0gitas
1462 4651 1742 4723 quamdam
1783 4653 2128 4708 substantiam

553 4750 726 4804 vivam
749 4789 764 4814 ,
802 4754 1109 4820 perpetuam
1135 4788 1150 4814 ,
1195 4743 1643 4814 omnipotentem,
1676 4743 1967 4808 infinitam,
2016 4744 2131 4800 ubi-

555 4858 661 4914 que
685 4851 1000 4912 praesentem
1025 4880 1038 4905 ,
1067 4839 1262 4910 ubique
1302 4845 1467 4892 totam
1492 4878 1506 4902 ,
1540 4852 1796 4908 nusquam
1825 4837 2081 4892 inclusam
2106 4837 2129 4891 ?

555 4935 777 5002 Quando
804 4934 903 4990 ista
927 4932 1127 5004 cogitas
1145 4972 1160 4999 ,
1187 4931 1288 4986 hoc
1314 4939 1396 4986 est
1419 4928 1647 4986 verbum
1670 4929 1736 4985 de
1759 4929 1866 4985 Deo
1892 4930 1944 4984 in
1968 4929 2128 4986 corde

556 5041 666 5087 tuo.
694 5029 958 5100 Numquid
987 5037 1162 5083 autem
1188 5025 1290 5082 hoc
1334 5033 1417 5080 est
1461 5039 1622 5082 sonus
1660 5025 1748 5081 ille
1788 5025 1877 5096 qui
1903 5035 2128 5096 quatuor

553 5125 745 5180 litteris
766 5130 1000 5191 constat,
1032 5129 1089 5178 et
1105 5121 1309 5177 duabus
1334 5119 1593 5192 syllabis?
1619 5119 1760 5190 Ergo
1782 5135 2127 5193 quaecumque

551 5214 802 5270 dicuntur
821 5222 873 5269 et
898 5221 1190 5281 transeunt,
1205 5211 1320 5268 soni
1341 5219 1484 5279 sunt,
1512 5211 1702 5267 litterae
1729 5222 1879 5278 sunt,
1907 5214 2124 5286 syllaba:

549 5317 691 5365 sunt.
704 5307 815 5362 Hoc
828 5307 1041 5362 verbum
1064 5304 1271 5372 transit,
1283 5304 1421 5376 quod
1439 5315 1618 5361 sonat:
1634 5305 1773 5376 quod
1784 5314 1957 5361 autem
1975 5307 2128 5377 signi-

552 5400 730 5457 ficavit
759 5414 940 5467 sonus,
961 5407 1015 5454 et
1039 5399 1091 5453 in
1117 5398 1382 5470 cogitante
1407 5407 1489 5454 est
1517 5398 1606 5468 qui
1632 5398 1784 5463 dixit,
1803 5407 1856 5454 et
1888 5398 1940 5453 in
1964 5399 2122 5454 intel-

552 5493 749 5563 ligente
767 5501 850 5547 est
872 5491 961 5563 qui
987 5489 1206 5557 audivit,
1228 5498 1406 5545 manet
1428 5489 1528 5546 hoc
1547 5489 1939 5546 transeuntibus
1955 5490 2118 5546 sonis.

623 5583 676 5640 9.
718 5583 876 5640 Refer
977 5583 1211 5640 animum
1247 5583 1314 5639 ad
1353 5583 1480 5639 illud
1505 5583 1745 5640 verbum.
1774 5584 1830 5639 Si
1878 5593 1933 5638 tu
1976 5593 2125 5654 potes

549 5678 746 5734 habere
769 5679 988 5735 verbum
1016 5679 1068 5734 in
1095 5679 1256 5736 corde
1284 5689 1372 5734 tuo
1391 5721 1404 5746 ,
1434 5689 1682 5748 tanquam
1723 5677 1998 5732 consilium
2025 5693 2123 5732 na-

547 5781 660 5832 tum
687 5773 740 5827 in
785 5783 965 5829 mente
990 5783 1110 5843 tua,
1143 5783 1203 5830 ut
1244 5788 1395 5830 mens
1423 5784 1507 5830 tua
1533 5773 1701 5844 pariat
1725 5772 2024 5842 consilium,
2071 5783 2125 5832 et

620 5884 794 5938 Juxta
815 5893 943 5951 Lov.,
967 5887 1131 5951 refert.
1218 5893 1276 5937 Il.

1548 412 1614 469 IN
1651 411 1928 471 JOANNIS
1964 408 2426 476 EVANGELIUM,
2467 410 2524 466 S.
2554 407 2918 468 AUGUSTINI

3719 407 3866 465 {38!

2261 523 2386 577 insit
2427 523 2710 578 consilium
2757 523 2906 594 quasi
2936 521 3112 593 proles
3138 522 3332 579 mentis
3357 529 3462 579 tute
3482 563 3498 590 ,
3521 521 3686 594 quasi
3717 522 3868 578 filius

2259 615 2436 670 cordis
2463 619 2558 670 tui.
2592 616 2748 671 Prius
2770 600 2913 671 enim
2936 629 3030 672 cor
3052 623 3270 686 generat
3295 614 3576 671 consilium
3599 656 3615 682 ,
3658 622 3729 670 ut
3753 615 3861 669 ali-

2259 725 2415 778 quam
2459 708 2711 765 fabricam
2747 718 3058 778 construas,
3103 707 3298 780 aliquid
3336 708 3570 778 amplum
3599 708 3662 763 in
3708 715 3861 763 terra

2258 801 2524 866 moliaris;
2549 801 2658 871 jam
2685 809 2867 856 natum
2893 810 2977 857 est
3008 801 3286 857 consilium
3307 842 3322 868 ,
3350 809 3564 872 etopus
3599 800 3861 858 nondum

2257 891 2578 961 completum
2604 901 2684 947 est
2709 911 2722 946 :
2746 891 2892 948 vides
2921 901 3007 960 tu,
3036 891 3161 964 quid
3191 891 3426 948 facturus
3449 908 3544 959 es;
3575 892 3681 949 sed
3711 893 3861 950 alius

2257 996 2363 1037 non
2389 983 2626 1049 miratur,
2659 983 2760 1037 nisi
2785 999 2904 1038 cum
2935 983 3122 1039 feceris
3146 992 3202 1040 et
3219 985 3577 1041 construxeris
3602 985 3820 1042 molem
3840 1029 3860 1056 ,

2257 1082 2311 1126 et
2355 1070 2607 1128 fabricam
2636 1074 2779 1128 illam
2809 1073 2878 1129 ad
2904 1075 3327 1146 exsculptionem
3350 1076 3862 1149 perfectionemque

2255 1163 2599 1233 perduxeris:
2630 1165 2908 1221 attendunt
2934 1165 3177 1221 homines
3201 1167 3495 1223 mirabilem
3538 1168 3815 1224 fabricam
3839 1210 3856 1235 ,

2255 1265 2310 1310 et
2349 1257 2606 1311 mirantur
2642 1257 2920 1313 consilium
2962 1257 3291 1325 fabricantis;
3328 1266 3544 1330 stupent
3580 1259 3740 1330 quod
3780 1262 3862 1315 vi-

2255 1346 2419 1415 dent,
2451 1358 2505 1403 et
2529 1357 2709 1403 amant
2731 1349 2873 1420 quod
2902 1365 3006 1405 non
3036 1350 3252 1406 vident:
3293 1352 3411 1421 quis
3439 1362 3522 1408 est
3549 1353 3642 1424 qui
3670 1362 3857 1424 potest

2254 1438 2433 1494 videre
2474 1441 2794 1496 consilium?
2837 1441 2894 1497 Si
2923 1457 3050 1513 ergo
3093 1458 3160 1498 ex
3196 1459 3384 1514 magna
3422 1445 3597 1516 aliqua
3641 1445 3855 1502 fabrica

2256 1530 2501 1587 laudatur
2521 1534 2809 1588 humanum
2835 1534 3112 1590 consilium
3135 1577 3150 1600 ,
3177 1535 3258 1590 vis
3282 1535 3463 1593 videre
3487 1539 3652 1608 quale
3675 1538 3856 1594 consi-

2252 1624 2381 1678 lium
2408 1625 2499 1679 Dei
2520 1635 2603 1681 est
2624 1627 2878 1682 Dominus
2895 1627 3050 1684 Iesus
3073 1629 3338 1695 Christus,
3365 1630 3418 1685 id
3446 1639 3529 1687 est
3554 1673 3570 1699 ,
3595 1631 3852 1688 Verbum

2253 1714 2392 1769 Dei?
2428 1717 2656 1772 Attende
2683 1718 2936 1774 fabricam
2980 1721 3134 1774 istam
3155 1720 3371 1787 mundi;
3402 1721 3524 1777 vide
3567 1739 3697 1793 qua:
3747 1725 3856 1781 sint

2252 1805 2387 1861 facta
2414 1822 2508 1877 per
2546 1808 2809 1876 Verbum,
2853 1819 2908 1866 et
2949 1819 3075 1866 tunc
3103 1827 3390 1882 cognosces
3415 1813 3571 1883 quale
3607 1815 3690 1870 sit
3717 1815 3854 1872 Ver-

2253 1897 2398 1953 bum.
2427 1899 2657 1954 Attende
2677 1899 2792 1956 htec
2811 1901 2918 1956 duo
2943 1901 3125 1956 mundi
3153 1918 3377 1973 corpora
3393 1945 3407 1970 ,
3435 1905 3633 1960 calum
3663 1915 3724 1962 et
3746 1915 3856 1963 ter-

2251 2004 2364 2044 ram
2394 2008 2406 2043 :
2436 1990 2554 2059 quis
2575 1989 2801 2060 explicat
2821 1991 2996 2047 verbis
3017 2002 3261 2048 ornatum
3285 1994 3439 2050 coeli?
3466 1995 3586 2066 quis
3609 1997 3856 2067 explicat

2251 2080 2426 2134 verbis
2465 2079 2837 2135 fecunditatem
2863 2083 3062 2137 terrae?
3086 2084 3205 2152 quis
3223 2084 3381 2155 digne
3405 2084 3682 2142 collaudat
3705 2097 3847 2144 tem-

2251 2187 2441 2242 porum
2483 2173 2663 2228 vices?
2710 2173 2829 2243 quis
2867 2174 3024 2245 digne
3069 2176 3336 2232 collaudat
3374 2178 3644 2234 seminum
3696 2181 3850 2236 vim?

2249 2264 2452 2321 Videtis
2491 2282 2609 2336 qua:
2645 2274 2847 2321 taceam
2868 2308 2882 2334 ,
2911 2281 2979 2323 ne
3019 2267 3110 2323 diu
3143 2271 3610 2327 commemorando
3651 2286 3849 2342 parum

2249 2357 2418 2413 dicam
2463 2358 2635 2424 forte,
2685 2374 2839 2428 quam
2891 2361 3110 2429 potestis
3157 2361 3392 2431 cogitare
3423 2363 3462 2416 .
3507 2363 3590 2418 Ex
3640 2365 3849 2421 fabrica

2251 2465 2378 2519 ergo
2406 2450 2505 2504 ista
2553 2450 2958 2508 animadvertite
2987 2455 3142 2522 quale
3177 2454 3410 2510 Verbum
3439 2465 3520 2511 est
3547 2471 3651 2526 per
3697 2457 3846 2529 quod

2247 2539 2382 2595 facta
2407 2549 2523 2596 est:
2555 2549 2608 2596 et
2655 2557 2758 2596 non
2797 2542 2908 2597 sola
2937 2542 3071 2598 facta
3110 2554 3210 2599 est.
3237 2543 3423 2600 Omnia
3447 2547 3588 2602 enim
3627 2549 3845 2617 ista_vi-

2247 2629 2460 2696 dentur,
2490 2631 2612 2700 quia
2641 2631 2906 2701 pertinent
2931 2632 2998 2687 ad
3029 2648 3246 2689 sensum
3281 2636 3538 2705 corporis.
3574 2637 3682 2693 Per
3712 2638 3845 2695 illud

2247 2719 2478 2776 Verbum
2519 2729 2573 2775 ct
2615 2721 2803 2792 Angeli
2847 2721 2970 2778 facti
3009 2732 3160 2788 sunt;
3207 2741 3300 2795 per
3343 2725 3467 2781 illud
3499 2727 3745 2784 Verbum
3790 2740 3844 2785 et

2245 2809 2562 2880 Archangeli
2604 2810 2725 2866 facti
2755 2821 2916 2879 sunt;
2945 2813 3242 2870 Potestates
3265 2856 3281 2881 ,
3323 2815 3522 2884 Sedes,
3573 2817 3840 2875 Domina-

2247 2903 2416 2958 tiones
2440 2945 2454 2970 ,
2501 2904 2870 2973 Principatus;
2912 2920 3008 2976 per
3055 2907 3183 2962 illud
3228 2906 3461 2964 Verbum
3510 2909 3653 2967 facta
3710 2923 3837 2969 sunt

2243 2996 2420 3050 omnia
2447 3013 2458 3048 :
2492 2995 2614 3050 hinc
2639 2999 2863 3067 cogitate
2885 2998 3043 3068 quale
3063 2998 3297 3055 Verbum
3317 3010 3416 3057 est.

2315 3086 2402 3141 10.
2441 3085 2747 3165 Respondet
2788 3087 2916 3142 mihi
2956 3089 3116 3145 modo
3159 3090 3293 3147 forte
3340 3093 3518 3149 nescio
3558 3095 3728 3163 quis:
3776 3098 3841 3153 Et

2243 3177 2362 3247 quis
2400 3177 2501 3233 hoc
2543 3177 2776 3234 Verbum
2821 3179 3054 3250 cogitat?
3099 3180 3216 3236 Noli
3254 3197 3381 3253 ergo
3418 3183 3511 3239 tibi
3548 3186 3699 3256 quasi
3738 3187 3845 3243 vile

2242 3267 2439 3338 aliquid
2480 3267 2748 3336 formare,
2793 3285 2910 3326 cum
2952 3269 3106 3326 audis
3148 3272 3378 3329 Verbum
3401 3315 3416 3342 ,
3456 3284 3512 3330 et
3557 3277 3843 3346 conjicere

2244 3359 2401 3414 verba
2428 3375 2545 3430 quae
2569 3360 2719 3415 audis
2747 3360 2983 3429 quotidie
3008 3403 3024 3429 ,
3058 3361 3150 3417 Ille
3179 3363 3300 3417 talia
3323 3363 3482 3420 verba
3501 3364 3669 3433 dixit,
3699 3369 3839 3425 talia

2244 3451 2404 3506 verba
2437 3450 2644 3506 locutus
2671 3461 2785 3520 est,
2834 3452 2953 3507 talia
2983 3454 3143 3509 verba
3184 3454 3311 3509 mihi
3343 3471 3564 3512 narras:
3610 3459 3840 3517 assidue

2241 3543 2383 3597 enim
2437 3542 2661 3598 dicendo
2705 3543 2918 3598 nomina
2955 3545 3272 3614 verborum,
3322 3547 3472 3617 quasi
3515 3546 3831 3617 viluerunt,

2244 3634 2421 3690 verba.
2449 3634 2515 3688 Et
2541 3634 2751 3704 quando
2776 3635 2944 3700 audis,
2976 3635 3044 3690 In
3069 3638 3318 3709 principio
3341 3649 3446 3692 erat
3482 3639 3726 3708 Verbum,
3765 3659 3835 3700 ne

2237 3725 2340 3780 vile
2368 3724 2564 3794 aliquid
2596 3733 2812 3795 putares
2833 3765 2848 3791 ,
2875 3727 3032 3797 quale
3055 3729 3375 3784 consuevisti
3400 3731 3631 3802 cogitare
3650 3774 3664 3797 ,
3697 3748 3832 3795 cum

2239 3816 2400 3870 verba
2452 3817 2679 3870 humana
2723 3817 2926 3873 soleres
2967 3818 3183 3886 audire,
3233 3820 3355 3877 audi
3401 3821 3522 3893 quid
3573 3823 3830 3894 cogites:

2237 3906 2378 3961 Deus
2404 3917 2510 3962 erat
2552 3905 2784 3962 Verbum.

2308 3998 2396 4051 11.
2436 3997 2604 4052 Exeat
2641 4013 2781 4052 nunc
2823 3999 3003 4054 nescio
3048 3999 3166 4070 quis
3208 4000 3434 4058 infidelis
3473 4003 3738 4072 Arianus,
3773 4014 3830 4062 et

2236 4088 2376 4145 dicat
2405 4090 2524 4160 quia
2572 4090 2804 4146 Verbum
2840 4091 2933 4147 Dei
2961 4091 3154 4148 factum
3184 4103 3287 4149 .
3327 4096 3604 4162 Quomodo
3643 4108 3830 4168 potest

2236 4179 2349 4235 eri
2380 4189 2436 4234 ut
2456 4181 2688 4236 Verbum
2712 4182 2806 4237 Dei
2829 4183 3022 4237 factum
3046 4184 3150 4248 sit,
3178 4184 3388 4255 quando
3411 4187 3550 4243 Deus
3570 4203 3667 4259 per
3688 4188 3829 4246 Ver-

2236 4269 2363 4325 bum
2388 4270 2515 4326 fecit
2535 4272 2711 4326 omnia
2732 4273 2754 4326 ?
2775 4271 2828 4328 Si
2858 4281 2913 4328 et
2939 4273 3168 4329 Verbum
3191 4276 3284 4331 Dei
3305 4277 3475 4347 ipsum
3498 4277 3690 4334 factum
3713 4289 3822 4349 est,

2237 4376 2332 4432 per
2355 4361 2496 4431 quod
2519 4361 2658 4416 aliud
2687 4362 2913 4418 Verbum
2942 4363 3135 4421 factum
3158 4367 3276 4423 est?
3306 4369 3359 4424 Si
3385 4368 3488 4425 hoc
3515 4369 3664 4436 dicis,
3693 4372 3825 4441 quia

2235 4462 2317 4509 est
2339 4453 2571 4509 Verbum
2597 4454 2792 4522 Verbi,
2830 4472 2922 4526 per
2951 4458 3091 4528 quod
3118 4458 3312 4514 factum
3338 4468 3420 4516 est
3456 4461 3603 4529 illud,
3641 4462 3823 4532 ipsum

2235 4545 2356 4602 dico
2394 4563 2491 4618 ego
2519 4548 2728 4604 unicum
2760 4547 2949 4604 Filium
2989 4551 3102 4607 Dei.
3130 4552 3186 4607 Si
3209 4563 3384 4609 autem
3407 4569 3512 4610 non
3533 4555 3664 4612 dicis
3685 4555 3826 4612 Ver-

2235 4639 2360 4696 bum
2390 4640 2582 4708 Verbi,
2609 4641 2840 4698 concedc
2871 4658 2976 4699 non
3020 4644 3216 4700 factum
3240 4661 3334 4716 per
3355 4648 3494 4718 quod
3524 4648 3659 4706 facta
3689 4658 3822 4705 sunt

2235 4733 2435 4788 omnia.
2482 4733 2598 4788 Non
2625 4735 2766 4791 enim
2787 4751 2886 4806 per
2923 4736 3153 4806 scipsum
3184 4738 3296 4794 fieri
3325 4741 3527 4809 potuit,
3555 4756 3650 4812 per
3674 4742 3818 4812 quod

2233 4825 2368 4882 facta
2396 4835 2518 4882 sunt
2553 4827 2730 4882 omnia
2764 4845 2776 4879 :
2816 4827 2973 4894 crede
3011 4844 3138 4900 ergo
3180 4830 3547 4903 Evangelistae.
3599 4834 3820 4891 Poterat

2231 4920 2372 4975 enim
2411 4920 2622 4984 dicere,
2657 4920 2712 4974 In
2741 4920 3002 4990 principio
3040 4921 3165 4977 fecit
3194 4923 3333 4978 Deus
3361 4923 3630 4980 Verbum:
3673 4941 3810 4997 quo-

2232 5010 2392 5066 modo
2415 5010 2548 5066 dixit
2585 5010 2792 5082 Moyses
2815 5053 2831 5078 ,
2859 5010 2927 5066 In
2952 5013 3200 5083 principio
3228 5014 3342 5084 fecit
3371 5014 3511 5070 Deus
3549 5017 3730 5072 saxlum
3765 5027 3817 5073 et

2234 5111 2455 5169 terram;
2485 5111 2538 5157 et
2561 5102 2737 5156 omnia
2760 5102 2834 5156 sic
2861 5112 3167 5170 enumerat,
3196 5104 3338 5159 Dixit
3367 5107 3505 5162 Deus
3523 5149 3538 5174 ,
3581 5108 3733 5176 Fiat,
3760 5121 3816 5165 et

2230 5194 2423 5250 factum
2449 5203 2530 5249 est
2555 5192 2703 5266 (Gen.
2728 5193 2792 5265 ).
2817 5193 2872 5249 Si
2897 5194 3055 5262 dixit,
3082 5196 3200 5267 quis
3223 5196 3388 5252 dixit?
3426 5199 3618 5272 Utique
3645 5200 3808 5256 Deus.

2231 5285 2301 5341 Et
2327 5285 2452 5355 quid
2478 5284 2671 5340 factum
2711 5293 2793 5340 est
2814 5286 2836 5338 ?
2859 5285 3116 5342 Creatura
3153 5287 3346 5359 aliqua.
3376 5288 3518 5347 Inter
3544 5290 3812 5348 dicentem

2229 5377 2397 5432 Deum
2426 5385 2479 5432 et
2507 5376 2696 5432 factam
2724 5384 3020 5432 creaturam
3060 5377 3185 5448 quid
3213 5388 3294 5435 est
3317 5396 3414 5452 per
3440 5381 3584 5454 quod
3613 5383 3812 5439 factum

2229 5477 2343 5533 est,
2389 5468 2492 5523 nisi
2520 5467 2784 5524 Verbum?
2811 5467 2932 5537 quia
2953 5467 3087 5523 dixit
3126 5469 3266 5525 Deus
3288 5512 3302 5535 ,
3333 5469 3483 5542 Fiat,
3520 5482 3574 5530 et
3612 5474 3811 5531 factum

2229 5571 2329 5618 est.
2362 5562 2472 5618 Hoc
2513 5561 2746 5617 Verbum
2773 5561 3238 5620 incommutabile:
3276 5566 3515 5636 quamvis
3538 5567 3811 5624 mutabilia

2229 5668 2325 5726 per
2351 5653 2579 5708 Verbum
2613 5651 2768 5721 (iant,
2803 5652 2972 5724 ipsum
3001 5653 3431 5713 incommutabile
3460 5667 3560 5714 est.

2333 5772 2459 5815 unus
2474 5763 2860 5833 -
2879 5764 3035 5833 005181.!
3053 5799 3069 5825 .
3168 5764 3328 5833 nam
3352 5779 3498 5832 quam
3734 5780 3812 5820 co-

2227 5824 2399 5894 -
2433 5827 2548 5895 sine
2699 5824 3074 5895 )
3105 5835 3209 5877 uss-
3231 5824 3410 5895 .omisa
3440 5824 3699 5895 parum.
3724 5845 3805 5893 ex.

2228 5885 2537 5957 prosequitur
2554 5889 2624 5939 sic
2644 5902 2656 5939 :
2684 5885 2889 5940 Ivabrica
2910 5901 3036 5954 ergo
3046 5887 3140 5941 ista
3160 5885 3508 5958 ,
3533 5885 3698 5959 quale,
3711 5885 3808 5945 etc;
