4036 6394
292 470 373 527 l2.
406 467 518 526 Noli
540 481 682 542 ergo
709 468 936 526 credere
958 466 1156 524 factum
1173 507 1190 534 ,
1218 481 1314 539 per
1340 464 1485 538 quod
1508 464 1645 521 facta
1667 473 1796 521 sunt

234 562 423 618 omnia:
461 574 529 616 ne
569 574 682 617 non
708 558 966 617 reﬁciaris
995 574 1093 631 per
1118 557 1390 628 Verbum,-
1410 573 1510 629 per
1526 556 1672 629 quod
1711 572 1798 613 re-

234 653 462 711 ﬁciuntur
486 640 836 711 omniaflam
863 652 1004 709 enim
1027 651 1198 709 factus
1219 667 1281 710 es
1306 667 1403 724 per
1421 650 1678 721 Verbum,
1700 650 1796 709 sed

186 780 197 823 ε
233 754 421 819 oportet
447 756 498 802 te
537 745 688 803 reﬁci
710 760 807 817 per
841 743 1114 800 Verbum:
1164 743 1211 800 si
1249 751 1430 801 autem
1468 743 1608 799 mala
1637 742 1798 801 fuerit

229 838 348 896 ﬁdes
369 850 451 895 tua
475 837 550 895 de
569 836 773 901 Verbo,
800 852 905 892 non
930 836 1126 906 poteris
1153 835 1300 891 reﬁci
1326 849 1428 907 per
1448 833 1705 891 Verbum.
1726 833 1799 890 Et

229 932 269 986 si
287 929 369 985 tibi
387 930 613 1001 contigit
634 930 750 986 ﬁeri
772 944 869 1000 per
887 928 1142 992 Verbum,
1167 936 1225 984 ut
1243 942 1340 999 per
1359 927 1489 984 illud
1509 927 1680 983 factus
1698 927 1795 995 sis,

228 1039 312 1097 per
332 1031 381 1079 te
404 1021 633 1079 delicis:
677 1022 726 1077 si
765 1037 865 1093 per
889 1029 942 1077 te
962 1021 1146 1077 deficis
1165 1061 1180 1086 ,
1207 1019 1298 1077 ille
1324 1027 1378 1075 te
1401 1018 1603 1076 reﬁciat
1627 1019 1719 1090 qui
1745 1026 1800 1075 te

229 1115 338 1172 fecit
359 1132 372 1170 :
400 1117 444 1170 si
473 1131 577 1185 per
596 1124 651 1170 te
669 1112 906 1169 deterior
926 1111 1158 1169 efﬁceris
1172 1152 1187 1172 .
1214 1110 1304 1166 ille
1328 1118 1383 1167 te
1406 1118 1615 1168 recreet
1631 1109 1725 1181 qui
1745 1117 1799 1166 te

212 1198 426 1265 creavit.
447 1206 736 1277 Quomodo
781 1215 833 1262 te
867 1213 1048 1261 autem
1076 1212 1286 1261 recreet
1325 1219 1422 1274 per
1450 1201 1681 1259 Verbum
1699 1242 1717 1268 ,
1751 1202 1799 1258 si

229 1301 351 1357 male
384 1298 586 1371 aliquid
631 1297 840 1354 sentias
867 1296 935 1353 de
981 1294 1202 1352 Verbo?
1250 1294 1590 1365 Evangelista
1626 1293 1797 1361 dicit,

229 1388 288 1446 fa
312 1391 562 1463 principio
602 1398 708 1445 erat
742 1387 1002 1451 Verbum;
1045 1395 1101 1442 et
1142 1394 1197 1441 tu
1239 1384 1404 1453 dicis,
1432 1383 1492 1440 In
1537 1382 1801 1457 principio

230 1481 405 1540 factum
424 1492 511 1538 est
541 1482 795 1538 Verbum.
828 1480 948 1546 Ille,
978 1479 1164 1534 Omnia
1188 1495 1279 1550 per
1304 1480 1471 1546 ipsum
1493 1481 1629 1551 facta
1648 1463 1819 1546 sunt,‘

229 1572 378 1639 dicit;
421 1582 475 1630 et
504 1583 569 1627 tu
589 1572 724 1628 dicis
744 1570 868 1642 quia
896 1579 951 1626 et
976 1569 1150 1640 ipsum
1175 1568 1413 1625 Verbum
1450 1567 1650 1625 factum
1693 1578 1796 1626 est.

228 1665 421 1721 Putet-at
459 1663 651 1719 dicere
692 1660 1027 1731 Evangelista
1046 1699 1062 1726 ,
1085 1658 1143 1715 In
1187 1659 1448 1730 principio
1485 1658 1684 1715 factum
1717 1667 1806 1716 est

230 1757 481 1816 Verbum:
519 1757 619 1814 sed
647 1755 773 1828 quid
793 1755 905 1811 ait?
931 1753 1001 1810 In
1029 1754 1280 1826 principio
1316 1764 1421 1810 erat
1459 1752 1698 1810 Verbum.
1745 1754 1803 1810 Si

230 1860 352 1917 erat,
370 1866 473 1908 non
494 1858 586 1907 est
603 1848 803 1905 factum
819 1889 836 1915 ,
862 1856 923 1902 ut
950 1847 1051 1902 ista
1078 1845 1257 1903 omnia
1278 1860 1374 1917 per
1396 1846 1569 1916 ipsum
1592 1847 1801 1912 ﬁerent,

232 1955 282 2003 et
301 1946 407 2002 sine
426 1945 554 2017 ipso
577 1943 732 1999 nihil.
759 1941 818 1998 Si
843 1956 972 2012 ergo
995 1940 1179 1995 eratin
1203 1939 1453 2012 principia
1492 1938 1730 2004 Verbum,
1759 1949 1805 1994 et

240 2035 435 2093 Verbum
456 2045 574 2092 erat
600 2033 741 2106 apud
761 2032 926 2088 Deum
941 2073 956 2099 ,
988 2042 1035 2087 et
1060 2031 1196 2086 Deus
1216 2041 1323 2087 erat
1352 2029 1605 2086 Verbum:
1628 2031 1673 2086 si
1696 2047 1802 2086 non

236 2138 375 2201 potes
407 2129 645 2201 cogitare
681 2125 810 2198 quid
841 2125 943 2190 sit,
969 2123 1125 2180 differ
1150 2132 1207 2179 ut
1250 2137 1485 2179 crescas.
1526 2123 1619 2178 llle
1654 2122 1804 2178 cibus

237 2232 340 2288 est,
362 2223 541 2293 accipe
564 2221 650 2277 lac
678 2230 736 2275 ut
763 2217 1044 2283 nutriaris,
1074 2225 1132 2272 ut
1155 2216 1229 2271 sis
1254 2214 1461 2271 validus
1487 2214 1554 2271 ad
1584 2215 1804 2285 capien-

235 2312 348 2369 dum
372 2312 573 2371 cibum.

298 2405 380 2461 l3.
405 2403 552 2460 Sane
571 2444 587 2471 ,
613 2401 832 2467 fratres,
861 2399 1004 2472 quod
1030 2398 1289 2470 sequitur,
1321 2395 1506 2452 Omnia
1532 2413 1621 2468 per
1640 2397 1807 2469 ipsum

238 2499 358 2568 facta
380 2503 491 2550 sunt
509 2535 530 2561 ,
562 2502 612 2549 et
636 2493 745 2547 sine
771 2493 883 2562 ipso
905 2491 1099 2561 factum
1135 2498 1209 2544 est
1234 2488 1395 2556 nihil,
1425 2489 1601 2546 videte
1629 2503 1699 2546 ne
1727 2489 1807 2545 sic

237 2588 489 2658 cogitetis,
536 2586 662 2657 quia
690 2584 822 2639 nihil
856 2582 1054 2654 aliquid
1101 2592 1203 2639 est.
1246 2581 1436 2639 Solent
1472 2582 1616 2638 enim
1655 2582 1806 2637 multi

236 2683 361 2734 male
385 2678 775 2748 intelligentes,
806 2676 915 2730 sine
954 2674 1066 2745 ipso
1106 2676 1298 2746 factum
1324 2680 1397 2729 est
1425 2671 1589 2740 nihil,
1616 2680 1807 2743 putare

237 2773 412 2844 aliquid
438 2786 567 2829 esse
609 2769 760 2825 nihil.
793 2768 1072 2828 Peccatum
1108 2765 1322 2837 quidem
1362 2780 1469 2821 non
1499 2780 1595 2836 per
1635 2767 1806 2836 ipsum

240 2863 414 2919 factum
436 2872 558 2920 est:
590 2869 646 2917 et
673 2858 1011 2916 manifestum
1048 2864 1166 2925 est,
1197 2857 1319 2927 quia
1358 2864 1632 2927 peccatum
1674 2855 1806 2911 nihil

238 2968 342 3025 est,
383 2966 436 3013 et
459 2955 598 3012 nihil
628 2953 760 3010 ﬁunt
797 2950 1041 3007 homines
1080 2964 1202 3005 cum
1229 2958 1474 3019 peccant.
1504 2947 1573 3003 Et
1608 2947 1806 3003 idolum

238 3063 334 3103 non
361 3063 449 3118 per
474 3045 713 3103 Verbum
750 3045 945 3098 factum
982 3048 1104 3097 est:
1137 3039 1299 3095 habet
1334 3038 1549 3109 quidem
1578 3037 1805 3094 formam

239 3139 504 3210 quamdam
551 3136 870 3202 humanam,
922 3132 1017 3189 sed
1066 3132 1183 3202 ipse
1228 3130 1389 3187 homo
1434 3145 1530 3202 per
1574 3128 1809 3187 Verbum

242 3229 393 3285 factus
415 3237 531 3295 est;
554 3242 681 3283 nam
710 3226 879 3282 forma
905 3223 1139 3281 hominis
1162 3224 1216 3279 in
1241 3222 1403 3287 idolo,
1427 3237 1534 3278 non
1560 3236 1657 3293 per
1677 3219 1809 3279 Ver-

241 3319 366 3392 bum,
390 3318 527 3376 facta
555 3327 672 3385 est;
714 3326 770 3374 et
791 3316 1045 3388 scriptum
1075 3323 1185 3381 est,
1215 3315 1418 3370 Scimus
1439 3313 1559 3385 quia
1583 3313 1712 3368 nihil
1736 3322 1810 3369 est

241 3413 418 3469 idolum
442 3413 489 3486 (l
509 3411 632 3468 Cor.
661 3426 758 3467 vm
776 3451 793 3477 ,
819 3410 896 3482 ὁ).
926 3410 1067 3480 Ergo
1105 3408 1206 3463 ista
1244 3422 1352 3464 non
1378 3415 1504 3463 sunt
1543 3406 1683 3461 facta
1714 3419 1810 3476 per

240 3503 501 3570 Verbum;
547 3502 645 3560 sed
700 3515 1047 3574 quaecumque
1099 3498 1409 3555 naturaliter
1453 3497 1593 3553 facta
1642 3506 1769 3553 sunt
1790 3538 1806 3566 ,

239 3612 570 3669 quaecumque
595 3605 721 3651 sunt
742 3594 794 3650 in
818 3592 1096 3660 creaturis,
1115 3589 1293 3647 omnia
1317 3589 1537 3646 omnino
1560 3604 1680 3661 qua:
1705 3589 1810 3645 ﬁxa

241 3690 290 3745 in
306 3687 440 3748 caelo
461 3696 617 3754 sunt,
644 3701 766 3760 quae
789 3684 989 3758 fulgent
1014 3684 1243 3753 desuper
1261 3723 1276 3747 ,
1307 3697 1428 3754 qua:
1454 3682 1680 3738 volitant
1708 3682 1809 3739 sub

241 3781 403 3849 celo,
428 3788 483 3837 et
506 3794 627 3853 quae
655 3785 940 3834 moventur
965 3777 1019 3832 in
1053 3775 1072 3808 ί
1104 3774 1349 3831 universa
1382 3782 1571 3830 natura
1598 3789 1807 3842 rerum,

242 3871 403 3928 omnis
424 3870 645 3928 omnino
670 3878 950 3926 creatura:
980 3865 1155 3923 dicam
1180 3865 1386 3937 planius
1409 3906 1426 3935 ,
1454 3865 1630 3921 dicam
1648 3907 1665 3934 ,
1696 3864 1811 3921 fra-
1840 3922 1847 3927 _

200 3984 227 4069 ἐξ
244 3971 345 4021 tres
359 4004 375 4032 ,
394 3975 452 4021 ut
482 3962 793 4035 iutelligatis
812 4004 828 4029 ,
856 3961 924 4018 ab
946 3960 1140 4032 angelo
1161 3973 1328 4030 usque
1348 3958 1416 4014 ad
1437 3958 1807 4014 vermiculum.
1831 3950 1839 3980 τ

242 4057 367 4128 Quid
391 4056 695 4130 praeclarius
737 4056 927 4128 angelo
955 4055 1008 4110 in
1033 4051 1331 4110 creaturis?
1367 4051 1492 4123 quid
1518 4052 1812 4113 extremius

242 4150 519 4207 vermiculo
542 4151 597 4207 in
625 4146 923 4205 creaturis?
949 4145 1053 4202 Per
1076 4159 1233 4217 quem
1253 4143 1424 4200 factus
1445 4154 1530 4199 est
1546 4143 1768 4214 angelus
1790 4180 1810 4211 ,

243 4256 334 4314 per
366 4244 533 4314 ipsum
557 4241 730 4298 factus
755 4248 839 4297 est
877 4248 932 4295 et
958 4237 1319 4294 vermiculus:
1348 4235 1442 4292 sed
1480 4235 1701 4308 angelus
1725 4235 1808 4290 di-

242 4350 369 4406 gnus
389 4338 552 4405 emlo,
576 4334 900 4391 vermiculus
920 4342 1080 4389 terra.
1108 4330 1211 4400 Qui
1237 4329 1471 4396 creavit,
1494 4330 1609 4399 ipse
1631 4327 1814 4400 dispo-

241 4428 359 4487 suit.
380 4429 437 4486 Si
457 4437 680 4503 poneret
703 4427 1050 4484 vermiculum
1070 4425 1123 4480 in
1151 4423 1319 4490 caelo,
1352 4420 1808 4492 reprehenderes;

243 4521 286 4577 si
306 4522 463 4579 vellet
485 4521 714 4593 Angelos
738 4518 883 4574 nasci
899 4519 967 4574 de
986 4514 1413 4590 putrescentibus
1432 4514 1700 4580 carnibus,
1732 4528 1811 4570 re-

242 4612 616 4685 prehenderes:
661 4621 717 4668 et
745 4620 919 4668 tamen
947 4624 1113 4681 prope
1140 4607 1243 4663 hoc
1272 4605 1396 4662 facit
1422 4606 1561 4664 Deus
1580 4647 1595 4671 ,
1624 4615 1810 4662 etnon

244 4714 320 4762 est
343 4703 823 4777 reprehendendus.
870 4700 1003 4758 Nam
1033 4714 1221 4756 omnes
1251 4698 1497 4755 homines
1537 4698 1605 4755 de
1650 4711 1812 4754 carne

245 4806 538 4864 nascentes,
584 4795 713 4870 quid
757 4804 881 4852 sunt
913 4794 1014 4850 nisi
1050 4793 1304 4855 vermes?
1346 4798 1403 4846 et
1443 4790 1512 4846 de
1540 4789 1811 4847 vermibus

246 4889 465 4962 Angelos
501 4888 640 4947 facit.
668 4887 724 4945 Si
751 4886 894 4943 enim
932 4886 1048 4957 ipse
1083 4884 1339 4939 Dominus
1384 4881 1547 4947 dicit,
1581 4880 1691 4953 Ego
1717 4897 1811 4935 au-

248 4990 337 5036 tem
373 4997 485 5038 sum
520 4981 729 5047 vermis,
772 4987 819 5034 et
866 4994 966 5033 non
1009 4976 1159 5032 homo
1203 4971 1372 5046 (Psal.
1417 4988 1544 5041 xxx,
1570 4970 1662 5044 7);
1691 4971 1811 5044 quis

247 5073 439 5131 dubitat
459 5073 557 5130 hoc
573 5074 753 5131 dicere
770 5070 912 5144 quod
930 5070 1186 5140 scriptum
1207 5076 1289 5124 est
1308 5075 1363 5123 et
1384 5068 1436 5123 in
1464 5066 1584 5131 Job,
1607 5065 1811 5134 Quanto

249 5168 394 5239 magis
430 5167 574 5224 homo
615 5166 861 5241 putredo,
902 5173 950 5220 et
997 5164 1137 5234 [ilius
1184 5161 1401 5216 hominis
1438 5161 1618 5215 vermis
1667 5157 1808 5231 (Job

250 5269 376 5322 ιιι,
395 5257 451 5329 6)
473 5257 499 5312 ?
520 5258 695 5316 Primo
720 5257 880 5321 dixit,
910 5259 1060 5312 homo
1092 5254 1343 5327 putredo;
1369 5261 1423 5308 et
1441 5260 1646 5323 postea,
1671 5252 1810 5322 ﬁlius

255 5346 452 5403 hominis
478 5351 690 5405 vermis:
732 5349 854 5420 quia
895 5347 1094 5405 vomis
1122 5346 1190 5403 de
1232 5345 1511 5417 putredine
1537 5345 1807 5413 nascitur,

254 5436 361 5494 ideo
383 5442 525 5494 homo
547 5440 782 5513 putredo,
808 5446 865 5497 et
887 5439 1026 5509 filius
1051 5438 1267 5493 hominis
1291 5437 1490 5493 vermis.
1520 5436 1660 5494 Ecce
1682 5437 1808 5508 quid

254 5531 357 5588 ﬁeri
394 5531 558 5592 vo'uit
600 5542 820 5609 propter
865 5542 949 5597 te,
979 5531 1109 5588 illud
1149 5530 1290 5603 quod
1327 5531 1382 5585 in
1410 5529 1659 5601 principio
1703 5538 1810 5584 erat

261 5619 475 5694 Verbum,
495 5638 541 5683 et
568 5626 790 5686 Verbum
809 5634 917 5682 erat
936 5624 1076 5698 apud
1101 5622 1263 5681 Deum
1278 5666 1294 5692 ,
1321 5632 1366 5678 et
1386 5621 1524 5680 Deus
1545 5630 1654 5678 erat
1687 5621 1810 5677 Ver-

304 5798 407 5852 ιωυ
424 5799 744 5870 inpia-isque
762 5810 871 5857 Mss.
905 5816 1002 5855 non
1025 5809 1104 5855 est
1125 5802 1414 5869 praepositio,
1429 5799 1495 5853 in.

492 5882 709 5950 Sacr
742 5928 756 5946 .
802 5885 1078 5949 Δυευετ.
1124 5884 1231 5969 ιιι.

1481 347 1891 408 TBACTATUS
1928 346 1969 406 l.
2006 351 2234 412 CAPUT
2268 353 2313 411 l.

3343 362 3485 423 I586

1907 463 2044 521 bum.
2068 465 2246 535 Quare
2272 466 2376 525 hoc
2401 468 2597 526 factum
2636 479 2720 528 est
2742 480 2963 545 propter
2993 481 3049 532 te
3064 475 3093 531 τ
3131 475 3203 534 Ut
3226 491 3446 550 cogeres
3462 523 3482 547 ,

1899 557 1992 628 qui
2017 558 2336 617 manducare
2378 576 2485 617 non
2521 571 2753 633 poteras.
2787 564 3019 622 Omnino
3046 582 3209 639 ergo,
3248 570 3441 629 fratres
3463 615 3482 642 ,

1901 650 1981 706 sic
2021 651 2245 722 accipite
2263 693 2281 719 ,
2310 653 2497 710 Omnia
2526 672 2615 724 per
2636 656 2804 729 ipsum
2832 659 2969 730 facta
2987 670 3136 728 sunt,
3170 673 3219 719 et
3245 665 3354 721 sine
3372 667 3486 738 ipso

1904 745 2092 827 factum
2134 753 2207 799 est
2233 745 2378 802 nihil.
2409 746 2666 805 Universa
2705 750 2850 806 enim
2892 762 3135 809 creatura
3177 771 3272 827 per
3314 758 3487 828 ipsum

1902 833 2040 891 facta
2078 846 2193 902 est,
2236 837 2440 909 major,
2472 840 2683 897 minor:
2730 857 2827 913 per
2853 843 3026 913 ipsum
3055 844 3194 903 facta
3235 860 3359 905 sunt
3396 866 3490 906 su-

1903 943 2029 1000 pera
2050 970 2066 995 ,
2092 929 2298 998 infera;
2330 931 2619 1003 spiritualis
2640 973 2657 998 ,
2686 937 3007 1006 corporalis,
3037 953 3133 1010 per
3155 941 3330 1011 ipsum
3352 942 3490 999 faeta

1903 1028 2047 1077 sunt.
2074 1020 2229 1078 Nulla
2255 1025 2398 1078 enim
2428 1023 2629 1091 forma,
2655 1026 2798 1080 nulla
2825 1041 3138 1101 compages,
3186 1033 3329 1087 nulla
3356 1048 3490 1090 cou-

1903 1110 2086 1166 cordia
2112 1112 2339 1182 partium
2361 1154 2378 1181 ,
2411 1114 2557 1170 nulla
2586 1116 2984 1189 qualiscumque
3012 1121 3305 1178 substantia
3326 1164 3342 1191 ,
3369 1140 3492 1195 quae

1904 1213 2084 1275 potest
2125 1204 2323 1263 habere
2353 1207 2591 1278 pondus,
2633 1223 2951 1279 numerum,
2997 1228 3303 1270 mensuram
3328 1257 3343 1280 ,
3389 1217 3494 1273 nisi

1903 1311 2002 1367 per
2028 1296 2157 1352 illud
2185 1296 2417 1353 Verbum
2456 1308 2543 1355 est
2560 1339 2576 1365 ,
2612 1306 2669 1355 et
2690 1300 2758 1355 ab
2783 1300 2874 1357 illo
2899 1301 3079 1359 Verbo
3103 1314 3376 1375 creatore,
3406 1309 3493 1363 cui

1906 1387 2106 1443 dictum
2131 1396 2243 1455 est,
2278 1388 2461 1444 Onmia
2487 1390 2540 1444 in
2564 1407 2799 1446 mensura
2816 1432 2832 1459 ,
2862 1404 2913 1448 et
2936 1410 3145 1452 numero
3162 1437 3178 1465 ,
3207 1406 3254 1451 et
3273 1399 3495 1468 pondere

1906 1478 2197 1551 disposuiin
2222 1480 2375 1551 (Sap.
2404 1496 2463 1536 xx
2484 1523 2498 1547 ,
2524 1481 2637 1553 21).

1978 1571 2067 1626 li.
2089 1570 2257 1627 Nemo
2281 1586 2409 1643 ergo
2436 1587 2533 1628 vos
2556 1573 2723 1640 fallat,
2754 1576 2968 1646 quando
2994 1576 3132 1635 forte
3154 1580 3371 1637 taedium
3396 1597 3497 1654 pa-

1908 1659 2082 1716 timini
2127 1661 2196 1717 ad
2239 1677 2451 1718 muscas
2480 1664 2519 1717 ¹.
2553 1664 2762 1720 Etenim
2791 1667 2952 1739 aliqui
2975 1669 3139 1726 derisi
3161 1681 3286 1728 sunt
3316 1688 3348 1727 a
3374 1674 3495 1730 dia-

1907 1752 2052 1819 bolo,
2077 1762 2134 1810 et
2158 1754 2224 1811 ad
2252 1770 2465 1812 muscas
2492 1757 2633 1827 capti
2660 1767 2803 1813 sunt.
2848 1759 3034 1817 Solent
3075 1763 3216 1819 enim
3261 1780 3497 1839 aucupes

1909 1860 2106 1917 ponere
2134 1848 2189 1902 in
2213 1847 2506 1917 muscipula
2536 1863 2768 1918 muscas,
2791 1859 2849 1907 ut
2874 1854 3169 1911 esurientes
3196 1871 3326 1913 aves
3349 1858 3500 1915 deci-

1909 1935 2057 2006 piaut
2085 1935 2202 1991 :sic
2226 1945 2283 1992 et
2324 1938 2409 1992 isti
2446 1936 2516 1993 ad
2558 1954 2770 1996 muscas
2808 1956 2841 1996 a
2876 1941 3089 1999 diabolo
3114 1944 3325 2019 decepti
3350 1958 3496 2005 sunt.

1904 2027 2039 2083 Nam
2092 2029 2275 2085 nescio
2326 2029 2446 2100 quis
2488 2030 2702 2086 taedium
2757 2032 3053 2102 patiebatur
3101 2036 3167 2092 ad
3215 2053 3427 2096 muscas
3477 2059 3498 2098 :

1907 2120 2114 2176 invenit
2134 2116 2284 2175 illum
2303 2120 2626 2179 Manichacus
2655 2122 2814 2179 tredio
2839 2124 3086 2182 allectum
3110 2145 3127 2195 ;
3173 2138 3229 2184 et
3263 2144 3386 2187 cum
3410 2131 3502 2189 di-

1906 2222 2055 2269 ceret
2081 2228 2141 2270 se
2165 2228 2277 2271 non
2300 2228 2458 2284 posse
2486 2206 2593 2284 pati
2632 2230 2842 2272 muscas
2870 2226 2925 2274 et
2950 2219 3130 2276 odisse
3153 2220 3500 2283 vehementer

1909 2305 2052 2370 illas,
2074 2306 2254 2360 statim
2282 2305 2391 2369 ille,
2417 2306 2547 2373 Quis
2573 2305 2698 2361 fecit
2718 2306 2848 2363 has?
2868 2308 2935 2363 Et
2959 2311 3081 2379 quia
3104 2312 3260 2367 tzedio
3278 2313 3499 2375 allectus

1909 2402 2045 2460 erat,
2077 2404 2132 2449 et
2154 2393 2345 2450 oderat
2383 2395 2520 2461 illas,
2553 2412 2659 2450 non
2684 2411 2846 2451 ausus
2870 2399 3179 2469 estdicere,
3214 2402 3354 2459 Deus
3380 2404 3499 2463 illas

1908 2485 2035 2542 fecit
2061 2503 2076 2542 :
2103 2495 2219 2542 erat
2240 2494 2432 2542 'autem
2460 2488 2773 2544 catholicus.
2802 2488 2897 2546 lllc
2934 2493 3115 2548 statim
3142 2495 3367 2566 subjecit
3391 2515 3407 2552 :
3433 2498 3497 2557 Si

1910 2575 2053 2632 Deus
2078 2575 2197 2635 illas
2223 2590 2331 2631 non
2370 2576 2527 2643 fecit,
2566 2578 2685 2647 quis
2724 2578 2843 2633 illas
2869 2580 3037 2635 fecit?
3060 2583 3248 2652 Plane,
3279 2587 3357 2658 ait
3382 2587 3494 2656 ille,

1909 2683 2011 2740 ego
2029 2667 2194 2725 credo
2217 2668 2339 2739 quia
2365 2667 2612 2724 diabolus
2636 2667 2766 2726 fecit
2789 2686 3021 2728 muscas.
3051 2674 3120 2730 Et
3151 2675 3240 2732 ille
3268 2680 3448 2736 statim
3478 2697 3496 2738 :

1910 2760 1968 2817 Si
2004 2775 2244 2817 muscam
2280 2760 2524 2817 diabolus
2562 2761 2709 2826 fecit,
2756 2762 2891 2819 sicut
2938 2774 2991 2822 te
3029 2765 3183 2823 video
3215 2769 3496 2839 conﬁteri,

1910 2855 2032 2926 quia
2057 2853 2346 2926 prudenter
2370 2853 2649 2924 intelligis,
2678 2869 2830 2925 apem
2869 2856 2988 2927 quis
3015 2857 3161 2926 fecit,
3193 2876 3310 2931 quae
3341 2864 3500 2933 paulo

1909 2947 2137 3018 amplior
2162 2954 2247 3003 est
2286 2945 2502 3003 musca?
2543 2945 2658 3001 Non
2699 2961 2859 3004 ausus
2897 2949 2988 3005 ille
3017 2960 3102 3007 est
3140 2951 3321 3009 dicere
3374 2957 3500 3027 quia

1911 3037 2054 3094 Deus
2081 3038 2206 3095 fecit
2231 3053 2384 3109 apem
2403 3078 2421 3106 ,
2450 3046 2507 3094 et
2536 3054 2773 3096 muscam
2800 3056 2907 3096 non
2935 3041 3087 3109 fecit;
3127 3046 3248 3116 quia
3275 3062 3361 3103 res
3384 3059 3502 3106 erat

1911 3130 2173 3202 proxima.
2202 3130 2284 3186 Ab
2311 3145 2411 3201 ape
2434 3129 2584 3186 duxit
2615 3130 2683 3186 ad
2715 3130 2972 3189 locustam
2990 3176 3007 3203 ,
3030 3149 3062 3190 a
3092 3136 3292 3193 locusta
3319 3138 3387 3194 ad
3416 3139 3498 3196 la-

1910 3232 2118 3279 certum
2137 3264 2152 3288 ,
2194 3237 2224 3277 a
2268 3222 2469 3279 lacerto
2493 3222 2561 3278 ad
2588 3238 2740 3279 avem
2758 3265 2774 3291 ,
2804 3225 2872 3279 ab
2897 3241 2996 3280 ave
3028 3226 3179 3283 duxit
3207 3228 3271 3283 ad
3298 3244 3495 3300 pecus,

1913 3311 2037 3369 inde
2061 3312 2129 3368 ad
2153 3312 2366 3377 bovem,
2393 3312 2517 3368 inde
2542 3313 2608 3368 ad
2637 3314 2997 3385 elephantem,
3015 3328 3286 3389 postremo
3309 3324 3376 3378 ad
3401 3323 3500 3380 ho-

1910 3403 2144 3471 minem;
2170 3413 2225 3459 et
2251 3404 2513 3474 persuasit
2539 3404 2735 3461 homini
2760 3407 2884 3478 quia
2914 3423 3019 3463 non
3040 3390 3200 3468 abeo
3225 3413 3393 3470 factus
3412 3425 3500 3474 est

1912 3493 2095 3551 homo.
2110 3493 2184 3550 lla
2202 3495 2292 3550 ille
2308 3495 2471 3552 miser
2493 3512 2615 3552 cum
2634 3497 2844 3554 taedium
2860 3517 3051 3572 passus
3069 3512 3152 3558 est
3172 3505 3237 3560 ad
3260 3522 3495 3577 muscas,

1911 3601 2095 3643 musca
2131 3586 2302 3642 factus
2329 3596 2431 3655 est,
2462 3604 2619 3659 quem
2649 3588 2892 3647 diabolus
2930 3593 3244 3666 possideret.
3281 3596 3499 3657 Beelze-

1910 3679 2019 3735 bub
2042 3679 2237 3752 quippe
2274 3678 2606 3751 interpretari
2644 3680 2838 3738 dicitur
2863 3684 3111 3757 princeps
3146 3702 3447 3747 muscarum
3480 3711 3496 3747 :

1911 3770 1980 3827 de
2004 3771 2197 3843 quibus
2220 3771 2473 3842 scriptum
2492 3782 2595 3840 est,
2628 3772 2823 3830 Musca:
2842 3777 3099 3833 moritura
3120 3780 3142 3811 ³
3167 3784 3501 3840 erteniiinaut

1911 3864 2077 3919 oleum
2100 3863 2356 3920 maritalis
2381 3863 2581 3936 (Eccle.
2611 3880 2666 3932 ι,
2697 3864 2774 3938 l).

1986 3956 2073 4011 15.
2106 3955 2241 4023 Quid
2271 3956 2465 4026 igitur,
2495 3956 2719 4012 fratres?
2746 3974 2912 4030 quare
2948 3960 3048 4017 ista
3087 3962 3233 4018 dixi?
3259 3964 3502 4024 Claudite

1915 4064 2075 4107 aures
2101 4049 2280 4105 cordis
2308 4049 2472 4105 vestri
2497 4049 2756 4106 adversus
2783 4052 2937 4109 dolos
2962 4054 3197 4123 inimici;
3222 4057 3501 4129 intelligite

1914 4144 2038 4215 quia
2068 4144 2206 4198 Deus
2236 4142 2361 4198 fecit
2388 4143 2586 4209 omnia,
2613 4150 2669 4199 et
2694 4143 2745 4198 in
2775 4145 2888 4200 snis
2918 4146 3169 4215 gradibus
3194 4149 3496 4206 collocavit.

1913 4236 2090 4304 Quare
2135 4246 2313 4292 autem
2353 4236 2581 4305 patimur
2620 4236 2783 4292 multa
2821 4238 2958 4293 mala
2992 4255 3023 4294 a
3055 4251 3297 4297 creatura
3336 4260 3500 4314 quam

1913 4330 2039 4387 fecit
2079 4329 2253 4385 Deus?
2290 4326 2424 4396 Quia
2465 4328 2787 4387 ollendimus
2826 4331 3031 4388 Deum?
3076 4333 3339 4407 Numquid
3386 4338 3501 4396 haec

1915 4424 2102 4496 Angeli
2129 4422 2438 4494 patiuntur?
2464 4420 2729 4478 Fortassis
2748 4432 2806 4480 et
2828 4440 2926 4480 nos
2948 4426 3001 4480 in
3027 4427 3130 4491 vita
3160 4428 3259 4484 ista
3281 4430 3369 4486 illa
3391 4446 3497 4489 non

1913 4515 2242 4572 timeremus.
2274 4515 2349 4570 De
2381 4531 2534 4585 poma
2560 4524 2648 4571 tua
2679 4525 2953 4586 peccatum
2976 4527 3120 4574 tuum
3148 4537 3360 4591 accusa,
3391 4540 3501 4584 non

1908 4607 2162 4678 iudicem.
2188 4606 2321 4662 Nam
2350 4616 2568 4678 propter
2593 4610 2897 4679 superbiam
2926 4611 3153 4669 instituit
3180 4615 3322 4672 Deus
3342 4618 3499 4676 istam

1912 4708 2210 4756 creaturam
2253 4701 2524 4755 minimam
2568 4709 2623 4756 et
2661 4701 3070 4772 abjectissimam
3103 4705 3145 4775 ³,
3176 4717 3234 4762 ιιι
3260 4709 3370 4780 ipsa
3400 4727 3501 4769 nos

1913 4801 2188 4864 torqueret
2214 4810 2227 4847 :
2261 4801 2319 4849 ut
2342 4808 2462 4848 cum
2491 4793 2752 4865 superbus
2771 4793 2931 4852 fuerit
2950 4797 3130 4865 homo,
3162 4810 3217 4856 et
3238 4816 3299 4858 se
3323 4804 3500 4873 jacta-

1910 4884 2049 4939 verit
2071 4884 2326 4940 adversus
2356 4884 2554 4950 Deum;
2585 4894 2659 4952 et,
2690 4901 2811 4941 cum
2839 4888 2909 4943 sit
2936 4890 3193 4955 mortalis,
3216 4895 3500 4952 mortalem
3582 4926 3611 4953 ηδ

1919 4980 2191 5042 terruerit;
2208 4985 2282 5044 et,
2309 4990 2431 5032 cum
2458 4975 2529 5032 sit
2551 4977 2732 5045 honto,
2760 4981 3062 5052 proximum
3091 4983 3361 5043 hominem
3390 5004 3500 5046 non
3570 4970 3609 5047 Ψ

1913 5069 2219 5139 agnoverit;
2246 5083 2368 5124 cum
2402 5082 2462 5124 se
2499 5071 2749 5137 erexerit,
2772 5071 3033 5142 pulicibus
3058 5076 3332 5133 subdatur.
3360 5081 3500 5149 Quid

1912 5160 2158 5231 estquod
2190 5170 2242 5216 te
2271 5159 2423 5217 inﬁas
2449 5161 2677 5218 humana
2705 5165 2987 5235 superbia?
3026 5167 3196 5225 llomo
3235 5172 3329 5227 tibi
3365 5172 3506 5232 dixit

1913 5254 2230 5336 convicimn,
2257 5264 2312 5310 ct
2341 5255 2597 5322 tumuisti,
2627 5264 2681 5311 ct
2711 5256 2876 5314 iratus
2900 5273 2992 5325 es;
3016 5260 3280 5331 pulicibus
3306 5263 3502 5320 resiste

1980 5431 1992 5460 ¹
2022 5430 2173 5504 mliti,
2195 5426 2414 5504 patimini
2435 5444 2466 5480 α
2498 5432 2676 5483 muscis
2700 5444 2720 5484 :
2743 5438 2797 5504 et
2828 5432 2970 5497 paulo
3004 5426 3155 5504 infra,
3177 5435 3447 5501 patiebatur
3464 5452 3503 5490 α

1913 5496 2121 5552 uiuacis;
2144 5496 2453 5558 itempostea
2472 5529 2498 5558 ,Α
2526 5507 2693 5558 passus
2719 5499 2791 5546 est
2826 5496 2858 5558 α
2886 5496 3078 5549 muscis.
3105 5496 3160 5548 Al.
3178 5496 3301 5548 'Mss.
3325 5512 3499 5553 omnes

1912 5559 2049 5626 const
2065 5559 2196 5627 'nter.
2210 5554 2409 5626 habent,
2432 5555 2499 5628 ad
2516 5554 2705 5611 amaras
2734 5557 3137 5669 :scilicet'masi
3151 5560 3354 5623 quadam
3377 5561 3502 5615 Afris

1912 5623 2105 5669 ttattata.
2126 5621 2198 5665 ut:
2221 5622 2398 5666 mento
2417 5630 2573 5667 visum
2599 5626 2677 5669 est
2696 5626 2977 5669 [m'amensa
3077 5657 3087 5667 .

1911 5621 2105 5674 usitata,
2126 5621 2198 5665 uti
2221 5621 2398 5666 merito
2417 5621 2573 5667 visum
2599 5626 2677 5670 est
2696 5621 3087 5670 mt'aniensihus.

1974 5679 1996 5750 ξ
2020 5682 2152 5750 _Lov.,_
2448 5691 2465 5729 :
2485 5679 2750 5750 cujuslocp
2775 5681 2892 5750 editi
2906 5681 2993 5750 alii
3011 5688 3064 5733 et
3083 5688 3211 5744 Mss,
3226 5682 3494 5750 moriturae.

1912 5738 2357 5864 “(masque
2389 5747 2519 5805 Mss,
2542 5738 2746 5793 instituit
2767 5746 2817 5793 ut
2852 5740 2945 5792 ista
2981 5738 3207 5798 creatura
3235 5744 3431 5803 minima
3452 5738 3499 5802 et

2587 5882 3256 5969 (Quarante-quatre.)
