4036 6394
319 448 453 506 1589

317 567 402 622 die
428 565 700 620 dominico
719 570 995 619 tradatum
1020 575 1138 618 esse
1158 559 1533 636 meminimus,
1559 560 1612 615 id
1639 569 1754 627 est,
1788 579 1808 613 ι
1840 560 1899 615 In

319 658 584 728 principio
611 665 722 712 emt
747 656 978 711 Verbum
1001 698 1014 718 ,
1047 664 1100 710 et
1121 654 1356 709 Verbum
1385 663 1498 708 erat
1525 652 1662 721 apud
1695 653 1859 707 Deum
1882 694 1898 716 ,

317 760 369 804 et
413 749 557 803 Deus
606 756 718 802 erat
769 747 994 802 Verbum
1025 763 1038 798 :
1071 746 1171 800 hoc
1213 757 1328 801 erat
1373 746 1426 800 in
1473 745 1734 815 principio
1763 743 1902 814 apud

315 841 503 896 Deum.
533 839 724 895 Omnia
757 854 857 910 per
879 838 1048 908 ipsum
1071 839 1214 892 facta
1248 846 1407 904 sunt,
1435 847 1488 892 et
1521 838 1638 891 sine
1679 835 1798 906 ipso
1819 836 1899 890 fa-

316 943 454 987 ctum
485 939 573 986 est
620 930 767 985 nihil
797 929 949 997 Quod
970 931 1166 984 factum
1200 939 1281 984 est
1301 970 1315 991 ,
1360 929 1411 982 in
1444 929 1533 983 illo
1559 927 1665 982 vita
1692 935 1813 991 est;
1847 933 1903 980 et

314 1025 424 1078 vita
473 1032 594 1079 erat
615 1023 703 1077 ius
750 1023 1058 1089 hominum;
1091 1031 1145 1077 et
1174 1022 1266 1076 lux
1295 1022 1347 1076 in
1374 1020 1610 1077 tenebris
1639 1021 1779 1074 lucet
1800 1061 1815 1085 ,
1848 1027 1902 1074 et

313 1116 552 1170 tenebrae
601 1129 715 1171 eam
764 1130 871 1169 non
919 1113 1456 1183 comprehenderunt.
1500 1131 1518 1164 ι
1578 1111 1690 1166 Huc
1734 1120 1901 1179 usque

313 1216 599 1262 tractatum
649 1221 766 1261 esse
809 1205 970 1260 credo
1003 1223 1017 1260 :
1046 1204 1400 1259 recordamini
1442 1219 1626 1258 omnes
1669 1204 1756 1274 qui
1803 1202 1909 1256 ade

311 1298 521 1362 fuistis;
545 1292 550 1294 ’
573 1307 628 1353 et
673 1297 764 1368 qui
791 1312 897 1351 non
928 1297 1170 1351 adfuistis
1190 1337 1204 1361 ,
1253 1296 1454 1350 credite
1483 1296 1649 1365 {nobis
1672 1338 1687 1362 ,
1718 1304 1771 1350 et
1817 1296 1902 1351 his

316 1395 400 1464 qui
429 1393 623 1448 adesse
652 1393 953 1464 voluerunt.
999 1391 1151 1446 Nunc
1179 1405 1307 1460 ergo
1333 1391 1453 1460 quia
1483 1405 1585 1444 non
1621 1405 1901 1459 posaumus

314 1497 528 1554 semper
555 1459 730 1538 munia
759 1484 1046 1552 replicare,
1079 1491 1296 1552 pr0pter
1324 1497 1416 1536 eos
1457 1482 1545 1551 qui
1575 1480 1674 1535 hoc
1719 1481 1902 1534 volunt

316 1577 496 1632 audire
523 1578 664 1646 quod
697 1577 936 1644 sequitur
955 1618 970 1641 ,
1014 1584 1068 1629 et
1094 1575 1240 1630 oneri
1271 1583 1352 1628 est
1379 1574 1483 1629 illis
1507 1575 1549 1628 si
1597 1582 1903 1643 repetantur

315 1669 488 1738 priora
515 1681 641 1722 cum
688 1658 1086 1721 defraudatione
1113 1666 1500 1736 posteriorum;
1540 1665 1821 1732 dignentur
1850 1672 1904 1718 et

315 1759 402 1828 qui
444 1771 549 1812 non
580 1759 801 1811 aderant
832 1771 934 1810 non
960 1759 1228 1826 praeterita
1269 1757 1480 1826 exigere
1501 1797 1515 1824 ,
1546 1756 1642 1811 sed
1669 1771 1790 1812 cum
1817 1754 1904 1810 his

316 1851 401 1920 qui
430 1850 654 1904 aderant
682 1859 736 1903 et
772 1865 912 1904 nunc
948 1848 1132 1903 audire
1162 1848 1462 1919 pra-sentin.

383 1945 439 1998 2.
472 1943 729 2013 Sequitur
748 1985 762 2008 ,
820 1941 938 1995 Fuit
977 1942 1124 1996 homo
1152 1942 1334 1996 missus
1358 1959 1388 1993 ιι
1418 1941 1522 1997 Deo
1547 1983 1561 2008 ,
1604 1942 1686 1994 cui
1725 1957 1904 1995 nomen

319 2047 420 2090 erat
439 2033 689 2087 Joannes.
711 2033 924 2097 Etenim
952 2049 1012 2088 ea
1042 2050 1159 2103 quze
1185 2032 1322 2086 dicta
1353 2041 1476 2086 sunt
1495 2033 1736 2102 superius
1757 2074 1771 2100 ,
1800 2032 1904 2085 l'ra-

325 2134 430 2181 tres
453 2125 777 2191 charissitni,
806 2125 871 2178 de
902 2123 1172 2179 divinitate
1198 2123 1392 2178 Christi
1415 2124 1552 2177 dicta
1574 2134 1696 2177 sunt
1722 2123 1905 2178 inetia-

325 2217 431 2278 bili,
463 2228 516 2272 et
545 2233 717 2288 prope
743 2217 1095 2272 ineﬂabiliter.
1117 2215 1247 2286 Quis
1275 2220 1414 2272 enim
1445 2216 1638 2284 capiet,
1676 2213 1736 2269 In
1757 2216 1903 2285 prin-

321 2309 446 2379 cipio
475 2320 586 2368 erat
631 2308 875 2375 Verbum,
906 2318 950 2362 et
987 2307 1196 2362 Verbum
1226 2318 1332 2361 erat
1352 2308 1489 2374 apud
1511 2305 1712 2360 Deum?
1741 2305 1806 2360 Et
1837 2321 1906 2361 ne

323 2401 538 2456 vilescat
567 2401 665 2456 tibi
694 2416 885 2455 Immen
919 2400 1109 2464 Verbi,
1142 2415 1236 2471 per
1260 2398 1698 2455 consuetudinem
1726 2399 1903 2468 quoti-

319 2495 596 2550 dianorum
632 2494 947 2559 verborum,
978 2491 1044 2546 Et
1074 2491 1211 2547 Deus
1236 2503 1340 2546 erat
1376 2491 1606 2546 Verbum.
1635 2490 1744 2545 iloc
1775 2489 1906 2544 Ver-

317 2585 437 2640 bum
472 2587 707 2656 idipsum
739 2593 848 2652 est,
899 2583 1040 2638 unde
1068 2585 1317 2640 hesterno
1349 2584 1436 2644 die
1473 2583 1695 2640 multum
1744 2581 1904 2636 locuti

319 2696 499 2734 sumus
535 2697 547 2732 :
585 2687 641 2733 et
673 2679 976 2748 prmstiterit
1018 2677 1310 2742 Dominus,
1353 2685 1409 2730 ut
1438 2676 1520 2731 vel
1572 2685 1776 2730 tantum
1822 2675 1904 2732 lo-

317 2771 527 2842 quendo
577 2771 778 2840 aliquid
821 2769 898 2824 ad.
940 2769 1098 2823 corda
1151 2779 1322 2822 vestra
1373 2765 1791 2837 perduxerimus.
1828 2765 1906 2831 In

319 2866 568 2936 principio
599 2873 706 2918 erat
745 2861 972 2917 Verbum.
1006 2860 1235 2933 ldipsum
1263 2871 1364 2926 est,
1394 2861 1581 2916 eodem
1611 2860 1770 2914 modo
1791 2867 1902 2924 est;

316 2958 452 3013 sicut
477 2966 597 3023 est,
636 2971 846 3024 semper
872 2955 948 3008 sic
996 2966 1110 3018 est;
1161 2953 1352 3008 mutari
1401 2968 1504 3008 non
1560 2961 1768 3022 potest:
1804 2951 1906 3006 hoc

320 3059 397 3102 est
422 3058 500 3102 est
530 3051 576 3102 ¹.
609 3048 758 3114 Quod
786 3063 979 3102 nomen
1009 3062 1162 3100 suum
1189 3045 1320 3099 dixit
1351 3044 1544 3100 famulo
1570 3058 1667 3098 suo
1695 3044 1857 3114 Moysi
1889 3061 1902 3097 :

321 3139 428 3212 Ego
450 3158 562 3194 sum
594 3139 681 3210 qui
702 3155 842 3202 sum;
866 3148 916 3194 et
937 3179 952 3205 ,
980 3137 1118 3195 Misit
1155 3154 1232 3191 me
1253 3138 1336 3203 qui
1362 3146 1433 3192 est
1459 3135 1652 3206 (Exod.
1681 3152 1757 3199 tu,
1793 3135 1902 3205 Η).

313 3233 445 3301 Quis
484 3247 621 3303 ergo
651 3233 748 3285 hoc
777 3232 978 3301 capiet,
1027 3245 1146 3288 cum
1177 3229 1396 3284 videatis
1434 3229 1611 3284 omnia
1660 3227 1902 3284 mortalia

321 3325 595 3380 mutabilia
623 3341 636 3388 ;
671 3340 804 3378 ~cum
853 3323 1077 3386 videatis
1122 3338 1227 3377 non
1254 3323 1426 3377 solum
1457 3337 1682 3392 corpora
1713 3319 1906 3380 variari

320 3430 410 3485 per
438 3415 757 3485 qualitates,
779 3411 1051 3474 nascendo
1071 3457 1090 3486 ,
1118 3412 1428 3482 crescendo,
1455 3411 1769 3480 deiicienda,
1794 3429 1907 3472 mo-

322 3507 510 3566 riendo
532 3553 548 3578 ,
574 3508 672 3566 sed
697 3509 854 3564 etiam
879 3509 1022 3580 ipsas
1041 3509 1246 3564 animas
1275 3523 1368 3577 per
1389 3507 1637 3564 aﬂ'ectum
1663 3507 1902 3564 diversa-

322 3620 436 3658 rum
469 3604 802 3657 voluntatum
829 3601 1056 3658 distendi
1079 3609 1235 3673 atque
1259 3601 1482 3658 discindi
1507 3619 1520 3656 :
1548 3616 1669 3658 cum
1687 3599 1909 3656 videatis

323 3689 574 3752 homines
606 3704 660 3752 et
690 3694 966 3764 percipere
998 3707 1153 3764 posse
1198 3693 1508 3762 sapientiam
1531 3733 1546 3758 ,
1597 3692 1641 3746 si
1680 3706 1740 3748 se
1770 3693 1910 3746 illius

321 3787 422 3842 luci
471 3797 526 3842 et
554 3786 719 3841 calori
751 3785 1114 3849 admoverim;
1147 3792 1199 3839 et
1221 3785 1468 3840 amittere
1489 3798 1654 3853 posse
1691 3782 1909 3854 sapien-

309 3880 448 3934 tiam
469 3921 483 3942 ,
515 3879 563 3934 si
591 3877 715 3932 inde
739 3877 880 3932 malo
909 3877 1098 3932 all‘ectu
1126 3875 1494 3932 recesserint?
1514 3874 1647 3931 Cum
1687 3873 1911 3930 videatis

324 3986 449 4041 ergo
478 3973 583 4030 ista
631 3965 805 4024 Omnia
832 3984 952 4024 esse
1001 3968 1305 4033 mutabilia;
1335 3967 1461 4038 quid
1489 3976 1571 4022 est
1613 3967 1753 4039 quod
1797 3977 1910 4032 εει,

325 4065 421 4120 nisi
443 4065 590 4136 quod
615 4061 938 4118 transcendit
963 4062 1138 4116 omnia
1157 4078 1277 4132 qua:
1305 4061 1382 4116 sic
1401 4069 1526 4117 sunt
1555 4069 1611 4116 ut
1639 4076 1744 4117 non
1773 4060 1914 4116 sint?

325 4157 453 4225 Quis
496 4171 630 4226 ergo
658 4154 760 4210 hoc
811 4154 1024 4224 capiat?
1069 4155 1170 4210 Aut
1219 4155 1374 4224 quis,
1415 4152 1916 4224 quomodocumque

329 4250 620 4306 intenderit
648 4249 788 4305 vires
814 4249 1006 4304 mentis
1025 4263 1136 4304 suae
1155 4290 1172 4315 ,
1196 4257 1255 4302 ut
1290 4248 1513 4318 attingat
1536 4247 1802 4318 quomodo
1819 4263 1918 4317 po-

330 4352 431 4401 test
457 4346 509 4400 id
533 4343 676 4416 quod
721 4354 829 4407 est,
861 4343 927 4398 ad
955 4345 1006 4400 id
1037 4343 1175 4414 quod
1205 4353 1488 4415 utcumque
1516 4354 1692 4400 mente
1725 4346 1916 4415 attige-

329 4437 434 4505 rit,
477 4439 651 4510 possit
679 4437 1002 4508 pervenire?
1027 4436 1115 4494 Sic
1138 4445 1235 4492 .est
1259 4438 1402 4493 enim
1448 4449 1696 4508 tanquam
1743 4437 1920 4493 videat

331 4529 562 4598 quisque
589 4527 656 4582 de
681 4527 836 4598 longe
866 4529 1125 4598 patriam,
1154 4537 1210 4583 et
1235 4544 1383 4584 mare
1413 4529 1748 4596 interiacent;
1778 4529 1922 4584 videt

333 4637 440 4690 quo
470 4630 560 4675 cat
585 4661 600 4685 ,
623 4619 717 4674 sed
745 4636 851 4673 non
883 4619 1040 4674 habet
1064 4636 1166 4689 qua
1193 4630 1295 4674 cat.
1325 4618 1416 4676 Sic
1437 4618 1504 4674 ad
1535 4620 1676 4674 illam
1711 4619 1919 4675 stabili-

337 4723 500 4769 tatem
523 4722 760 4770 nostram
783 4713 868 4768 ubi
897 4713 1038 4784 quod
1070 4723 1152 4768 est
1175 4723 1255 4767 est
1273 4754 1290 4777 ,
1316 4713 1439 4783 quia
1463 4711 1565 4770 hoc
1587 4712 1759 4768 solum
1777 4726 1923 4770 sem-

335 4823 433 4878 per
453 4809 532 4864 sic
557 4815 642 4862 est
671 4817 729 4861 ut
747 4815 849 4873 est,
879 4807 1119 4862 volumus
1147 4807 1448 4875 pervenire;
1477 4805 1752 4874 inter-jacet
1775 4818 1923 4860 mare

339 4901 500 4972 hujus
519 4900 704 4958 seculi
729 4916 832 4971 qna
876 4901 1043 4967 imus,
1075 4900 1175 4956 etsi
1201 4901 1310 4968 jam
1341 4899 1580 4954 videmus
1596 4914 1713 4969 quo
1739 4899 1877 4954 illius
1906 4913 1919 4951 :

341 5011 463 5049 nam
493 4993 648 5050 multi
693 5008 791 5048 nec
819 5009 924 5062 quo
953 5001 1078 5049 eant
1100 4992 1298 5047 vident.
1336 4991 1550 5062 Uter-go
1569 4999 1713 5048 esset
1739 4998 1794 5046 et
1817 5005 1924 5060 qua

339 5085 571 5153 iremus,
607 5085 751 5142 venit
789 5084 914 5141 inde
951 5084 1018 5140 ad
1042 5099 1200 5154 quem
1230 5084 1307 5139 ire
1333 5083 1660 5139 volebamus.
1703 5083 1774 5139 Et
1797 5080 1922 5153 quid

341 5180 505 5236 fecit?
539 5178 779 5236 instituit
799 5179 1004 5248 tignum
1051 5192 1158 5246 quo
1187 5191 1334 5230 mare
1361 5183 1714 5232 transeamus.
1753 5174 1926 5256 idenm

343 5273 488 5330 enim
531 5281 711 5344 potest
733 5271 962 5328 transire
1010 5283 1158 5326 mare
1199 5267 1359 5338 huius
1382 5269 1562 5324 saeculi
1584 5309 1598 5332 ,
1628 5267 1731 5322 nisi
1765 5283 1926 5322 cruce

344 5365 544 5422 Christi
574 5373 833 5434 portabis.
871 5363 1022 5421 ωηο
1045 5378 1257 5424 crucem
1282 5361 1567 5434 aliquando
1593 5361 1928 5431 amplectitur

339 5466 403 5514 et
431 5456 870 5526 inﬁrmus-oculis
887 5457 906 5486 ’
933 5462 1038 5513 iret
1064 5455 1160 5525 qui
1190 5469 1296 5512 non
1322 5453 1469 5510 videt
1497 5453 1650 5524 longe
1671 5468 1779 5523 quo
1805 5460 1892 5508 eat
1910 5493 1923 5518 ,

348 5565 457 5606 non
479 5550 546 5607 ab
566 5549 666 5608 illa
701 5548 947 5613 recedat,
975 5557 1032 5602 et
1052 5548 1167 5617 ipsa
1197 5547 1343 5602 illum
1372 5545 1642 5616 perducet.

419 5643 476 5700 ὃ.
513 5641 695 5714 itaque
714 5682 730 5709 ,
761 5639 958 5698 fratres
983 5640 1120 5708 mei,
1152 5639 1258 5696 hoc
1281 5639 1654 5696 insinuaverim
1679 5636 1928 5694 cordibus

415 5773 432 5804 ¹
457 5771 1004 5840 Είιίιξιθιιιθεηῶροω
1043 5777 1242 5830 nam
1266 5785 1285 5826 .'
1310 5779 1518 5837 εωθιηο
1558 5771 1723 5826 codice
1755 5770 1924 5838 seem,

375 5843 402 5882 ³
417 5847 530 5947 βέἰῗο
539 5835 1209 5962 Ἓῗῗίλῖθέἀίέθῗῗῖηβνηια.
1230 5896 1393 5951 oculus

1535 433 1954 500 ‘TRAC‘TA‘PUG
1993 438 2056 494 ΙΙ.
2098 440 2326 502 CAPUT
2361 443 2402 500 1.

3444 459 3584 518 i390

2007 561 2238 616 vestris:
2271 564 2315 619 si
2353 563 2518 622 vultis
2564 567 2650 640 pie
2695 576 2749 624 et
2798 569 3087 628 christiane
3129 573 3347 648 vivere,
3375 573 3580 635 hterete

2001 649 2218 709 Christo
2258 657 2547 714 secundum
2595 659 2648 715 id
2676 663 2816 744 quod
2847 680 2944 734 pro
2976 667 3129 721 nobis
3144 665 3329 734 factus
3373 680 3488 738 est,
3523 682 3581 727 ut

2005 747 2324 814 pervenistis
2376 750 2442 804 ad
2473 766 2593 806 eum
2653 753 2942 811 secundum
2969 757 3023 812 id
3053 758 3192 830 quod
3231 769 3346 826 est,
3389 770 3444 817 et
3489 778 3578 822 se-

2001 835 2235 891 cundum
2263 839 2312 893 id
2336 841 2475 910 quod
2501 851 2633 898 erat.
2661 846 2932 915 Accessit,
2965 856 3021 904 ut
3051 864 3144 920 pro
3167 852 3326 907 nobis
3353 852 3456 908 hoc
3487 853 3581 910 lie-

2001 927 2160 990 ret‘;
2188 929 2306 997 quia
2349 930 2454 986 hoc
2495 947 2591 1003 pro
2621 934 2775 991 nobis
2801 939 2970 993 factus
3000 927 3117 1006 est,
3168 941 3258 996 ubi
3301 953 3581 1013 portentur

2002 1015 2198 1072 inﬁrmi
2224 1062 2237 1084 ,
2271 1030 2326 1077 et
2372 1039 2516 1079 mare
2543 1028 2720 1082 εωθιῆί
2751 1037 3052 1098 transeant,
3093 1042 3145 1088 et
3174 1037 3487 1105 perveniant
3514 1039 3583 1093 ad

2003 1108 2262 1175 patriam;
2294 1112 2381 1166 ubi
2407 1113 2515 1182 jam
2563 1117 2682 1171 navi
2732 1134 2836 1173 non
2866 1135 3000 1190 opus
3026 1124 3156 1192 erit,
3209 1127 3330 1197 quia
3377 1129 3582 1188 nullum

2002 1215 2150 1256 mare
2179 1205 2449 1260 transitur.
2478 1208 2666 1264 Melius
2693 1219 2776 1266 est
2800 1227 2930 1282 ergo
2958 1230 3063 1270 non
3096 1215 3278 1273 videre
3305 1229 3496 1278 mente
3526 1221 3582 1276 id
3630 1235 3637 1286 λ

2003 1293 2143 1361 quod
2189 1305 2305 1361 est,
2339 1306 2391 1351 et
2411 1307 2590 1355 tamen
2633 1316 2661 1355 a
2695 1300 2897 1360 Christi
2939 1321 3098 1364 cruce
3145 1325 3251 1364 non
3294 1313 3578 1382 recedere,

2005 1399 2159 1453 qnam
2190 1387 2368 1442 videre
2417 1388 2542 1445 illud
2593 1404 2803 1461 mente,
2852 1407 2905 1452 et
2950 1413 3160 1454 crucem
3209 1399 3407 1462 Christi
3447 1420 3581 1460 con-

2001 1483 2262 1535 temnere.
2305 1481 2508 1537 Bonum
2532 1494 2613 1540 est
2637 1503 2796 1557 super
2821 1489 2924 1545 hoc
2955 1501 3009 1547 et
3031 1495 3328 1567 Optimum,
3378 1498 3426 1554 si
3465 1498 3583 1557 fieri

2006 1578 2210 1638 potest,
2258 1581 2395 1627 utet
2442 1575 2680 1631 videatur
2721 1595 2825 1648 quo
2855 1583 3084 1637 eundum
3117 1585 3213 1651 sit,
3253 1599 3309 1648 .et
3339 1598 3582 1647 teneatur

2005 1675 2110 1728 quo
2149 1671 2386 1730 portetur
2424 1667 2509 1745 qui
2543 1670 2730 1739 pergit.
2766 1669 2875 1725 lloe
2924 1683 3208 1743 potuerunt
3235 1689 3442 1736 mentes
3461 1697 3583 1748 ma-

2004 1765 2121 1821 gnat
2150 1755 2409 1808 montium
2433 1797 2448 1821 ,
2480 1757 2568 1826 qui
2613 1769 2818 1817 montes
2858 1763 2981 1818 dicti
3011 1774 3162 1832 sunt,
3190 1783 3323 1838 quos
3352 1771 3582 1834 maxime

2004 1841 2230 1898 illustrat
2257 1845 2677 1916 lun'ien-juslitim
2708 1869 2720 1903 :
2753 1862 3064 1922 potuerunt,
3103 1866 3157 1911 et
3187 1857 3431 1915 viderunt
3455 1861 3584 1916 illud

2006 1933 2145 2002 quod
2192 1944 2293 1990 est.
2337 1937 2466 1991 Nam
2497 1939 2678 1994 videns
2707 1941 2936 2000 Joannes
2962 1945 3170 2001 dicebat
3191 1990 3203 2013 ,
3231 1947 3298 2003 In
3335 1925 3586 2025 principio

2006 2036 2110 2079 erat
2145 2026 2360 2082 Verbum
2384 2072 2397 2095 ,
2425 2041 2469 2084 et
2500 2030 2713 2086 Verbum
2749 2045 2856 2089 erat
2876 2039 3014 2107 apud
3039 2037 3234 2108 Deum,
3258 2052 3302 2104 et
3324 2040 3462 2099 Deus
3481 2056 3589 2100 erat

2015 2115 2254 2172 Verbum.
2291 2121 2544 2178 Viderunt
2571 2125 2703 2192 hoc,
2737 2137 2788 2182 et
2817 2139 2871 2182 ut
2898 2134 3235 2199 pervenirent
3264 2135 3329 2203 ad
3369 2110 3585 2208 id,quod

2003 2209 2258 2265 videbant
2287 2212 2353 2268 de
2379 2214 2563 2284 longe,
2595 2231 2625 2270 a
2649 2233 2808 2273 cruce
2832 2217 3028 2282 Christi
3059 2239 3163 2279 non
3212 2239 3584 2296 recesserunt,

2007 2310 2061 2355 et
2085 2300 2438 2358 humilitatem
2485 2305 2678 2361 Christi
2735 2325 2840 2364 non
2869 2321 3318 2386 contempserunt.
3375 2318 3588 2382 Parvuli

2005 2407 2134 2446 vero
2155 2395 2241 2463 qui
2270 2396 2369 2450 hoc
2396 2412 2499 2450 non
2520 2409 2752 2468 possunt
2773 2401 3090 2474 intelligere,
3129 2422 3235 2462 non
3276 2407 3588 2478 recedentes

2005 2498 2035 2537 a
2075 2500 2232 2541 cruce
2268 2497 2321 2542 et
2349 2490 2595 2558 passione
2619 2499 2672 2545 et
2713 2498 3098 2560 resurrectione
3121 2497 3349 2567 Christi,
3381 2502 3433 2557 in
3457 2504 3588 2574 ipsa

2009 2578 2126 2631 navi
2159 2579 2520 2652 perducuntur
2541 2581 2684 2642 adid
2711 2587 2858 2656 quod
2871 2604 2986 2654 non
3009 2591 3228 2661 vident,
3255 2595 3306 2649 in
3333 2611 3437 2667 qua
3457 2598 3587 2664 ,ηεινί

2007 2671 2321 2737 perveniunt
2344 2683 2397 2726 et
2429 2673 2502 2729 illi
2534 2676 2622 2745 qui
2649 2676 2843 2732 vident.

2079 2763 2132 2821 4.
2175 2765 2245 2818 At
2273 2781 2400 2824 vero
2442 2767 2654 2838 quidam
2679 2771 2983 2847 philosophi
3013 2774 3169 2848 hqjus
3213 2781 3396 2838 mundi
3422 2788 3615 2850 usus:

2010 2864 2222 2926 terunt,
2269 2871 2323 2914 et
2376 2861 2728 2932 inquisiernut
2773 2864 3081 2926 Creatorem
3127 2886 3221 2942 per
3245 2885 3543 2938 murram

2008 2949 2130 3022 quia
2189 2960 2364 3021 potest
2411 2952 2634 3015 inveniri
2684 2972 2781 3028 per
2825 2968 3141 3030 creaturam,
3183 2965 3455 3027 evidenter
3503 2958 3621 3024 di-l‘

2009 3051 2162 3096 cente
2214 3043 2497 3112 Apostolo,
2555 3047 2844 3108 invisibilia
2882 3054 3014 3109 enim
3063 3056 3207 3126 ejus,
3257 3075 3293 3116 α
3344 3037 3620 3126 conslitu-i

2011 3133 2142 3234 tione
2180 3138 2388 3202 mundi,
2425 3155 2516 3234 per
2535 3157 2593 3196 ea
2617 3157 2730 3212 qua:
2757 3143 2895 3215 facta
2915 3155 3033 3206 sunt
3057 3192 3072 3216 ,
3111 3149 3363 3212 intellecta
3392 3158 3594 3229 conspi-

2010 3229 2240 3295 ciuntur;
2287 3229 2592 3300 sempiterna
2655 3252 2850 3307 quoque
2892 3240 3046 3300 uirtus
3081 3244 3260 3313 ejuset
3315 3247 3586 3317 divinitas,

2009 3327 2066 3370 ut
2089 3319 2188 3412 sint
2207 3322 2588 3382 inexcusabiles.
2622 3325 2694 3384 Et
2707 3330 2956 3396 sequitur
2975 3373 2989 3396 ,
3023 3333 3159 3400 Quia
3187 3353 3306 3392 cum
3323 3344 3590 3412 cognoris-

2011 3420 2118 3503 sent
2155 3409 2320 3467 Deum
2344 3429 2362 3466 :
2401 3430 2505 3470 non
2545 3415 2876 3486 dixit,.Quia
2907 3409 3589 3503 tioncognoveruntvssed,

2016 3500 2147 3570 Quia
2167 3518 2280 3562 cum
2302 3506 2822 3575 cognovissentﬂeum
2838 3551 2854 3576 ,
2873 3528 2982 3566 non
3002 3514 3131 3570 sicut
3155 3516 3319 3574 Deum
3337 3500 3596 3594 gloriﬁca;

2013 3605 2186 3652 uerunt
2203 3636 2219 3662 ,
2243 3607 2328 3651 aut
2345 3599 2537 3668 gratias
2558 3610 2800 3671 egerunt;
2824 3605 2911 3660 sed
2932 3621 3238 3664 evanuerunt
3263 3611 3316 3666 in
3337 3615 3599 3685 cogitatio-

2014 3688 2158 3742 nibus
2182 3690 2286 3743 suis
2303 3730 2319 3754 ,
2349 3701 2396 3745 et
2415 3691 2733 3750 obscuratum
2749 3706 2824 3754 est
2839 3697 3085 3769 insipiens
3111 3717 3198 3756 cor
3213 3721 3409 3762 eorum.
3441 3709 3596 3768 Unde

2015 3778 2393 3834 obscuratum?
2443 3782 2718 3854 Sequitur,
2772 3796 2826 3842 et
2865 3787 2995 3845 dicit
3039 3794 3310 3860 apertius:
3353 3797 3597 3860 ,Diceutes

2015 3872 2147 3964 enim
2169 3890 2226 3930 se
2249 3890 2358 3934 esse
2375 3878 2624 3946 sapientes
2638 3916 2654 3941 ,
2669 3878 2812 3934 stulti
2838 3882 2962 3951 facta"
2983 3894 3100 3938 sunt
3115 3884 3288 3951 (Rom.
3313 3904 3352 3956 ι,
3374 3889 3593 3964 2οσ22).

2017 3963 2272 4022 Viderunt
2299 3983 2404 4039 quo
2428 3969 2746 4026 seruientltun
2773 3982 2918 4030 esset
2945 3993 2957 4028 :
2989 3976 3081 4032 sed
3112 3978 3302 4048 ingrati
3333 3984 3384 4038 ei
3413 3987 3504 4054 qui
3536 3963 3600 4040 il-

2011 4055 2083 4112 lis
2109 4059 2356 4126 prmstitit
2379 4061 2521 4130 quod
2550 4061 2830 4130 viderunt,
2871 4066 2979 4122 sibi
3032 4069 3314 4131 voluerunt
3359 4075 3596 4134 tribuere

2016 4149 2158 4218 quod
2188 4149 2466 4217 viderunt;
2491 4161 2547 4208 et
2567 4152 2696 4208 facti
2728 4157 2941 4224 superbi
2963 4159 3255 4216 amiserunt
3278 4165 3418 4232 quod
3448 4169 3600 4225 vide-

2019 4242 2148 4299 bant
2165 4283 2183 4309 ,
2229 4252 2284 4298 et
2303 4246 2554 4300 conversi
2591 4254 2716 4302 stitit
2744 4247 2866 4303 inde
2894 4250 2960 4305 ad
2992 4250 3128 4306 idola
3151 4262 3208 4308 et
3233 4254 3516 4315 simulacra
3542 4269 3597 4316 et

2017 4335 2088 4391 ad
2137 4336 2370 4394 culturas
2417 4336 2808 4398 dmoniorum
2829 4381 2846 4406 ,
2885 4341 3113 4398 adorare
3155 4355 3453 4405 creaturam
3476 4391 3494 4415 ,
3543 4363 3598 4408 et

2021 4440 2366 4490 contemnere
2394 4431 2723 4490 (hectorem.
2771 4433 2876 4490 Sed
2911 4434 3024 4505 jam
3051 4436 3140 4493 isti
3170 4439 3288 4496 elisi
3311 4440 3416 4498 ista
3449 4443 3602 4499 tece-

2024 4533 2148 4580 runt
2180 4542 2193 4578 :
2227 4534 2284 4582 ut
2326 4535 2504 4581 autent
2531 4525 2883 4594 eliderentur,
2920 4529 3325 4598 stuperbienmt;
3345 4549 3476 4589 eum
3503 4553 3601 4591 διι-
3633 4593 3635 4596 ,

2025 4624 2134 4674 tem
2155 4618 2522 4686 superbirent,
2565 4621 2834 4688 sapientes
2855 4635 2917 4675 se
2934 4621 3355 4681 esse-dixeram
3373 4625 3451 4681 ili
3469 4643 3604 4698 ergo

2025 4709 2094 4767 de
2113 4710 2302 4779 quibus
2327 4710 2461 4766 dixit
2475 4751 2498 4776 _,
2516 4709 2629 4775 Qui
2641 4713 3117 4782 aerumnosisth
3138 4713 3330 4782 Dm,
3351 4718 3606 4775 .videmnt
3635 4717 3646 4780 ξ

2027 4801 2132 4859 hoc
2158 4801 2297 4872 quod
2323 4802 2450 4860 dicit
2483 4802 2722 4860 ἀθλίω
2740 4845 2756 4870 ,
2803 4805 2924 4873 quia
2951 4822 3047 4875 per
3065 4787 3310 4864 Verbum
3332 4811 3440 4866 rﬂei
3457 4812 3602 4867 facta

2022 4905 2156 4955 sunt
2180 4899 2379 4952 omnia.
2426 4897 2560 4955 Nam
2588 4899 2931 4954 inmittatur
2955 4909 3014 4955 et
3039 4901 3220 4956 istnrin
3249 4902 3404 4964 tibi:
3429 4905 3605 4975 philo-

2029 4990 2317 5060 scpborum
2349 5008 2361 5041 :
2388 4997 2444 5045 et
2481 4991 2604 5060 quia
2629 4991 2956 5061 unigenitum
2997 4991 3380 5051 Finani-habet
3419 4977 3656 5068 M3,?

2037 5099 2130 5153 per
2151 5097 2310 5152 quem
2359 5092 2487 5138 sunt
2513 5082 2885 5138 omnimiliud
2929 5093 3215 5153 potuerunt
3259 5087 3440 5143 videre
3465 5073 3654 5168 quod

2015 5185 2130 5239 .est,
2152 5173 2248 5229 sed
2271 5173 2516 5229 viderunt
2539 5172 2607 5228 de
2643 5173 2804 5244 longe
2819 5191 2838 5226 :
2865 5174 3152 5232 numerant
3187 5185 3371 5233 tenere
3396 5169 3651 5256 humili-

2035 5277 2195 5322 tatem
2233 5265 2548 5329 Christiyin
2573 5282 2680 5336 qua
2707 5267 2826 5320 navi
2867 5268 3041 5322 securi
3089 5271 3425 5337 pervenirent
3449 5270 3514 5326 ad
3556 5259 3658 5348 id

2037 5359 2178 5430 quod
2231 5360 2386 5429 longe
2433 5358 2962 5428 viderepotuerunt;
3005 5370 3068 5414 et
3105 5361 3312 5414 sordttit
3352 5361 3430 5415 eis
3479 5357 3653 5426 crux

2031 5451 2250 5508 Christi.
2269 5451 2418 5506 Mare
2441 5449 2818 5506 transeundum
2837 5460 2936 5517 est,
2963 5450 3248 5520 «tignum
3275 5451 3610 5508 contemnis?
3643 5449 3655 5512 ξ’

2027 5545 2079 5600 0
2103 5545 2362 5615 sapientia
2407 5545 2674 5614 uiperan
2720 5543 2912 5600 irridos
2953 5545 3262 5601 cruciﬁxum
3293 5542 3612 5612 Christum;
3647 5557 3652 5590 ξ

2036 5637 2150 5706 ipse
2168 5642 2249 5689 est
2275 5650 2432 5706 quem
2459 5635 2614 5705 longe
2639 5634 2815 5690 vidisti
2845 5653 2857 5688 :
2885 5633 2952 5688 In
2974 5633 3220 5703 principio
3240 5632 3612 5701 erathsrbtun,

2103 5767 2119 5799 ⁸
2145 5773 2209 5830 tta
2227 5766 2360 5833 editi.
2385 5773 2440 5816 At
2454 5771 2559 5823 Mss.
2583 5765 2930 5833 interpungunt
2941 5761 3042 5833 eis:
3062 5759 3398 5833 Etsgcundiqn
3418 5760 3618 5833 £ququ

3077 5823 3306 5892 ιωκηυο
3344 5825 3427 5878 νο
3461 5820 3612 5878 ω»
