4036 6384
416 390 549 455 1591

406 536 454 580 et
485 524 699 580 Verbum
727 532 832 580 erat
856 521 994 593 apud
1018 514 1201 577 Deum.-
1228 517 1337 575 Sed
1357 531 1520 589 quare
1546 515 1830 572 cruciﬁxus
1857 511 1976 568 est?

407 615 542 684 Quia
571 617 771 688 lignum
817 614 914 671 tibi
949 612 1260 669 humilitatis
1299 611 1415 680 ejus
1453 607 1812 665 necessarium
1839 611 1973 660 erat.

410 707 670 778 Superbia
689 706 829 763 enim
858 713 1127 760 tumueras
1145 745 1162 771 ,
1193 710 1247 760 et
1266 702 1423 772 longe
1447 700 1514 756 ab
1542 700 1630 754 illa
1660 697 1826 768 patria
1855 711 1978 766 pro-

402 797 577 869 iectus
598 811 750 862 eras;
798 805 852 852 et
881 795 1126 851 ﬂuctibus
1169 793 1326 863 hujus
1352 791 1532 848 saeculi
1561 791 1854 858 interrupta
1897 794 1980 842 est

405 890 492 944 via
515 929 530 953 ,
557 897 612 944 et
633 903 736 960 qua
768 895 1064 943 lranseatur
1086 885 1153 941 ad
1181 883 1401 955 patriam
1428 897 1535 938 non
1563 891 1678 947 est,
1708 880 1809 935 nisi
1839 880 1978 949 ligno

406 980 658 1050 porteris.
707 979 914 1050 lngrate
931 1019 948 1045 ,
977 977 1167 1032 irrides
1190 990 1309 1031 eum
1335 974 1425 1045 qui
1449 973 1517 1029 ad
1561 982 1612 1028 te
1639 971 1780 1027 venit
1808 979 1866 1024 ut
1888 984 1975 1025 re-

365 1063 374 1084 ²
405 1073 562 1135 deas!
593 1073 712 1142 Ipse
757 1071 928 1148 factus
951 1078 1033 1147 est
1056 1070 1138 1124 via
1157 1109 1173 1135 ,
1214 1076 1269 1123 et
1291 1067 1394 1122 hoc
1421 1081 1517 1137 per
1542 1079 1725 1120 mare:
1755 1062 1880 1118 inde
1923 1062 1978 1116 in

403 1163 539 1219 mari
577 1161 866 1218 ambulavit
911 1159 1123 1231 (Matth.
1154 1174 1270 1226 XIV,
1299 1158 1416 1230 25),
1446 1166 1504 1212 ut
1527 1157 1831 1212 ostenderet
1857 1168 1978 1211 esse

405 1253 460 1308 in
489 1252 623 1308 mari
646 1253 806 1306 viam.
831 1249 936 1306 Sed
960 1259 1043 1314 tu,
1070 1250 1160 1320 qui
1189 1248 1454 1320 quomodo
1476 1248 1588 1320 ipse
1607 1245 1879 1302 ambulare
1920 1243 1975 1300 in

404 1345 541 1402 mari
591 1359 695 1399 non
725 1352 904 1414 potes,
931 1341 1048 1397 navi
1078 1349 1318 1411 portare.
1351 1340 1494 1410 ligno
1537 1347 1746 1409 portare
1773 1354 1787 1390 :
1817 1334 1978 1390 crede

404 1435 461 1489 in
488 1433 833 1500 crucifixum,
861 1441 916 1488 et
933 1431 1132 1503 poteris
1160 1432 1453 1502 pervenire.
1482 1429 1706 1499 Propter
1733 1437 1788 1482 te
1806 1426 1980 1482 cruci-

406 1524 543 1580 ﬁxus
568 1533 682 1590 est,
728 1533 788 1579 ut
817 1524 1166 1580 humilitatem
1192 1521 1445 1586 doceret;
1474 1531 1528 1574 et
1556 1519 1678 1589 quia
1703 1519 1748 1573 si
1781 1518 1859 1574 sic
1882 1533 1976 1572 ve-

404 1618 545 1674 niret
569 1627 628 1672 ut
648 1617 817 1682 Deus,
859 1631 964 1672 non
989 1624 1384 1686 agnosceretur.
1422 1614 1478 1668 Si
1500 1613 1641 1669 enim
1665 1612 1744 1667 sic
1772 1611 1979 1667 veniret

405 1715 466 1764 ut
504 1709 640 1762 Dens
658 1749 673 1776 ,
699 1721 805 1763 non
831 1707 1036 1763 veniret
1061 1706 1140 1762 eis
1168 1706 1255 1776 qui
1277 1704 1457 1761 videre
1480 1705 1648 1760 Deum
1678 1719 1785 1758 non
1823 1711 1975 1774 pote-

404 1809 546 1856 rant.
585 1799 702 1854 Non
740 1798 883 1853 enim
931 1796 1220 1853 secundum
1267 1795 1319 1850 id
1364 1795 1502 1866 quod
1547 1795 1686 1850 Deus
1729 1803 1846 1860 est,
1889 1801 1980 1848 aut

407 1890 590 1956 venit,
617 1898 707 1943 aut
725 1887 981 1953 discedit;
1005 1901 1122 1942 cum
1149 1887 1217 1940 sit
1239 1885 1433 1956 ubique
1461 1899 1695 1956 prtesens
1713 1926 1728 1950 ,
1760 1893 1814 1939 et
1833 1883 1979 1938 nullo

406 1981 528 2036 loco
573 1978 924 2033 contineatur.
971 1975 1076 2032 Sed
1105 1974 1396 2031 secundum
1421 1975 1546 2044 quid
1595 1973 1778 2029 venit?
1824 1969 1976 2039 Quod

409 2073 654 2144 apparuit
678 2070 857 2127 homo.

478 2163 533 2220 ὃ.
564 2161 696 2228 Quia
720 2176 847 2230 ergo
867 2159 946 2216 sic
968 2168 1084 2215 erat
1111 2159 1299 2226 homo,
1327 2166 1385 2213 ut
1413 2157 1599 2214 lateret
1625 2157 1677 2211 in
1707 2156 1800 2211 illo
1816 2155 1974 2218 Deus.

407 2251 602 2308 missus
629 2259 714 2308 est
739 2259 861 2306 ante
883 2249 1030 2305 illum
1057 2264 1278 2318 magnus
1307 2249 1497 2316 homo,
1523 2263 1618 2319 per
1645 2248 1797 2317 cujus
1831 2247 1982 2302 testi-

407 2343 646 2400 monium
671 2341 992 2397 inveniretur
1011 2340 1129 2410 plus
1146 2354 1302 2409 quam
1318 2339 1499 2394 homo.
1525 2338 1592 2394 Et
1615 2338 1732 2409 quis
1747 2345 1830 2392 est
1852 2335 1938 2392 hic
1955 2338 1980 2391 ‘l

410 2432 534 2488 Fuit
555 2433 723 2487 homo.
755 2431 820 2486 Et
846 2428 1111 2501 quomodo
1139 2437 1319 2498 posset
1342 2427 1440 2484 iste
1462 2443 1646 2483 verum
1673 2425 1740 2482 de
1761 2428 1871 2482 Deo
1895 2426 1979 2482 di-

409 2526 573 2582 cere?
616 2525 804 2579 Μίδεω
829 2539 862 2576 a
889 2521 1017 2576 Deo.
1044 2520 1181 2590 Quid
1205 2520 1528 2576 vocabatur?
1547 2520 1643 2574 Cui
1668 2537 1847 2575 nomen
1873 2528 1981 2574 erat

328 2601 332 2605 ’
410 2615 651 2672 Joannes.
678 2614 849 2682 Quare
869 2611 1053 2668 venit?
1075 2611 1174 2666 Hic
1198 2611 1327 2666 venit
1354 2611 1408 2665 in
1430 2611 1762 2666 testimonium
1784 2651 1798 2676 ,
1831 2618 1884 2663 ut
1905 2620 1980 2663 te-

409 2706 696 2762 stimonium
725 2702 999 2773 perhiberet
1026 2701 1088 2756 de
1107 2702 1296 2756 lumine
1311 2742 1328 2768 ,
1351 2709 1405 2754 ut
1426 2716 1596 2756 omnes
1613 2701 1866 2754 crederent
1893 2713 1985 2768 per

408 2798 572 2852 illum.
609 2795 791 2862 Qualis
819 2795 917 2850 iste
941 2793 1032 2862 qui
1071 2791 1426 2847 testimonium
1466 2791 1768 2861 perhiberet
1806 2791 1874 2846 de
1901 2790 1981 2844 Iu-

408 2887 595 2943 mine?
615 2885 856 2955 Magnum
878 2881 1075 2953 aliquid
1104 2882 1202 2936 iste
1220 2881 1473 2945 Joannes,
1505 2880 1688 2951 ingens
1713 2881 1975 2946 meritum,

363 2999 371 3046 ι
409 2992 601 3048 magna
639 2975 838 3046 gratia,
887 2987 1076 3043 magna
1119 2972 1405 3027 celsitudo!
1438 2971 1656 3038 Mirare,
1689 2973 1843 3042 plane
1882 2971 1982 3026 mi-

371 3053 375 3058 l
411 3083 570 3132 rare;
613 3065 705 3121 sed
727 3074 974 3134 tanquam
1013 3072 1269 3117 montem.
1297 3061 1446 3116 Mons
1472 3070 1647 3116 autem
1675 3061 1726 3114 in
1751 3060 1984 3116 tenebris

367 3183 381 3208 ·.
409 3166 498 3215 est
519 3199 536 3224 ,
587 3157 687 3212 nisi
729 3155 848 3210 luce
879 3154 1154 3208 vestiatur.
1184 3152 1326 3222 Ergo
1355 3160 1555 3207 tantum
1603 3151 1797 3207 mirare
1821 3150 1980 3207 Joan-

413 3262 567 3313 nem,
598 3254 653 3300 ut
681 3244 863 3299 audias
892 3241 1034 3314 quod
1066 3241 1334 3312 sequitur,
1367 3239 1488 3296 Non
1515 3250 1622 3294 erat
1661 3241 1745 3295 ille
1767 3241 1934 3295 lumen
1960 3257 1979 3295 :

413 3353 482 3394 ne
507 3351 631 3392 cum
679 3343 911 3389 montem
961 3341 1111 3402 putas
1152 3331 1327 3388 lumen
1374 3345 1521 3395 esse,
1556 3330 1882 3401 naufragium
1926 3331 1977 3386 in

415 3437 594 3486 monte
619 3427 780 3481 facias
801 3465 816 3489 ,
846 3439 950 3480 non
979 3423 1223 3478 solatium
1247 3422 1500 3477 invenias.
1535 3420 1636 3477 Sed
1666 3421 1791 3492 quid
1817 3420 1980 3476 debes

363 3523 383 3582 ἲ
410 3520 631 3578 mirari?
668 3517 894 3572 Montem
938 3523 1185 3583 tanquam
1213 3521 1463 3567 montem.
1515 3511 1672 3580 Erige
1715 3519 1891 3566 autem
1928 3519 1978 3566 te

383 3613 479 3670 'ad
519 3611 665 3666 illum
698 3607 787 3679 qui
830 3605 1092 3660 illuminat
1131 3611 1364 3657 montem
1388 3642 1403 3667 ,
1432 3601 1520 3671 qui
1546 3600 1612 3656 ad
1639 3601 1740 3657 hoc
1772 3610 1978 3658 erectus

388 3689 527 3767 est,
576 3708 632 3755 ut
671 3699 812 3767 prior
839 3694 1015 3775 radios
1041 3691 1299 3762 excipiat,
1347 3699 1402 3747 et
1425 3690 1592 3746 oculis
1622 3691 1722 3746 tuis
1748 3693 1972 3746 nuntiet.

407 3794 582 3866 Ergo,
612 3809 712 3846 non
737 3798 843 3844 erat
870 3790 958 3843 ille
983 3787 1171 3842 lumen.

479 3885 532 3940 6.
571 3884 745 3952 Quare
788 3881 947 3951 igitur
969 3877 1151 3934 venit?
1194 3875 1298 3931 Sed
1339 3885 1394 3929 ut
1441 3875 1774 3930 testimonium
1804 3875 1976 3945 perhi-

407 3978 542 4034 beret
589 3975 652 4029 de
677 3975 883 4029 lumine.
915 3970 1111 4042 thnid
1144 3968 1284 4026 hoc?
1314 3967 1382 4024 Ut
1401 3984 1570 4023 omnes
1607 3969 1860 4023 crederent
1888 3984 1977 4040 per

405 4069 571 4124 illum.
592 4067 659 4122 Et
677 4065 744 4120 de
760 4079 864 4134 quo
878 4063 1079 4118 lumine
1105 4059 1462 4116 testimonium
1487 4058 1822 4128 perhiberet?
1848 4057 1974 4112 Erat

403 4159 497 4214 tua:
519 4173 655 4213 verm
691 4155 869 4225 Quare
900 4153 1132 4209 additum
1153 4159 1234 4208 est
1252 4193 1267 4219 ,
1295 4151 1450 4206 vera?
1475 4151 1606 4219 Quia
1636 4160 1689 4206 et
1717 4149 1877 4206 homo
1907 4151 1972 4204 il-

326 4238 338 4304 ῗ⁴
403 4248 694 4304 luminatus
730 4247 922 4302 dicitur
945 4246 1064 4310 lux;
1090 4243 1180 4299 sed
1210 4258 1334 4298 vera
1366 4243 1453 4297 lux
1494 4242 1580 4297 illa
1601 4249 1682 4296 est
1708 4257 1824 4312 qua:
1856 4243 1975 4296 illu-

324 4319 332 4330 ⁸
402 4342 590 4395 minat.
621 4339 754 4394 Nam
779 4346 833 4392 et
851 4337 990 4392 oculi
1016 4335 1180 4390 nostri
1202 4334 1445 4388 dicuntur
1465 4333 1693 4397 lumina;
1724 4341 1778 4388 et
1798 4341 1972 4387 tamen

404 4429 512 4485 nisi
535 4437 626 4484 aut
642 4442 738 4498 per
765 4435 974 4481 noctem
998 4425 1209 4478 lucerna
1230 4421 1576 4485 accendatur,
1607 4430 1696 4475 aut
1714 4435 1807 4490 per
1833 4421 1970 4475 diem

401 4517 486 4574 sol
521 4525 709 4583 exeat,
743 4515 937 4570 lumina
975 4513 1073 4567 ista
1104 4512 1218 4566 sine
1240 4525 1396 4564 causa
1425 4518 1624 4580 patent.
1654 4511 1742 4567 Sic
1764 4526 1890 4580 ergo
1919 4521 1974 4568 et

399 4609 634 4664 Joannes
654 4615 770 4662 erat
791 4605 908 4671 lux,
932 4602 1026 4659 sed
1053 4617 1158 4656 non
1179 4616 1304 4656 vera
1333 4601 1422 4655 lux
1447 4617 1458 4653 :
1491 4602 1613 4672 quia
1634 4616 1740 4656 non
1767 4603 1964 4658 illumi-

395 4711 590 4765 natus,
623 4697 883 4762 tenebrae;
939 4695 1032 4752 sed
1079 4693 1463 4750 illuminatione
1508 4693 1678 4749 factus
1721 4704 1805 4751 est
1853 4697 1964 4751 lux.

1300 403 1366 461 IN
1401 399 1677 461 JOANNlS
1740 394 2197 464 EVANGELIUM,
2249 396 2306 452 S.
2346 391 2706 453 AUGUSTINI

2025 1067 2049 1128 ἓ

3530 388 3709 449 1592

2083 523 2296 564 omnem
2338 507 2606 564 hominem
2659 507 2995 576 venientem,
3039 515 3095 564 et
3143 509 3314 579 ipsum
3367 507 3700 564 Joannem.

2083 599 2200 669 Ipse
2225 614 2352 670 ergo
2383 599 2731 666 illuminabat,
2762 615 2793 654 a
2820 604 2925 670 Quo
2949 613 3009 655 se
3036 599 3389 655 demonstrari
3417 598 3700 655 volebat.

2082 693 2344 764 lntclligat
2380 694 2622 749 Charitas
2662 703 2839 748 vestra
2862 710 2877 746 :
2900 693 3146 748 veniebat
3183 693 3326 749 enim
3351 693 3414 747 ad
3447 699 3702 745 mentes

2083 783 2336 850 infirmas,
2366 782 2433 838 ad
2460 782 2617 838 corda
2645 783 2845 849 saucia,
2866 782 2932 837 ad
2957 782 3125 838 aciem
3149 782 3339 837 anima:
3364 781 3700 852 lippientis.

2083 875 2165 930 Ad
2193 875 2293 930 hoc
2313 882 2545 929 venerat.
2569 873 2636 928 Et
2671 873 2812 928 unde
2850 881 3032 944 posset
3070 873 3244 927 anima
3287 872 3474 928 videre
3520 869 3704 942 quod

2083 967 2480 1037 perfecte‘est?
2508 965 2783 1032 Quomodo
2826 966 3136 1036 plerumque
3182 965 3243 1019 ﬁt
3286 975 3344 1018 ut
3380 964 3435 1018 in
3483 964 3706 1033 aliquo

2083 1073 2307 1128 corpore
2353 1057 2557 1112 radiato
2601 1066 2957 1129 cognoscatur
2997 1065 3145 1112 ortus
3191 1071 3310 1113 esse
3358 1057 3461 1120 sol,
3502 1071 3704 1127 quem

2083 1149 2253 1204 oculis
2280 1147 2460 1203 videre
2489 1163 2592 1203 non
2619 1163 2918 1220 possumus.
2940 1147 3069 1216 Quia
3111 1156 3167 1203 et
3209 1147 3297 1217 qui
3324 1146 3551 1202 saucios
3589 1145 3705 1200 ha-

2082 1237 2210 1294 bent
2231 1238 2433 1304 oculos,
2466 1237 2639 1292 idonei
2668 1248 2792 1294 sunt
2815 1239 2995 1294 videre
3020 1239 3273 1310 parietem
3301 1237 3700 1294 illuminatum

2082 1340 2138 1387 et
2182 1332 2496 1386 illustratum
2525 1346 2555 1384 a
2582 1331 2727 1396 sole,
2750 1332 2832 1386 vel
2877 1341 3108 1385 montem
3150 1331 3234 1388 vel
3267 1329 3552 1397 arborem,
3592 1337 3706 1384 aut

2081 1420 2276 1492 aliquid
2308 1420 2611 1491 hujusmodi
2652 1421 2826 1476 idonei
2858 1430 2980 1476 sunt
3009 1420 3216 1486 videre;
3243 1432 3298 1478 et
3324 1422 3374 1477 in
3400 1423 3519 1476 alio
3549 1421 3703 1476 illu-

2082 1521 2251 1567 strato
2275 1513 2667 1567 demonstratur
2695 1512 2798 1566 illis
2824 1522 2974 1565 ortus
3003 1512 3109 1577 ille,
3129 1513 3212 1567 cui
3233 1513 3465 1568 videndo
3489 1513 3706 1569 adhuc

2082 1604 2256 1657 minus
2287 1602 2528 1658 idoneam
2559 1601 2724 1655 az-iem
2773 1610 2979 1671 gerunt.
3011 1600 3099 1658 Sic
3122 1617 3248 1672 ergo
3275 1601 3349 1657 illi
3375 1618 3590 1658 omnes
3620 1601 3705 1658 ad

2082 1706 2214 1762 quos
2233 1691 2474 1746 Christus
2495 1699 2730 1756 venerat,
2752 1691 2924 1745 minus
2941 1691 3112 1746 idonei
3130 1699 3409 1747 erantcum
3425 1693 3644 1748 videre
3684 1709 3702 1746 :

2082 1781 2306 1836 radiavit
2332 1781 2619 1846 Joannem;
2647 1791 2700 1835 et
2726 1796 2822 1850 per
2846 1781 2994 1836 illum
3021 1782 3358 1836 confitentem
3388 1798 3448 1839 se
3479 1784 3703 1839 radia-

2085 1880 2193 1926 tum
2218 1889 2280 1927 ac
2304 1889 2362 1927 se
2381 1872 2729 1927 illuminatum
2757 1887 2896 1940 esse,
2925 1889 3030 1927 non
3071 1873 3160 1944 qui
3199 1873 3427 1931 radiaret
3451 1887 3510 1931 ει
3554 1877 3708 1932 illu-

2080 1963 2326 2028 minaret,
2345 1962 2584 2034 cognitus
2603 1969 2685 2016 est
2704 1961 2792 2016 ille
2806 1963 2894 2032 qui
2911 1962 3190 2032 illuminat,
3208 1966 3447 2034 cognitus
3464 1977 3566 2022 est
3593 1967 3707 2024 ille

2083 2054 2170 2124 qui
2191 2054 2440 2120 illustrat,
2460 2053 2702 2123 cognitus
2736 2063 2818 2108 est
2850 2053 2938 2123 qui
2965 2054 3165 2123 implet.
3195 2055 3260 2109 Et
3280 2057 3395 2125 quis
3421 2055 3557 2111 est?
3583 2057 3706 2124 Qui

2081 2144 2351 2207 illuminat,
2383 2143 2571 2213 inquit,
2602 2159 2798 2197 onmem
2825 2143 3074 2196 hominem
3111 2145 3384 2199 venientem
3420 2147 3479 2199 in
3516 2163 3708 2201 nsun-

2082 2234 2222 2288 dum.
2261 2232 2393 2289 Nam
2422 2235 2468 2288 si
2507 2234 2649 2289 illinc
2692 2249 2796 2289 non
2831 2234 3124 2301 recederet,
3151 2251 3256 2290 non
3287 2243 3427 2292 esset
3460 2237 3705 2294 illumi-

2082 2324 2325 2381 nandus:
2359 2324 2451 2380 sed
2483 2324 2600 2380 ideo
2627 2324 2713 2379 hic
2737 2325 3130 2391 illuminandus,
3162 2325 3280 2396 quia
3308 2326 3452 2382 illinc
3478 2343 3702 2384 reces-

2082 2416 2171 2484 sit,
2204 2417 2290 2472 ubi
2319 2416 2478 2471 homo
2499 2430 2711 2486 semper
2737 2425 2942 2487 poterat
2965 2433 3084 2473 esse
3113 2419 3456 2474 illuminatus.

2153 2507 2206 2562 8.
2229 2506 2363 2573 Quid
2384 2508 2546 2578 ergo?
2575 2507 2632 2562 Si
2651 2507 2794 2562 venit
2816 2507 2937 2571 huc,
2965 2508 3052 2562 ubi
3081 2507 3229 2564 erat?
3259 2507 3324 2562 In
3344 2511 3438 2563 hoc
3466 2513 3698 2568 memdo

2083 2604 2214 2652 erat.
2249 2597 2313 2651 Et
2354 2596 2441 2652 hic
2466 2605 2600 2665 erat,
2631 2606 2686 2652 et
2713 2596 2816 2653 huc
2838 2597 3016 2653 venit:
3042 2597 3126 2654 hic
3151 2608 3265 2654 erat
3293 2615 3387 2672 per
3408 2599 3702 2658 divinita-

2085 2696 2225 2753 tem;
2252 2688 2352 2743 huc
2387 2689 2528 2745 venit
2553 2704 2646 2759 per
2687 2704 2900 2744 carnem
2934 2705 2946 2742 :
2981 2691 3100 2760 quia
3129 2705 3248 2746 cum
3279 2690 3364 2746 hic
3388 2702 3545 2749 esset
3584 2711 3703 2765 per

2083 2779 2434 2848 divinitatem,
2475 2781 2541 2836 ab
2583 2783 2758 2836 stultis
2789 2791 2843 2837 et
2868 2784 3023 2838 caecis
3050 2793 3106 2839 et
3135 2785 3322 2855 iniquis
3353 2785 3530 2840 videri
3568 2804 3699 2844 non

2083 2879 2309 2944 poterat.
2333 2871 2435 2942 Ipsi
2456 2871 2619 2943 iniqui
2641 2873 2873 2928 tenebrae
2897 2883 3019 2928 sunt
3036 2873 3104 2930 de
3128 2875 3314 2945 quibus
3331 2875 3542 2932 dictum
3568 2890 3696 2947 est,

2084 2960 2200 3016 Lux
2222 2962 2350 3016 lucet
2376 2963 2429 3016 in
2458 2963 2693 3030 tenebris,
2724 2973 2770 3018 et
2792 2964 3003 3018 tenebrae
3026 2981 3133 3018 eam
3153 2982 3250 3020 non
3266 2969 3701 3037 comprehende-

2083 3063 2198 3106 runt
2227 3051 2402 3122 (Joan.
2429 3069 2470 3120 ι,
2497 3054 2572 3124 5).
2597 3053 2734 3109 Ecce
2762 3053 2848 3109 hic
2868 3064 2949 3110 est
2977 3065 3029 3110 et
3051 3056 3227 3123 modo,
3257 3066 3308 3112 et
3330 3057 3414 3112 hic
3431 3070 3594 3127 erat,
3633 3073 3700 3118 et

2082 3158 2293 3213 semper
2327 3143 2413 3200 hic
2441 3153 2555 3211 est;
2585 3154 2639 3200 et
2668 3161 2933 3216 nunquam
2960 3146 3189 3214 recedit,
3219 3165 3478 3218 nusquam
3510 3167 3700 3210 rece-

2082 3233 2179 3290 dit.
2211 3234 2354 3305 Opus
2400 3245 2484 3292 est
2520 3246 2578 3292 ut
2621 3237 2816 3293 habeas
2854 3238 2993 3294 unde
3019 3239 3196 3295 rideas
3236 3242 3374 3312 quod
3401 3243 3494 3298 tibi
3523 3261 3700 3304 nun-

2082 3343 2240 3398 quam
2268 3329 2494 3395 recedit;
2525 3345 2659 3401 opus
2684 3341 2766 3386 est
2804 3339 2862 3386 ut
2905 3340 2958 3386 tu
3003 3346 3107 3388 non
3137 3333 3352 3390 recedas
3375 3319 3443 3390 ab
3475 3352 3548 3393 eo
3584 3342 3695 3411 qui

2081 3432 2339 3489 nusquam
2369 3419 2598 3486 recedit;
2630 3435 2766 3491 opus
2795 3431 2877 3476 est
2901 3430 2960 3476 ut
2986 3430 3040 3478 tu
3066 3439 3172 3478 non
3197 3424 3430 3493 deseras,
3463 3437 3521 3483 et
3557 3446 3694 3490 non

2080 3507 2362 3566 desereris.
2393 3509 2509 3567 Noli
2541 3512 2750 3579 cadere,
2773 3523 2826 3568 et
2849 3529 2955 3569 non
2979 3515 3068 3570 tibi
3095 3517 3318 3572 occidet.
3351 3517 3404 3573 Si
3436 3529 3492 3575 tu
3517 3521 3696 3582 recc.

2080 3604 2154 3658 ris
2180 3618 2380 3670 casum,
2409 3605 2497 3660 ille
2539 3605 2632 3660 tibi
2677 3606 2799 3662 facit
2838 3622 3082 3662 occasum
3115 3609 3196 3663 :si
3237 3619 3414 3692 autem
3435 3621 3489 3666 tu
3516 3625 3690 3686 stas,

2083 3709 2316 3763 prmsens
2339 3694 2558 3750 esttibi.
2580 3695 2685 3750 Sed
2711 3712 2815 3752 non
2849 3698 3037 3752 stetisti
3063 3715 3076 3751 :
3102 3700 3379 3756 recordare
3399 3702 3547 3758 unde
3575 3721 3691 3761 ce-

2079 3783 2288 3850 cideris,
2321 3784 2459 3839 unde
2488 3792 2539 3839 te
2575 3784 2763 3854 dejecit
2800 3786 2890 3856 qui
2928 3787 3070 3857 prior
3112 3797 3164 3843 te
3207 3791 3414 3846 cecidit.
3448 3791 3690 3863 Deiecit
3757 3853 3778 3870 ,

2078 3875 2220 3930 enim
2262 3884 2332 3939 te,
2365 3891 2470 3931 non
2513 3876 2585 3942 vi,
2615 3892 2719 3932 non
2766 3878 3015 3949 impulsu,
3046 3880 3138 3935 sed
3165 3882 3431 3939 voluntate
3454 3895 3578 3940 tua.
3620 3889 3689 3947 Si

2079 3966 2220 4020 enim
2262 3969 2402 4022 malo
2444 3984 2546 4022 non
2591 3970 2937 4037 consentires,
2961 3981 3148 4036 stares,
3181 3973 3504 4031 illuminatus
3536 3994 3687 4038 ma-

2078 4073 2252 4114 neres.
2283 4059 2438 4116 Modo
2479 4069 2654 4116 autem
2690 4061 2810 4132 quia
2849 4061 2956 4132 jam
2986 4064 3246 4133 cecidisti,
3275 4074 3330 4122 et
3377 4066 3554 4124 factus
3612 4090 3687 4132 es

2077 4153 2288 4208 saucius
2315 4155 2495 4220 corde,
2523 4155 2661 4210 unde
2680 4155 2842 4210 videri
2873 4156 2961 4212 illa
2986 4157 3071 4212 lux
3096 4169 3268 4228 potest
3285 4162 3322 4227 ί,
3346 4164 3490 4216 venit
3508 4165 3592 4219 ad
3623 4177 3686 4224 te

2080 4243 2202 4298 talis
2247 4246 2454 4314 qualem
2502 4261 2689 4316 posses
2737 4246 2947 4313 videre;
2992 4258 3046 4303 et
3089 4250 3243 4305 talem
3290 4267 3347 4307 se
3375 4252 3680 4316 hominem

2077 4334 2319 4402 prmbuit,
2341 4346 2394 4388 ut
2424 4336 2490 4390 ab
2515 4335 2726 4391 homine
2751 4348 3013 4408 qumreret
3039 4342 3415 4398 testimonium.
3438 4345 3524 4400 Ab
3549 4348 3678 4406 lto-

2075 4424 2218 4478 mine
2244 4426 2429 4494 quaerit
2463 4427 2816 4482 testimonium
2843 4430 3000 4496 Deus,
3031 4444 3085 4487 ct
3112 4432 3249 4488 Deus
3275 4443 3459 4490 testem
3485 4423 3562 4490 1ιεῖ
3567 4440 3678 4499 hct

2076 4513 2377 4582 hominem;
2411 4516 2571 4573 habet
2607 4519 2743 4575 Deus
2768 4528 2955 4577 testem
2984 4523 3272 4594 hominem,
3304 4525 3397 4582 sed
3427 4529 3686 4601 propter

2074 4604 2339 4662 hominem
2372 4618 2510 4662 :tam
2539 4609 2731 4664 inﬁrmi
2754 4614 2969 4667 sumus!
3003 4613 3100 4669 Per
3138 4614 3405 4672 lucernam
3447 4625 3674 4688 quatri-

2073 4712 2193 4753 mus
2220 4698 2391 4754 diem:
2416 4700 2535 4771 quia
2567 4701 2779 4757 lucerna
2808 4703 2980 4759 dictus
3004 4715 3087 4760 est
3113 4706 3224 4776 ipse
3246 4707 3501 4776 Joannes,
3533 4712 3671 4770 Do-

399 4789 514 4849 Nisi
540 4799 717 4846 autem
747 4788 1162 4852 illuminaretur,
1195 4784 1427 4840 tenebm
1447 4793 1599 4852 erat,
1626 4785 1760 4840 sicut
1783 4800 1968 4843 omnes
2068 4790 2214 4844 uino
2231 4788 2469 4846 dicente:
2495 4790 2596 4846 Ille
2641 4802 2744 4847 erat
2778 4795 2978 4848 lucerna
3003 4797 3185 4852 ardens
3212 4806 3257 4853 et
3277 4800 3463 4867 lucens,
3489 4811 3536 4856 et
3566 4821 3671 4863 ros

399 4883 569 4964 inpii,
596 4882 785 4954 quibus
805 4879 916 4950 jam
939 4877 1276 4934 credentibus
1295 4877 1427 4933 dixit
1446 4877 1750 4948 Apostolus,
1773 4877 1968 4934 Fuistis
2068 4879 2291 4934 voluistis
2314 4883 2566 4937 exsultare
2587 4884 2654 4936 ad
2685 4885 2861 4938 horam
2881 4887 2932 4940 in
2957 4887 3142 4943 lumine
3173 4891 3318 4961 ejus;
3340 4908 3430 4962 ego
3469 4906 3666 4954 autem

398 4976 672 5046 aliquando
708 4972 940 5028 tenebris.
989 4969 1145 5028 Modo
1192 4977 1368 5025 autem
1425 4969 1547 5040 quia
1595 4970 1962 5038 crediderant,

394 5065 563 5138 quid?
590 5064 743 5120 Nunc
761 5073 927 5119 autem
955 5064 1074 5128 lux,
1097 5061 1266 5134 inquit
1289 5103 1302 5129 ,
1334 5063 1385 5116 in
1411 5060 1626 5117 Domina
1652 5061 1883 5134 (Ephes.
1908 5080 1958 5129 v,

393 5157 472 5227 8).
501 5156 610 5212 Nisi
631 5155 864 5220 adderet,
887 5155 939 5209 in
955 5153 1194 5220 Domino,
1228 5167 1331 5208 non
1360 5152 1790 5224 intelligeremus.
1821 5155 1957 5222 Lux,

394 5247 594 5320 inquit,
623 5247 676 5300 in
719 5244 934 5300 Domino
959 5244 1232 5319 :_tenebr:e
1261 5259 1366 5297 non
1409 5243 1462 5298 in
1509 5243 1733 5300 Domino
1776 5247 1957 5302 eratis.

391 5340 586 5395 Fuistis
610 5337 740 5393 enim
765 5336 1037 5406 aliquando
1067 5334 1279 5390 tenebrat
1307 5350 1324 5389 :
1364 5335 1433 5392 ibi
1480 5351 1584 5391 non
1616 5337 1817 5394 addidit
1845 5380 1860 5405 ,
1905 5340 1958 5395 in

389 5431 638 5487 Domino.
672 5428 816 5499 Ergo
841 5425 1072 5483 tenebrae
1101 5425 1154 5481 in
1178 5426 1330 5482 vobis
1354 5467 1367 5492 ,
1393 5427 1479 5481 lux
1511 5427 1565 5483 in
1596 5429 1839 5484 Domino.
1870 5429 1959 5486 Sic

385 5528 444 5576 ot
481 5521 570 5575 ille
592 5535 693 5575 non
725 5527 833 5573 erat
860 5517 981 5582 luat,
1021 5514 1183 5570 sedat
1208 5515 1542 5572 testimonium
1585 5519 1860 5588 perhiberet
1896 5521 1959 5576 de

389 5611 596 5667 tantine.
1539 5673 1553 5686 .

456 5700 512 5756 7.
537 5698 640 5757 Ubi
660 5709 834 5757 autem
863 5708 946 5756 est
972 5698 1082 5771 ipsa
1104 5698 1237 5754 lux?
1266 5698 1392 5755 Erat
1413 5701 1503 5755 tua:
1530 5716 1664 5768 vera,
1687 5719 1800 5772 qua:
1836 5704 1956 5759 illu-

389 5794 548 5854 minat
566 5808 762 5848 omnem
787 5791 1033 5847 hominem
1057 5791 1332 5848 venientem
1352 5792 1405 5846 in
1438 5792 1570 5849 hunc
1606 5794 1866 5852 mundum.
1896 5797 1950 5855 Si

2071 4969 2224 5032 habeo
2250 4973 2587 5027 testimonium
2615 4977 2780 5046 majus
2807 4975 3005 5030 Joanne
3033 4977 3139 5047 (Id.
3173 4997 3225 5047 ι’,
3257 4982 3344 5048 55,
3377 4982 3495 5055 56.)

2137 5061 2190 5116 9.
2223 5063 2359 5133 Ergo
2401 5064 2630 5119 uSlendit
2667 5066 2788 5136 quia
2836 5077 3050 5137 propter
3083 5069 3324 5128 homines
3349 5074 3518 5131 voluit
3545 5094 3662 5148 per

2071 5153 2339 5208 lucernam
2372 5154 2724 5211 demonstrari
2761 5158 2829 5214 ad
2869 5158 3026 5215 fidem
3073 5162 3422 5233 credentium,
3449 5177 3506 5224 ut
3540 5187 3657 5241 per

2067 5245 2231 5314 ipsam
2255 5247 2520 5302 lucernam
2542 5249 2739 5306 inimici
2759 5251 2873 5322 ejus
2895 5254 3362 5316 oonfunderentur.
3390 5262 3467 5319 llli
3492 5267 3651 5325 enim

2066 5336 2262 5392 inimici
2291 5338 2378 5408 qui
2409 5339 2553 5394 illum
2581 5342 2873 5409 tentabant,
2895 5353 2949 5400 et
2971 5345 3236 5419 dicebant,
3253 5349 3353 5408 Dic
3377 5337 3536 5423 nobis,
3568 5361 3648 5418 In

2062 5444 2160 5496 qua
2187 5438 2425 5498 potestate
2455 5431 2552 5486 ista
2580 5434 2743 5504 facis?
2769 5433 3095 5511 Interrogabo
3121 5458 3204 5498 vos
3230 5453 3278 5500 et
3306 5462 3417 5517 ego,
3440 5448 3641 5521 inquit,

2063 5534 2221 5573 unum
2247 5537 2520 5576 sermonem
2542 5537 2562 5578 .'
2583 5524 2732 5579 dicite
2765 5527 2914 5593 mihi,
2949 5528 3223 5601 baptismus
3254 5535 3469 5594 Joannis
3499 5547 3643 5601 unde

2062 5613 2173 5664 est?
2197 5613 2259 5666 (le
2273 5615 2415 5680 cazlo,
2444 5632 2508 5669 an
2534 5616 2596 5670 ab
2625 5617 2943 5677 hominibus?
2969 5623 3034 5677 Et
3064 5626 3246 5680 turbati
3268 5641 3401 5696 sunt,
3421 5641 3466 5686 et
3489 5635 3640 5691 dixe-

2959 5765 3252 5872 re?“
3268 5769 3517 5830 ⁸¹¹⁸¹¹⁵ιί¹¹ί
3541 5780 3636 5838 es"
