4036 6402
1702 249 1910 282 κατθῡηξ

1509 363 1918 425 TRACTATUS
1944 363 2008 421 ll.
2037 362 2272 422 CAPUT
2307 361 2348 421 i.

273 370 409 430 £393

1915 247 1938 260 ,ι
1950 240 2183 260 ..κεραμεῖς-,ι
2198 247 2206 253 ι
2234 244 2262 256 *μ’
2278 246 2285 253 ι

1924 254 2023 291 ῖ-εις
2034 275 2087 296 φ
2097 254 2247 297 .η“έῗ.;ν-ι
2273 278 2287 291 ι
2313 277 2324 286 ε

3402 368 3541 425 1591

267 496 389 543 runt
412 486 561 558 apud
587 487 910 555 semetipsos,
940 483 1001 541 Si
1037 482 1312 540 dixerimus
1341 481 1408 538 de
1440 480 1603 550 aeto;
1636 481 1862 536 dicturus
1954 477 2187 569 pundus
2214 493 2304 548 per
2334 493 2448 531 eum
2488 480 2652 548 factus
2689 486 2780 544 est,
2800 485 2847 533 et
2895 478 3112 533 mundus
3146 494 3261 535 eum
3305 494 3407 534 non
3446 494 3530 534 co-

270 587 341 634 est
360 576 530 643 nobis,
558 577 733 645 Quare
752 594 867 649 ergo
882 593 981 631 non
1002 575 1281 631 credidistis
1296 575 1412 630 illi?
1433 572 1589 646 (quia
1610 572 1702 630 ille
1720 571 1865 629 Chri-

268 680 353 725 sto
380 668 739 740 perhibuerat
765 668 1140 734 testimonium,
1168 676 1222 723 et
1245 667 1470 729 dixerat,
1500 664 1620 720 Non
1640 681 1753 719 sum
1770 681 1862 736 ego

268 761 522 826 Christus,
537 762 633 815 sed
647 762 730 816 ille
750 759 925 835 [Ιραη.
943 777 980 826 ι,
995 760 1063 815 20
1080 758 1217 831 27]).
1239 757 1300 814 Si
1320 768 1487 813 autem
1506 774 1569 813 ea:
1582 756 1864 813 hominibus

268 852 553 913 dixerimus
581 867 709 918 esse,
735 852 963 905 timemus
1006 851 1253 920 populum
1292 866 1356 905 ne
1384 848 1571 919 lapidet
1604 848 1862 920 nos;quia

267 953 511 1009 tanquam
533 942 837 1013 prophetam
864 940 1107 995 habebant
1127 940 1400 996 Joannem.
1432 940 1701 996 Timentes
1726 938 1859 1008 lapi-

269 1036 545 1093 dationem
564 1076 583 1103 ,
613 1035 703 1091 sed
740 1035 859 1105 plus
912 1036 1160 1090 timentes
1186 1033 1422 1089 veritatis
1446 1031 1857 1098 confessionem,

270 1126 669 1197 responderunt
705 1125 1034 1181 mendaciqu
1062 1126 1302 1191 veritati;
1329 1134 1384 1181 et
1408 1124 1627 1180 mentita
1653 1131 1735 1179 est
1756 1122 1862 1177 ini-

266 1218 441 1288 quitas
465 1217 574 1271 sibi
595 1214 767 1285 (Psal.
794 1232 939 1284 xxvi,
966 1214 1075 1289 12).
1098 1216 1351 1271 Dixerunt
1371 1216 1512 1271 enim
1532 1232 1545 1268 :
1568 1213 1858 1269 Nescimus.

270 1309 335 1364 Et
360 1309 653 1375 Dominus,
679 1309 801 1379 quia
840 1309 938 1379 ipsi
981 1317 1165 1363 contra
1193 1322 1252 1362 se
1276 1308 1593 1374 clauserant,
1619 1305 1861 1377 negando

269 1413 325 1455 se
350 1400 494 1454 scire
513 1399 663 1469 quod
683 1407 957 1464 noverant,
988 1413 1087 1453 nec
1108 1398 1219 1470 ipse
1236 1398 1339 1452 illis
1362 1397 1588 1469 aperuit,
1611 1396 1732 1467 quia
1755 1411 1860 1451 nou

271 1490 641 1559 pulsaverunt.
674 1490 880 1544 Dictum
918 1497 1000 1544 est
1046 1489 1187 1543 enim
1226 1506 1239 1543 :
1280 1487 1509 1553 Pulsate,
1538 1495 1584 1541 et
1612 1485 1863 1557 aperietur

269 1580 402 1634 uobis
430 1579 652 1653 (Matth.
679 1595 773 1644 vn,
803 1579 882 1651 7).
909 1578 1024 1634 Non
1052 1580 1225 1633 solum
1249 1587 1424 1633 autem
1449 1577 1521 1632 illi
1544 1593 1648 1631 nou
1678 1576 1859 1648 pulsa-

270 1677 477 1736 verunt,
508 1679 570 1724 ut
610 1671 944 1741 aperiretur;
987 1668 1081 1723 sed
1131 1668 1396 1740 negando,
1444 1669 1637 1723 ostium
1684 1668 1859 1738 ipsum

271 1770 453 1815 contra
481 1774 544 1815 se
574 1760 974 1815 obstruxerunt.
1013 1760 1080 1823 Et.
1104 1761 1178 1815 ait
1206 1761 1286 1816 eis
1314 1761 1564 1816 Dominus
1597 1777 1609 1813 :
1642 1758 1750 1813 Nec
1771 1775 1860 1838 ego

272 1852 382 1906 dico
407 1851 549 1906 vobis
560 1851 617 1905 in
640 1867 739 1920 qua
761 1860 1006 1922 potestate
1020 1853 1115 1907 ista
1130 1853 1264 1925 [acia
1294 1852 1503 1926 (Matth.
1532 1869 1642 1919 χχι,
1672 1851 1857 1920 23-27,

276 1942 439 1998 lare.
468 1958 549 2009 ιι,
579 1942 771 2010 28-55,
793 1953 839 1997 et
859 1942 987 1998 Luc.
1018 1960 1108 2009 xx,
1134 1942 1280 2016 2-8).
1305 1944 1373 1999 Et
1392 1944 1596 1999 confusi
1622 1953 1744 2000 sunt
1770 1959 1862 2014 per

274 2030 559 2099 Joannem;
591 2032 974 2104 impletumque
1008 2034 1062 2088 in
1094 2033 1197 2089 illis
1225 2043 1340 2102 est,
1373 2032 1555 2089 Paravi
1605 2033 1861 2088 lucernam

281 2119 472 2177 Christo
513 2138 672 2186 meo;
698 2123 929 2178 inimicos
969 2124 1079 2194 ejus
1122 2124 1331 2180 induam
1372 2126 1666 2197 confusione
1688 2123 1856 2197 (Psal.

279 2227 451 2278 cum,
482 2215 575 2281 t7,
610 2214 729 2285 t8).

346 2303 433 2361 10.
462 2303 529 2358 In
557 2306 755 2358 mundo
786 2314 913 2371 erat,
951 2314 997 2359 et
1030 2304 1248 2359 mundus
1287 2323 1376 2375 per
1420 2322 1532 2359 eum
1578 2308 1740 2377 factus
1765 2315 1859 2360 est.

276 2394 349 2451 Ne
376 2406 529 2467 putes
557 2396 686 2467 quia
714 2396 791 2451 sic
816 2405 930 2452 erat
957 2397 1007 2451 in
1039 2397 1258 2463 mundo,
1287 2397 1553 2467 quomodo
1582 2400 1631 2451 in
1662 2397 1861 2452 mundo

276 2494 356 2541 est
395 2496 558 2553 terra,
609 2487 663 2541 in
710 2485 906 2541 mundo
945 2496 1028 2542 est
1073 2488 1290 2553 ctutum,
1322 2488 1373 2541 in
1418 2487 1618 2543 mundo
1643 2495 1726 2544 est
1752 2487 1857 2555 sol,

276 2574 397 2631 luna
435 2586 489 2631 et
530 2575 744 2642 stellae,
772 2575 823 2630 in
854 2575 1049 2630 mundo
1074 2577 1312 2642 arbores,
1342 2592 1551 2646 pecora,
1582 2576 1845 2632 homines.

277 2664 390 2722 Non
411 2668 490 2722 sic
520 2667 630 2724 iste
649 2666 702 2721 in
734 2667 931 2722 mundo
960 2676 1093 2722 erat.
1125 2666 1230 2722 Sed
1252 2667 1519 2737 quomodo
1542 2668 1692 2723 erat?
1717 2667 1863 2737 Quo-

281 2757 437 2813 modo
462 2760 684 2826 artifex,
715 2773 905 2829 regens
945 2758 1088 2830 quod
1126 2758 1268 2815 fecit.
1298 2758 1411 2813 Non
1443 2760 1586 2815 enim
1611 2760 1689 2816 sic
1712 2759 1857 2828 fecit,

282 2850 546 2920 quomodo
570 2849 706 2930 facit
734 2851 897 2906 faber.
930 2849 1248 2906 Forinsecus
1278 2858 1357 2904 est
1387 2864 1509 2905 arca
1529 2866 1688 2922 quam
1714 2851 1859 2920 facit,

280 2948 332 2997 et
376 2942 463 2997 illa
503 2944 559 2998 in
608 2942 719 2997 alio
768 2942 886 2998 loco
936 2943 1104 3012 posita
1158 2951 1260 3009 est,
1292 2956 1416 2998 cum
1459 2940 1783 3010 fabricatur;
1810 2952 1865 2999 et

277 3034 511 3103 quamvis
545 3031 701 3103 juxta
727 3033 815 3099 sit,
846 3033 960 3102 ipse
1005 3032 1112 3087 alio
1163 3031 1281 3088 loco
1329 3032 1479 3088 sedet
1501 3033 1590 3104 qui
1618 3031 1857 3101 fabricat,

283 3131 333 3176 et
354 3123 697 3177 extrinsecus
724 3131 806 3177 est
839 3121 905 3176 ad
954 3120 1079 3176 illud
1126 3120 1266 3192 quod
1314 3120 1576 3178 fabricat:
1607 3122 1745 3179 Deus
1770 3138 1864 3179 au-

282 3220 383 3267 tem
430 3212 639 3268 mundo
674 3210 881 3267 infusus
906 3211 1146 3281 fabricat,
1174 3212 1367 3283 ubique
1389 3214 1591 3284 positus
1621 3213 1860 3284 fabricat,

283 3311 335 3357 et
374 3320 479 3360 non
525 3303 735 3359 recedit
771 3304 969 3375 aliquo,
1001 3318 1107 3359 non
1145 3305 1477 3360 extrinsecus
1513 3306 1665 3376 quasi
1689 3315 1865 3362 versat

283 3393 470 3447 molem
497 3409 663 3464 quam
690 3392 932 3449 fabricat.
954 3394 1241 3449 Praesentia
1264 3395 1555 3465 majestatis
1575 3394 1698 3451 facit
1722 3397 1863 3468 quod

283 3483 437 3551 facit;
470 3484 758 3554 prmsentia
794 3500 890 3539 sua
926 3485 1186 3555 gubernat
1226 3484 1367 3556 quod
1414 3485 1561 3542 fecit.
1605 3486 1693 3542 Sic
1736 3503 1863 3559 ergo

283 3585 391 3629 erat
411 3577 463 3631 in
485 3575 711 3640 mundo,
735 3576 999 3647 quomodo
1023 3592 1117 3647 per
1138 3592 1296 3647 quem
1315 3578 1541 3633 mundus
1567 3578 1733 3634 factus
1757 3589 1860 3636 est.

286 3662 384 3720 Per
407 3669 580 3739 ipsum
614 3667 759 3725 enim
782 3668 997 3722 mundus
1024 3668 1188 3739 [actus
1206 3677 1298 3735 est,
1321 3678 1367 3724 et
1391 3670 1609 3724 mundus
1631 3687 1744 3726 eum
1762 3688 1864 3728 non

286 3762 528 3830 cognovit.

354 3849 437 3904 fl.
469 3849 613 3919 Quid
636 3857 741 3918 εει,
771 3849 988 3904 mundus
1012 3849 1177 3920 {actus
1196 3860 1268 3904 est
1287 3867 1378 3922 per
1403 3852 1604 3924 ipsum?
1629 3852 1859 3922 Caelum,

290 3948 440 4007 terra,
468 3957 623 3997 mare
651 3952 705 3997 et
731 3942 908 3997 omnia
938 3957 1056 4013 qua:
1098 3942 1152 3996 in
1191 3944 1270 3998 eis
1308 3952 1452 4009 sunt,
1481 3945 1711 3999 mundus
1734 3946 1865 4001 dici-

292 4039 386 4085 tur.
412 4031 613 4088 lterum
642 4031 744 4086 alia
765 4032 1170 4103 significatione,
1199 4032 1482 4089 dilectores
1507 4035 1689 4089 mundi
1710 4052 1864 4091 mun-

289 4119 383 4176 dus
406 4122 678 4179 dicuntur.
707 4122 934 4177 Mundus
965 4141 1052 4195 per
1079 4124 1244 4196 ipsum
1270 4129 1434 4197 factus
1455 4136 1548 4193 est,
1573 4139 1617 4181 et
1647 4130 1865 4184 mundus

292 4228 397 4267 eum
425 4231 528 4269 non
558 4215 805 4286 cognovit.
832 4215 965 4271 Num
1013 4217 1155 4271 enim
1197 4215 1319 4273 οωιί
1360 4232 1466 4273 non
1504 4233 1866 4289 cognoverunt

292 4301 594 4362 Creatorem
622 4323 800 4373 suum,
821 4317 911 4362 aut
935 4309 1122 4379 Angeli
1144 4323 1249 4364 non
1269 4322 1630 4381 cognoverunt
1649 4312 1865 4369 Creato-

293 4412 397 4450 rem
432 4412 615 4464 suum,
646 4405 738 4452 aut
764 4414 869 4452 non
896 4408 1260 4469 cognoverunt
1286 4400 1591 4457 Creatorem
1616 4419 1771 4461 suum
1793 4406 1865 4460 si-

266 4486 430 4555 .dera,
460 4506 622 4561 quem
644 4492 964 4546 confitentur
984 4492 1284 4548 dmmonia?
1306 4493 1496 4550 Omnia
1527 4497 1758 4568 undique
1787 4506 1865 4553 te-

294 4582 597 4639 stimonium
633 4584 1033 4654 perhibuerunt.
1074 4584 1179 4642 Sed
1216 4586 1306 4656 qui
1336 4602 1444 4642 non
1472 4591 1865 4659 cognoverunt?

247 4741 258 4755 ο
294 4668 385 4738 Qui
416 4674 648 4729 amando
695 4673 947 4730 mundum
988 4674 1117 4730 dicti
1158 4685 1283 4731 sunt
1326 4676 1572 4732 mundus.
1623 4679 1865 4735 Amando

295 4765 429 4819 enim
470 4765 773 4820 habitamus
808 4765 969 4821 corde
994 4783 1006 4819 :
1035 4766 1263 4822 amando
1311 4776 1508 4834 autem,
1544 4768 1643 4824 hoc
1684 4771 1862 4841 appel-

297 4855 388 4913 lari
412 4867 724 4915 meruerunt
746 4858 887 4929 quod
909 4860 997 4914 ille
1017 4860 1105 4914 ubi
1137 4859 1463 4915 habitabant.
1487 4862 1763 4929 Quomodo
1783 4863 1866 4919 di-

295 4948 480 5017 cimus,
511 4949 645 5006 Mala
671 4961 754 5005 est
780 4951 867 5005 illa
895 4950 1104 5017 domus;
1128 4961 1236 5018 aut,
1256 4952 1400 5007 Bona
1425 4961 1508 5009 cst
1531 4954 1617 5009 illa
1643 4953 1860 5011 domus:

295 5052 394 5095 non
418 5043 472 5097 in
502 5042 591 5097 illa
615 5058 772 5112 quam
791 5042 1014 5097 dicimus
1041 5028 1252 5111 unalam,
1280 5044 1508 5114 parietes
1528 5060 1860 5113 accusamus;

297 5142 382 5187 aut
407 5134 458 5189 in
488 5135 577 5189 illa
606 5150 764 5205 quam
790 5134 1013 5189 dicimus
1040 5135 1253 5200 bonam,
1288 5137 1519 5205 parietes
1548 5137 1859 5193 laudamus:

297 5224 383 5277 sed
398 5225 586 5280 malam
603 5224 836 5288 domum,
858 5225 1214 5281 inhabitantes
1240 5227 1439 5292 malos;
1472 5237 1519 5281 ct
1544 5228 1736 5283 bonam
1764 5229 1860 5284 do-

299 5325 454 5378 mum,
478 5314 835 5370 inbabitantes
849 5315 1037 5370 bonos.
1058 5315 1146 5371 Sic
1174 5325 1229 5372 et
1254 5318 1632 5390 mundum,qui
1652 5320 1861 5376 inhabi-

240 5434 275 5483 (Ξ
301 5410 404 5459 tant
416 5405 641 5461 amando
655 5407 933 5461 mundum.
947 5406 1045 5473 Qui
1063 5407 1209 5461 sunt?
1223 5408 1320 5475 Qui
1338 5409 1560 5480 diligunt
1577 5412 1859 5469 mundum:

260 5470 393 5571 iipsi
413 5496 551 5551 enim
573 5496 737 5551 corde
758 5470 998 5551 habitant
1024 5496 1076 5551 iu
1100 5470 1318 5553 mundo.
1344 5470 1472 5553 Nam
1502 5501 1589 5571 qui
1620 5518 1724 5556 non
1751 5503 1863 5558 dili-

234 5560 424 5681 {g‘unt
446 5587 723 5658 mundum,
749 5604 911 5645 carne
939 5582 1216 5645 versantur
1245 5591 1295 5645 in
1328 5560 1558 5657 mundo;
1582 5594 1677 5649 sed
1701 5596 1861 5652 corde

304 5671 585 5733 inhabitant
614 5679 839 5746 ctelum,
870 5677 1010 5733 sicut
1040 5679 1329 5749 Apostolus
1352 5679 1516 5735 dicit:
1539 5680 1731 5737 Nostra
1766 5701 1859 5738 au-

304 5770 395 5821 ια
441 5770 746 5826 commotio
792 5770 848 5824 in
896 5768 1035 5828 ralis
1076 5778 1149 5824 est
1183 5769 1442 5855 (Philipp.
1473 5772 1686 5845 1,1520).
1719 5774 1861 5865 Ergo

1964 571 2154 642 gnooit.

2040 661 2126 717 l2.
2164 658 2232 715 In
2269 676 2363 715 sua
2395 659 2601 732 propria
2625 659 2789 715 uetuit:
2810 658 2934 731 quia
2958 659 3133 714 omnia
3163 660 3261 715 ista
3292 675 3388 730 per
3413 676 3536 717 eum

1964 754 2100 809 facta
2129 762 2271 809 sunt.
2298 752 2367 807 Et
2384 752 2466 807 sui
2492 768 2606 807 eum
2632 768 2733 806 non
2751 760 3058 821 receperunt.
3087 751 3185 819 Qui
3207 752 3327 806 sui?
3352 751 3537 808 liomi-

1964 860 2063 901 nes
2091 859 2226 917 quos
2254 843 2396 899 fecit.
2426 842 2597 898 Judaei
2612 858 2746 914 quos
2768 842 3008 913 primitus
3029 841 3154 898 fecit
3172 858 3331 912 super
3348 856 3538 898 omnes

1963 948 2150 1009 gentes
2177 951 2318 993 esse.
2340 936 2472 1005 Quia
2497 935 2616 991 alia:
2636 945 2822 1007 gentes
2845 935 2983 991 idola
3006 934 3319 1002 adorabant,
3346 944 3400 991 et
3422 935 3536 990 dae-

1964 1028 2210 1084 monibus
2232 1028 2563 1095 serviebant;
2604 1027 2694 1083 ille
2718 1035 2895 1083 autem
2922 1028 3144 1098 populus
3164 1035 3318 1082 natus
3337 1037 3452 1083 erat
3470 1026 3539 1083 de

1964 1119 2170 1174 semine
2203 1116 2467 1175 Abrahae:
2498 1125 2555 1174 et
2592 1117 2691 1188 ipsi
2734 1116 2965 1173 maxime
3016 1118 3130 1182 sui;
3181 1117 3303 1187 quia
3342 1126 3395 1171 et
3446 1132 3541 1187 per

1965 1224 2178 1265 carnem
2204 1226 2361 1281 quam
2390 1210 2665 1281 suscipere
2691 1210 2938 1281 dignatus
2961 1219 3063 1278 est,
3093 1211 3322 1281 cognati.
3354 1213 3421 1265 In
3449 1227 3542 1265 sua

1966 1302 2173 1373 propria
2201 1302 2347 1366 venit,
2376 1311 2424 1357 et
2453 1303 2534 1357 sui
2563 1319 2676 1358 eum
2706 1319 2806 1357 non
2832 1313 3141 1373 receperunt.
3172 1301 3285 1356 Non
3315 1317 3540 1372 recepe-

1964 1401 2090 1448 runt
2131 1393 2368 1459 omnino,
2402 1393 2577 1449 nullus
2612 1394 2850 1463 recepit?
2874 1393 3060 1449 Nullus
3086 1410 3213 1464 ergo
3253 1394 3429 1448 salvus
3462 1394 3539 1447 fa-
3564 1442 3586 1467 ρ

1964 1492 2083 1540 etus
2103 1484 2221 1540 est?
2247 1483 2413 1540 Nemo
2432 1485 2571 1540 enim
2592 1484 2768 1541 salvus
2782 1484 2889 1551 flet,
2914 1485 3015 1539 nisi
3035 1486 3125 1555 qui
3153 1483 3422 1539 Christum
3451 1500 3539 1540 re-

1964 1576 2167 1647 cvperit
2193 1576 2517 1633 venientem.

2035 1669 2123 1725 15.
2153 1669 2259 1726 Sed
2287 1669 2524 1725 addidit:
2561 1669 2811 1740 Quotquot
2855 1680 3020 1724 autem
3058 1650 3352 1740 receperunt
3402 1687 3537 1725 eum.

1964 1761 2101 1830 Quid
2132 1762 2210 1817 eis
2247 1763 2529 1833 prmstitit?
2557 1763 2740 1834 Magna
2789 1762 3187 1819 benevolentia!
3218 1762 3401 1833 Magna
3443 1762 3542 1816 mi-

1964 1853 2285 1909 sericordia!
2316 1853 2512 1909 Unicus
2533 1862 2685 1908 natus
2710 1862 2809 1920 est,
2837 1860 2891 1908 et
2932 1853 3099 1908 noluit
3133 1868 3349 1909 manere
3377 1848 3535 1907 unus.

1964 1927 2110 2001 Multi
2135 1945 2376 2001 homines
2390 1961 2509 2002 cum
2532 1945 2671 2001 ﬁlios
2692 1961 2796 2000 non
2821 1944 3118 2009 habuerint,
3146 1952 3356 2015 peracta
3382 1951 3539 1999 aetate

1963 2038 2220 2108 adoptant
2243 2038 2377 2103 sibi;
2412 2045 2467 2092 et
2495 2038 2763 2093 voluntate
2802 2036 2999 2091 faciunt
3032 2036 3175 2107 quod
3216 2024 3399 2090 natura
3436 2050 3540 2089 non

1965 2136 2294 2198 potuerunt:
2328 2128 2429 2184 hoc
2466 2126 2665 2183 faciunt
2716 2127 2975 2182 homines.
3031 2126 3088 2181 Si
3134 2135 3311 2181 autem
3352 2126 3543 2195 aliquis

1964 2217 2159 2274 habeat
2204 2217 2368 2274 filium
2409 2217 2643 2283 unicum,
2684 2218 2878 2289 gaudet
2904 2217 2970 2271 ad
3015 2217 3161 2271 illum
3192 2215 3393 2286 magis;
3421 2216 3540 2284 quia

1964 2311 2115 2366 solus
2144 2311 2322 2365 omnia
2351 2324 2693 2380 possessorus
2720 2318 2823 2377 est,
2850 2317 2903 2365 et
2928 2323 3036 2363 non
3063 2307 3279 2363 habebit
3304 2307 3391 2376 qui
3421 2321 3543 2360 cum

1964 2416 2031 2457 eo
2069 2401 2270 2457 dividat
2288 2400 2669 2466 hazreditatem,
2699 2387 2755 2455 ut
2793 2399 3076 2470 pauperior
3103 2404 3393 2453 remaneat.
3425 2395 3544 2450 Non

1964 2492 2043 2547 sic
2071 2491 2212 2546 Deus
2240 2509 2254 2545 :
2282 2490 2505 2547 Unicum
2528 2490 2773 2545 eumdem
2804 2491 2975 2561 ipsum
3000 2505 3157 2560 quem
3184 2496 3461 2559 genuerat,
3490 2496 3545 2544 et

1968 2598 2062 2654 per
2080 2598 2239 2654 quem
2265 2590 2457 2637 cuncta
2485 2590 2775 2648 creaverat,
2819 2581 2962 2637 misit
3004 2582 3055 2636 in
3100 2581 3243 2636 hunc
3267 2580 3542 2643 mundum,

1967 2682 2025 2729 ut
2066 2688 2172 2729 non
2226 2682 2369 2729 esset
2410 2688 2570 2738 unus,
2602 2671 2695 2728 sed
2739 2670 2931 2726 fratres
2978 2670 3197 2725 haberet
3242 2669 3541 2739 adOptatos.

1966 2763 2082 2819 Non
2113 2764 2255 2819 enim
2281 2779 2379 2819 nos
2406 2764 2518 2819 uati
2547 2776 2727 2817 sumus
2753 2760 2819 2816 de
2850 2760 2980 2827 Deo,
3003 2759 3270 2831 quomodo
3294 2757 3385 2814 ille
3409 2757 3585 2837 Unij

1966 2763 2082 2819 Non
2113 2764 2255 2819 enim
2281 2779 2379 2819 nos
2406 2764 2518 2819 uati
2547 2776 2727 2817 sumus
2753 2760 2819 2816 de
2850 2760 2980 2827 Deo,
3003 2759 3270 2831 quomodo
3294 2757 3385 2814 ille
3409 2756 3589 2963 Uni?

1965 2853 2193 2925 genitus,
2235 2852 2329 2907 sed
2375 2851 2607 2923 adoptati
2652 2866 2745 2922 per
2782 2850 3003 2921 gratiam
3048 2848 3232 2920 ipsius.
3262 2848 3355 2903 ille
3399 2847 3579 2903 enim7

1966 2945 2111 2999 venit
2139 2942 2452 3014 Unigenitus
2473 2942 2677 2998 solvere
2705 2951 2938 3011 peccata.
2971 2940 3164 3011 quibus
3186 2937 3419 3010 peccatis
3445 2937 3542 2992 im-
3558 2937 3594 2975 λι

1966 3036 2314 3109 plicabamur,
2347 3050 2411 3091 ne
2439 3034 2714 3104 adoptaret
2747 3048 2842 3089 nos
2869 3040 3081 3103 propter
3105 3030 3544 3102 impedimentum
3598 3020 3611 3027 ’

1966 3145 2153 3186 eorum
2173 3148 2186 3183 :
2210 3142 2345 3199 quos
2388 3127 2490 3183 sibi
2538 3128 2726 3183 fratres
2767 3125 2941 3181 facere
2964 3124 3192 3190 volebat,
3221 3123 3333 3193 ipse
3361 3119 3542 3186 solvit,

1966 3233 2021 3277 et
2045 3222 2163 3277 fecit
2186 3219 2513 3277 cobaeredes.
2549 3217 2637 3275 Sic
2676 3220 2820 3274 enim
2871 3216 3003 3272 dicit
3027 3215 3332 3286 Apostolus,
3366 3213 3426 3269 Si
3451 3229 3544 3268 αα-

1966 3320 2062 3367 teut
2081 3311 2240 3381 filius,
2266 3320 2313 3365 et
2349 3310 2509 3365 [mares
2558 3326 2646 3380 per
2698 3308 2856 3362 Deum
2885 3305 3079 3380 (Galat.
3125 3320 3197 3371 tv,
3230 3304 3392 3374 7):et
3443 3304 3543 3359 ite-

1967 3420 2106 3471 rum,
2154 3401 2395 3458 Haredes
2456 3400 2657 3475 quidem
2681 3397 2796 3463 Dei,
2826 3397 3109 3452 cohtrredes
3152 3406 3318 3449 autem
3355 3393 3543 3450 Christi

1968 3494 2143 3570 (Rom.
2212 3510 2322 3561 vm,
2355 3494 2421 3549 i7
2451 3493 2495 3566 ).
2531 3492 2643 3548 Non
2702 3491 2871 3546 timuit
2908 3488 2998 3544 ille
3058 3487 3257 3543 habere
3301 3487 3543 3542 coluere-

1967 3587 2094 3652 des;
2121 3585 2243 3656 quia
2296 3583 2578 3640 bmreditas
2628 3582 2743 3653 ejus
2790 3596 2897 3638 non
2945 3577 3004 3634 fit
3027 3586 3268 3649 angusta,
3311 3577 3355 3632 si
3393 3577 3544 3633 multi

1967 3676 2323 3749 possederint.
2386 3676 2464 3731 llli
2534 3675 2635 3748 ipsi
2683 3683 2828 3729 certe
2899 3672 2990 3729 illo
3051 3669 3358 3743 possidente
3409 3669 3541 3724 fiunt

1968 3769 2251 3824 haereditas
2302 3769 2488 3840 ipsius,
2542 3777 2598 3822 et
2657 3766 2769 3837 ipse
2827 3763 3061 3820 vicissim
3132 3763 3192 3817 fit
3257 3759 3541 3816 baereditas

1969 3861 2222 3932 ipsorum.
2254 3859 2393 3915 Audi
2416 3857 2682 3930 quomodo
2722 3856 2819 3928 ipsi
2856 3854 2985 3910 fiant
3023 3852 3306 3909 hmreditas
3331 3851 3539 3921 ipsius:

1967 3950 2214 4005 Dominus
2254 3950 2382 4005 dixit
2420 3949 2489 4002 ad
2522 3965 2617 4015 me,
2629 3946 2792 4001 Filius
2817 3962 2957 4001 meus
2977 3961 3029 3999 es
3052 3954 3106 3997 tu
3117 3961 3137 4010 ;
3167 3958 3257 4014 ego
3276 3941 3424 3996 hodie
3452 3957 3542 4011 ge—

1966 4042 2056 4094 nui
2086 4049 2151 4094 te.
2192 4038 2405 4093 Postulo
2432 4056 2465 4092 a
2491 4055 2587 4102 me,
2616 4045 2662 4091 et
2700 4035 2830 4090 dabo
2872 4034 2959 4089 tibi
2996 4042 3163 4105 gentes
3198 4031 3541 4087 hereditatem

1967 4143 2107 4186 tuam
2135 4128 2304 4202 (Psal.
2336 4146 2394 4192 tt,
2424 4129 2476 4194 7,
2504 4129 2581 4199 8).
2609 4126 2702 4183 Ille
2729 4124 2996 4197 quomodo
3038 4124 3098 4178 fit
3135 4120 3416 4178 bmreditas
3452 4134 3541 4175 eo-

1969 4220 2129 4276 rum?
2158 4219 2294 4277 Dich
2324 4219 2375 4273 in
2403 4217 2614 4274 Psalmo
2640 4235 2652 4270 :
2687 4215 2932 4269 Dominus
2960 4229 3080 4285 pars
3099 4211 3402 4267 hwreditatis
3421 4225 3545 4265 mea:

1968 4322 2016 4367 et
2036 4310 2208 4367 colicis
2228 4310 2323 4364 mei
2352 4307 2524 4381 (Psal.
2554 4323 2641 4375 xv,
2671 4307 2748 4379 5).
2771 4305 2839 4362 Et
2860 4318 2961 4362 nos
2985 4303 3131 4360 illum
3155 4300 3541 4374 possideamus,

1968 4412 2023 4459 et
2047 4402 2161 4473 ipse
2189 4416 2285 4457 nos
2314 4399 2583 4472 possideat
2610 4398 2730 4455 :illc
2755 4411 2853 4452 nos
2878 4394 3168 4468 possideat,
3197 4394 3333 4449 sicut
3353 4393 3543 4449 Domi-

1969 4514 2103 4566 nus;
2131 4486 2230 4553 tios
2257 4496 2403 4551 illum
2430 4494 2790 4567 possideamus
2817 4493 2949 4549 sicut
2963 4492 3211 4555 salutem,
3231 4504 3331 4545 nos
3357 4491 3540 4561 possi-

1969 4590 2190 4647 deamus
2211 4589 2345 4645 sicut
2371 4588 2562 4643 lucem.
2594 4586 2729 4655 Quid
2759 4600 2886 4656 ergo
2909 4584 3056 4640 dedit
3088 4583 3171 4639 bis
3199 4583 3290 4654 qui
3324 4597 3544 4654 recepe—

1968 4691 2093 4736 runt
2122 4680 2308 4737 illum?
2328 4678 2477 4734 Dedit
2501 4679 2572 4732 eis
2593 4686 2881 4748 potestatem
2903 4675 3037 4744 ﬁlios
3056 4672 3155 4729 Dei
3179 4674 3310 4743 ﬁeri,
3343 4672 3423 4728 his
3459 4674 3546 4745 qui

1968 4774 2178 4828 credunt
2224 4774 2277 4827 in
2316 4771 2514 4826 nomine
2555 4770 2665 4839 ejus
2699 4785 2716 4824 :
2753 4776 2811 4823 ut
2840 4775 3054 4823 teneant
3079 4766 3299 4837 lignum,
3321 4772 3376 4821 et
3398 4780 3547 4821 mare

1971 4870 2502 5021 11⁸³Γῗίῗιίὶιιοηιοόο
2515 4949 2590 5005 illi
2612 4947 2933 5004 nascuntur?
2954 4945 3041 5001 Isti
3057 4945 3177 5018 quia
3195 4945 3290 5001 filii
3307 4945 3399 5003 Dei
3415 4945 3550 5002 fiunt

1970 5051 2027 5098 et
2054 5042 2241 5099 fratres
2267 5041 2499 5108 Christi,
2528 5042 2707 5112 utique
2730 5047 3039 5095 nascuntur.
3062 5038 3193 5093 Nam
3220 5038 3264 5093 si
3294 5053 3399 5094 non
3428 5053 3551 5095 naso

1969 5142 2159 5189 cuntur
2182 5175 2198 5201 ,
2242 5131 2333 5186 filii
2379 5130 2645 5202 quomodo
2688 5145 2807 5187 esse
2834 5129 3096 5201 possunt?
3118 5128 3225 5185 Sed
3254 5128 3344 5183 filii
3373 5128 3548 5183 homi-

1969 5240 2097 5280 num
2127 5233 2417 5279 nascuntur
2441 5239 2508 5279 ex
2530 5238 2690 5278 carne
2715 5232 2770 5278 et
2798 5221 3081 5293 sanguine,
3106 5230 3161 5276 et
3189 5236 3254 5276 ex
3281 5222 3550 5275 voluntate

1968 5317 2064 5371 viri
2084 5356 2101 5383 ,
2142 5325 2197 5370 et
2220 5331 2286 5371 ex
2313 5313 2592 5384 complexu
2621 5314 2875 5384 coniugii.
2902 5312 2979 5368 Illi
3005 5320 3181 5367 autem
3207 5309 3471 5382 quomodo
3499 5310 3549 5363 ei

1970 5416 2259 5464 nascuntur
2276 5408 2302 5462 ?
2323 5406 2423 5473 Qui
2445 5423 2546 5461 non
2566 5422 2628 5461 ea:
2646 5405 2970 5476 sanguinibus
2999 5421 3013 5458 :
3042 5411 3291 5472 tanquam
3315 5400 3475 5453 maris
3496 5408 3550 5453 et

1969 5500 2199 5556 feminae.
2232 5498 2497 5569 Sanguina
2526 5498 2544 5531 ¹
2578 5512 2685 5553 non
2708 5505 2789 5551 est
2813 5496 3031 5551 latinum
3063 5511 3077 5547 :
3104 5491 3197 5546 sed
3226 5491 3346 5560 quia
3373 5504 3548 5559 graece

1972 5591 2202 5663 positum
2225 5599 2309 5647 est
2337 5588 2609 5661 pluraliter
2624 5629 2643 5657 ,
2674 5587 2857 5643 maluit
2878 5586 2966 5641 ille
2989 5584 3076 5655 qui
3104 5580 3550 5651 interpretabatur

1970 5685 2049 5740 sic
2091 5698 2323 5754 ponere,
2365 5690 2420 5737 et
2460 5680 2609 5753 quasi
2652 5679 2827 5735 minus
2871 5676 3032 5730 latine
3074 5673 3217 5742 loqui
3260 5671 3550 5747 secundum

2033 5787 2052 5833 ἕ
2076 5785 2274 5837 (lodices
2287 5782 2487 5847 aliquot,
2508 5777 2795 5847 sanguines;
2818 5789 2847 5829 a
2868 5772 3080 5830 secunda
3102 5785 3267 5842 manu.
