4036 6384
416 320 561 383 1395

414 437 815 510 grammaticos,
839 444 889 494 et
922 431 1386 515 lamen‘explicare
1409 429 1681 487 veritatem
1706 423 1995 482 secundum

417 529 654 584 auditum
690 528 1037 582 inlirmorum.
1070 524 1125 581 Si
1154 525 1294 580 enim
1323 522 1527 579 diceret
1550 520 1858 591 sanguinem
1886 515 1996 571 siu-

416 619 585 690 gulari
608 633 832 675 numero
848 657 865 685 ,
896 632 1006 672 non
1032 615 1322 687 explicaret
1345 613 1487 689 quod
1516 612 1727 668 volebat
1754 629 1767 664 :
1791 626 1855 665 ex
1879 624 2000 664 san-

416 711 665 781 guinihns
699 711 841 766 enim
879 709 1121 766 homines
1158 717 1446 765 nascuntur
1480 700 1641 762 maris
1676 715 1730 760 et
1767 703 1996 760 feminae.

418 800 666 857 Dicamus
691 816 841 872 ergo,
863 816 969 855 non
991 800 1268 856 timeamus
1290 799 1484 855 ferulas
1497 796 1961 863 grammaticorum
1981 811 1997 861 ;

418 891 543 947 dum
573 901 750 947 tamen
776 892 843 947 ad
874 891 1151 947 veritatem
1176 890 1400 947 solidam
1430 898 1482 945 et
1507 889 1785 949 certiorem
1815 902 1999 957 perve-

418 981 646 1037 niamus.
695 966 1053 1052 Reprehendit
1081 982 1170 1052 qui
1202 981 1441 1052 intelligit
1460 1021 1476 1045 ,
1505 982 1738 1051 ingratus
1766 978 1887 1047 quia
1917 976 1999 1030 iu-

356 1087 359 1092 ‘
418 1074 642 1130 tellexit.
692 1073 813 1130 Non
851 1091 914 1130 ea:
955 1075 1280 1146 sanguint'bus
1300 1115 1314 1137 ,
1343 1089 1498 1144 neque
1522 1089 1585 1129 ea:
1609 1072 1860 1125 voluntate
1883 1086 2000 1123 car-

417 1166 498 1218 nis
521 1206 538 1232 ,
583 1181 741 1236 neque
781 1182 843 1220 ea:
882 1165 1135 1220 voluntate
1169 1165 1281 1219 viri.
1308 1152 1533 1218 carnem
1564 1178 1660 1233 pro
1692 1161 1881 1217 femina
1909 1176 2001 1231 po-

353 1289 365 1321 ;-
418 1255 525 1310 suit
574 1273 589 1309 :
637 1256 756 1326 quia
799 1255 866 1310 de
905 1265 1051 1311 costa
1092 1270 1212 1309 cum
1253 1240 1384 1308 facta
1420 1262 1598 1317 esset,
1636 1251 1802 1306 Adam
1834 1250 1999 1318 dixit,

348 1384 365 1397 η
421 1344 536 1399 Hoc
574 1362 707 1400 nunc
747 1362 803 1399 os
844 1347 907 1401 de
949 1344 1140 1401 ossibus
1175 1345 1297 1399 meis
1320 1386 1334 1411 ,
1380 1355 1427 1398 et
1462 1361 1579 1397 caro
1617 1343 1679 1396 de
1716 1359 1866 1395 carne
1893 1358 2004 1394 mea

349 1499 355 1503 η
420 1431 576 1503 (Gen.
620 1450 688 1499 ιι,
722 1434 854 1506 23);
898 1444 952 1490 et
992 1436 1275 1505 Apostolus
1310 1436 1415 1495 ait.
1456 1431 1555 1498 Qui
1592 1432 1753 1503 diligit
1798 1449 2004 1486 uxorem

419 1540 565 1579 suam
586 1564 603 1592 ,
624 1526 845 1594 seipsunt
867 1526 1031 1596 diligit
1053 1544 1073 1591 ;
1099 1542 1241 1579 nemo
1264 1527 1393 1579 enim
1414 1540 1629 1594 unquam
1646 1538 1844 1576 carnem
1860 1540 2005 1577 suam

350 1626 353 1633 ’
421 1615 540 1670 odio
569 1615 716 1670 habet
745 1614 960 1691 (Ephrs.
987 1632 1021 1671 v
1042 1656 1059 1684 ,
1088 1616 1158 1671 28
1173 1625 1220 1671 ct
1238 1615 1352 1683 ‘29).
1374 1614 1591 1669 Ponitur
1610 1629 1735 1683 ergo
1764 1628 1889 1667 caro
1911 1628 2006 1683 pro

417 1719 615 1771 uxore,
664 1704 931 1777 quomodo
978 1716 1033 1761 et
1074 1705 1357 1776 aliquando
1400 1705 1617 1775 Spiritus
1658 1719 1751 1774 pro
1792 1705 2000 1759 marito.

418 1794 639 1863 Quare?
681 1795 813 1866 Quia
861 1794 950 1853 ille
990 1797 1157 1869 regit,
1200 1796 1313 1852 hmc
1356 1796 1554 1866 regitur
1584 1814 1597 1849 :
1630 1795 1718 1851 ille
1744 1796 2006 1865 imperare

418 1887 739 1956 debetrista
766 1890 987 1945 servire.
1016 1880 1147 1944 Nam
1176 1889 1261 1944 ubi
1287 1905 1411 1943 caro
1433 1889 1687 1959 imperat,
1717 1898 1770 1943 et
1790 1889 2009 1958 spiritus

421 1981 619 2045 servit,
648 1994 897 2050 perversa
924 1978 1112 2036 domus
1138 1991 1238 2036 est.
1267 1972 1415 2049 Quid
1432 1978 1581 2051 pejus
1609 1980 1787 2044 domo,
1816 1981 1903 2034 ubi
1929 1974 2007 2035 fe-

420 2071 565 2127 mina
592 2070 751 2128 habet
777 2072 1053 2144 imperium
1085 2088 1245 2144 super
1276 2074 1445 2127 virutn
1468 2072 1491 2127 ?
1515 2072 1679 2127 Recta
1703 2082 1878 2127 autem
1907 2070 2007 2128 do-

419 2176 575 2231 mus,
624 2161 714 2218 ubi
757 2164 839 2217 vir
881 2163 1139 2233 imperat,
1185 2159 1376 2219 femina
1421 2164 1769 2233 obtemperat.
1815 2160 2010 2218 Rectus

421 2267 553 2325 ergo
578 2254 692 2325 ipse
722 2253 915 2322 homo,
948 2257 1039 2313 ubi
1064 2256 1282 2326 spiritus
1311 2258 1568 2326 imperat,
1598 2272 1724 2311 caro
1752 2258 1936 2311 servit.

494 2343 586 2400 15.
616 2344 677 2401 lli
704 2361 831 2417 ergo
858 2363 959 2402 non
982 2364 1043 2403 ea:
1067 2346 1324 2402 voluntate
1344 2350 1509 2401 carnis
1527 2388 1545 2413 ,
1573 2364 1728 2417 neque
1751 2365 1815 2402 ex
1839 2345 2009 2402 volun-

423 2443 526 2489 tate
542 2435 671 2504 viri,
692 2436 781 2492 sed
821 2452 885 2493 ea:
917 2430 1026 2492 Deo
1054 2432 1162 2491 nati
1185 2447 1320 2493 sunt.
1352 2430 1422 2494 Ut
1444 2448 1619 2492 autem
1650 2432 1892 2493 homines
1914 2453 2009 2491 na-

422 2536 703 2584 scerentur
743 2534 811 2585 ex
865 2528 999 2596 Deo,
1041 2529 1214 2600 primo
1253 2545 1319 2584 ex
1363 2528 1491 2600 ipsis
1534 2538 1687 2583 natus
1718 2538 1799 2583 est
1848 2527 2007 2585 Deus.

418 2613 664 2674 Christus
694 2620 835 2675 enim
860 2616 1032 2685 Deus,
1062 2628 1115 2675 et
1140 2616 1380 2675 Christus
1412 2630 1567 2674 natus
1591 2634 1653 2674 ex
1683 2617 2006 2675 hominibus.

419 2707 535 2765 Non
570 2712 819 2782 quaesivit
841 2712 1052 2783 quidem
1084 2711 1185 2767 nisi
1212 2725 1434 2767 matrem
1467 2711 1519 2766 in
1553 2720 1722 2773 terra,
1757 2713 1876 2782 quia
1901 2711 2010 2780 jam

376 2850 383 2856 .
415 2810 626 2873 patrem
657 2801 882 2860 habebat
904 2802 957 2860 in
987 2803 1126 2861 caelo
1152 2822 1163 2857 :
1193 2812 1347 2858 natus
1374 2818 1440 2858 ex
1474 2802 1585 2857 Deo
1603 2843 1621 2868 ,
1644 2817 1739 2870 per
1758 2817 1915 2871 quem
1935 2800 2013 2857 ei-

374 2894 375 2897 “
419 2890 735 2961 ﬁceremur;
758 2903 814 2950 et
837 2894 994 2950 natus
1017 2910 1082 2951 ex
1110 2894 1325 2959 femina,
1350 2908 1445 2963 per
1466 2900 1623 2964 quem
1647 2895 2007 2949 retieeremur.

421 2981 544 3039 Noli
587 2999 714 3057 ergo
751 2984 973 3051 mirari,
1017 2999 1050 3038 ο
1093 2983 1286 3050 homo,
1334 2985 1454 3054 quia
1492 2983 1718 3038 efliceris
1749 2982 1890 3038 filius
1919 2998 2013 3054 per

420 3074 679 3144 gratiam,
730 3076 852 3145 quia
901 3076 1136 3132 nasceris
1177 3092 1243 3132 ex
1289 3066 1397 3131 Deo
1441 3076 1731 3130 secundum
1777 3075 2009 3132 Verbum

421 3163 559 3233 ejus.
591 3163 746 3221 Prius
766 3165 936 3235 ipsum
959 3165 1189 3221 Verbum
1221 3166 1383 3220 voluit
1410 3167 1550 3221 nasci
1582 3182 1644 3220 ex
1671 3162 1885 3221 homine
1905 3208 1920 3233 ,
1955 3175 2014 3222 ut

423 3261 483 3309 tu
512 3268 732 3311 securus
775 3257 1073 3313 nascereris
1111 3273 1175 3313 ex
1218 3257 1361 3324 Deo,
1399 3267 1454 3313 et
1494 3250 1701 3314 diceres
1730 3258 1820 3314 tibi
1853 3277 1866 3312 :
1896 3256 2011 3315 Non

425 3346 546 3403 sine
564 3361 723 3403 causa
750 3349 891 3404 Deus
913 3350 1058 3404 nasci
1089 3362 1150 3404 ex
1182 3349 1395 3405 homine
1423 3350 1619 3416 voluit,
1650 3351 1749 3405 nisi
1772 3351 1890 3421 quia
1911 3352 2011 3406 ali-

424 3437 579 3508 cujus
620 3440 876 3495 momenti
920 3455 1007 3496 me
1048 3440 1402 3508 existimavit,
1445 3451 1502 3497 ut
1541 3433 1896 3499 immortalem
1927 3461 2012 3501 me

424 3525 659 3595 faceret,
706 3537 760 3584 et
794 3544 891 3599 pro
929 3545 1014 3585 me
1053 3532 1347 3586 mortaliter
1383 3544 1712 3588 nasceretur.
1743 3533 1865 3589 Ideo
1890 3551 2012 3592 eum

425 3618 679 3685 dixisset,
721 3634 784 3673 ea:
821 3619 928 3675 Deo
967 3621 1073 3674 nati
1110 3633 1271 3687 sunt;
1305 3623 1453 3692 quasi
1490 3639 1558 3679 ne
1584 3625 1933 3693 miraremur,
1960 3638 2015 3683 et

426 3707 832 3765 exhorreremus
905 3720 1101 3766 tantam
1170 3713 1430 3782 gratiam,
1485 3722 1544 3770 ut
1587 3716 1742 3771 nobis
1788 3718 2015 3775 incredi-

428 3797 538 3855 bile
574 3799 843 3857 videretur
874 3801 994 3872 quia
1037 3794 1282 3858 homines
1306 3820 1368 3859 εχ
1405 3794 1512 3860 Deo
1539 3805 1644 3860 nati
1674 3818 1832 3875 sunt,
1862 3811 2013 3879 quasi

430 3904 676 3946 securum
708 3900 758 3947 te
786 3892 981 3949 faciens
998 3934 1013 3959 ,
1036 3894 1105 3949 ait
1127 3911 1138 3947 :
1160 3892 1227 3948 Et
1263 3893 1478 3950 Verbum
1505 3914 1622 3950 caro
1643 3902 1831 3969 factum
1857 3910 1947 3964 est,
1971 3906 2019 3955 et

433 3985 671 4041 habitavit
699 3986 752 4041 in
781 3986 944 4044 nobis.
974 3987 1112 4058 Quid
1140 4003 1266 4061 ergo
1294 3989 1502 4047 miraris
1532 3991 1652 4062 quia
1682 3991 1925 4050 homines
1948 4009 2015 4050 ex

432 4079 545 4135 Deo
583 4082 908 4138 nascuntur?
947 4082 1179 4139 Attende
1214 4082 1387 4155 ipsum
1427 4082 1589 4141 Deum
1628 4094 1810 4141 natum
1831 4102 1897 4142 ex
1921 4087 2016 4141 ho-

434 4173 665 4232 minibus
701 4192 716 4229 :
752 4173 823 4229 Et
855 4172 1069 4230 Verbum
1088 4192 1208 4231 caro
1247 4178 1437 4249 factum
1475 4185 1581 4243 est.
1614 4186 1661 4231 et
1696 4178 1933 4233 habitavit
1962 4180 2015 4233 in

428 4266 591 4324 nobis.
1182 4310 1193 4331 ι
1209 4318 1219 4329 .

505 4361 593 4415 16.
632 4361 767 4428 Quia
808 4374 937 4415 vero
973 4359 1189 4414 Verbum
1215 4376 1333 4414 caro
1360 4364 1549 4432 factum
1579 4370 1682 4428 est,
1708 4370 1752 4414 et
1778 4362 2017 4415 habitavit

430 4452 487 4507 in
523 4453 695 4519 nobis,
735 4454 847 4522 ipsa
884 4453 1154 4507 nativitate
1178 4453 1453 4523 collyrium
1484 4452 1603 4507 fecit
1626 4494 1643 4519 ,
1673 4454 1810 4505 unde
1840 4463 2015 4523 terge-

433 4552 619 4600 rentur
653 4544 793 4598 oculi
820 4543 996 4598 cordis
1024 4544 1191 4597 nostri
1214 4584 1230 4606 ,
1258 4551 1311 4597 et
1337 4558 1614 4613 possemus
1644 4544 1823 4599 videre
1854 4545 2019 4614 maje-

366 4632 384 4654 ”
435 4644 626 4693 statem
670 4636 788 4707 ejus
825 4650 925 4706 per
959 4635 1074 4704 ejus
1098 4634 1445 4689 humilitatem
1474 4636 1512 4688 ί.
1561 4634 1683 4691 Ideo
1725 4640 1917 4707 factum
1943 4646 2017 4692 est

442 4725 660 4781 Verbum
684 4742 801 4781 caro
817 4767 833 4792 ,
860 4736 907 4779 et
933 4726 1171 4779 habitavit
1196 4727 1248 4779 in
1273 4725 1455 4789 nobis;
1476 4726 1682 4780 sanavit
1708 4728 1889 4781 oeulos
1918 4742 2015 4781 no-

436 4827 575 4873 stros
604 4835 617 4870 :
645 4825 698 4872 et
723 4818 848 4887 quid
873 4817 1150 4887 sequitur?
1182 4815 1247 4869 Et
1269 4817 1483 4870 vidimus
1507 4818 1721 4887 gloriam
1739 4818 1865 4887 ejus.
1890 4817 2016 4874 Glo-

436 4909 573 4963 riam
610 4909 727 4978 ejus
756 4923 913 4963 nemo
942 4916 1120 4977 posset
1144 4905 1323 4963 videre
1342 4948 1355 4970 ,
1388 4907 1488 4961 nisi
1515 4908 1689 4964 carnis
1719 4908 2015 4966 humilitate

436 5011 731 5055 sanaretur.
760 4999 916 5057 Unde
940 5015 1047 5054 non
1076 5010 1375 5068 poteramus
1403 4999 1606 5054 videre?
1629 4999 1869 5057 Intendat
1888 5019 2016 5075 ergo

438 5091 680 5147 Charitas
712 5101 925 5157 vestra,
949 5099 1004 5144 et
1028 5089 1200 5147 videte
1225 5090 1364 5164 quod
1390 5090 1528 5148 dico.
1556 5089 1785 5147 lrruerat
1814 5092 2017 5149 homini

398 5192 403 5200 '
435 5182 585 5253 quasi
626 5182 797 5252 pulvis
834 5182 891 5235 in
927 5181 1136 5236 oculum
1160 5221 1178 5249 ,
1217 5182 1444 5238 irruerat
1479 5190 1655 5250 terra,
1687 5185 2016 5240 sauciaverat

395 5254 652 5329 ‘oculum
687 5313 703 5339 ,
748 5272 931 5328 videre
967 5286 1070 5326 nou
1118 5280 1326 5343 poterat
1379 5272 1551 5328 lucem
1604 5291 1619 5329 :
1671 5275 1858 5331 oculus
1915 5276 2018 5331 iste.

436 5368 701 5426 sauciatus
748 5366 1054 5436 inungitur;
1105 5372 1245 5420 terra
1290 5365 1558 5424 sauciatus
1603 5378 1750 5436 erat,
1800 5379 1854 5425 et
1874 5377 2016 5427 terra

388 5450 397 5519 Ξ
438 5458 562 5514 illuc
590 5458 815 5513 mittitur
844 5467 900 5512 ut
923 5464 1155 5512 sanetur.
1187 5454 1377 5514 Omnia
1405 5460 1547 5515 enim
1575 5461 1788 5532 collyria
1816 5471 1871 5517 et
1899 5478 2015 5517 meo

437 5548 734 5605 dicamenta
757 5549 884 5604 nihil
906 5557 1027 5604 sunt
1046 5548 1145 5605 nisi
1165 5548 1234 5606 de
1255 5558 1417 5606 terra.
1444 5551 1521 5606 De
1548 5551 1763 5622 pulvere
1789 5564 2016 5610 caecatus

437 5658 501 5702 es
519 5684 537 5705 .
566 5644 635 5700 de
656 5644 871 5714 pulvere
896 5643 1098 5703 sanaris
1126 5662 1141 5702 :
1170 5659 1299 5716 ergo
1316 5660 1440 5702 caro
1467 5654 1517 5700 te
1542 5656 1862 5715 caecarerat,
1892 5661 2016 5703 caro

506 5755 523 5789 ί
546 5762 593 5804 ιιι
614 5755 841 5807 omnibus
858 5768 1007 5820 prope
1029 5764 1155 5820 tm,
1177 5770 1264 5822 per
1285 5756 1393 5821 duo
1409 5755 1769 5813 Wa.

1369 315 1437 373 IN
1472 308 1755 373 JOANNIS
1788 304 2255 373 EYANGELIUM,
2290 302 2349 366 s
2392 302 2755 387 incusum

3542 304 3681 366 {390

2105 429 2160 476 te
2188 427 2358 476 sanat.
2378 402 2618 475 Carnalis
2641 419 2783 475 enim
2812 417 2984 474 anima
3008 418 3143 475 facta
3166 426 3280 475 erat
3303 419 3688 495 consentiendo

2103 504 2377 568 affectibus
2412 504 2758 576 carnalibus;
2804 509 2927 567 inde
2965 509 3138 567 fuerat
3166 512 3350 567 oculus
3376 510 3555 568 cordis
3577 528 3655 568 ccc
3684 546 3685 549 η

2103 616 2271 662 catus.
2308 600 2527 660 Verbum
2555 621 2673 659 caro
2701 605 2887 677 factum
2911 607 2985 659 est
3008 622 3026 659 :
3052 605 3291 661 medicus
3318 607 3414 660 iste
3443 607 3535 660 tibi
3563 604 3688 661 fecit

2104 698 2401 772 collyrium.
2429 686 2496 752 Et
2520 697 2767 767 quoniam
2795 694 2872 752 sic
2900 698 3041 751 venit
3064 707 3112 750 ut
3140 695 3208 751 de
3230 713 3391 753 carne
3420 699 3545 752 vitia
3571 710 3689 753 car

2106 784 2189 844 nis
2213 787 2593 859 exstingueret,
2626 796 2677 843 et
2697 780 2764 842 de
2782 794 2953 842 morte
2976 788 3243 845 occideret
3267 798 3497 845 mortem
3519 806 3533 851 ;
3562 790 3682 846 ideo

2105 879 2297 935 factum
2328 888 2410 935 est
2438 880 2488 933 in
2522 888 2603 944 te,
2635 882 2691 933 ut
2715 879 2963 950 quoniam
2999 879 3211 934 Verbum
3236 898 3353 935 caro
3378 885 3567 953 factum
3593 886 3688 949 est;

2107 981 2160 1027 tu
2209 971 2380 1042 possis
2423 966 2637 1036 dicere,
2681 964 2748 1025 Et
2789 972 3002 1027 vidimus
3040 971 3252 1046 gloriam
3296 975 3422 1045 ejus.
3468 976 3693 1042 Qualem

2105 1063 2324 1133 gloriam
2345 1063 2375 1117 7
2392 1062 2573 1131 Qualis
2594 1060 2760 1117 factus
2785 1071 2866 1119 est
2893 1064 3026 1118 filius
3058 1065 3328 1119 hominis?
3357 1064 3447 1120 Illa
3480 1066 3696 1123 humili-

2108 1162 2187 1208 tas
2217 1150 2380 1223 ipsius
2405 1162 2505 1220 est,
2542 1170 2644 1209 non
2667 1154 2827 1223 gloria
2856 1155 3037 1227 ipsius.
3067 1153 3171 1211 Sed
3196 1173 3300 1225 quo
3331 1157 3581 1227 perducta
3612 1169 3696 1215 est

2107 1244 2249 1300 acies
2278 1244 2507 1299 hominis
2528 1287 2542 1309 ,
2570 1255 2750 1299 curata
2781 1262 2875 1314 per
2903 1261 3115 1300 carnem
3137 1245 3175 1299 Τ
3196 1244 3424 1303 Vidimus
3443 1290 3458 1314 ,
3485 1249 3694 1320 inquit,

2107 1332 2321 1407 gloriam
2346 1337 2485 1407 ejus,
2516 1336 2729 1409 gloriam
2753 1338 2898 1409 quasi
2927 1336 3183 1409 Unigem'ti
3209 1356 3241 1392 a
3268 1339 3454 1406 Patre,
3488 1345 3699 1412 plenum

2106 1426 2270 1499 gratia
2306 1437 2353 1483 et
2389 1430 2610 1483 veritate.
2660 1428 2733 1483 De
2759 1429 2923 1501 gratia
2954 1440 3002 1486 et
3036 1430 3256 1487 veritate
3280 1432 3383 1488 alio
3414 1432 3533 1490 loco
3563 1436 3700 1493 ube-

2107 1521 2220 1576 rius
2263 1518 2317 1575 in
2362 1521 2477 1591 ipso
2516 1520 2831 1591 Evangelii),
2878 1521 2925 1577 si
2970 1522 3225 1579 Dominus
3261 1524 3507 1597 dignatus
3537 1527 3702 1585 fuerit

2108 1612 2337 1679 donare,
2386 1615 2744 1671 tractabimus.
2789 1614 2913 1672 Haec
2952 1633 3091 1674 nunc
3117 1617 3414 1687 sumciant,
3444 1630 3498 1675 et
3524 1622 3700 1678 aedili-

2110 1705 2303 1760 camiui
2330 1706 2381 1760 in
2409 1704 2620 1761 Christo
2639 1749 2654 1773 ,
2685 1716 2738 1763 et
2765 1704 3134 1765 contortamiui
3166 1709 3217 1764 in
3245 1710 3379 1779 tide,
3405 1722 3459 1767 et
3482 1713 3703 1783 vigilate

2111 1798 2164 1852 in
2209 1796 2362 1852 bonis
2407 1799 2689 1868 operibus:
2721 1810 2775 1856 et
2839 1816 2868 1855 a
2914 1803 3056 1874 ligno
3081 1804 3247 1862 nolite
3276 1805 3528 1864 recedere
3550 1849 3569 1876 ,
3598 1823 3702 1879 per

2111 1887 2252 1958 quod
2275 1890 2488 1961 pos»itis
2510 1906 2657 1947 mare
2680 1894 2928 1950 transire.

2640 2021 3057 2081 TRAC’I'ATUS
3075 2024 3147 2083 ιιι

2113 2154 2188 2208 Ab
2214 2170 2270 2208 eo
2298 2153 2437 2225 quod
2459 2157 2700 2226 scriptum
2727 2167 2818 2220 est,
2847 2148 3079 2215 Ioannes
3108 2161 3477 2218 testimonium
3492 2165 3687 2233 perhi-

2183 2244 2273 2300 bet
2295 2245 2362 2301 de
2383 2247 2517 2316 ipso,
2543 2257 2660 2313 etc.,
2687 2264 2842 2319 usque
2865 2250 3028 2317 adid,
3058 2250 3368 2323 Uuigcnitus
3398 2246 3585 2315 lt‘tlius.
3604 2260 3703 2331 qui

2184 2346 2267 2393 est
2288 2337 2338 2393 in
2364 2339 2481 2394 sinu
2508 2338 2698 2407 Patris,
2732 2342 2843 2411 ipse
2863 2345 3145 2400 enarravit.
3180 2345 3304 2418 Cap.
3329 2363 3369 2416 ι,
3402 2350 3437 2419 ᾖ
3464 2394 3475 2405 .
3500 2351 3691 2409 15-18.

2186 2494 2238 2547 1.
2287 2492 2524 2549 Gratiam
2562 2504 2616 2550 et
2658 2496 2935 2553 veritatem
2975 2498 3105 2566 Dei,
3146 2514 3246 2571 qua
3291 2503 3479 2572 plenus
3501 2498 3707 2562 sanctis

2115 2585 2357 2655 apparuit
2385 2586 2686 2655 unigenitus
2717 2587 2881 2644 Filias
2901 2586 3155 2646 Dominus
3178 2602 3235 2648 et
3254 2592 3496 2649 SalvatOr
3515 2606 3711 2653 noster

2116 2674 2281 2731 Jesus
2311 2675 2589 2744 Christus,
2609 2678 3032 2750 distinguendam
3058 2698 3087 2735 a
3123 2680 3294 2739 Veteri
3322 2683 3666 2742 Testamento
3686 2731 3702 2756 ,

2115 2768 2364 2838 quoniam
2392 2782 2480 2823 res
2506 2777 2587 2824 est
2614 2769 2744 2825 Novi
2768 2768 3092 2828 Testamenti
3113 2815 3128 2840 ,
3160 2777 3502 2845 suscepimus
3520 2779 3570 2833 in
3602 2794 3708 2837 no-

2116 2859 2265 2916 mine
2299 2859 2538 2927 Domini,
2575 2869 2629 2917 et
2659 2872 2851 2918 vestrm
2877 2862 3133 2921 Charitati
3165 2869 3518 2936 promisimus.
3553 2862 3717 2928 Ade-r

2116 2956 2254 3005 stole
2275 2964 2405 3020 ergo
2430 2951 2613 3008 intenti
2639 2996 2654 3020 ,
2688 2963 2745 3008 ut
2770 2962 2824 3009 et
2852 2965 3105 3025 quantum
3138 2959 3322 3028 capio,
3345 2960 3508 3017 donet
3534 2956 3705 3032 Deus,

2116 3053 2173 3098 et
2198 3048 2453 3113 quantum
2477 3046 2695 3116 capitis,
2728 3046 2977 3102 audiatis.
3006 3049 3287 3120 Reliquum
3310 3053 3457 3108 enim
3482 3056 3613 3122 erit,
3646 3065 3720 3113 ut‘

2116 3135 2160 3191 si
2188 3144 2379 3190 semen
2401 3137 2540 3207 quod
2569 3140 2833 3209 spargitur
2858 3140 2909 3194 in
2935 3140 3183 3197 cordibus
3209 3145 3421 3210 vestris,
3444 3160 3547 3200 non
3571 3149 3707 3204 abs—

2117 3225 2338 3283 tulerint
2380 3236 2536 3295 aves,
2587 3242 2687 3284 nec
2727 3231 2891 3300 spiam
2942 3233 3380 3301 praefocaverint,
3413 3251 3511 3293 nec
3537 3246 3710 3297 aestus

2116 3322 2410 3387 exusserit,
2455 3323 2738 3379 accedente
2769 3324 2940 3393 pluvia
2969 3326 3393 3383 cohortatiouum
3426 3330 3703 3399 quotidia-

2118 3424 2323 3482 narum,
2352 3423 2406 3470 et
2428 3415 2832 3485 cngimtionihus
2855 3417 3045 3474 vestris
3072 3418 3224 3473 bouis
3252 3420 3443 3489 quibus
3465 3420 3565 3478 hoc
3584 3414 3693 3495 agi-

2119 3517 2209 3563 tur
2245 3509 2296 3564 in
2336 3510 2531 3578 corde,
2572 3509 2713 3581 quod
2752 3513 2923 3583 agitur
2962 3513 3015 3567 in
3056 3528 3185 3585 agro
3213 3517 3431 3581 rastris,
3464 3528 3519 3571 ut
3546 3518 3708 3589 gleba

2122 3601 2419 3670 frangatur,
2463 3609 2514 3657 et
2552 3618 2733 3658 semen
2768 3605 3041 3675 Operiatur
3065 3614 3118 3663 et
3146 3608 3452 3678 germinare
3483 3610 3653 3679 possit
3689 3630 3733 3673 :_

2120 3700 2177 3747 ut
2220 3690 2450 3748 all‘eratis
2490 3688 2720 3749 fructum‘
2747 3688 2796 3761 ί,
2846 3694 2915 3751 ad
2953 3711 3109 3767 quem
3150 3692 3378 3768 gaudeat
3414 3708 3467 3755 et
3494 3696 3735 3760 laeteturf

2118 3788 2344 3858 agricola
2372 3787 2581 3862 (Matth.
2610 3805 2701 3843 xm
2720 3831 2736 3856 ,
2759 3790 2926 3861 5-25).
2952 3791 3004 3849 Si
3025 3802 3198 3847 autem
3223 3809 3318 3863 pro
3336 3794 3538 3852 semine
3559 3797 3705 3854 bono
3729 3786 3735 3791 ’
3810 3852 3823 3863 ,

2119 3887 2172 3936 et
2201 3897 2296 3953 pro
2323 3882 2492 3952 pluvia
2520 3882 2687 3948 bona,
2717 3898 2825 3937 non
2854 3882 3076 3938 fructum
3100 3926 3116 3952 ,
3145 3885 3238 3941 sed
3267 3886 3444 3956 Spiuas
3464 3889 3711 3945 attuleri-
3742 3940 3745 3943 ,

2122 3989 2274 4039 mus;
2320 3988 2419 4029 nec
2446 3987 2630 4029 semen
2662 3968 3027 4042 accusabitur,
3059 3990 3158 4031 nec
3185 3977 3359 4047 pluvia
3389 3979 3489 4034 erit
3515 3979 3568 4034 in
3593 3982 3708 4037 eri-
3740 4004 3747 4033 ς

2121 4065 2262 4121 mine
2285 4107 2300 4132 ,
2328 4065 2419 4120 sed
2448 4065 2614 4135 spinis
2642 4065 2774 4136 ignis
2801 4062 3013 4122 debitus
3038 4078 3382 4138 praeparatur.

2189 4156 2244 4211 2.
2269 4156 2520 4211 Homines
2547 4171 2751 4225 sumus,
2773 4156 2913 4228 quod
2938 4169 3064 4227 puto
3090 4175 3192 4213 non
3219 4160 3311 4214 ditt
3336 4177 3455 4217 esse
3477 4164 3709 4220 suaden-

2120 4249 2245 4304 dum
2290 4249 2543 4305 Charitati
2590 4259 2812 4314 vestrae,
2856 4248 3167 4319 christiani;
3212 4262 3266 4308 et
3303 4256 3346 4310 si
3386 4255 3706 4328 christiani,

2122 4343 2300 4411 utique
2342 4343 2456 4412 ipso
2496 4343 2707 4397 nomine
2745 4332 2811 4397 ad
2854 4340 3120 4399 Christum
3160 4347 3505 4416 pertinentes.
3538 4348 3706 4418 Hujus

2121 4439 2325 4507 signum
2376 4437 2427 4491 in
2470 4434 2643 4495 fronte
2677 4443 2949 4507 gestamus
2992 4456 3006 4491 :
3047 4437 3113 4493 de
3153 4454 3259 4509 quo
3296 4456 3399 4495 non
3429 4441 3705 4497 erubesci-

2122 4544 2241 4584 mus
2260 4570 2275 4595 ,
2302 4529 2346 4584 si
2373 4535 2426 4584 et
2454 4528 2505 4583 in
2536 4528 2697 4583 corde
2715 4539 3009 4611 gestamus.
3038 4528 3256 4602 Signum
3287 4532 3400 4602 ejus
3426 4542 3508 4588 est
3530 4531 3705 4587 immi-

2122 4620 2241 4674 lilas
2252 4620 2385 4691 ejus.
2405 4619 2505 4675 Per
2515 4619 2719 4675 stellam
2737 4636 2856 4675 eum
2872 4619 3007 4691 Magi
3022 4630 3384 4691 cognoverunt
3407 4619 3514 4694 (Id.
3540 4641 3597 4690 tl,
3615 4622 3700 4696 2);

2122 4723 2174 4768 et
2211 4723 2321 4767 erat
2350 4711 2448 4769 hoc
2475 4715 2683 4785 signum
2712 4706 2780 4768 de
2809 4714 3029 4767 Domino
3054 4713 3232 4769 datum
3254 4757 3268 4777 ,
3296 4711 3511 4771 caeleste
3536 4728 3699 4788 atque

2122 4805 2431 4875 prmclarunt
2467 4824 2479 4858 :
2512 4805 2679 4859 noluit
2703 4805 2909 4859 stellam
2935 4819 3055 4861 esse
3080 4805 3131 4858 iu
3160 4804 3333 4861 fronte
3364 4808 3594 4862 lidelimu
3622 4812 3703 4867 si-

2120 4912 2280 4967 gnum
2333 4912 2521 4960 suum,
2567 4894 2662 4951 sed
2711 4910 2922 4951 crucem
2968 4911 3140 4950 suam.
3172 4895 3325 4952 Unde
3355 4897 3699 4969 humiliatus,

2121 4986 2244 5041 inde
2264 4984 2619 5057 glorilicatus:
2650 4985 2771 5040 inde
2796 4985 2965 5041 erexit
2994 4983 3237 5050 humiles,
3262 5004 3368 5059 quo
3397 4983 3704 5049 humiliatus

2123 5078 2232 5147 ipse
2257 5076 2547 5133 descendit.
2577 5077 2903 5134 Pertinemus
2922 5065 3050 5149 ergo
3069 5078 3133 5133 ad
3153 5079 3497 5150 Evangelium
3513 5084 3557 5149 ¹,
3584 5100 3704 5152 per-

2122 5170 2348 5225 tiuemus
2370 5169 2435 5223 ad
2454 5166 2656 5224 Novum
2683 5169 3097 5224 Testamentum.
3120 5169 3229 5224 Lex
3242 5188 3332 5243 per
3350 5170 3558 5245 Moysen
3581 5175 3703 5229 data

2123 5271 2194 5315 est
2211 5302 2228 5325 ,
2268 5259 2444 5315 Gratia
2488 5269 2653 5314 autem
2690 5270 2739 5315 et
2765 5262 2945 5317 veritas
2971 5277 3059 5332 per
3080 5259 3256 5317 Iesum
3286 5260 3539 5319 Christum
3564 5265 3700 5334 facta

2123 5362 2213 5409 est.
2242 5351 2631 5421 Interrogamus
2659 5352 2968 5424 Apostolum
2990 5396 3004 5418 ,
3035 5364 3089 5409 et
3117 5353 3243 5409 dicit
3270 5355 3423 5410 nobis
3446 5358 3694 5428 quoniam

2124 5461 2227 5501 non
2273 5460 2455 5500 sumus
2492 5444 2590 5499 sub
2618 5444 2787 5513 Lege,
2820 5445 2910 5499 sed
2939 5445 3038 5500 sub
3061 5444 3238 5501 Gratia
3267 5446 3441 5519 (Rom.
3464 5464 3516 5503 γι
3535 5491 3551 5515 ,
3584 5451 3694 5517 Η).

2126 5536 2267 5592 Misit
2294 5552 2418 5608 ergo
2449 5534 2642 5591 Filium
2668 5554 2814 5590 suum
2835 5536 3026 5607 factum
3053 5554 3116 5593 ea:
3137 5538 3364 5609 muliere,
3389 5540 3582 5612 factum
3606 5542 3700 5602 sub

2186 5692 2206 5726 ι
2222 5697 2296 5741 ετ.
2488 5696 2540 5740 et
2560 5697 2679 5739 ven.
2705 5688 2785 5762 hic
2803 5688 3002 5751 habent,
3025 5692 3270 5806 “gerat
3284 5692 3510 5767 mm.
3576 5702 3633 5748 ιι.

2189 5757 2211 5788 ³
2231 5752 2451 5806 Phraate
2472 5758 2599 5806 nu:
2626 5757 2917 5805 Parmam
2937 5752 3066 5806 erit
3171 5755 3492 5806 nam

2231 5752 2451 5815 librique
2472 5758 2599 5807 ιιι-..ε
2626 5752 2917 5805 Porcinam
2937 5752 3066 5809 alii
