4036 6390
231 286 367 353 1597

1459 286 1868 351 TRACTATUS
1904 285 1991 342 lli.
2031 291 2254 349 CAPUT
2290 295 2331 350 1.

3373 312 3507 369 1308

230 406 395 475 Lege,
426 415 486 459 ut
513 422 607 462 eos
634 408 725 478 qui
748 409 842 463 sub
870 407 999 481 Lege
1014 412 1154 463 erant
1171 448 1187 473 ,
1207 402 1498 475 redimeret,
1521 415 1577 462 ut
1595 400 1842 483 adoptio-l
1932 405 2069 474 facta
2101 416 2237 473 sunt,
2265 419 2309 463 ει
2351 410 2457 466 sine
2498 413 2607 483 ipso
2632 420 2819 485 factum
2844 425 2916 474 est
2938 419 3082 475 nihil.
3108 418 3386 489 Quomodo
3416 441 3510 491 ιιι-ι’

176 486 184 494 ’
226 512 341 553 nem
379 496 626 568 ﬁliorum
666 494 998 572 reciperantis
1036 492 1233 574 (Colat.
1273 508 1361 567 tv,
1393 495 1448 566 ι,
1480 496 1559 569 5).
1593 495 1734 554 Ecce
1758 495 1817 553 ad

1928 492 2103 585 ipsum
2157 498 2331 555 omnia
2374 514 2502 559 sunt
2547 504 2722 562 facta?
2764 507 2895 576 Quia
2933 511 3069 582 quod
3095 486 3284 585 factum
3323 486 3505 577 οειίίιι

222 586 327 648 hoc
376 587 535 647 venit
574 588 855 659 Chl-imus,
898 601 955 648 ut
990 604 1083 648 eos
1106 590 1195 663 qui
1218 587 1319 648 sub
1338 586 1482 665 Lege
1505 594 1656 647 erant
1679 588 1821 646 redi-

228 691 396 738 meret
429 696 444 738 :
478 688 541 738 ut
563 685 681 753 μω
720 696 824 739 non
866 681 1030 739 simus
1058 678 1160 739 sub
1183 679 1346 753 Lege,
1378 681 1471 741 sed
1497 683 1596 740 sub
1621 681 1819 740 Gratia.

224 774 353 842 Quis
372 786 508 848 ergo
529 771 683 831 dedit
704 774 897 848 negem
917 776 943 831 ι
966 772 1059 833 111ε
1076 772 1222 832 dedit
1240 772 1435 850 Legem
1454 818 1471 844 ,
1497 776 1586 848 qui
1606 776 1746 832 dedit
1767 784 1823 833 et

222 862 463 922 Gratiam
510 878 530 920 ε
580 865 679 922 sed
703 861 897 937 Legem
937 877 1032 936 per
1055 880 1265 923 servum
1296 867 1467 934 misit,
1492 882 1612 923 cum
1642 865 1820 924 Gratia

221 956 334 1025 ipse
361 954 678 1013 descendit.
703 953 772 1013 Et
791 956 934 1016 unde
959 954 1080 1015 f‘acti
1104 964 1255 1016 erant
1275 954 1519 1016 homines
1543 958 1641 1016 sub
1656 956 1821 1031 Lege?

194 1030 333 1101 Non
379 1044 674 1119 implendo
714 1043 931 1120 Legem.
969 1046 1069 1118 Qui
1095 1050 1240 1106 enim
1265 1047 1436 1121 legem
1462 1047 1645 1121 implet
1667 1092 1682 1117 ,
1715 1030 1819 1107 non

197 1136 300 1191 ‘cst
330 1135 437 1193 sub
466 1135 598 1210 lege
619 1181 634 1203 ,
660 1137 755 1195 sed
776 1152 899 1196 eum
926 1136 1082 1211 lege:
1110 1140 1201 1211 qui
1228 1149 1405 1197 autem
1436 1137 1535 1196 sub
1563 1138 1677 1211 lege
1702 1146 1783 1197 est
1802 1182 1816 1206 .

222 1243 329 1284 non
380 1226 749 1294 sublevatur,
792 1230 889 1286 sed
928 1228 1192 1303 premitur
1235 1228 1370 1303 lege.
1409 1226 1607 1289 Omlnes
1639 1224 1820 1303 itaque

222 1318 475 1377 homines
516 1317 627 1377 sub
650 1318 794 1394 Lege
819 1322 1137 1380 constitutos
1161 1363 1177 1390 ,
1200 1335 1326 1380 reos
1353 1318 1478 1379 facit
1502 1323 1645 1389 Lex;
1676 1328 1731 1379 et
1750 1322 1820 1378 ad

224 1414 324 1471 hoc
367 1412 477 1470 illis
517 1426 689 1486 super
727 1423 888 1487 caput
923 1421 1045 1485 est,
1072 1424 1132 1472 ut
1157 1413 1407 1473 ostendat
1430 1425 1643 1487 peccata
1666 1460 1680 1481 ,
1712 1428 1820 1472 non

227 1507 392 1563 tollat.
435 1505 558 1565 Lex
602 1520 733 1580 ergo
769 1500 955 1579 jubet,
1001 1504 1158 1565 dator
1198 1503 1331 1580 legis
1366 1507 1647 1564 miseretur
1674 1503 1728 1562 in
1754 1518 1821 1564 eo

167 1610 175 1618 '
224 1600 362 1670 quod
383 1598 544 1672 jubet
564 1599 679 1658 les.
702 1598 968 1659 Conantes
985 1597 1231 1658 homines
1249 1596 1473 1672 implere
1491 1596 1692 1656 viribus
1709 1596 1820 1656 suis

222 1689 361 1763 quod
388 1707 420 1747 a
445 1691 573 1764 iege
593 1700 919 1766 praeceptum
940 1701 1043 1759 est,
1064 1692 1179 1765 ipsa
1195 1704 1294 1749 sua
1314 1690 1590 1749 temeraria
1611 1700 1666 1748 et
1686 1702 1821 1763 prm-

224 1782 369 1856 cipitl
415 1783 842 1856 pmsumptione
885 1780 1236 1851 ceciderunt;
1281 1792 1336 1840 et
1386 1798 1490 1839 non
1535 1789 1659 1841 sunt
1698 1797 1820 1839 cum

224 1874 362 1947 iege,
387 1874 488 1931 sed
508 1872 617 1932 sub
640 1873 759 1950 lege
779 1873 901 1932 f‘acti
923 1882 1046 1935 sunt
1066 1874 1141 1933 rei
1170 1892 1186 1930 τ
1211 1883 1262 1933 ει
1282 1875 1529 1947 quoniam
1556 1874 1667 1930 suis
1685 1873 1819 1930 viri-

225 1963 322 2021 bus
360 1951 596 2036 implere
631 1981 741 2026 non
780 1974 1023 2038 poterant
1058 1964 1265 2038 legem,
1295 1963 1419 2022 facti
1446 1966 1523 2021 rei
1551 1962 1650 2022 sub
1671 1964 1817 2036 lege,

224 2057 294 2112 im
303 2058 650 2129 ploraverunl
678 2057 976 2116 liberatoris
1001 2057 1273 2125 auxilium;
1289 2066 1341 2113 et
1360 2055 1681 2128 reatuslegls
1697 2056 1823 2113 fecit

229 2145 595 2220 aegritudinem
634 2146 896 2225 superbis.
942 2145 1223 2222 Egritudo
1262 2148 1610 2220 superborum
1632 2190 1646 2215 ,
1686 2149 1822 2204 facta

228 2247 307 2295 est
344 2238 623 2304 confessio
665 2238 944 2297 humilium
974 2260 986 2297 :
1014 2238 1122 2313 jam
1146 2239 1469 2297 confitentur
1492 2239 1680 2313 aegroti
1699 2239 1822 2310 quia

234 2342 488 2409 :egrotant
509 2351 529 2402 ;
554 2333 741 2395 veniat
759 2336 994 2395 medicus
1011 2377 1027 2403 ,
1049 2343 1104 2393 et
1122 2346 1273 2393 sanet
1292 2344 1539 2409 aegrotos.

292 2425 348 2482 3.
391 2423 640 2484 Medicus
675 2427 839 2500 quis?
874 2427 1127 2485 Dominus
1164 2435 1348 2485 noster
1379 2424 1536 2485 Iesus
1560 2426 1818 2484 Christus.

227 2518 351 2593 Quis
371 2518 640 2579 Dominus
666 2531 851 2579 noster
870 2522 1024 2581 Jesus
1048 2522 1329 2581 Christus?
1354 2522 1447 2581 Ille
1472 2522 1561 2597 qui
1583 2522 1728 2579 visus
1741 2531 1823 2580 εει

229 2621 278 2666 ει
294 2611 363 2669 ab
386 2611 467 2670 eis
489 2630 525 2670 ει
551 2612 750 2687 quibus
772 2616 1053 2672 cruciﬁxus
1075 2624 1176 2672 εει.
1201 2614 1293 2671 Ille
1312 2616 1399 2691 qui
1422 2615 1785 2686 apprehensus
1801 2655 1817 2683 ,

229 2703 594 2777 colaphizatus
609 2746 631 2776 ,
659 2703 952 2781 flagellatus
968 2750 985 2779 ,
1008 2709 1179 2782 sputis
1204 2708 1386 2778 illitos,
1408 2709 1577 2781 spinis
1593 2722 1819 2767 corona-

230 2802 341 2866 ius,
370 2798 424 2853 in
452 2812 623 2855 cruce
646 2813 956 2872 suSpensus,
988 2803 1248 2869 mortuus,
1271 2800 1455 2856 lancea
1476 2800 1784 2857 vulneratus
1802 2841 1819 2870 ,

230 2880 293 2944 de
320 2904 480 2947 cruce
503 2890 784 2967 depositus
804 2932 821 2961 ,
849 2892 906 2950 in
930 2893 1176 2966 sepulcro
1204 2892 1426 2965 positus.
1455 2892 1551 2950 liie
1576 2894 1693 2967 ipse
1713 2892 1821 2951 Do—

230 2980 398 3038 minus
431 2992 628 3039 uoster
652 2980 808 3040 Iesus
831 2982 1113 3051 Christus;
1143 2982 1234 3041 ille
1261 2987 1373 3061 ipse
1398 2987 1556 3060 plane
1579 3029 1595 3056 ,
1623 2995 1679 3043 et
1708 2988 1820 3060 ipse

231 3082 307 3128 est
330 3080 470 3131 totus
497 3073 748 3131 medicus
766 3076 1044 3135 vulnerum
1069 3090 1375 3136 nostrorum
1394 3122 1410 3149 ,
1433 3078 1714 3137 crucifixus
1734 3079 1821 3137 ille

231 3166 309 3223 cui
343 3167 663 3228 insultatum
692 3179 774 3226 est
795 3210 810 3238 ,
842 3186 948 3241 quo
972 3171 1237 3244 pendente
1267 3180 1638 3247 persecutores
1663 3181 1821 3246 caput

230 3259 527 3331 agitabant,
553 3270 615 3320 et
641 3260 921 3332 dicebant,
955 3262 1017 3322 Si
1041 3264 1179 3335 ﬁlius
1208 3263 1305 3322 Dei
1328 3275 1434 3334 est,
1463 3267 1728 3322 descendat
1753 3268 1818 3323 de

230 3370 367 3412 «nec
402 3355 625 3433 (lauit.
665 3372 804 3413 xxvu
824 3398 839 3424 ,
878 3354 980 3422 Z9.
1009 3358 1103 3429 40)
1134 3375 1147 3414 :
1176 3359 1288 3428 ipse
1310 3367 1392 3415 est
1417 3366 1556 3415 totus
1582 3357 1820 3417 medicus

232 3457 437 3517 uoster,
464 3448 587 3521 ipse
612 3448 788 3523 plane.
815 3450 991 3523 Quare
1014 3466 1142 3523 ergo
1172 3467 1276 3511 non
1302 3448 1536 3510 ostendit
1560 3448 1818 3507 insultan-

233 3536 398 3607 tibus.
436 3541 568 3612 quia
603 3541 716 3613 ipse
744 3551 858 3599 erat
889 3541 1055 3597 Filius
1086 3541 1178 3599 Dei
1208 3560 1223 3597 :
1254 3551 1313 3599 ut
1339 3543 1468 3599 sise
1494 3542 1733 3616 permisit
1765 3543 1818 3599 in

232 3644 434 3695 crucem
464 3631 636 3695 levari
655 3675 672 3699 ,
699 3632 889 3693 saltem
909 3648 1033 3690 cum
1063 3633 1138 3690 illi
1166 3633 1403 3695 dicerent
1423 3675 1445 3703 ,
1470 3634 1534 3691 Si
1557 3633 1697 3707 ﬁlius
1724 3631 1820 3690 Dei

233 3733 298 3781 est
316 3765 333 3793 ,
359 3725 635 3783 descendat
652 3724 717 3782 de
738 3741 922 3791 cruce;
947 3733 1073 3783 tunc
1090 3724 1441 3784 descenderet
1459 3768 1473 3792 ,
1495 3735 1550 3782 et
1568 3725 1818 3784 ostende-

235 3824 309 3879 ret
326 3820 405 3875 eis
423 3833 616 3878 verum
638 3833 697 3875 se
714 3832 834 3879 esse
854 3817 1045 3877 Filium
1068 3817 1191 3886 Dei,
1206 3833 1363 3892 quem
1382 3819 1457 3879 illi
1470 3818 1583 3873 ausi
1604 3818 1811 3875 fuerant

236 3906 443 3973 irridere
462 3911 488 3966 ?
505 3909 712 3971 Noluit.
735 3909 909 3983 Quare
934 3910 1104 3966 noluit
1122 3910 1146 3964 ‘.'
1166 3910 1421 3982 numquid
1442 3909 1560 3983 quia
1584 3925 1689 3965 non
1712 3924 1809 3981 po-

236 4001 365 4057 ιιιὶιῖ
400 3994 587 4061 Potuit
621 4002 799 4078 plane.
836 4001 972 4070 Quid
1004 4011 1091 4059 est
1110 4003 1255 4062 enim
1279 4004 1505 4076 amplius
1524 4045 1540 4069 ,
1567 4001 1636 4066 de
1657 4017 1814 4059 cruce

236 4089 558 4155 descendere
575 4135 593 4163 ,
632 4108 702 4156 an
741 4094 809 4151 de
832 4095 1079 4165 sepulcro
1108 4095 1431 4166 resurgere?
1463 4093 1567 4150 Sed
1596 4094 1815 4170 pertulit

200 4180 543 4271 ainsultantes
568 4204 582 4241 :
604 4200 726 4241 nam
746 4201 874 4242 crus
894 4200 999 4242 non
1015 4186 1087 4246 ad
1098 4186 1351 4259 potentias
1370 4185 1746 4245 documentum
1768 4187 1808 4252 ί,

359 4278 425 4335 ad
458 4279 769 4375 esemplum
805 4280 1071 4375 patientiae
1096 4289 1345 4375 suscepta
1365 4288 1470 4337 est.
1495 4277 1570 4337 lbi
1595 4280 1812 4337 vulnera

239 4377 321 4427 tua
343 4372 548 4431 curavit
565 4413 582 4438 .
607 4372 699 4433 ubi
719 4387 820 4433 sua
838 4372 928 4430 diu
954 4371 1172 4447 pertulit
1201 4390 1214 4430 :
1243 4373 1315 4429 ibi
1342 4380 1393 4429 te
1415 4386 1446 4431 a
1476 4381 1647 4428 morte
1668 4387 1810 4429 sem-

219 4463 711 4576 siemwir
750 4464 838 4529 υυί
860 4463 1809 4576 .¹θ¹ξῖξ’⁰’³¹ίί⁸τΨῗῖἒίὲἷῗὲἷῗξῗξξ

241 4550 302 4611 Et
331 4566 574 4614 mortuus
603 4564 721 4625 est,
756 4572 823 4615 an
858 4557 913 4615 in
940 4557 1034 4617 illo
1063 4571 1210 4621 mors
1246 4566 1456 4621 mortua
1488 4553 1815 4629 est?Qualis

241 4658 409 4716 mors,
434 4664 559 4721 quae
582 4658 809 4708 mortem
837 4649 1072 4708 occidit?

304 4739 354 4796 4.
386 4741 503 4813 Ipse
529 4748 612 4799 est
639 4750 812 4803 tamen
840 4742 1096 4801 Dominus
1139 4750 1323 4801 noster
1368 4740 1526 4801 Iesus
1571 4740 1812 4805 Christus

246 4835 396 4899 totus,
423 4832 515 4905 qui
540 4830 838 4899 videbatur,
884 4839 938 4889 et
964 4832 1259 4898 tenebatur,
1286 4840 1342 4893 et
1371 4830 1813 4909 crucifigebatur?

230 4915 368 5000 .Nnm
398 4932 542 4981 totus
566 4924 587 4955 ¹
633 4921 738 4981 hoc
780 4924 893 4994 ipse
935 4923 1053 4981 est?
1081 4923 1198 4997 Ipse
1219 4926 1553 5001 estquidem,
1582 4926 1675 4983 sed
1706 4941 1811 4983 non

247 5019 378 5069 totus
428 5015 556 5075 illud
602 5014 743 5089 quod
777 5016 1024 5077 viderunt
1051 5015 1249 5085 lumbi;
1287 5034 1391 5075 non
1422 5017 1525 5075 hoc
1553 5026 1635 5076 est
1672 5027 1812 5075 totus

247 5101 492 5165 Christus.
524 5108 589 5167 Et
627 5107 751 5180 quid
789 5108 910 5166 est?
956 5106 1024 5167 In
1068 5109 1317 5183 principio
1354 5120 1459 5165 erat
1488 5107 1721 5168 Verbum.
1753 5106 1811 5166 In

249 5206 344 5263 quo
368 5196 661 5269 principio?
700 5196 767 5253 Et
796 5195 1013 5257 Verbum
1052 5207 1158 5257 erat
1186 5199 1325 5268 apud
1354 5197 1538 5259 Deum.
1562 5199 1629 5259 Et
1655 5201 1811 5272 quale

250 5279 509 5343 Verbum?
533 5286 601 5343 Et
628 5287 768 5345 Deus
795 5297 899 5345 erat
928 5285 1162 5346 Verbum.
1191 5289 1453 5365 Numquid
1476 5288 1612 5350 forte
1645 5307 1679 5351 ει
1699 5294 1808 5351 1)εο

252 5367 429 5437 factum
457 5388 540 5439 est
568 5375 960 5439 hoc'Verbuml
985 5377 1121 5435 Non.
1147 5377 1259 5434 Hoc
1284 5382 1425 5441 enim
1455 5392 1562 5439 erat
1588 5386 1640 5439 in
1667 5385 1808 5448 priu-

252 5462 372 5535 cipia
408 5471 544 5541 apud
584 5468 765 5526 Deum.
813 5468 953 5543 Quid
997 5471 1164 5542 ergo?
1202 5473 1319 5527 Alia
1363 5489 1484 5544 qum
1525 5474 1810 5533 ieeitDeus
1858 5538 1861 5540 ,

256 5569 349 5614 non
384 5561 573 5619 similia
598 5573 720 5619 sunt
747 5562 963 5619 Verbo?
1002 5562 1115 5619 Non
1146 5582 1160 5619 :
1192 5565 1314 5637 quia
1341 5567 1509 5620 omnia
1531 5584 1619 5638 per
1641 5569 1809 5641 ipsum

308 5669 1774 5805 tesseras-tetrarum

1928 582 2040 674 ipso
2075 588 2178 644 vita
2219 598 2325 646 erat
2351 606 2371 647 :
2410 602 2464 649 et
2496 604 2782 667 antequam
2827 600 2995 667 iteret,
3027 582 3131 657 vita
3168 608 3303 658 cmi.
3346 603 3501 674 Quod

1923 673 2121 733 factum
2163 688 2265 746 est,
2293 694 2399 738 non
2443 694 2526 741 est
2572 688 2678 743 vita
2721 706 2735 743 :
2773 688 2869 745 sed
2908 689 2967 746 in
3010 700 3142 759 arte,
3176 691 3279 751 hoc
3314 673 3418 761 est,
3450 698 3504 751 in

1920 765 2193 839 Sapientia
2223 774 2337 840 Dei,
2382 785 2663 850 antequam
2708 781 2881 851 fieret,
2928 782 3035 840 vita
3084 794 3215 843 erat.
3241 785 3394 853 Quod
3418 785 3499 843 fa-

1923 870 2067 920 ctum
2112 876 2214 932 est,
2264 871 2511 926 transiit:
2541 873 2682 944 quod
2729 885 2811 930 est
2855 876 2906 931 in
2955 876 3244 948 Sapientia,
3273 879 3506 938 transire

1923 965 2031 1039 non
2060 967 2250 1026 potest.
2281 953 2400 1016 Vita
2440 976 2568 1033 ergo
2606 964 2661 1021 in
2698 963 2791 1020 illo
2828 973 2961 1035 erat,
2986 966 3126 1039 quod
3165 968 3360 1025 [actum
3394 978 3501 1039 est.

1920 1037 1994 1101 Et
2042 1048 2212 1118 qualis
2258 1051 2400 1107 vita?
2448 1053 2579 1122 Quia
2626 1060 2684 1112 et
2728 1054 2902 1113 anima
2948 1037 3191 1127 corporis
3229 1058 3334 1117 vita
3371 1037 3498 1117 catt

1921 1144 2119 1207 Corpus
2148 1149 2384 1198 nostrum
2412 1142 2570 1200 habet
2598 1143 2758 1203 vitam
2798 1158 2982 1215 suam;
3025 1164 3184 1220 quam
3210 1164 3332 1206 cum
3359 1154 3501 1209 arni-

1924 1229 2071 1295 Serit,
2102 1244 2245 1287 mors
2280 1239 2363 1288 est
2398 1236 2640 1306 corporis
2679 1254 2698 1294 :
2743 1239 2861 1295 talis
2899 1250 3029 1311 ergo
3074 1250 3189 1298 crat
3223 1240 3315 1296 illa
3356 1240 3501 1300 vita!

1920 1316 2038 1373 Non
2072 1320 2201 1376 :sed
2227 1323 2333 1376 vita
2368 1335 2474 1378 erat
2515 1325 2609 1381 tua:
2634 1327 2912 1384 hominum.
2938 1328 3203 1401 Numquid
3225 1331 3311 1387 lux
3336 1347 3502 1404 peco-
3542 1334 3547 1393 ζ

1918 1424 2040 1468 rum
2060 1409 2239 1470 l‘Nam
2268 1416 2366 1472 ista
2394 1419 2482 1474 lux
2511 1428 2565 1475 et
2590 1417 2863 1477 hominum
2894 1431 2950 1478 et
2972 1438 3230 1494 pecorum
3262 1433 3365 1481 est.
3400 1420 3500 1483 Est
3536 1429 3543 1471 ἑ

1922 1504 2163 1578 quoniam
2190 1506 2282 1564 lux
2313 1509 2583 1579 hominum
2613 1528 2629 1570 :
2666 1515 2806 1571 unde
2843 1515 3042 1572 distant
3070 1515 3315 1574 homines
3340 1530 3373 1573 tt
3402 1528 3507 1590 pta-
3534 1522 3537 1527 ’

1923 1596 2133 1653 coribus
2162 1596 2453 1669 videamus,
2493 1614 2546 1658 et
2588 1613 2713 1661 tunc
2739 1604 3092 1678 intciligcmus
3126 1608 3252 1680 quid
3296 1604 3368 1666 sit
3403 1610 3498 1668 lux
3530 1638 3544 1679 τ

1918 1687 2220 1747 hominum.
2260 1690 2378 1749 Non
2415 1694 2580 1750 distas
2607 1710 2638 1752 a
2664 1708 2877 1768 pecore,
2910 1698 3014 1755 nisi
3050 1696 3316 1756 intellectu
3344 1694 3497 1756 moli
3533 1691 3545 1759 Ῠ

1920 1780 2136 1839 aliunde
2163 1782 2394 1855 gloriari.
2423 1786 2499 1842 De
2526 1787 2725 1844 viribus
2750 1788 3071 1859 praesumis?
3115 1804 3145 1844 a
3173 1788 3355 1847 hcsﬁis
3380 1786 3500 1847 viu-
3529 1777 3545 1857 ’ξ

1922 1868 2060 1927 ceris
2092 1890 2107 1927 :
2138 1875 2206 1930 de
2247 1876 2525 1933 velocitate
2561 1880 2875 1949 prmsutuis?
2910 1890 2943 1937 a
2982 1882 3182 1938 muscis
3222 1882 3496 1940 vinceris:

1923 1958 1991 2019 de
2033 1961 2424 2035 pulchritudine
2462 1968 2777 2041 przesumis?
2800 1980 2995 2043 quanta
3042 1971 3378 2043 pulchritudo
3417 1960 3542 2043 est:

1920 2052 1977 2111 in
2005 2056 2191 2126 pennis
2219 2050 2468 2128 pavonis?
2497 2060 2647 2117 Unde
2673 2074 2801 2134 ergo
2825 2062 3016 2120 melior
3041 2064 3138 2121 es?
3169 2063 3243 2121 Ex
3274 2062 3501 2138 imagine

1928 2148 2040 2206 Dei.
2074 2145 2172 2205 Ubi
2195 2151 2377 2223 imago
2406 2153 2538 2210 Dei?
2562 2154 2617 2210 In
2651 2165 2851 2223 mente,
2880 2156 2932 2212 in
2962 2157 3250 2214 intellectu.
3284 2158 3342 2214 Si
3372 2168 3501 2232 ergo
3528 2162 3537 2211 ἱ

1923 2234 2046 2295 ideo
2076 2240 2263 2297 melior
2301 2257 2515 2314 pecore,
2560 2246 2683 2317 quia
2724 2244 2893 2305 habes
2921 2256 3151 2306 mentem
3176 2263 3280 2323 qua
3307 2234 3541 2308 intellio‘:

1922 2346 2017 2404 gas
2045 2335 2187 2405 quod
2225 2351 2330 2393 non
2375 2347 2547 2409 potest
2590 2352 2752 2411 pecus
2792 2342 3123 2416 intelligere;
3154 2344 3279 2402 inde
3317 2354 3537 2404 autem!

1923 2419 2104 2494 homo,
2149 2426 2270 2497 quia
2320 2429 2508 2485 melior
2550 2446 2773 2501 pecore;
2824 2434 2915 2490 lux
2960 2433 3236 2493 hominum
3282 2444 3366 2494 εει
3409 2422 3539 2501 lux;

1923 2519 2200 2574 mentium.
2232 2520 2345 2576 Lux
2374 2522 2630 2579 mentium
2659 2540 2817 2595 supra
2846 2518 3053 2585 mentes
3082 2539 3185 2596 est,
3212 2538 3267 2586 ct
3293 2529 3506 2588 excedit
3530 2518 3537 2579 Ϊ

1923 2621 2110 2667 omnes
2134 2621 2358 2669 mentes.
2389 2612 2501 2670 lloc
2524 2624 2639 2673 crat
2665 2618 2767 2672 vita
2799 2618 2883 2673 illa
2909 2632 3007 2692 per
3027 2636 3187 2694 quant
3217 2618 3353 2678 facta
3378 2630 3515 2705 sunt

1923 2701 2120 2757 omnia.

1994 2793 2049 2851 5.
2083 2791 2182 2851 Ubi
2209 2796 2363 2852 erat?
2390 2795 2479 2855 hic
2504 2801 2649 2866 erat;
2668 2813 2739 2856 an
2766 2800 2908 2873 apud
2937 2798 3146 2859 Patrem
3171 2810 3306 2872 erat,
3332 2811 3388 2860 et
3412 2798 3506 2862 hic

1923 2899 2030 2942 non
2055 2888 2210 2943 erat?
2235 2902 2302 2943 an
2342 2888 2484 2960 quod
2516 2890 2696 2947 verius
2717 2899 2817 2959 est.
2846 2903 2905 2951 et
2942 2889 3079 2965 apud
3116 2890 3324 2951 Patrem
3364 2903 3502 2966 erat,

1923 2984 1977 3033 et
2020 2976 2108 3034 hic
2132 2978 2285 3034 erat?
2311 2978 2367 3037 Si
2394 2996 2523 3052 ergo
2559 2980 2816 3051 inccrat,
2865 3001 3029 3057 qttut'c
3054 3002 3160 3042 non
3187 2984 3503 3044 videbatur?

1924 3065 2059 3136 Quia
2088 3068 2179 3125 luat
2204 3070 2258 3125 in
2288 3072 2500 3129 tenebris
2518 3072 2666 3142 lucet,
2688 3082 2739 3129 et
2771 3072 2984 3131 (craebra:
3013 3085 3123 3130 eam
3153 3093 3254 3132 non
3276 3093 3506 3149 compre-

1924 3159 2219 3216 henderunt.
2272 3160 2319 3217 ο
2356 3159 2619 3232 homines,
2676 3162 2843 3223 nolite
2887 3178 3012 3224 esse
3050 3168 3303 3235 tenebrae,
3340 3166 3507 3229 nolite

1923 3264 2041 3309 esse
2065 3251 2328 3325 infideles,
2350 3252 2553 3326 injusti,
2579 3256 2765 3331 iniqui,
2785 3270 3025 3331 rapaces,
3050 3262 3216 3329 avari,
3238 3270 3507 3321 amatores

1921 3345 2099 3400 seculi
2132 3362 2145 3400 :
2175 3345 2259 3401 hae
2291 3349 2576 3404 suntcnim
2605 3348 2856 3407 tomabrm.
2889 3345 3005 3407 Lux
3035 3369 3141 3409 non
3169 3363 3250 3410 est
3284 3355 3502 3425 absens,

1920 3436 2015 3492 sed
2040 3452 2135 3493 vos
2163 3436 2410 3505 absentes
2436 3441 2571 3498 estis
2611 3455 2643 3497 ε
2673 3440 2810 3500 luce.
2837 3440 3023 3501 Caecus
3049 3446 3101 3501 in
3128 3446 3241 3503 sole
3271 3462 3506 3518 praesen-

1870 3552 1893 3569 ο
1920 3533 2027 3585 tem
2056 3529 2216 3586 habet
2242 3531 2434 3598 solem,
2453 3532 2551 3589 sed
2571 3530 2767 3591 absens
2794 3543 2877 3592 est
2904 3535 3015 3609 ipse
3035 3537 3157 3592 soli.
3179 3536 3351 3594 Nolite
3374 3539 3504 3613 ergo

1919 3633 2040 3677 esse
2079 3622 2336 3679 tenebrae.
2362 3623 2489 3681 Hau:
2522 3631 2607 3691 est
2638 3624 2780 3683 enim
2818 3623 2953 3685 forte
2975 3629 3165 3700 gratia,
3196 3627 3264 3686 de
3286 3646 3389 3703 qua
3417 3630 3505 3687 di-

1926 3718 2111 3767 cturus
2136 3729 2276 3784 sum,
2302 3723 2360 3770 ut
2382 3715 2494 3785 jam
2517 3731 2623 3772 non
2642 3715 2812 3773 simus
2836 3718 3089 3784 tcnebrze.
3111 3730 3166 3776 et
3188 3720 3330 3777 dicat
3351 3719 3505 3781 nobis

1921 3800 2247 3873 Apostolus:
2276 3801 2473 3864 Fuistis
2504 3809 2640 3865 enim
2675 3810 2951 3882 ιιιὶφιιηειίο
2974 3814 3219 3879 tenebris;
3247 3830 3381 3869 nunc
3412 3825 3505 3872 att-

1919 3900 2019 3949 tent
2049 3893 2138 3951 tua:
2173 3897 2228 3952 in
2266 3894 2487 3955 Domino
2517 3898 2732 3975 (Ephes.
2770 3918 2826 3971 ν,
2850 3901 2928 3976 8).
2960 3903 3092 3972 Quia
3120 3919 3248 3977 ergo
3289 3921 3392 3959 non
3420 3902 3504 3960 vi-

1917 3983 2142 4042 debatur
2164 3987 2254 4045 lux
2290 3988 2587 4059 hominum,
2614 3991 2665 4049 id
2693 4002 2777 4048 est
2802 3992 2893 4049 lux
2922 3994 3197 4062 mentium,
3226 4010 3361 4066 opus
3386 4004 3504 4050 erat

1919 4086 1976 4134 ut
2018 4076 2178 4133 homo
2223 4079 2427 4138 diceret.
2462 4080 2531 4137 dc
2572 4079 2692 4140 lucc
2738 4083 3119 4151 testimonium,
3149 4100 3255 4139 non
3285 4082 3501 4156 quidem

1917 4170 2248 4236 tenebrosus,
2294 4171 2390 4227 sed
2440 4173 2551 4241 jam
2602 4172 2948 4231 illuminatus.
2988 4172 3098 4229 Nec
3150 4184 3325 4232 tamen
3377 4172 3500 4248 quia

1915 4260 2259 4330 illuminatus,
2300 4262 2422 4320 ideo
2448 4264 2557 4335 ipsa
2587 4264 2705 4332 lux;
2749 4266 2840 4322 sed
2862 4276 2917 4320 ut
2946 4268 3282 4323 testimonium
3326 4268 3499 4339 periti-

1926 4355 2056 4411 beret
2083 4356 2147 4410 de
2173 4355 2382 4413 lumine.
2409 4356 2539 4413 Nam
2586 4375 2687 4413 non
2716 4368 2820 4415 erat
2857 4358 2944 4414 ille
2980 4360 3083 4415 lux.
3116 4360 3185 4416 Et
3219 4376 3339 4434 quae
3384 4373 3501 4417 erat

1920 4444 2046 4501 lux?
2073 4443 2199 4512 Erat
2224 4447 2317 4503 tua:
2336 4463 2472 4513 uera,
2499 4464 2616 4520 qua:
2639 4448 2893 4505 illuminat
2920 4466 3116 4505 omnem
3143 4450 3393 4507 hominem
3420 4468 3501 4525 ue-

1916 4537 2131 4594 nientem
2170 4539 2226 4593 in
2269 4536 2404 4597 hunc
2436 4539 2702 4596 mundum.
2733 4539 2800 4596 Et
2842 4538 2927 4597 ubi
2976 4549 3092 4597 erat
3138 4538 3271 4598 ista?
3295 4536 3363 4599 In
3406 4542 3501 4599 hoc

1916 4632 2103 4687 mwtdo
2142 4642 2268 4689 erat.
2308 4632 2379 4690 Et.
2414 4634 2684 4706 quomodo
2718 4634 2773 4688 in
2808 4634 2903 4688 hoc
2944 4636 3131 4689 mundo
3171 4634 3316 4693 erat!
3341 4652 3501 4692 num-

1916 4724 2044 4795 quid
2092 4727 2228 4780 sicut
2263 4724 2363 4782 ista
2402 4723 2490 4781 ius
2528 4724 2679 4794 solis,
2722 4724 2883 4792 iunze.
2919 4722 3279 4796 lucernarum,
3331 4724 3409 4785 sic
3447 4741 3503 4787 ct

1916 4814 2017 4873 ista
2050 4814 2140 4871 lux
2178 4816 2234 4873 in
2270 4816 2467 4871 mundo
2491 4814 2616 4873 est?
2642 4813 2781 4873 Non.
2809 4816 2942 4887 Quia
2984 4819 3202 4875 mundus
3248 4837 3339 4893 per
3387 4838 3502 4877 eum

1918 4898 2082 4979 factus
2115 4912 2221 4975 est,
2259 4914 2311 4963 ει
2353 4907 2573 4963 mundus
2614 4924 2732 4964 eum
2776 4925 2878 4963 non
2924 4912 3153 4982 cognovit
3191 4926 3211 4966 :
3249 4910 3355 4970 hoc
3394 4922 3499 4981 εει,

1919 4997 2012 5054 lita:
2056 4995 2112 5052 in
2157 4995 2371 5054 tenebris
2417 4997 2572 5067 lucet,
2620 5007 2669 5054 et
2710 4998 2925 5056 teneone
2981 5017 3092 5058 eam
3130 5018 3233 5057 non
3274 5019 3504 5077 compre-

1918 5086 2214 5145 henderunt.
2266 5084 2493 5146 Mundus
2533 5089 2678 5147 cnim
2729 5089 2998 5157 tenebras;
3043 5093 3165 5163 quia
3212 5091 3537 5154 dilectoresi

1916 5181 2120 5246 mundi,
2167 5182 2416 5239 mundus.
2462 5182 2598 5239 Num
2641 5183 2783 5240 enim
2830 5195 3073 5241 creatura
3126 5202 3231 5242 non
3286 5187 3501 5260 agnovit

1915 5271 2222 5331 Creatorem
2253 5274 2443 5332 suum?
2465 5270 2851 5334 Testimonium
2879 5274 3024 5333 dedit
3050 5277 3245 5335 cmlum
3274 5226 3349 5334 de:
3367 5226 3531 5334 stei-i

1917 5360 1966 5424 ia
1997 5363 2210 5437 (Matth.
2240 5381 2302 5435 ιι,
2337 5361 2430 5443 2);
2473 5365 2830 5423 testimonium
2868 5366 3015 5423 dedit
3054 5384 3221 5434 mare,
3266 5369 3501 5441 portavit

1914 5459 2270 5535 ambulantem
2322 5458 2601 5516 ltotninum
2649 5455 2759 5533 (Id.
2808 5476 2922 5529 xxv,
2965 5456 3094 5531 26);
3139 5460 3498 5519 testimonium

1916 5550 2177 5609 dederunt
2200 5551 2367 5622 venti,
2391 5552 2458 5610 ad
2503 5553 2618 5626 ejus
2658 5553 2865 5626 jnssum
2893 5554 3205 5627 quieverunt
3235 5551 3344 5626 (Id.
3378 5570 3495 5627 vtn,

1915 5644 2043 5719 27);
2094 5645 2452 5704 testimonium
2488 5646 2633 5705 dedit
2669 5655 2829 5717 terra,
2861 5645 2952 5703 illo
2991 5645 3246 5703 cruciﬁxo
3282 5656 3498 5706 contre-

1915 5741 2049 5797 muit
2075 5737 2185 5810 (ιρι.
2212 5752 2376 5807 ssvn,
2405 5739 2500 5813 lii)
2529 5757 2543 5795 :
2571 5741 2616 5798 si
2653 5740 2830 5799 omnia
2875 5738 2976 5798 ista
3004 5739 3367 5800 testimonium
3395 5741 3495 5800 de-
