4036 6390
517 349 536 409 Ι
550 352 652 411 399

517 467 732 533 derunt,
775 462 1042 536 quomodo
1091 459 1320 516 mundus
1373 471 1495 512 eum
1549 469 1654 509 non
1703 447 1972 521 cognovit,
2001 442 2104 498 nisi

517 557 641 626 quia
697 555 925 610 mundus
985 553 1267 608 dilectores
1328 546 1533 613 mundi,
1587 543 1752 600 corde
1801 539 2106 596 habitantes

524 647 819 703 mundum?
858 646 925 701 Et
965 645 1138 700 malus
1166 639 1411 703 mundus,
1441 637 1564 708 quia
1613 634 1736 690 mali
1785 631 2108 688 habitatores

527 737 708 792 mundi
741 737 920 792 :sicut
960 735 1096 789 mala
1146 732 1354 799 domus,
1395 744 1499 784 non
1541 726 1789 797 parietes,
1827 721 1922 778 sed
1959 719 2108 775 inha-

527 830 777 884 bitantes.

599 921 652 977 6.
685 919 750 974 In
782 921 988 990 propria
1017 919 1168 979 venit,
1191 916 1244 971 id
1274 923 1376 979 est,
1401 915 1450 969 in
1473 927 1568 969 sua
1601 909 1745 966 venit
1775 926 1788 962 :
1815 916 1860 961 et
1892 907 1971 960 sui
1995 919 2109 957 eum

531 1029 634 1069 non
658 1021 967 1082 receperunt.
997 1011 1128 1078 Quze
1153 1023 1280 1080 ergo
1303 1022 1425 1077 spes
1450 1013 1552 1068 est,
1585 1003 1686 1058 nisi
1725 1001 1845 1071 quia
1871 1005 2111 1071 quotquot

530 1113 819 1174 receperunt
845 1118 980 1168 cum,
1011 1100 1147 1154 dedit
1178 1098 1248 1154 eis
1281 1106 1568 1168 potestatem
1602 1095 1734 1164 ﬁlios
1765 1091 1856 1145 Dei
1887 1090 2030 1151 ﬁeri?
2055 1087 2112 1142 Si

533 1196 628 1250 lilii
659 1195 807 1261 fiunt,
838 1202 1125 1249 nascuntur
1154 1209 1167 1245 :
1199 1191 1244 1245 si
1268 1199 1574 1252 nascuntur,
1598 1185 1862 1256 quomodo
1889 1197 2114 1236 nascun-

537 1286 661 1342 tur?
687 1285 799 1341 Non
822 1302 886 1339 ex
925 1299 1116 1351 carne,
1139 1299 1238 1336 non
1267 1297 1330 1336 ex
1352 1279 1695 1349 sanguinibus,
1723 1292 1820 1329 non
1850 1289 1913 1327 ea:
1940 1273 2116 1325 volun-

537 1385 642 1431 tate
664 1377 851 1442 carnis,
876 1393 977 1429 non
1011 1391 1074 1429 ea:
1098 1375 1349 1428 voluntate
1372 1372 1500 1435 viri;
1527 1370 1613 1424 sed
1635 1385 1695 1421 ea:
1723 1365 1828 1420 Deo
1854 1365 1958 1418 nati
1977 1372 2112 1417 sunt.

538 1467 814 1524 Gaudeant
842 1481 987 1536 ergo,
1018 1466 1137 1534 quia
1185 1480 1250 1519 ex
1301 1464 1410 1518 Deo
1453 1462 1558 1515 uati
1604 1466 1766 1520 sunt;
1799 1461 2118 1526 praesumant

539 1574 602 1614 se
629 1559 892 1628 pertinere
934 1557 1000 1612 ad
1046 1557 1245 1621 Deum;
1275 1554 1536 1624 accipiant
1571 1550 1965 1611 documentum,
1996 1545 2118 1616 quia

537 1665 607 1705 ex
633 1649 745 1704 Deo
769 1649 877 1703 nati
903 1657 1028 1703 sunt
1055 1666 1068 1700 :
1100 1645 1166 1701 Et
1218 1645 1428 1700 Verbum
1466 1659 1582 1697 caro
1615 1643 1805 1712 factum
1838 1648 1929 1705 est,
1953 1646 1999 1691 et
2023 1638 2118 1690 ha-

541 1742 713 1796 bitavit
753 1742 805 1794 in
861 1739 1020 1793 nobis.
1070 1739 1125 1793 Si
1181 1737 1411 1792 Verbum
1463 1751 1566 1789 nou
1616 1732 1826 1787 erubuit
1867 1728 2009 1784 nasci
2054 1729 2122 1782 de

542 1831 778 1895 homine,
809 1832 1126 1885 erubescunt
1161 1827 1402 1882 homines
1439 1826 1580 1880 nasci
1625 1823 1693 1878 de
1724 1823 1864 1876 Deo?
1895 1821 2006 1875 lloc
2029 1835 2122 1874 au-

542 1929 650 1976 tem
676 1921 796 1990 quia
838 1919 978 1982 fecit,
1008 1919 1211 1972 curavit
1239 1934 1252 1970 :
1279 1916 1398 1986 quia
1440 1915 1660 1976 curavit,
1707 1912 1964 1967 videmus.
2012 1909 2123 1966 Hoc

543 2011 686 2066 enim
713 2010 852 2081 quod
893 2009 1105 2063 Verbum
1130 2025 1247 2062 caro
1275 2012 1462 2078 factum
1490 2016 1581 2070 est,
1623 2014 1668 2058 ct
1694 2005 1929 2058 habitavit
1958 2004 2010 2057 in
2042 2019 2126 2058 no-

546 2102 644 2168 bis,
676 2100 1118 2155 medicamentum
1151 2099 1304 2153 nobis
1341 2101 1534 2152 factum
1563 2105 1663 2162 est,
1689 2105 1746 2149 ut
1783 2095 1905 2165 quia
1935 2104 2073 2149 terra
2107 2097 2121 2126 ί

549 2192 904 2257 εωωὺειιιιυι·,
947 2191 1012 2246 de
1051 2201 1188 2246 terra
1217 2204 1530 2244 sanaremur
1568 2206 1580 2239 :
1619 2195 1674 2241 et
1701 2187 1868 2241 sanati
1894 2186 2019 2256 quid
2050 2186 2125 2240 vi-

544 2284 826 2340 deremus?
866 2283 933 2337 Et
981 2284 1213 2348 vidimus,
1260 2283 1447 2351 inquit,
1487 2281 1700 2352 gloriam
1738 2283 1867 2347 eius,
1911 2280 2126 2350 gloriam

546 2386 786 2445 tanquam
831 2375 1085 2445 Unigeniti
1110 2391 1143 2428 a
1173 2372 1348 2440 Patre,
1391 2372 1590 2437 plenum
1637 2371 1800 2442 gratia
1844 2379 1891 2423 et
1923 2370 2128 2424 veritate

545 2466 724 2537 (Joan.
755 2484 792 2532 1,
824 2467 1001 2535 ί-ιιι).

617 2560 670 2613 7.
695 2557 920 2612 Ioannes
949 2558 1281 2612 testimonium
1320 2557 1541 2627 perhibet
1590 2557 1652 2609 de
1693 2555 1826 2626 ipso,
1865 2566 1912 2609 et
1939 2556 2127 2609 clamat

543 2649 732 2710 dicens,
756 2646 858 2700 IIic
895 2657 998 2701 erat
1023 2664 1166 2716 quem
1200 2647 1326 2712 dixi,
1359 2646 1458 2712 Qui
1485 2657 1594 2714 post
1623 2663 1700 2700 me
1723 2648 1872 2710 venit,
1898 2655 2014 2700 ante
2050 2663 2130 2700 me

542 2741 709 2810 factus
734 2747 824 2792 est.
854 2737 981 2792 Post
1019 2753 1102 2792 me
1123 2737 1286 2799 venit,
1311 2745 1368 2792 et
1409 2737 1679 2806 praecessit
1709 2752 1815 2792 me.
1860 2736 1997 2802 Quid
2023 2747 2126 2802 est,

540 2838 656 2883 ante
681 2845 760 2882 me
800 2831 964 2900 factus
1009 2828 1122 2882 est?
1169 2827 1447 2882 Praecessit
1497 2842 1584 2881 me
1623 2846 1634 2880 :
1669 2843 1794 2890 non,
1838 2827 2006 2881 factus
2047 2835 2131 2883 est

540 2930 824 2991 antequam
871 2920 1039 2974 factus
1097 2932 1271 2974 essem
1324 2933 1458 2988 ego;
1521 2918 1636 2984 scd,
1667 2919 1997 2989 antepositus
2048 2929 2132 2974 est

541 3012 673 3067 mihi
704 3031 717 3066 :
750 3011 851 3065 hoc
893 3019 994 3078 est,
1039 3021 1156 3064 ante
1181 3027 1260 3064 me
1300 3011 1465 3079 factus
1497 3021 1590 3065 est.
1625 3013 1797 3078 Quare
1821 3021 1945 3066 ante
1970 3020 2020 3065 te
2054 3011 2131 3066 fa-

543 3114 663 3160 ctus
686 3112 788 3169 est,
807 3117 927 3156 cum
947 3112 1066 3171 post
1091 3111 1143 3158 te
1160 3102 1398 3158 venerit?
1423 3103 1554 3168 Quia
1575 3103 1714 3172 prior
1733 3118 1811 3156 me
1831 3113 1958 3156 erat.
1981 3102 2132 3158 Prior

543 3205 618 3260 te,
654 3211 688 3251 ο
716 3194 987 3251 Joannes?
1025 3194 1162 3263 Quid
1206 3209 1489 3265 magnum,
1540 3195 1584 3249 si
1639 3196 1782 3264 prior
1828 3197 1921 3250 te?
1962 3196 2126 3260 Bene,

541 3287 666 3360 quia
703 3295 760 3342 tu
789 3287 862 3341 illi
894 3286 1142 3355 perhibes
1185 3277 1549 3341 testimonium
1592 3305 1604 3339 :
1641 3287 1917 3342 audiamus
1955 3287 2128 3357 ipsum

541 3377 829 3443 dicentem,
871 3374 938 3430 Et
969 3386 1085 3431 ante
1117 3375 1372 3430 Abraham
1410 3392 1500 3446 ego
1519 3393 1628 3430 sunt
1668 3375 1842 3447 (Joan.
1880 3393 1989 3442 vtu,
2013 3376 2126 3448 58).

543 3467 650 3524 Sed
675 3477 730 3524 et
752 3467 1020 3522 Abraham
1051 3468 1106 3521 in
1141 3467 1318 3523 medio
1344 3482 1538 3537 genere
1572 3467 1803 3522 humatio
1833 3477 1981 3522 ortus
2015 3479 2148 3542 est;

543 3561 695 3617 multi
723 3569 845 3615 ante
881 3560 1051 3625 illum,
1083 3559 1236 3614 multi
1280 3568 1402 3628 post
1438 3559 1585 3614 illum
1621 3576 1634 3612 :
1664 3559 1785 3613 audi
1814 3574 1998 3616 vocem
2031 3560 2130 3614 Pa-

543 3654 643 3709 tris
665 3653 731 3707 ad
758 3651 970 3717 Filium,
992 3651 1122 3706 Ante
1143 3650 1410 3718 luciferum
1445 3651 1596 3722 genui
1631 3660 1677 3704 te
1701 3649 1870 3721 (Psal.
1904 3667 2016 3717 crs,
2049 3650 2126 3722 5).

545 3743 646 3812 Qui
681 3752 804 3797 ante
831 3741 1108 3796 luciferum
1130 3741 1340 3811 genitus
1369 3749 1471 3806 est,
1503 3755 1690 3794 omnes
1711 3741 1824 3807 ipse
1847 3741 2130 3798 illuminat.

546 3836 731 3891 Dictus
755 3844 837 3888 est
865 3834 1003 3888 enim
1025 3832 1238 3903 quidam
1267 3833 1452 3886 lucifer
1479 3833 1567 3900 qui
1589 3832 1784 3886 cecidit
1809 3850 1822 3886 :
1850 3842 1965 3887 erat
1986 3834 2130 3888 enim

546 3924 790 3994 angelus,
821 3933 876 3977 et
906 3925 1074 3977 factus
1101 3932 1185 3977 est
1211 3922 1486 3986 diabolus;
1529 3931 1582 3976 et
1606 3923 1738 3976 dixit
1765 3923 1835 3978 de
1873 3925 1962 3978 illo
1989 3925 2133 3979 Scri-

546 4026 723 4088 ptttra,
766 4014 970 4086 Lucifer
1008 4015 1095 4087 qui
1134 4030 1282 4068 mane
1327 4013 1596 4080 oriebatur,
1633 4015 1808 4069 cecidit
1835 4015 1984 4088 (Isai.
2014 4032 2127 4085 ειν,

547 4108 659 4182 12).
693 4107 846 4164 Unde
897 4107 1115 4162 lucifer?
1151 4107 1282 4176 Quia
1325 4107 1653 4162 illuminatus
1703 4108 1931 4164 lucebat.
1979 4109 2132 4166 Unde

547 4209 726 4257 autem
759 4199 1074 4254 tenebrosus
1106 4198 1311 4253 factus?
1339 4198 1471 4264 Quia
1512 4199 1561 4252 in
1591 4201 1810 4254 veritate
1848 4215 1951 4254 non
1985 4201 2132 4256 stetit

553 4293 732 4367 (Joan.
760 4309 871 4358 vm,
895 4292 1005 4364 44).
1032 4294 1172 4362 Ergo
1193 4293 1280 4346 ille
1299 4301 1424 4347 ante
1447 4293 1740 4360 luciferum,
1769 4304 1891 4349 ante
1914 4309 2130 4350 omnem

548 4384 906 4439 illuminatum
941 4401 953 4434 :
986 4382 1247 4450 siquidem
1275 4394 1396 4435 ante
1425 4397 1638 4436 omnem
1667 4384 2018 4438 illuminatum
2060 4386 2132 4440 sit

547 4489 770 4529 necesse
799 4481 900 4537 est,
928 4486 958 4526 a
988 4485 1092 4540 quo
1122 4471 1484 4528 illuminantur
1511 4487 1698 4528 omnes
1724 4475 1813 4542 qui
1849 4472 2132 4529 illuminari

547 4573 792 4636 possunt.

619 4659 677 4717 8.
720 4655 844 4712 Ideo
888 4656 990 4710 hoc
1029 4654 1306 4727 sequitur:
1338 4653 1405 4709 Et
1444 4655 1507 4710 de
1552 4656 1864 4724 plenitudine
1907 4656 2013 4728 ejus
2041 4675 2135 4713 nos

549 4767 723 4806 omnes
765 4750 1069 4820 accepimus.
1119 4747 1255 4816 Quid
1309 4748 1619 4819 accepistis?
1662 4744 1731 4802 Et
1778 4750 1993 4820 gratiam
2041 4769 2134 4821 pro

549 4843 732 4914 gratia.
785 4843 874 4897 Sic
916 4842 1058 4896 enim
1107 4840 1302 4895 habent
1347 4842 1507 4894 verba
1553 4841 1888 4912 evangelica,
1941 4843 2133 4900 collata

549 4949 671 4990 cum
693 4934 1086 5004 exemplaribus
1112 4933 1317 5004 graecis.
1342 4931 1456 4988 Non
1496 4933 1590 4998 ait,
1623 4935 1686 4989 Et
1710 4934 1776 4991 de
1803 4937 2135 5005 plenitudine

550 5025 665 5094 ejus
707 5040 804 5079 nos
841 5040 1030 5079 omnes
1062 5024 1384 5092 accepimus,
1413 5025 1636 5094 gratiam
1671 5039 1766 5095 pro
1797 5027 1997 5096 gratia;
2038 5026 2134 5083 sed

549 5117 626 5172 sic
647 5117 739 5180 ait,
768 5115 835 5169 Et
863 5116 924 5168 de
957 5115 1273 5190 plenitudine
1301 5117 1408 5186 ejus
1439 5132 1528 5169 nos
1563 5131 1733 5170 omnes
1755 5118 2056 5187 accepimus,
2087 5127 2134 5173 et

550 5207 767 5280 gratiam
801 5223 893 5277 pro
918 5209 1106 5278 gratia,
1140 5206 1193 5261 id
1217 5216 1320 5273 est,
1341 5207 1642 5276 accepimus
1674 5225 1688 5262 :
1717 5217 1774 5262 ut
1801 5211 1982 5264 nescio
2008 5211 2134 5279 quid

551 5313 652 5355 nos
683 5298 909 5354 voluerit
935 5298 1226 5367 intelligere
1254 5297 1321 5352 de
1346 5297 1670 5366 plenitudine
1698 5299 1814 5368 ejus
1833 5301 2131 5370 accepisse;

549 5399 606 5448 et
645 5391 861 5459 insuper
896 5390 1114 5458 gratiam
1167 5404 1262 5458 pro
1305 5391 1493 5460 gratia.
1530 5391 1840 5459 Accepimus
1883 5392 2022 5446 enim
2067 5375 2135 5448 de

550 5484 879 5555 plenitudine
923 5482 1056 5551 ejus,
1088 5482 1260 5553 primo
1287 5482 1543 5552 gratiam;
1582 5491 1636 5536 et
1675 5497 1886 5538 rursum
1923 5484 2135 5554 accepi-

552 5594 670 5633 mus
693 5578 946 5650 gratiam,
977 5576 1200 5648 gratiam
1238 5591 1332 5648 pro
1367 5575 1554 5647 gratia.
1587 5575 1754 5642 Quam
1783 5577 2004 5645 gratiam
2033 5576 2137 5646 pri-

617 5714 638 5779 ξ
659 5718 766 5779 Mss.
791 5720 894 5762 tres
911 5747 926 5772 ,
951 5726 1033 5779 qut
1055 5725 1085 5762 a
1113 5715 1260 5764 terra.
1285 5712 1366 5762 Alli
1393 5710 1744 5776 totidem,‘qttia
1764 5724 1796 5762 α
1816 5718 1963 5763 terra.
1989 5721 2134 5777 Unus,

557 5773 668 5836 quid
690 5773 751 5823 de
771 5779 922 5826 terra.

1499 340 1564 396 IN
1601 332 1876 396 JOANNIS
1911 321 2370 394 EVANGELIUM,
2403 325 2460 383 S.
2501 323 2860 384 AUGUSTINI

3661 319 3800 379 “00

2214 456 2302 496 mo
2329 443 2665 513 accepimus?
2691 443 2895 499 Fidem.
2922 443 2981 500 ln
3018 441 3122 499 ﬁde
3155 441 3506 508 ambulantes,
3531 443 3592 499 in
3623 445 3795 513 gratia

2214 533 2566 590 ambulamus.
2597 533 2750 590 Unde
2789 535 2930 607 enim
2969 535 3072 591 hoc
3115 535 3444 592 meruimus?
3471 534 3674 606 quibus
3698 548 3798 590 no-

2215 625 2341 680 stris
2366 625 2784 695 przecedentibus
2813 627 3055 682 meritis?
3083 625 3198 682 Non
3221 641 3281 682 se
3307 627 3529 697 quisque
3557 625 3798 696 compal-

2217 727 2305 788 pet
2333 718 2372 783 ί,
2401 716 2582 773 redeat
2620 718 2674 772 in
2710 717 3086 786 conscientiam
3126 732 3299 783 suam,
3329 725 3534 787 qumrat
3570 715 3805 772 latebras

2216 809 2594 880 cogitationum
2619 824 2857 879 suarum,
2886 809 3069 866 redeat
3093 809 3164 873 ad
3183 810 3373 865 seriem
3401 809 3670 865 factorum
3691 824 3804 866 suo-

2217 918 2336 959 rum
2384 920 2398 956 :
2444 917 2551 958 non
2578 903 2816 959 attendat
2842 903 2967 974 quid
2996 904 3084 965 sit,
3114 903 3160 958 si
3180 903 3293 973 jam
3316 901 3514 974 aliquid
3541 911 3663 969 est;
3710 904 3802 959 sed

2169 1017 2192 1080 ξ
2218 994 2345 1064 quid
2383 995 2558 1060 fuerit,
2593 1003 2651 1050 ut
2677 1003 2818 1050 esset
2840 994 3074 1065 aliquid;
3103 994 3336 1050 inveniet
3359 1010 3465 1050 non
3486 1009 3547 1050 se
3580 993 3803 1064 dignum

2177 1083 2184 1094 '
2221 1085 2385 1140 fuisse
2424 1085 2527 1140 nisi
2562 1085 2840 1156 supplicio.
2881 1084 2938 1142 Si
2970 1099 3099 1156 ergo
3126 1084 3387 1154 supplicio
3414 1085 3614 1156 dignus
3642 1083 3806 1150 luisti,

2220 1188 2276 1233 et
2320 1180 2464 1233 venit
2507 1179 2594 1236 ille
2634 1180 2722 1250 qui
2769 1195 2873 1234 non
2915 1188 3131 1250 peccata
3178 1179 3408 1249 puniret,
3450 1178 3548 1233 sed
3595 1189 3809 1249 peccata

2220 1256 2691 1340 donaret;'gratia
2733 1271 2826 1326 tibi
2873 1271 2996 1327 data
3037 1281 3139 1338 est,
3176 1285 3281 1326 non
3326 1286 3534 1327 merces
3580 1271 3807 1326 reddita.

2224 1359 2376 1419 Unde
2424 1371 2641 1417 vocatur
2681 1363 2883 1433 gratia?
2915 1361 3046 1430 Quia
3091 1361 3255 1433 gratis
3299 1360 3474 1416 datur.
3515 1360 3642 1416 Non
3673 1357 3837 1416 enim‘

2223 1453 2646 1525 prtecedentibus
2689 1455 2893 1510 meritis
2938 1455 3113 1510 emisti
3156 1453 3300 1524 quod
3337 1453 3618 1526 accepisti.
3671 1453 3845 1526 Hanc;

2223 1559 2353 1615 ergo
2387 1545 2593 1615 accepit
2632 1545 2854 1615 gratiam
2896 1545 3120 1614 primam
3151 1553 3418 1614 peccator,
3446 1552 3506 1598 ut
3540 1543 3667 1615 ejus
3694 1560 3813 1614 pec-
3836 1527 3850 1587 ἰ

2225 1643 2342 1690 cata
2369 1633 2777 1691 dimitterentur.
2799 1634 2936 1703 Quid
2957 1635 3186 1691 meruit?
3207 1633 3501 1706 lnterroget
3513 1635 3812 1706 justitiam;

2228 1727 2431 1782 invenit
2462 1742 2672 1797 pmnam
2715 1744 2729 1780 :
2776 1728 3065 1796 interroget
3107 1726 3566 1790 misericordiam;
3618 1726 3817 1781 invenit

2227 1817 2473 1890 gratiam.
2501 1817 2606 1873 Sed
2635 1819 2734 1871 hoc
2758 1824 2814 1872 et
2842 1815 3159 1887 promiserat
3185 1815 3324 1871 Deus
3351 1831 3445 1886 per
3474 1815 3813 1885 Prophetas:

2230 1910 2406 1981 itaque
2443 1924 2562 1964 cum
2588 1908 2732 1964 venit
2758 1908 2888 1964 dare
2923 1907 3064 1978 quod
3101 1907 3452 1977 promiserat;
3492 1921 3606 1962 non
3646 1906 3816 1962 solum

2228 2003 2450 2074 gratiam
2495 2001 2660 2066 dedit,
2689 2000 2783 2056 sed
2832 2010 2887 2056 et
2927 1999 3226 2056 veritatem.
3254 1998 3534 2066 Quomodo
3586 1999 3817 2054 exhibita

2230 2102 2315 2149 est
2339 2093 2573 2148 veritas?
2601 2092 2732 2161 Quia
2760 2091 2953 2147 factum
2974 2099 3060 2146 est
3081 2087 3222 2160 quod
3247 2089 3580 2159 promissum
3610 2097 3715 2144 est.

2301 2185 2355 2240 9.
2387 2185 2525 2254 Quid
2557 2193 2640 2240 est
2674 2199 2823 2254 ergo,
2858 2184 3073 2255 gratiam
3097 2197 3190 2253 pro
3215 2180 3415 2251 gratia?
3436 2179 3572 2237 Fide
3612 2195 3820 2251 prome-

2231 2294 2413 2334 remur
2443 2278 2639 2343 Deum;
2683 2285 2738 2331 et
2774 2275 2866 2349 qui
2901 2274 3047 2347 digni
3085 2290 3190 2329 non
3227 2288 3440 2329 eramus
3466 2274 3674 2344 quibus
3700 2288 3818 2344 pec-

2230 2378 2348 2425 cata
2371 2368 2782 2431 dimitterentur,
2808 2381 2874 2421 ex
2903 2381 2968 2420 eo
2996 2365 3118 2436 quia
3145 2372 3349 2419 tantum
3381 2363 3589 2420 donum
3622 2365 3818 2437 indigni

2231 2463 2553 2533 accepimus,
2601 2461 2767 2532 gratia
2813 2468 3051 2514 vocatur.
3100 2457 3237 2526 Quid
3285 2467 3368 2514 est
3407 2459 3623 2528 gratia?
3661 2459 3820 2530 gratis

2231 2555 2373 2610 data.
2403 2552 2539 2621 Quid
2568 2560 2652 2608 est
2690 2552 2854 2623 gratis
2895 2551 3060 2607 data?
3100 2551 3320 2616 Donata,
3362 2565 3468 2606 non
3501 2551 3735 2607 reddita.
3764 2551 3818 2608 Si

2232 2647 2548 2713 debebatur,
2577 2659 2784 2700 merces
2803 2645 3008 2700 reddita
3029 2654 3129 2708 est,
3161 2659 3266 2699 non
3303 2644 3474 2715 gratia
3501 2643 3740 2712 donata;
3774 2646 3817 2702 si

2235 2747 2412 2792 autem
2441 2752 2569 2791 vere
2597 2736 2911 2799 debebatur,
2954 2736 3127 2790 bonus
3168 2734 3310 2790 fuisti
3352 2752 3366 2790 :
3395 2735 3442 2791 si
3468 2743 3660 2791 autem
3695 2737 3740 2803 ³,
3765 2745 3819 2791 ut

2236 2843 2420 2883 verum
2443 2836 2544 2892 est,
2570 2825 2930 2890 malusfuisti,
2962 2825 3237 2881 credidisti
3270 2834 3445 2880 autem
3481 2825 3534 2880 in
3568 2841 3699 2881 eum
3733 2826 3818 2897 qui

2230 2918 2487 2990 justiﬁcat
2522 2918 2740 2988 impium
2791 2916 2966 2986 (Rom.
2993 2933 3064 2980 tv,
3101 2917 3160 2987 5)
3212 2915 3371 2989 (Quid
3399 2925 3504 2984 est,
3533 2919 3633 2988 qui
3665 2918 3817 2988 justi-

2236 3011 2359 3066 ﬁcat
2387 3009 2757 3083 impium‘iiEx
2782 3009 2946 3079 impio
2983 3008 3104 3064 facit
3143 3006 3332 3081 pium);
3359 3009 3532 3078 cogita
3569 3010 3704 3080 quid
3734 3024 3820 3081 per

2237 3104 2406 3173 legem
2438 3101 2531 3156 tibi
2579 3101 2859 3156 imminere
2901 3099 3147 3165 debebat,
3194 3108 3250 3154 et
3290 3098 3414 3168 quid
3456 3114 3552 3169 per
3599 3101 3817 3170 gratiam

2235 3203 2554 3249 consecutus
2590 3194 2684 3248 sis.
2733 3192 3064 3247 Consecutus
3101 3198 3278 3246 autem
3308 3191 3462 3247 istam
3504 3193 3736 3261 gratiam
3764 3191 3820 3246 ﬁ-

2234 3286 2343 3353 dei,
2374 3286 2480 3340 eris
2519 3287 2695 3354 justus
2738 3299 2802 3340 ex
2855 3283 2958 3339 fide
3004 3282 3210 3354 (Justus
3243 3283 3384 3338 enim
3427 3298 3491 3338 es
3539 3284 3650 3340 fide
3679 3281 3819 3356 vivit)

2237 3377 2462 3450 (Habac.
2489 3395 2543 3445 ιι,
2573 3378 2642 3442 4;
2676 3376 2826 3431 Rom.
2865 3393 2903 3441 ι,
2948 3376 3072 3446 17);
3118 3385 3173 3431 et
3215 3375 3615 3446 promereberis
3659 3376 3818 3432 Deum

2236 3468 2464 3524 vivendo
2500 3484 2566 3524 ex
2615 3468 2717 3523 fide
2742 3485 2762 3524 ι
2798 3481 2922 3522 cum
2977 3465 3335 3536 promerueris
3385 3465 3552 3521 Deum
3597 3466 3820 3522 vivendo

2235 3578 2303 3619 ex
2328 3561 2466 3628 ﬁde,
2498 3560 2726 3630 accipies
2767 3559 3039 3630 pmmium
3081 3557 3553 3629 immortalitatem,
3576 3568 3640 3614 et
3667 3559 3819 3613 vitam

2236 3662 2514 3709 aeternam.
2540 3651 2610 3706 Et
2636 3651 2722 3708 illa
2756 3649 2925 3720 gratia
2963 3658 3066 3704 est.
3093 3649 3226 3704 Nam
3254 3664 3351 3719 pro
3375 3664 3482 3719 quo
3512 3651 3712 3705 merito
3732 3663 3819 3704 ac-

2237 3743 2372 3812 cipis
2403 3743 2565 3797 vitam
2593 3741 2884 3796 aeternam?
2920 3740 3022 3795 Pro
3048 3741 3237 3810 gratia.
3269 3741 3324 3796 Si
3351 3741 3494 3796 enim
3525 3738 3668 3796 ﬁdes
3702 3755 3820 3812 gra-

2239 3832 2310 3887 tia
2339 3840 2443 3896 est,
2478 3841 2535 3886 et
2561 3832 2666 3886 vita
2704 3843 2904 3886 aeterna
2942 3832 3094 3900 quasi
3130 3846 3339 3886 merces
3375 3839 3460 3886 est
3484 3830 3615 3886 ﬁdei
3644 3831 3821 3888 :vide-

2237 3933 2326 3978 tur
2347 3924 2562 3994 quidem
2607 3923 2748 3978 Deus
2789 3924 2953 3978 vitam
2999 3933 3254 3978 aeternam
3291 3933 3539 3993 tanquam
3585 3923 3819 3980 debitam

2238 4016 2464 4073 reddere
2504 4015 2624 4088 (Cui
2666 4015 2936 4072 debitam?
2965 4014 3154 4081 Fideli,
3196 4017 3318 4087 quia
3351 4017 3652 4088 promeruit
3686 4018 3820 4073 illam

2237 4121 2335 4178 per
2375 4105 2592 4178 fidem);
2637 4105 2734 4162 sed
2773 4105 2895 4176 quia
2941 4106 3055 4175 ipsa
3099 4105 3230 4162 lides
3269 4106 3435 4177 gratia
3479 4115 3581 4172 est,
3627 4116 3683 4164 et
3721 4107 3820 4162 vita

2237 4209 2434 4254 aeterna
2456 4199 2622 4269 gratia
2647 4207 2730 4253 est
2756 4212 2852 4268 pro
2876 4198 3064 4269 gratia.

2311 4289 2400 4346 10.
2440 4289 2576 4344 Audi
2621 4288 2841 4345 Paulum
2870 4291 3170 4360 apostolum
3204 4289 3545 4346 conﬁtentem
3571 4289 3818 4360 gratiam,

2238 4393 2294 4440 et
2313 4391 2499 4455 postea
2527 4382 2764 4438 debitum
2790 4391 3152 4454 espetentem.
3182 4381 3462 4440 Confessio
3493 4382 3682 4453 gratia:
3708 4396 3820 4452 qu:e

2238 4475 2398 4532 estin
2423 4473 2626 4530 Paulo?
2655 4472 2756 4540 Qui
2787 4475 2927 4547 prius
2965 4475 3042 4545 fui
3078 4474 3416 4547 blasphemus,
3443 4483 3489 4529 et
3515 4482 3814 4545 persecutor,

2239 4578 2288 4623 et
2327 4568 2604 4640 injuriosus
2633 4583 2656 4624 :
2691 4567 2783 4624 sed
2826 4567 3241 4633 misericordiam,
3282 4569 3479 4640 inquit,
3529 4577 3818 4622 consecutus

2237 4677 2350 4715 sum
2383 4661 2428 4726 (ι
2457 4659 2568 4714 Tim
2619 4676 2658 4727 ι,
2699 4660 2811 4732 15).
2855 4659 3132 4732 Indignum
3163 4676 3222 4716 se
3248 4661 3383 4716 dixit
3409 4661 3499 4729 qui
3527 4674 3817 4731 conseque:

2238 4760 2429 4808 retur:
2460 4760 2807 4808 consecutum
2854 4762 3032 4809 tamen
3077 4767 3182 4808 non
3230 4767 3326 4823 per
3368 4753 3554 4809 merita
3583 4769 3700 4818 sua,
3728 4751 3815 4807 sed

2239 4859 2336 4915 per
2361 4843 2781 4900 misericordiam
2817 4843 2933 4900 Dei.
2980 4843 3116 4899 Audi
3164 4844 3315 4899 illum
3349 4844 3456 4915 jam
3496 4844 3813 4915 ﬂagitantem

2240 4933 2497 4999 debitum,
2527 4934 2617 5005 qui
2653 4935 2826 5004 primo
2868 4933 3154 4990 indebitam
3200 4946 3510 5005 susceperat
3546 4935 3765 5006 gratiam
3798 4951 3810 4985 :

2244 5024 2352 5096 Ego
2381 5027 2533 5090 enim,
2564 5025 2750 5096 inquit,
2774 5026 2886 5096 jam
2924 5027 3174 5093 immolor,
3201 5036 3249 5079 et
3277 5036 3471 5099 temmts
3504 5026 3814 5082 resolutionis

2240 5135 2364 5173 mea:
2387 5120 2558 5172 instat.
2600 5116 2801 5173 Bonum
2836 5129 3085 5173 certamen
3119 5121 3322 5186 certavi,
3353 5137 3556 5175 cursum
3583 5137 3809 5176 consum-

2240 5214 2393 5275 mavi,
2416 5212 2570 5280 ﬁdem
2591 5211 2824 5265 servavi:
2851 5211 2914 5265 de
2941 5219 3118 5265 caetero
3145 5211 3363 5281 reposita
3387 5222 3458 5266 est
3484 5213 3608 5266 mihi
3634 5226 3809 5266 corona

2230 5304 2467 5374 justitite.
2497 5302 2614 5357 Jam
2657 5301 2893 5358 debitum
2940 5302 3158 5374 ﬂagitat,
3197 5305 3307 5373 jam
3341 5303 3588 5359 ,debitum
3635 5303 3805 5372 exigit.

2241 5395 2372 5449 Nam
2402 5394 2522 5449 vide
2548 5395 2705 5451 verba
2733 5395 3003 5465 sequentia
3035 5413 3049 5450 ε
3083 5395 3247 5463 Quam
3272 5387 3405 5452 mihi
3428 5396 3602 5451 reddet
3636 5394 3808 5449 Domi-

2241 5505 2338 5543 nus
2380 5489 2435 5543 in
2479 5487 2574 5542 illa
2611 5488 2712 5554 die,
2755 5490 2924 5560 justus
2962 5489 3128 5559 judea:
3169 5488 3236 5564 (ll
3289 5484 3420 5544 Tim.
3473 5505 3542 5555 tv,
3574 5489 3713 5560 6-8).
3747 5485 3808 5542 Ut

2305 5649 2322 5680 ί
2348 5648 2752 5721 Ms:t?ossatensis,
3064 5646 3225 5710 palpet
3245 5659 3261 5706 ;
3283 5659 3311 5718 εξ
3332 5645 3542 5696 secunda
3564 5657 3716 5694 ntanu.

2305 5711 2325 5740 '
2348 5711 2465 5757 Edm
2501 5708 2872 5757 nmernouebaut
2933 5722 3010 5757 1c.
3051 5721 3144 5757 non
3179 5715 3349 5757 mento
3375 5717 3489 5757 tuo:
3523 5707 3644 5757 quod
3674 5706 3716 5756 al

2289 5711 2465 5822 λὶῖδιέἱίιί
2501 5706 2872 5772 imerpouebant
2901 5706 3010 5769 hic,
3051 5706 3156 5758 non
3179 5707 3349 5760 merito
3375 5717 3489 5770 tuo;
3523 5707 3644 5771 quod
3674 5706 3806 5756 abest

2242 5785 2269 5822 a
