4036 6388
217 475 343 523 ante
384 462 685 536 susciperet
721 461 970 533 gratiam,
998 456 1398 516 misericordem
1439 464 1645 528 patrem
1670 466 1807 523 opus

220 557 452 618 habebat
484 574 501 614 :
530 566 593 613 ut
628 556 903 628 praemium
945 552 1152 626 gratiae,
1183 550 1419 622 iudicem
1454 549 1676 618 justum.
1702 544 1805 613 Qui

220 663 324 707 non
350 648 631 705 damnavit
662 647 907 717 impium,
948 642 1219 700 damnabit
1261 640 1505 697 ﬁdelem?
1533 638 1603 694 Et
1626 646 1803 692 tamen

218 742 265 799 si
304 740 445 797 bene
486 739 710 812 cogites,
756 737 873 807 ipse
914 734 1063 804 dedit
1106 734 1264 790 ﬁdem
1308 732 1500 803 primo,
1549 744 1652 800 qua
1680 744 1802 784 eum

217 832 567 907 promeruisti
612 846 628 885 :
677 844 788 886 non
830 828 974 885 enim
1021 825 1097 882 de
1129 834 1220 880 tuo
1244 820 1581 894 promeruisti
1626 828 1683 873 ut
1711 818 1800 873 tibi

214 924 411 997 aliquid
454 922 763 981 deberetur.
805 919 959 990 Quod
998 932 1129 990 ergo
1170 916 1448 988 praemium
1489 912 1803 969 immortali-

218 1018 338 1076 tatis
378 1025 571 1088 postea
616 1014 822 1083 tribuit,
866 1012 1007 1070 dona
1041 1026 1138 1067 sua
1177 1016 1419 1076 coronat,
1462 1021 1567 1061 non
1611 1005 1801 1060 merita

202 1118 327 1164 tua.
360 1108 529 1179 Ergo,
574 1105 786 1172 fratres,
821 1120 994 1159 omnes
1033 1102 1097 1157 de
1122 1101 1433 1173 plenitudine
1463 1100 1573 1170 ejus
1602 1098 1801 1167 accepi-

219 1176 386 1254 ιιιεὲ
427 1176 501 1254 de
544 1195 878 1269 plenitudine
916 1190 1298 1249 misericordiae
1339 1179 1477 1261 ejus,
1525 1189 1594 1244 de.
1634 1188 1801 1244 abun-

220 1292 395 1349 dantia
424 1290 682 1347 bonitatis
705 1289 823 1359 ejus
848 1287 1175 1357 accepimus.
1204 1282 1381 1352 Quid?
1408 1281 1800 1338 Remissionem

223 1393 583 1454 peccatorum,
628 1389 689 1437 ut
724 1379 1138 1451 justiﬁcaremur
1189 1389 1259 1432 ex
1306 1374 1427 1430 ﬁde.
1475 1374 1542 1429 Et
1586 1373 1803 1441 insuper

222 1474 374 1548 quid?
398 1473 469 1529 Et
491 1475 715 1547 gratiam
741 1489 834 1544 pro
854 1471 1052 1544 gratia;
1087 1468 1139 1524 id
1170 1476 1273 1533 est,
1302 1482 1399 1537 pro
1424 1465 1527 1522 hac
1550 1464 1719 1536 gratia
1747 1463 1803 1517 in

222 1583 318 1638 qua
342 1583 409 1623 ex
451 1566 560 1622 ﬁde
596 1564 844 1630 vivimus,
887 1560 1154 1633 recepturi
1194 1573 1382 1615 sumus
1423 1557 1582 1613 aliam
1625 1574 1641 1613 :
1674 1555 1800 1627 quid

222 1667 390 1713 tamen
430 1656 538 1713 nisi
577 1653 845 1727 gratiam?
871 1653 1006 1711 Nam
1042 1653 1089 1708 si
1126 1650 1313 1707 dixero
1338 1650 1459 1721 quia
1488 1656 1544 1704 et
1580 1646 1682 1702 hoc
1708 1646 1804 1702 de-

221 1749 391 1813 betur,
415 1748 620 1820 aliquid
652 1746 783 1803 mihi
819 1745 1055 1815 assigno,
1085 1742 1237 1814 quasi
1266 1741 1349 1796 cui
1391 1739 1668 1795 debeatur.
1693 1736 1801 1792 Co-

226 1851 375 1900 rouat
409 1852 592 1898 autem
631 1841 683 1895 in
722 1839 877 1894 nobis
901 1839 1044 1894 Deus
1067 1836 1207 1891 dona
1235 1831 1616 1890 misericordia:
1640 1844 1752 1884 sua:
1784 1846 1797 1882 :

227 1934 317 1992 sed
340 1935 384 1991 si
406 1935 458 1990 in
484 1949 551 1990 ea
580 1932 751 2004 gratia
770 1944 927 2002 quam
955 1929 1180 1999 primam
1210 1925 1528 1996 accepimus,
1559 1935 1805 1993 perseve-

222 2033 392 2083 ranter
414 2023 775 2082 ambulemus.
880 2074 881 2077 η

296 2116 378 2173 ti.
416 2114 523 2171 Leu:
547 2114 684 2170 enim
709 2130 801 2186 per
825 2111 1038 2183 Moysen
1075 2109 1195 2164 data
1219 2115 1290 2163 est
1315 2123 1335 2162 :
1361 2121 1480 2177 quae
1504 2118 1627 2160 reos
1646 2111 1802 2160 tene-

230 2208 335 2267 bat.
381 2206 515 2274 Quid
563 2205 713 2262 enim
753 2205 829 2260 ait
879 2200 1203 2273 Apostolus?
1244 2195 1354 2254 Lee
1390 2195 1706 2274 subintravit,
1749 2204 1805 2249 ut

226 2272 490 2356 abundaret
515 2299 758 2355 delictum
786 2295 963 2371 (Rom.
990 2310 1045 2361 v,
1064 2293 1178 2366 20).
1208 2292 1319 2349 Hoc
1346 2272 1594 2362 proderat
1619 2305 1806 2359 super-

224 2393 322 2462 bis,
348 2402 402 2449 ut
419 2391 721 2449 abundaret
738 2390 1023 2446 delictum:
1048 2386 1273 2441 multum
1291 2384 1431 2439 enim
1458 2382 1559 2438 sibi
1582 2381 1801 2447 dabant,

226 2495 281 2544 et
301 2486 446 2558 quasi
471 2484 680 2541 viribus
706 2482 819 2565 suis
845 2480 1068 2536 multum
1090 2475 1425 2547 assignabant
1448 2491 1467 2540 ;
1491 2481 1547 2528 et
1572 2487 1676 2565 non
1695 2487 1804 2565 Apo-

227 2587 390 2636 tennt
430 2576 665 2648 implere
687 2563 970 2645 justitiam,
1010 2569 1110 2625 nisi
1145 2568 1421 2638 adjuvaret
1458 2565 1550 2621 ille
1576 2563 1806 2635 quijus-

226 2679 378 2728 serat.
407 2668 733 2740 Superbiam
759 2665 970 2722 illorum
998 2664 1187 2719 volens
1222 2660 1439 2716 domare
1470 2659 1629 2722 Deus,
1660 2654 1808 2711 dedit

227 2761 429 2832 Legem,
477 2771 737 2832 tanquam
778 2757 964 2814 dicens
995 2756 1171 2812 :Ecce
1221 2752 1460 2823 implete,
1506 2764 1575 2806 ne
1611 2747 1807 2820 putetis

227 2852 403 2911 deesse
421 2852 730 2924 iubentem.
757 2848 875 2906 Non
904 2848 1057 2905 deest
1082 2847 1172 2917 qui
1195 2845 1401 2916 iubeat,
1424 2842 1518 2899 sed
1537 2841 1691 2898 deest
1714 2840 1805 2913 qui

227 2943 446 3002 hiulcat.

507 3049 644 3106 ergo
679 3032 832 3090 deest
866 3031 957 3103 qui
996 3028 1231 3099 impleat,
1263 3026 1403 3095 unde
1439 3039 1548 3082 non
1586 3022 1807 3095 implet?

231 3129 355 3201 Quia
386 3138 541 3185 natus
569 3141 696 3183 cum
722 3124 941 3181 traduce
964 3122 1166 3194 peccati
1210 3129 1265 3176 et
1290 3119 1497 3174 mortis.
1531 3115 1607 3172 De
1637 3115 1806 3171 Adam

231 3232 395 3290 natus,
422 3220 589 3277 traxit
627 3231 810 3275 secum
839 3214 980 3287 quod
1008 3213 1079 3269 ibi
1116 3221 1429 3280 conceptum
1459 3217 1561 3264 est.
1606 3206 1807 3263 Cecidit

231 3316 421 3388 primus
444 3315 647 3378 homo;
678 3319 735 3367 et
759 3322 945 3365 omnes
977 3306 1075 3378 qui
1094 3305 1163 3361 de
1193 3304 1284 3359 illo
1314 3302 1421 3357 nati
1450 3309 1596 3365 sunt,
1626 3299 1695 3354 de
1717 3297 1808 3353 illo

233 3413 495 3463 traxerunt
520 3399 1013 3473 concupiscentiam
1055 3396 1251 3452 carnis.
1299 3393 1591 3464 Oportebat
1628 3400 1685 3445 ut
1713 3404 1808 3444 na-

230 3507 458 3554 sceretur
495 3496 638 3552 alius
668 3495 830 3549 homo
867 3491 956 3562 qui
997 3488 1196 3543 nullam
1233 3485 1390 3541 traxit
1428 3482 1809 3551 concupiscen.

232 3591 372 3647 tiam.
395 3590 592 3655 Homo,
614 3595 672 3644 et
695 3587 854 3642 homo
877 3602 892 3639 :
915 3584 1075 3638 homo
1103 3579 1170 3635 ad
1199 3586 1448 3643 mortem,
1476 3584 1532 3632 et
1551 3575 1711 3630 homo
1739 3574 1807 3629 ad
1842 3635 1845 3639 g

235 3682 402 3739 vitam.
436 3681 527 3739 Sic
556 3681 689 3736 dicit
713 3676 1000 3750 Apostolus
1030 3692 1044 3727 :
1080 3672 1331 3740 Quoniam
1370 3668 1571 3740 quidem
1598 3683 1690 3739 per
1715 3666 1810 3721 ho-

192 3829 197 3835 ,
236 3774 406 3828 mittent
440 3788 599 3835 mors,
626 3780 673 3825 et
719 3785 809 3840 per
849 3767 1101 3821 hominem
1137 3761 1432 3816 resurrectio
1470 3769 1803 3813 mortuorum.

239 3861 331 3919 Per
351 3879 504 3935 quem
533 3861 808 3917 hominem
823 3864 996 3920 mors,
1028 3864 1080 3911 et
1105 3867 1201 3925 per
1232 3866 1391 3923 quem
1420 3848 1689 3905 hominem
1717 3863 1808 3904 re-

198 3973 213 3991 '
237 3955 477 4011 surrectio
504 3950 880 4010 mortuorum?
905 3948 1020 4003 Noli
1045 3946 1333 4001 festinare:
1362 3942 1625 4013 sequitur,
1655 3948 1711 3994 et
1728 3938 1811 3994 di-

241 4046 339 4101 cit:
362 4046 503 4102 Sicut
542 4045 680 4100 enim
718 4043 774 4097 in
808 4041 974 4095 Atlans
1012 4054 1183 4094 omnes
1220 4037 1522 4099 moriuntur,
1563 4034 1636 4086 sic
1677 4040 1723 4085 et
1754 4031 1810 4084 in

242 4134 423 4191 Christo
460 4152 638 4192 omnes
677 4132 1061 4202 viviﬁcabuntur
1088 4126 1132 4202 (ι
1158 4126 1277 4183 Cor.
1308 4140 1403 4192 xv,
1434 4124 1524 4187 21,
1550 4121 1664 4193 2‘2).
1707 4120 1807 4188 Qui

245 4229 493 4297 pertinent
526 4226 599 4282 ad
630 4223 838 4281 Adam?
865 4224 1064 4277 Omnes
1087 4218 1178 4290 qui
1218 4217 1326 4272 nati
1363 4224 1489 4271 sunt
1516 4214 1584 4269 de
1613 4212 1806 4267 Adam.

243 4318 334 4388 Qui
358 4320 421 4376 ad
445 4318 757 4376 Christum?
785 4316 984 4371 Omnes
1011 4313 1101 4382 qui
1122 4312 1230 4366 nati
1261 4317 1385 4365 sunt
1405 4322 1499 4378 per
1516 4304 1806 4360 Christum.

244 4410 403 4479 Quare
422 4426 613 4468 omnes
635 4411 690 4467 in
716 4404 973 4480 peccato?
996 4404 1129 4472 Quia
1154 4415 1315 4459 nemo
1342 4410 1499 4455 natus
1516 4406 1600 4454 est
1619 4406 1812 4469 praeter

248 4500 422 4556 Adam.
457 4500 525 4559 Ut
555 4508 729 4555 autem
770 4503 1116 4555 nascerentur
1151 4509 1219 4549 ex
1255 4490 1447 4556 Adam,
1478 4489 1811 4547 necessitatis

250 4592 335 4650 fuit
372 4611 436 4652 ex
461 4593 805 4651 damnatione
834 4609 849 4646 :
879 4588 1027 4645 nasci
1060 4601 1159 4659 per
1195 4584 1489 4653 Christum,
1530 4582 1813 4639 voluntatis

251 4698 320 4741 est
345 4696 397 4742 et
422 4687 627 4759 gratize.
654 4683 771 4740 Non
798 4689 1059 4753 coguntur
1083 4677 1327 4734 homines
1355 4675 1504 4730 nasci
1533 4688 1628 4745 per
1653 4671 1821 4728 Chri-’

253 4789 378 4834 stum
398 4800 412 4838 :
429 4797 533 4837 non
557 4779 681 4852 quia
701 4776 1003 4839 voluerunt,
1026 4771 1133 4827 nati
1159 4777 1283 4825 sunt
1307 4783 1378 4825 ex
1402 4766 1594 4824 Adam.
1617 4765 1815 4822 Omnes

257 4878 413 4925 tamen
439 4870 531 4943 qui
548 4882 614 4926 ex
641 4867 831 4931 Adam,
860 4877 982 4920 cum
1009 4869 1228 4933 peccato
1252 4866 1561 4930 peccatores
1586 4873 1600 4908 :
1628 4868 1815 4910 omnes

257 4965 335 5035 qui
358 4978 450 5034 per
475 4961 764 5024 Christum,
782 4952 1053 5028 iustiﬁcati
1073 4960 1128 5008 et
1146 4950 1296 5021 justi,
1325 4963 1432 5005 non
1459 4948 1511 5003 in
1538 4963 1618 5013 se,
1647 4945 1740 5001 sed
1762 4946 1815 5000 in

260 5055 355 5110 illo.
378 5055 504 5110 Nam
525 5055 577 5109 in
604 5066 663 5107 se
682 5050 727 5106 si
755 5051 1070 5116 interroges,
1093 5042 1260 5098 Adam
1282 5049 1405 5097 sunt
1428 5057 1441 5093 :
1468 5039 1517 5093 in
1543 5039 1634 5093 illo
1659 5037 1705 5092 si
1732 5037 1815 5091 in-

262 5156 499 5223 terroges,
521 5142 717 5200 Christi
744 5139 918 5197 sunt‘.
946 5136 1163 5207 Quare?
1191 5134 1322 5201 Quia
1344 5133 1431 5186 ille
1456 5137 1615 5200 caput
1641 5129 1819 5223 Domi:

264 5252 354 5294 nos
387 5218 565 5294 noster
584 5235 739 5291 Jesus
768 5230 1032 5295 Christus,
1062 5241 1167 5281 non
1207 5239 1328 5280 cum
1371 5221 1590 5278 traduce
1613 5218 1819 5290 peccati

267 5331 394 5386 venit
416 5348 430 5384 :
450 5329 542 5386 sed
571 5338 747 5384 tamen
773 5322 918 5379 venit
942 5334 1063 5376 cum
1080 5331 1239 5372 carne
1268 5313 1500 5370 mortali.

331 5424 412 5479 15.
450 5423 588 5478 Mors
612 5427 947 5490 peccatorum
968 5426 1122 5485 paena
1148 5411 1287 5466 erat”
1331 5425 1345 5461 :
1374 5407 1427 5463 in
1456 5405 1681 5463 Domino
1702 5418 1821 5459 mu-

270 5528 360 5571 nus
381 5511 748 5570 misericordiae
787 5515 919 5573 erat,
950 5520 1056 5561 non
1086 5515 1244 5574 paena
1271 5497 1495 5571 peccati.
1531 5495 1647 5553 Non
1677 5496 1819 5551 enim

270 5604 449 5680 Iliun
469 5604 695 5661 habebat
719 5598 975 5657 Dominus
997 5610 1160 5668 quare
1184 5593 1328 5664 juste
1355 5598 1671 5645 moreretur.
1704 5584 1823 5657 ipse

332 5737 738 5793 ’cncssonensis
756 5741 861 5792 31s.,
881 5731 1095 5806 chrisma

331 5803 356 5839 '
368 5812 469 5856 Ias.
491 5811 720 5858 quatuor:
737 5806 864 5850 Mors
879 5808 932 5847 in
958 5795 1103 5846 Adam

368 5791 720 5868 uiriquatuor:
737 5791 864 5850 Mors
879 5796 932 5847 in
958 5795 1103 5846 Adam
1124 5791 1266 5858 dum
1286 5793 1588 5856 peccatorum
1608 5791 1729 5838 erat.

1417 333 1832 396 TRACTATUS
1866 334 1951 393 ill.
1989 337 2221 400 CAPUT
2254 343 2300 401 I.

1912 454 2008 521 ait,
2042 453 2176 510 Ecce
2210 458 2342 513 venit
2376 461 2608 533 princeps
2641 462 2797 535 hujus
2833 465 3032 533 mundi,
3066 474 3117 522 et
3153 467 3210 523 in
3249 484 3330 524 me
3359 470 3494 525 nihil

1911 544 2116 611 invenit.
2173 548 2348 616 Quare
2391 566 2518 621 ergo
2554 554 2814 609 moreris?
2865 554 2974 611 Sed
3023 566 3080 611 ut
3114 557 3277 612 sciant
3317 574 3491 615 omnes

1910 635 2030 702 quia
2073 639 2378 696 voluntatem
2419 640 2569 698 Paris
2607 645 2708 699 mei
2737 646 2891 715 facio,
2922 648 3130 719 surgite,
3168 665 3340 703 eamus
3375 640 3493 706 hinc

1912 724 2089 799 (Joan.
2123 745 2235 797 XIV,
2263 732 2395 788 δοει
2412 734 2527 805 51).
2545 733 2661 789 Non
2672 735 2914 792 'habebat
2939 738 3028 794 ille
3053 754 3218 810 quare
3246 756 3487 797 morere-

1911 826 2017 884 tur,
2055 829 2110 875 ct
2147 832 2388 878 mortuus
2412 833 2536 880 est:
2570 835 2623 881 tu
2667 826 2831 884 habes
2858 843 3043 898 quare,
3088 839 3144 885 et
3172 832 3306 886 mori
3332 831 3487 887 dedi-

1908 910 2126 980 gnaris?
2154 913 2377 983 Dignare
2399 930 2553 986 aequo
2576 916 2756 972 animo
2785 918 2889 988 pati
2914 934 3012 989 per
3036 920 3282 975 meritum
3313 932 3484 986 tuum,

1910 999 2053 1069 quod
2081 1001 2171 1057 ille
2209 1005 2316 1073 pati
2341 1004 2587 1077 dignatus
2612 1016 2719 1072 est,
2742 1017 2800 1062 ut
2824 1017 2875 1063 te
2906 1024 2939 1062 a
2961 1010 3284 1081 sempiterna
3314 1020 3488 1067 morte

1909 1088 2177 1147 liberaret.
2197 1092 2389 1161 Homo,
2411 1105 2465 1150 et
2481 1096 2671 1152 homo:
2692 1097 2786 1153 sed
2801 1097 2909 1165 ille,
2926 1100 3138 1154 nonnisi
3158 1101 3347 1165 homo;
3369 1102 3487 1167 iste,

1908 1180 2051 1237 Deus
2071 1182 2231 1238 homo
2250 1187 2291 1240 ί.
2314 1185 2408 1241 ΙΙΙε
2435 1186 2598 1243 homo
2622 1191 2844 1260 peccati,
2870 1191 3230 1262 iste'jnstitiae.
3252 1193 3490 1250 Mortuus

1908 1286 1968 1327 es
2018 1272 2072 1327 in
2096 1275 2283 1340 Adam,
2307 1291 2524 1347 resurge
2547 1280 2598 1334 in
2622 1279 2834 1337 Christo
2850 1299 2864 1336 :
2880 1297 3001 1337 nam
3027 1294 3309 1357 utrumque
3322 1285 3489 1343 debe-

1907 1371 1995 1419 tur
2021 1365 2134 1420 tibi.
2171 1365 2287 1422 iam
2326 1369 2597 1426 credidisti
2648 1372 2701 1426 in
2745 1372 3036 1441 Christum,
3080 1376 3270 1432 reddes
3311 1386 3490 1435 tamen

1906 1458 2048 1526 quod
2073 1457 2237 1514 debes
2264 1458 2333 1515 de
2356 1460 2546 1517 Adam.
2579 1461 2686 1519 Sed
2712 1478 2820 1518 non
2850 1473 2901 1520 te
2926 1466 2979 1521 in
2999 1475 3255 1523 aeternum
3287 1468 3491 1524 tenebit

1905 1547 2174 1603 vinculum
2196 1551 2430 1620 peccati;
2453 1554 2573 1623 quia
2598 1562 2824 1611 mortem
2849 1565 2989 1612 tuam
3011 1567 3263 1614 aeternam
3293 1559 3490 1616 occidit

1906 1655 2053 1696 mors
2092 1643 2400 1712 temporalis
2429 1644 2635 1700 Domini
2677 1646 2773 1702 tui.
2807 1645 2925 1718 ipsa
2974 1658 3058 1704 est
3083 1650 3270 1720 gratia,
3297 1650 3487 1707 fratres

1907 1731 2034 1797 mei,
2058 1732 2169 1803 ipsa
2198 1742 2281 1788 est
2304 1742 2360 1789 et
2385 1732 2602 1803 veritas,
2632 1735 2753 1807 quia
2773 1737 3036 1807 promissa
3059 1746 3113 1794 et
3135 1739 3391 1795 exhibita.

1981 1822 2066 1878 14.
2109 1822 2223 1878 Non
2255 1834 2370 1881 erat
2408 1825 2507 1881 ista
2546 1826 2599 1881 in
2627 1825 2806 1884 Veteri
2837 1827 3198 1896 Testamento,
3229 1831 3352 1901 quia
3376 1831 3487 1889 Lex

1907 1912 2227 1981 minabatur,
2258 1930 2362 1971 non
2392 1916 2782 1988 opitulabatur;
2799 1917 3043 1989 jubebat,
3071 1935 3177 1974 non
3227 1920 3487 1989 sanabat;

1907 2005 2222 2078 languorem
2249 2010 2580 2076 ostendebat,
2623 2025 2730 2066 non
2755 2010 3029 2069 auferebat
3056 2032 3071 2068 :
3097 2013 3192 2068 sed
3230 2014 3301 2069 illi
3349 2031 3489 2086 prae-

1908 2097 2128 2166 parabat
2152 2098 2362 2155 medico
2389 2108 2616 2173 venturo
2639 2114 2760 2157 cum
2798 2103 2966 2173 gratia
3005 2113 3062 2159 et
3090 2105 3344 2171 veritate;
3375 2116 3492 2163 tan-

1908 2202 2066 2257 quam
2102 2189 2168 2243 ad
2195 2189 2427 2260 aliquem
2454 2205 2614 2263 quem
2654 2206 2845 2248 curare
2877 2192 2990 2248 vult
3026 2193 3285 2259 medicus,
3316 2197 3495 2253 mittat

1909 2279 2083 2348 primo
2103 2295 2312 2336 servum
2335 2298 2512 2350 suum,
2543 2293 2599 2338 ιιι
2618 2284 2839 2355 ligatum
2864 2285 3011 2341 illum
3033 2286 3285 2342 inveniat.
3314 2288 3487 2345 Sanus

1910 2385 2016 2425 non
2046 2381 2182 2437 erat,
2214 2374 2389 2428 sanari
2422 2374 2653 2441 nolebat,
2684 2384 2740 2432 ct
2773 2392 2841 2432 ne
2880 2386 3179 2446 sanaretur,
3220 2394 3406 2435 sanum
3431 2394 3494 2437 se

1907 2476 2029 2517 esse
2048 2462 2281 2532 jactobat
2309 2483 2322 2517 :
2356 2464 2514 2518 missa
2541 2465 2651 2521 Lex
2679 2473 2779 2530 est,
2815 2466 2996 2536 ligavit
3019 2482 3176 2534 eum;
3210 2468 3411 2526 invenit
3433 2484 3494 2526 se

1911 2568 2087 2620 reum,
2124 2553 2234 2624 jam
2261 2553 2455 2609 clamat
2481 2553 2550 2610 dc
2577 2555 2819 2626 ligatura.
2851 2555 3010 2611 Venit
3041 2556 3316 2625 Dominus,
3343 2568 3497 2615 curat

1909 2643 2106 2698 amaris
2150 2642 2477 2714 aliquantum
2527 2653 2583 2699 et
2632 2645 2844 2700 acribus
2885 2646 3329 2702 medicamentis:
3363 2648 3496 2705 dicit

1908 2737 2051 2791 enim
2072 2744 2289 2806 tt‘gt‘oto,
2308 2734 2496 2802 Fcrto;
2518 2735 2667 2802 dicit,
2696 2735 2923 2803 Tolera;
2950 2735 3100 2804 dicit,
3122 2736 3241 2792 Noli
3265 2738 3492 2810 diligere

1912 2825 2191 2892 mundum,
2217 2825 2411 2880 habeto
2442 2826 2774 2897 patientiam,
2802 2834 2954 2881 curet
2979 2834 3031 2881 te
3057 2826 3194 2896 ignis
3216 2829 3496 2884 continen-

1910 2917 2021 2984 tize,
2055 2916 2254 2972 ferrum
2280 2917 2708 2988 persecutionum
2737 2916 2965 2972 tolerent
2989 2917 3211 2972 vulnera
3240 2925 3349 2973 tua.
3380 2917 3495 2977 Ex-

1913 3010 2236 3082 pavescebas
2261 3010 2502 3080 quamvis
2536 3009 2729 3081 ligatus
2757 3026 2772 3064 :
2802 3008 2940 3065 liber
2963 3009 3055 3065 ille
3090 3019 3146 3065 et
3172 3025 3278 3066 non
3302 3010 3495 3082 ligatus

1911 3102 2045 3158 bibit
2071 3101 2211 3171 quod
2248 3102 2339 3156 tibi
2376 3100 2564 3167 dabat;
2594 3102 2741 3172 prior
2768 3116 2958 3172 passus
2981 3109 3063 3158 est
3081 3110 3140 3158 ut
3169 3112 3223 3158 te
3246 3104 3491 3161 consola-

1911 3201 2079 3258 retur,
2113 3202 2362 3262 tanquam
2387 3191 2591 3258 dicens,
2613 3191 2766 3260 Quod
2797 3192 2952 3248 times
2980 3193 3088 3262 pati
3112 3207 3211 3263 pro
3244 3202 3317 3261 te,
3349 3194 3497 3264 prior

1910 3286 2088 3356 patior
2115 3299 2213 3355 pro
2243 3294 2314 3339 te.
2344 3284 2469 3339 Haec
2490 3293 2574 3339 est
2605 3282 2797 3355 gratia,
2843 3292 2899 3339 et
2926 3299 3114 3355 magna
3141 3285 3329 3356 gratia.
3355 3285 3490 3353 Quis

1912 3375 2056 3429 illam
2087 3375 2245 3444 digne
2273 3374 2577 3429 collaudat?

1985 3467 2073 3522 15.
2116 3466 2192 3521 De
2221 3465 2517 3522 humilitate
2546 3465 2744 3521 Christi
2768 3466 2976 3537 loquor,
3008 3466 3201 3523 fratres
3225 3468 3351 3524 mei.
3379 3468 3493 3523 Ma-

1908 3558 2159 3630 iestatem
2188 3557 2383 3613 Christi
2414 3568 2470 3614 et
2506 3558 2836 3613 divinitatem
2860 3557 3059 3612 Christi
3085 3559 3205 3628 quis
3230 3558 3496 3629 loquitur?

1911 3651 1970 3707 in
1997 3650 2310 3720 explicando
2334 3659 2389 3706 et
2414 3650 2640 3707 dicendo
2664 3660 2724 3705 ut
2748 3649 3122 3722 quoqumnodo
3143 3649 3494 3707 humilitatem

1884 3741 2110 3798 .Christi
2142 3742 2501 3812 loqueremur,
2544 3758 2652 3799 non
2689 3740 3002 3808 sufﬁcimus,
3037 3740 3146 3796 imo
3170 3739 3449 3797 deﬁcimus
3476 3759 3496 3799 :

1912 3841 2085 3888 tutum
2117 3832 2472 3904 cogitantibus
2490 3833 2888 3897 committimus,
2920 3847 3025 3886 non
3049 3830 3384 3889 audientibus
3409 3832 3500 3888 ad-

1912 3924 2216 3995 implemus.
2239 3923 2483 3995 Cogitate
2508 3922 2858 3978 humilitatem
2884 3920 3101 3978 Christi.
3130 3921 3237 3978 Sed
3265 3923 3382 3992 quis
3408 3937 3499 3979 no-

1912 4016 2018 4082 bis,
2047 4016 2241 4086 inquis,
2276 4030 2395 4071 eam
2432 4016 2678 4085 explicat,
2708 4016 2810 4070 nisi
2842 4024 2894 4069 tu
2923 4015 3108 4071 dicas?
3131 4015 3225 4071 ille
3248 4017 3388 4071 intus
3416 4015 3499 4070 di-

1912 4115 2020 4161 cat.
2051 4106 2238 4161 Mclius
2269 4105 2397 4161 illud
2423 4106 2550 4161 dicit
2572 4106 2661 4175 qui
2692 4107 2833 4160 intus
2859 4106 3077 4170 habitat,
3110 4120 3270 4175 quam
3292 4107 3379 4175 qui
3411 4105 3492 4161 fo-

1912 4199 1990 4254 ris
2026 4198 2238 4252 clamat.
2285 4197 2404 4268 ipse
2443 4197 2596 4252 vobis
2635 4196 2880 4251 ostendat
2922 4196 3146 4266 gratiam
3183 4195 3501 4253 humilitatis

1912 4303 2045 4354 suae,
2068 4289 2157 4359 qui
2188 4288 2350 4359 erepit
2374 4286 2612 4344 habitare
2641 4286 2693 4343 in
2720 4285 2969 4341 cordibus
3003 4286 3214 4342 vestris.
3245 4284 3498 4342 Jamvero

1914 4381 1960 4433 si
1986 4379 2039 4433 in
2060 4379 2177 4448 ejus
2198 4378 2494 4433 humilitate
2513 4377 2820 4448 explicanda
2841 4386 2895 4432 et
2911 4376 3175 4446 eroganda
3197 4376 3494 4444 deﬁcimus,

1915 4468 2244 4540 majestatem
2264 4469 2380 4540 ejus
2401 4469 2518 4539 quis
2539 4467 2821 4539 loquatur?
2845 4467 2898 4524 Si
2934 4466 3152 4523 Verbum
3169 4483 3288 4522 caro
3307 4471 3501 4540 factum

1914 4561 2195 4617 conturbat
2220 4576 2336 4629 nos,
2369 4558 2435 4615 In
2460 4562 2707 4633 principio
2736 4571 2842 4615 erat
2881 4559 3093 4614 Verbum
3112 4560 3233 4630 quis
3268 4560 3501 4631 explica-

1914 4652 2030 4710 bit?
2058 4653 2259 4709 Tenete
2287 4669 2433 4725 ergo,
2467 4653 2677 4719 fratres,
2714 4653 3035 4709 soliditatem
3064 4652 3244 4709 istam.

1989 4744 2078 4800 16.
2119 4743 2228 4799 Lex
2264 4761 2353 4814 per
2380 4744 2590 4815 Moysen
2633 4744 2753 4797 data
2782 4753 2873 4808 est,
2914 4744 3079 4815 gratia
3111 4752 3159 4798 et
3196 4744 3377 4799 veritas
3410 4760 3500 4815 per

1916 4832 2097 4890 Iesum
2120 4830 2376 4889 Christum
2417 4839 2553 4905 facta
2579 4846 2670 4889 est.
2702 4834 2805 4889 Per
2831 4849 3044 4889 servum
3072 4833 3179 4888 Lex
3223 4833 3349 4889 data
3377 4845 3459 4890 cst
3482 4851 3498 4901 ;

1918 4942 2043 4984 reos
2086 4926 2213 4983 fecit
2244 4950 2259 4980 :
2290 4942 2387 4997 per
2428 4926 2806 4996 Imperatorem
2858 4925 3177 4996 indulgentia
3215 4924 3339 4981 data
3382 4934 3499 4993 est;

1919 5033 2042 5075 reos
2067 5017 2327 5073 liberavit.
2355 5016 2463 5073 Lex
2488 5035 2576 5085 per
2601 5017 2814 5089 Moysen
2838 5018 2958 5071 data
2995 5026 3088 5073 est.
3128 5017 3246 5073 Non
3270 5019 3370 5074 sibi
3402 5020 3500 5075 ali-
3554 5015 3560 5021 ’

1920 5114 2046 5185 quid
2072 5115 2299 5185 amplius
2326 5127 2512 5169 servus
2549 5112 2802 5184 assignet,
2845 5126 3002 5183 quam
3042 5111 3184 5182 quod
3220 5128 3314 5181 per
3354 5114 3501 5168 mutu

1923 5206 2117 5262 factum
2146 5213 2247 5260 est.
2280 5204 2494 5260 Electus
2516 5204 2582 5259 ad
2607 5219 2855 5272 magnum
2881 5204 3230 5260 ministerium
3255 5214 3501 5276 tanquam

1925 5296 2094 5354 ﬁdelis
2109 5297 2161 5353 in
2180 5298 2359 5363 domo,
2381 5296 2475 5352 sed
2504 5307 2679 5352 tamen
2697 5310 2903 5362 servus,
2921 5311 3079 5367 agere
3098 5298 3385 5352 secundum
3407 5297 3504 5350 Le-

1923 5406 2042 5462 gem
2072 5399 2261 5461 potest,
2282 5391 2485 5446 solvcrc
2508 5404 2537 5441 a
2560 5398 2705 5444 reatu
2730 5388 2882 5459 Legis
2910 5404 3012 5443 non
3037 5396 3226 5458 potest.
3249 5387 3356 5441 Lex
3375 5400 3504 5456 ergo

1927 5499 2017 5552 per
2043 5481 2252 5551 Moysen
2283 5481 2401 5534 data
2429 5490 2523 5546 est,
2562 5479 2737 5534 Gratia
2763 5488 2808 5533 et
2842 5480 3024 5533 veritas
3050 5494 3137 5547 per
3159 5476 3332 5529 Iesum
3355 5474 3500 5530 Chri-

1925 5579 2212 5648 stum-factu
2236 5586 2327 5631 est.

1993 5784 2009 5815 ³
2036 5783 2172 5846 aditi,
2202 5789 2329 5832 Deus
2356 5785 2400 5830 et
2422 5778 2573 5829 homo.
2602 5778 2895 5838 Expungitur
2911 5806 2928 5837 ,
2948 5779 3022 5837 et,
3044 5774 3329 5825 auctoritate
3349 5779 3459 5827 In.
