4036 6394
545 292 683 360 “03

616 408 701 462 t7.
744 407 810 462 Et
827 421 893 466 ne
907 405 1046 466 forte
1063 404 1254 478 aliquis
1268 403 1426 470 dicat,
1451 403 1519 460 Et
1535 402 1714 466 Gratia
1732 413 1786 461 et
1799 404 1996 464 veritas
2012 416 2123 460 non

539 510 621 558 est
643 503 772 556 facta
795 515 886 574 per
908 499 1142 573 Moysen,
1173 499 1264 580 qui
1289 499 1420 553 vidit
1447 499 1650 553 Deum?
1673 498 1851 554 statim
1870 496 2120 571 subjecit,

543 591 706 649 Deum
721 610 865 647 nemo
881 591 1000 648 vidit
1021 607 1260 659 unquam.
1283 590 1346 648 Et
1365 590 1503 648 unde
1525 589 1748 651 innotuit
1762 589 1927 662 Moysi
1946 587 2123 644 Deus?

538 683 671 761 Quia
717 685 972 740 revelavit
1014 698 1171 739 servo
1213 699 1334 756 suo.
1351 682 1624 745 Dominus.
1665 681 1793 756 Quis
1834 679 2123 740 Dominus?

537 777 659 850 lpse
679 776 943 841 Christus,
971 775 1060 853 qui
1085 773 1340 848 prtemisit
1359 773 1553 844 Legem
1576 789 1674 844 per
1692 787 1925 837 servum,
1955 779 2014 826 ut
2034 787 2122 832 ve-

534 870 675 925 niret
705 871 818 942 ip~e
860 885 980 924 cum
1021 867 1198 924 Gratia
1237 875 1292 922 et
1319 867 1557 922 veritate.
1591 865 1754 918 Deum
1797 865 1938 924 enim
1974 880 2122 920 nemo

534 962 657 1018 vidit
686 978 924 1033 unquam.
952 961 1019 1016 Et
1045 960 1184 1018 unde
1211 959 1283 1018 illi
1313 973 1469 1016 servo
1497 967 1749 1030 quantum
1775 972 1967 1028 capere
1991 969 2120 1038 pos-

535 1061 618 1110 set
641 1052 928 1124 apparuit?
960 1051 1063 1108 Sed
1091 1049 1394 1123 unigenitus,
1427 1048 1612 1123 inquit,
1646 1046 1812 1102 Filius
1837 1046 1922 1118 qui
1957 1057 2029 1102 est
2067 1046 2122 1103 in

535 1144 648 1198 sinu
675 1142 864 1210 Patris,
889 1145 998 1216 ipse
1020 1144 1290 1202 enarravit.
1317 1142 1452 1212 Quid
1475 1151 1578 1208 est,
1604 1141 1658 1198 in
1683 1141 1799 1196 sinu
1831 1140 2036 1196 Patris?
2059 1140 2120 1200 In

535 1245 745 1292 secreto
776 1237 963 1291 Patris.
995 1237 1108 1291 Non
1135 1237 1275 1292 enim
1295 1236 1433 1292 Deus
1460 1235 1618 1295 habet
1641 1237 1836 1301 sinum,
1859 1234 1995 1295 sicut
2021 1249 2120 1291 nos

536 1324 799 1382 habemus
823 1325 876 1388 in
922 1327 1172 1394 vestibus,
1218 1336 1308 1382 aut
1351 1326 1664 1396 cogitandus
1703 1335 1787 1384 est
1825 1327 1902 1382 sic
1928 1327 2120 1388 sedere

534 1418 802 1492 qnmuodo
833 1434 950 1490 nos,
981 1428 1072 1473 aut
1092 1418 1228 1474 forte
1248 1420 1452 1476 cinctus
1475 1427 1635 1476 estut
1659 1419 1830 1474 sinum
1859 1418 2115 1478 haberet:

533 1513 626 1568 sed
653 1513 775 1586 quia
806 1513 952 1567 sinus
979 1520 1161 1567 noster
1188 1513 1328 1570 intus
1348 1522 1452 1576 est,
1483 1521 1749 1574 secretum
1771 1511 1944 1569 Patris
1968 1512 2118 1576 sinus

534 1603 705 1660 Patris
735 1614 970 1660 vocatur.
1006 1605 1061 1659 In
1095 1615 1307 1660 secreto
1338 1605 1534 1670 Patris,
1567 1605 1658 1684 qui
1689 1605 1902 1666 Patrem
1941 1605 2109 1668 novit.

531 1693 645 1765 ipse
678 1696 970 1754 enarravit.
1018 1694 1147 1752 Nam
1179 1693 1344 1752 Deum
1373 1711 1519 1750 nemo
1553 1695 1675 1754 vidit
1719 1711 1962 1764 unquam.
1997 1693 2116 1772 Ipse

529 1799 658 1860 ergo
683 1785 848 1850 venit,
871 1795 925 1844 et
948 1787 1183 1842 narravit
1203 1786 1456 1866 quidquid
1477 1785 1627 1842 vidit.
1655 1785 1792 1854 Quid
1813 1785 1944 1844 vidit
1971 1787 2114 1857 Moy-

529 1873 652 1928 ses?
681 1873 885 1945 Moyses
911 1874 1041 1934 vidit
1066 1877 1284 1944 nubem,
1306 1877 1436 1936 vidit
1455 1877 1724 1953 angelum,
1751 1878 1878 1938 vidit
1900 1877 2112 1954 ignem:

529 1966 707 2022 omnis
735 1967 821 2028 illa
858 1977 1104 2032 creatura
1131 1978 1250 2035 est;
1292 1978 1474 2048 typum
1505 1971 1714 2028 Domini
1756 1971 1838 2029 sui
1871 1972 2110 2046 gerebat,

528 2072 634 2112 non
678 2058 844 2130 ipsius
893 2061 1101 2120 Domini
1147 2062 1485 2135 pnesentiam
1527 2063 1832 2123 exhibebat.
1876 2065 2115 2138 Namque

527 2155 712 2224 aperte
745 2149 908 2208 habes
937 2151 987 2206 in
1015 2150 1178 2230 Lege.
1201 2150 1268 2212 Et
1308 2153 1602 2224 loquebatur
1639 2153 1842 2230 Moyses
1867 2173 1981 2212 cum
2006 2155 2114 2218 Do-

527 2241 684 2304 mino,
705 2251 881 2298 contra
901 2242 955 2297 in
978 2254 1152 2302 contra
1178 2245 1303 2302 sicut
1323 2246 1512 2300 anticus
1537 2262 1648 2304 cum
1673 2247 1836 2304 amico
1861 2263 1974 2304 suo.
2007 2246 2105 2304 8c-

527 2332 711 2410 queris
742 2333 914 2402 ipsam
942 2331 1294 2412 Scripturam,
1335 2345 1389 2392 et
1433 2338 1639 2397 iuvenis
1666 2338 1886 2412 Moysen
1923 2340 2111 2402 dicen-

528 2431 658 2487 tem.
685 2421 748 2482 Si
781 2425 948 2485 inveni
981 2429 1196 2496 gratiast
1231 2429 1286 2484 in
1315 2440 1581 2503 conspectu
1609 2440 1714 2496 tuo,
1754 2433 1960 2489 ostende
1987 2433 2112 2499 asini

528 2515 742 2586 teipsth
785 2519 1068 2590 manifeste,
1118 2527 1172 2578 ut
1205 2519 1400 2578 videant
1438 2531 1503 2579 to.
1547 2521 1611 2578 Et
1651 2537 1836 2596 parum
1872 2532 1954 2577 est
1987 2524 2110 2594 quia

527 2605 659 2668 dixit
685 2625 699 2660 :
727 2622 1040 2678 responsum
1095 2609 1318 2680 accepit.
1366 2610 1486 2666 Non
1529 2622 1666 2681 petes
1717 2611 1884 2667 videre
1927 2613 2112 2683 faciens

525 2713 690 2762 meatu
723 2698 914 2772 (Exod.
958 2715 1157 2770 xum,
1189 2701 1278 2767 ii.
1312 2701 1401 2768 i3,
1442 2701 1554 2771 20).
1584 2701 1922 2772 Loquebatur
1959 2719 2107 2777 ergo,

447 2821 477 2880 ε
525 2787 716 2854 irai-res
746 2791 874 2856 υἱεῖ.
899 2806 1021 2854 Cum
1053 2791 1234 2862 Moyse
1261 2793 1502 2865 angelus,
1539 2801 1754 2862 portans
1782 2801 1966 2872 typum
2001 2795 2110 2859 Do-

525 2882 654 2947 mini
684 2899 698 2938 :
730 2890 785 2940 et
823 2882 911 2940 illa
937 2883 1117 2949 omnia
1153 2897 1273 2957 quae
1305 2883 1374 2936 ibi
1405 2899 1499 2952 per
1522 2883 1768 2958 angelum
1797 2883 1935 2942 facta
1961 2893 2106 2950 sunt,

525 2973 754 3034 tutu-mn
794 2975 954 3044 istam
1001 2974 1232 3052 gratiam
1275 2984 1330 3030 et
1383 2975 1660 3037 veriLttem
1703 2976 2106 3056 promittebant.

524 3065 624 3142 Qui
667 3065 799 3122 bene
835 3072 1137 3128 scrutantur
1173 3063 1394 3144 Legem.
1439 3075 1704 3127 noverunt
1732 3083 1744 3119 :
1769 3075 1822 3124 et
1866 3082 1988 3124 cum
2014 3082 2109 3140 op-

525 3165 810 3234 portunum
839 3166 942 3227 est.
973 3166 1029 3223 ω
1066 3167 1120 3219 et
1151 3173 1250 3223 uos
1275 3159 1478 3229 aliquid
1503 3159 1625 3226 inde
1655 3161 1914 3226 dicamus,
1941 3178 2110 3238 quau-

526 3259 636 3314 tum
667 3248 924 3307 Dominus
949 3250 1168 3316 revelat,
1208 3265 1314 3308 non
1343 3260 1578 3310 tacemus
1605 3251 1861 3308 Charitati
1890 3261 2104 3312 vestrae.

595 3343 680 3398 l8.
724 3341 856 3397 Illud
888 3352 1066 3397 autem
1096 3343 1297 3410 sciatis,
1327 3343 1452 3414 quia
1472 3345 1654 3404 omnia
1674 3362 1792 3416 qum
1817 3347 2108 3417 corporali-

469 3485 504 3508 s
523 3442 604 3492 tor
632 3434 742 3494 visa
769 3442 914 3497 sunt,
943 3449 1048 3490 non
1077 3443 1227 3499 erant
1251 3435 1344 3498 illa
1369 3435 1664 3495 substantia
1697 3436 1812 3496 Dei.
1841 3437 1930 3508 Illa
1962 3439 2104 3493 enim

518 3525 686 3582 oculis
715 3526 891 3582 carnis
915 3525 1160 3586 videmus
1187 3544 1202 3584 :
1239 3527 1332 3588 Dei
1366 3527 1663 3592 substantia
1695 3530 1834 3590 unde
1857 3529 2106 3598 videtur?

519 3617 861 3693 Evangelium
904 3617 1176 3688 interroga
1205 3635 1220 3674 :
1249 3617 1396 3677 Beati
1425 3620 1616 3678 mutulo
1652 3621 1834 3688 corde;
1862 3622 1981 3694 quia
2004 3622 2107 3694 ipsi

520 3706 683 3766 Deum
705 3708 933 3765 ridebunt
957 3707 1170 3781 (Matth.
1198 3725 1252 3780 ν,
1275 3711 1356 3781 8).
1381 3711 1616 3770 Fuerunt
1640 3711 1884 3774 homines
1911 3713 1988 3785 tu)
2013 3715 2105 3788 qui

519 3801 759 3864 dicerent
784 3801 1020 3861 vanitate
1043 3803 1124 3858 sui
1151 3803 1329 3863 cordis
1362 3804 1596 3874 decepti,
1636 3806 1795 3863 Pater
1825 3807 2104 3874 invisibilis

519 3903 622 3955 est.
648 3891 813 3960 Filius
831 3901 1008 3956 auum
1033 3893 1255 3950 visibilis
1287 3903 1391 3952 est.
1423 3893 1579 3954 Unde
1607 3895 1864 3960 visibilis?
1895 3897 1952 3957 Si
1981 3913 2105 3970 pro-

520 3985 638 4048 pter
659 3991 899 4042 carnem,
929 3977 1051 4048 quia
1087 3978 1319 4050 suscepit
1349 3993 1595 4045 carnem;
1625 3980 1966 4038 manifestum
1996 3991 2098 4044 est.

519 4066 596 4128 Illi
623 4069 764 4124 enim
790 4069 877 4138 qui
904 4085 1125 4128 carnem
1153 4070 1350 4127 Christi
1379 4070 1642 4141 viderunt,
1671 4073 1831 4146 aliqui
1855 4075 2100 4146 credide-

518 4172 660 4230 runt,
714 4164 874 4234 aliqui
921 4165 1420 4226 cruciliseruntzct
1460 4167 1551 4238 qui
1593 4166 1956 4234 crediderunt.
2008 4168 2102 4230 illo

517 4257 768 4316 crneiliso
799 4267 1150 4324 nutaverant;
1180 4267 1236 4315 ct
1275 4259 1374 4314 nisi
1403 4259 1572 4328 ipsam
1600 4269 1724 4330 post
1756 4263 2101 4324 resurrectio-

517 4363 636 4407 nem
671 4349 966 4418 palparent,
1000 4350 1129 4404 lides
1157 4349 1222 4403 ad
1243 4365 1338 4406 cus
1368 4366 1474 4408 non
1503 4361 1858 4417 revocaretur.
1889 4353 1945 4407 Si
1971 4369 2101 4426 ergo

519 4449 736 4508 propter
754 4455 968 4496 carnem
993 4441 1212 4496 visibilis
1233 4441 1430 4508 Filius;
1461 4451 1514 4498 et
1543 4457 1639 4498 nos
1662 4445 2028 4512 concedimus,
2045 4456 2102 4510 et

515 4538 600 4598 est
630 4531 884 4594 catholica
919 4531 1052 4586 ﬁdes
1075 4549 1092 4586 ς
1116 4531 1164 4586 si
1192 4541 1368 4588 autem
1405 4542 1530 4588 ante
1570 4548 1785 4590 carnem
1822 4536 1964 4602 sicut,
1996 4537 2096 4608 ipsi

514 4622 715 4680 dicunt.
745 4621 799 4687 id
837 4633 943 4686 est,
975 4629 1260 4694 antequam
1290 4624 1687 4688 incarnaretur;
1717 4624 1938 4690 multum
1959 4626 2098 4698 deli-

419 4785 423 4788 Α
513 4719 654 4780 rant,
681 4722 736 4778 et
762 4714 984 4774 multum
1011 4723 1210 4770 crmnt.
1241 4714 1400 4772 Facta
1430 4716 1571 4770 enim
1599 4727 1721 4774 sunt
1753 4717 1842 4776 illa
1873 4719 2097 4782 visibilia

513 4806 860 4875 corporaliter
893 4822 986 4875 per
1009 4815 1331 4874 creaturam,
1356 4807 1407 4862 in
1443 4807 1636 4879 quibus
1663 4820 1820 4883 typus
1843 4814 2096 4880 ostende-

514 4905 699 4950 retur:
731 4912 834 4954 non
867 4897 1048 4967 utique
1087 4896 1379 4954 substantia
1411 4899 1520 4969 ipsa
1549 4899 2022 4968 demottstralmtup
2042 4914 2098 4972 et

513 4985 974 5050 manifestabntur.
1005 4987 1073 5044 Et
1100 4987 1202 5046 hoc
1232 4989 1473 5051 attendat.
1499 4990 1746 5059 Charitas
1770 5006 1946 5052 vestra
1973 4997 2096 5058 lene

511 5075 888 5135 documentum
909 5078 944 5132 ί.
975 5077 1242 5152 Sapientia
1269 5079 1360 5136 Dei
1381 5079 1549 5144 videri
1572 5083 1740 5142 oculis
1766 5101 1874 5142 non
1898 5098 2090 5158 potest.

513 5166 748 5235 Fratres,
809 5169 856 5227 si
907 5167 1152 5224 Christus
1197 5169 1464 5242 Sapientia
1511 5172 1634 5239 Dei,
1678 5183 1732 5230 et
1780 5175 1954 5234 \"irtus
1998 5179 2091 5235 Dei

515 5261 554 5333 (l
587 5259 705 5314 Cor.
736 5276 774 5326 ι,
801 5259 928 5331 2t);
973 5262 1018 5318 si
1053 5261 1297 5326 Christus
1331 5265 1556 5322 Verbum
1584 5267 1712 5333 Dei;
1743 5270 1962 5326 verbum
1989 5271 2091 5326 ho-

512 5350 668 5406 minis
697 5353 867 5409 oculis
893 5367 1000 5412 non
1026 5353 1253 5422 videtur,
1286 5355 1516 5414 Verbum
1547 5357 1639 5416 Dei
1679 5359 1846 5416 videri
1885 5362 1963 5424 sic
1989 5377 2088 5435 po-

511 5452 613 5501 test
626 5445 650 5498 ?

507 5577 990 5690 αὲηὲἰεᾶηιὲθτὶφιθ,
1027 5577 1129 5634 leve
1149 5579 1658 5638 docmnenttanﬁorte
1693 5601 1800 5650 pro,
1836 5585 1976 5642 breve
2009 5589 2092 5641 do-

567 5720 643 5790 (a)
677 5723 850 5777 Ariani.

1514 283 1582 340 ΙΝ
1618 279 1902 350 JOANNS.
1933 277 2404 352 EVANGELIUH.
2442 278 2499 336 3-
2541 284 2911 352 AUGUSTINI
3059 326 3271 346 ---ηρ-ς-

3671 287 3824 348 14οι

2302 398 2394 460 i9.
2436 399 2697 475 Expellito
2721 418 2848 481 ergo
2871 401 2940 460 de
2965 398 3219 460 cordibus
3239 402 3436 462 vestris
3457 402 3705 460 carnales
3731 419 3826 460 co-

2228 493 2533 573 gitationes,
2565 499 2622 548 ut
2644 509 2766 549 vere
2789 493 2907 554 sitis
2933 493 3032 549 sub
3056 493 3245 564 gratia,
3273 504 3334 550 ut
3355 493 3423 550 ad
3449 491 3652 551 Novum
3681 491 3824 554 Tes-

2231 592 2523 640 tamentum
2565 581 3065 658 pertineatis.~ldeo
3103 585 3206 640 vlta
3249 593 3450 642 acterna
3491 585 3824 657 promittitur

2229 677 2285 732 in
2312 677 2461 733 Novo
2487 676 2848 733 Testamento.
2878 675 3060 748 Legite
3090 675 3255 732 Vetus
3279 675 3682 734 Testamentum
3706 721 3722 744 ,
3765 689 3822 737 et

2228 773 2404 828 videte
2427 772 2549 846 quia
2576 771 2772 826 carnali
2798 770 2970 834 adhuc
2995 770 3190 841 populo
3212 786 3272 825 ea
3296 770 3508 842 quidem
3536 770 3821 844 praecipie-

2228 864 2424 924 bantur
2450 881 2568 939 quze
2596 865 2766 920 nobis.
2795 863 2926 919 Nam
2959 879 3120 919 unum
3156 861 3318 934 Deum
3348 851 3544 929 colere.
3573 873 3627 921 et
3655 856 3818 922 no'bis

2230 956 2550 1030 praecipitur.
2583 953 2702 1010 Non
2731 956 2946 1027 accipies
2974 955 3025 1010 in
3055 971 3236 1009 vanum
3259 943 3450 1010 nomen
3480 954 3690 1012 Domini
3721 955 3818 1014 Dei

2226 1049 2328 1123 tui,
2363 1057 2416 1104 et
2445 1049 2595 1104 nobis
2624 1049 2925 1120 prtccipitur
2956 1066 2969 1102 :
3001 1045 3142 1120 quod
3169 1057 3254 1104 est
3279 1045 3570 1104 secundum
3602 1063 3815 1120 prece-

2227 1151 2392 1212 ptum.
2429 1139 2648 1200 Observa
2676 1140 2806 1198 diem
2834 1139 3028 1216 sabbati
3042 1181 3057 1204 ,
3089 1141 3256 1210 magis
3284 1139 3437 1195 nobis
3462 1139 3814 1212 praecipitur:

2225 1234 2346 1308 quia
2365 1232 2709 1306 spiritualiter
2725 1233 3111 1290 observandum
3131 1234 3285 1304 ρι’ωεί
3294 1233 3450 1303 pitur.
3473 1231 3641 1288 Judtel
3664 1233 3815 1290 enim

2225 1325 2489 1380 serviliter
2525 1325 2813 1382 observant
2851 1323 2991 1403 diem
3027 1323 3264 1391 sabbati,
3311 1323 3377 1378 ad
3413 1322 3678 1378 luxuriam
3701 1365 3718 1390 ,
3745 1322 3816 1380 ad

2223 1416 2555 1472 ebrietatem.
2586 1417 2793 1488 Quanto
2823 1416 3012 1475 melius
3051 1414 3259 1470 feminae
3294 1429 3478 1471 eorum
3519 1407 3698 1472 lanam
3735 1415 3816 1473 iit-

2223 1517 2434 1580 cerent,
2461 1524 2618 1582 quam
2648 1507 2738 1564 illo
2767 1506 2851 1561 die
2879 1507 2930 1562 in
2958 1507 3234 1562 mmnianis
3254 1507 3272 1540 ¹
3303 1505 3594 1564 saltarent?
3620 1507 3812 1575 Absit,

2222 1598 2415 1656 fratres
2435 1643 2450 1668 ,
2491 1612 2548 1655 ut
2583 1600 2701 1656 illos
2730 1601 2969 1656 dicamus
2994 1599 3280 1668 obserVare
3306 1599 3600 1656 sabbatum.
3634 1597 3816 1670 Spiri-

2225 1692 2434 1746 tualiter
2459 1690 2705 1750 observat
2735 1691 3009 1748 sabbatum
3047 1690 3400 1762 christianos,
3439 1691 3720 1746 abstinens
3755 1707 3816 1750 se

2221 1783 2289 1838 ab
2313 1797 2476 1852 opere
2499 1782 2698 1837 servili.
2728 1781 2864 1855 Quid
2903 1789 2987 1838 est
3026 1781 3170 1837 enim
3206 1781 3275 1836 ab
3314 1795 3477 1852 opere
3512 1780 3744 1838 servili?
3769 1783 3814 1839 Α

2221 1882 2461 1950 peccato.
2509 1873 2574 1928 Et
2618 1873 2758 1928 unde
2803 1871 3124 1944 probamus?
3163 1873 3443 1928 Dominum
3487 1873 3812 1946 Interroga:

2223 1965 2401 2020 Omnis
2419 1966 2506 2037 qui
2523 1965 2650 2037 facit
2669 1975 2949 2037 peccatum,
2971 1981 3141 2021 servus
3165 1974 3236 2020 est
3262 1965 3454 2038 peccati
3479 1965 3663 2040 (Joan.
3691 1983 3809 2036 vnt,

2219 2057 2333 2131 54).
2368 2058 2507 2130 Ergo
2534 2067 2587 2112 et
2615 2057 2768 2112 nobis
2799 2056 3104 2128 praecipitur
3128 2055 3474 2128 spiritualiter
3504 2047 3814 2114 observatio

2219 2149 2444 2204 sabbati.
2475 2148 2590 2208 iam
2621 2148 2705 2202 illa
2735 2148 2911 2203 omnia
2943 2135 3208 2219 plecepta
3239 2147 3393 2202 nobis
3421 2149 3586 2218 magis
3617 2150 3814 2219 przeci-

2218 2240 2454 2314 piuntur.
2485 2251 2539 2298 et
2567 2239 2896 2298 observanda
2927 2250 3047 2296 sunt
3072 2258 3086 2296 :
3120 2239 3242 2306 Non
3271 2239 3498 2308 occides,
3529 2239 3653 2296 Non
3673 2253 3810 2297 ’θυω-

2218 2330 2463 2394 chaberis.
2493 2327 2614 2390 Non
2641 2332 2908 2403 fut-aberis,
2937 2329 3059 2386 Non
3081 2331 3267 2404 falsum
3290 2333 3628 2388 testimonium
3652 2334 3810 2404 dices,

2218 2419 2434 2478 Honora
2461 2432 2656 2496 patrem
2681 2433 2728 2479 et
2748 2433 2976 2489 matrem,
3011 2420 3132 2478 Non
3152 2415 3472 2493 concupisces
3499 2439 3602 2480 rem
3631 2425 3812 2496 praxi-

2217 2513 2288 2566 nti
2313 2513 2404 2578 tui,
2433 2511 2555 2568 Non
2580 2515 2899 2584 concupisces
2919 2529 3127 2570 uxorem
3152 2514 3370 2584 proximi
3389 2516 3460 2569 tui
3483 2514 3682 2586 (Exod.
3717 2531 3810 2583 xx,

2216 2604 2400 2675 5—17).
2432 2601 2621 2660 Nonne
2649 2605 2747 2660 ista
2775 2605 2949 2659 omnia
2980 2613 3036 2660 et
3064 2606 3216 2661 nobis
3245 2607 3670 2678 praecipiuntur?
3704 2607 3812 2665 Sed

2217 2711 2398 2766 qua-rc
2425 2695 2746 2762 mercedem,
2770 2703 2824 2752 et
2848 2696 3087 2752 invenies
3111 2697 3183 2752 ibi
3213 2697 3316 2754 dici
3341 2715 3354 2752 :
3378 2693 3448 2754 lit
3469 2699 3812 2769 erpt-iiautur

2218 2786 2401 2844 hostes
2425 2803 2454 2846 a
2482 2786 2617 2844 facie
2643 2795 2754 2856 tua,
2782 2796 2837 2846 et
2861 2789 3133 2859 accipiatis
3158 2797 3353 2846 terram
3379 2806 3536 2863 quam
3562 2793 3811 2864 promisit

2217 2879 2360 2936 Deus
2399 2877 2638 2950 patribus
2676 2881 2866 2936 vestris
2901 2882 3086 2953 (Leuit.
3133 2899 3292 2952 xxvr,
3335 2885 3504 2957 i-i3).
3535 2885 3674 2952 Quia
3707 2903 3808 2944 non

2217 2983 2462 3045 poterant
2488 2989 2681 3044 capere
2714 2973 2995 3029 invisibilia
3016 3016 3032 3040 ,
3073 2990 3166 3045 per
3198 2976 3426 3030 visibilia
3465 2978 3806 3034 tenebantur.

2214 3065 2391 3138 Quare
2422 3065 2778 3128 tenebantur?
2806 3066 2883 3121 Ne
2911 3067 3122 3138 penitus
3149 3069 3458 3134 interirent,
3487 3077 3540 3125 ct
3565 3070 3631 3124 ad
3668 3071 3806 3128 idola

2215 3159 2539 3218 laberentur.
2571 3155 2704 3214 Nam
2732 3159 2971 3215 iecerunt
2995 3157 3115 3221 hoc,
3147 3159 3337 3215 fratres
3363 3161 3486 3225 mei,
3509 3161 3648 3218 sicut
3679 3162 3809 3236 legi-

2215 3260 2320 3314 tur.
2353 3250 2502 3306 obliti
2529 3259 2671 3306 tanta
2700 3251 2954 3309 miracula
2979 3267 3096 3322 quae
3118 3251 3242 3306 fecit
3271 3251 3408 3307 Deus
3428 3267 3606 3308 coram
3633 3255 3805 3314 oculis

2212 3356 2420 3397 eorum.
2465 3341 2605 3398 Mare
2634 3341 2912 3400 discissum
2945 3327 3056 3410 est;
3099 3342 3181 3397 via
3223 3341 3358 3398 iacta
3397 3351 3481 3400 cst
3517 3344 3570 3399 in
3613 3347 3806 3405 mediis

2211 3430 2456 3487 ﬂuctibus
2478 3451 2493 3500 ;
2515 3442 2800 3505 sequentes
2823 3433 3004 3488 hostes
3025 3447 3209 3489 eorum
3231 3433 3432 3490 eisdem
3455 3437 3606 3507 aquis
3627 3440 3802 3508 Operti

2211 3532 2356 3589 sunt,
2385 3539 2481 3594 per
2505 3539 2636 3594 quas
2665 3524 2739 3579 illi
2770 3525 3097 3579 transierunt
3125 3518 3318 3596 (Exod.
3346 3539 3450 3590 ειν,
3476 3522 3679 3599 21-31)
3705 3545 3720 3582 :
3750 3537 3803 3585 et

2209 3629 2330 3672 cum
2375 3614 2583 3696 Moyses
2611 3613 2772 3670 homo
2804 3615 2894 3671 Dei
2925 3616 3236 3670 recessisset
3266 3615 3334 3670 ab
3369 3617 3538 3672 oculis
3576 3635 3764 3674 eorum
3783 3661 3798 3688 ,

2211 3707 2409 3764 idolum
2441 3709 2724 3782 petierunt.
2757 3718 2812 3763 et
2839 3707 3089 3762 dixerunt
3112 3724 3125 3763 :
3150 3705 3260 3762 Fac
3282 3707 3426 3764 nobis
3449 3710 3570 3766 deos
3593 3715 3690 3783 qui
3711 3731 3800 3769 nos

2212 3809 2453 3876 pra’eant,
2485 3795 2603 3868 quia
2630 3795 2716 3852 ille
2745 3797 2893 3851 homo
2918 3796 3108 3852 dimisit
3143 3812 3256 3885 nos.
3278 3797 3411 3852 Tota
3450 3811 3572 3870 spes
3611 3817 3800 3858 eorum

2209 3889 2262 3944 in
2292 3889 2506 3944 homine
2535 3889 2701 3962 posita
2732 3897 2867 3958 erat,
2901 3903 3004 3944 non
3036 3889 3087 3944 in
3117 3887 3246 3944 Deo.
3276 3888 3416 3946 Ecce
3443 3899 3692 3950 mortuus
3719 3903 3799 3950 est

2210 3979 2373 4036 homo
2401 3999 2414 4035 :
2443 3977 2696 4048 numquid
2727 3987 2966 4034 mortuus
2986 3987 3068 4035 est
3092 3978 3230 4034 Deus
3257 3979 3350 4050 qui
3374 3993 3586 4037 eruerat
3612 3999 3711 4040 eos
3731 3983 3797 4040 de

2211 4081 2350 4161 terra
2382 4071 2638 4150 Egypti?
2666 4071 2734 4127 Et
2755 4087 2875 4131 cum
2905 4071 3153 4128 iecissent
3178 4071 3276 4128 sibi
3308 4071 3588 4145 imaginem
3620 4074 3790 4145 vituli,

2206 4159 2584 4228 adoraverunt,
2608 4169 2663 4216 et
2686 4160 2958 4229 dixerunt,
2985 4159 3057 4216 Hi
3078 4172 3196 4218 sunt
3221 4162 3296 4217 dii
3312 4161 3406 4232 tui,
3435 4162 3617 4226 Israel,
3641 4168 3728 4236 qui
3749 4177 3794 4221 te

2208 4253 2542 4308 liberaverunt
2569 4253 2631 4307 de
2656 4261 2790 4308 terra
2827 4251 3047 4324 Egypti
3083 4252 3191 4327 (Id.
3231 4269 3408 4321 xxx",
3448 4255 3473 4309 i
3507 4255 3583 4326 4).
3622 4256 3790 4324 Quam

2205 4344 2312 4398 cito
2357 4343 2506 4398 obliti
2551 4350 2658 4398 tam
2705 4343 3084 4398 manifestam”
3113 4343 3376 4414 gratiam!
3423 4343 3626 4414 Quibus
3667 4361 3791 4426 ergo

2207 4433 2382 4492 modis
2409 4441 2681 4498 teneretur
2706 4435 2933 4510 populus
2961 4435 3112 4504 talis,
3151 4435 3252 4492 nisi
3290 4437 3568 4507 promissis
3605 4453 3790 4496 carna-

2205 4523 2378 4584 libus?
2711 4509 2720 4510 ί
2788 4509 2798 4516 ’

2273 4613 2468 4680 20..Ea
2497 4614 2570 4672 ibi
2593 4613 2845 4688 iubentur
2867 4618 2920 4674 in
2945 4615 3199 4690 decalogo
3218 4605 3375 4690 Legis
3395 4637 3512 4690 qutc
3532 4631 3580 4676 et
3605 4623 3782 4688 nobis;

2203 4706 2298 4764 sed
2328 4724 2428 4772 non
2453 4725 2514 4766 ea
2545 4711 2924 4794 promittuntur
2947 4725 3066 4782 quae
3095 4711 3270 4768 nobis.
3309 4711 3473 4769 Nobis
3505 4713 3631 4784 quid
3661 4731 3782 4786 pro-

2204 4798 2467 4856 mittitur?
2501 4799 2618 4857 Vita
2649 4813 2868 4858 arterna.
2908 4801 3035 4857 Hac
3061 4811 3133 4858 est
3157 4813 3325 4858 autem
3350 4805 3452 4859 vita
3477 4815 3699 4875 veterna,
3731 4817 3783 4861 ut

2201 4903 2504 4964 cognoscant
2527 4903 2574 4949 te
2593 4910 2748 4948 unum
2771 4911 2941 4950 verum
2968 4893 3148 4959 Deum,
3175 4904 3224 4949 et
3245 4911 3390 4967 quem
3412 4897 3594 4952 misisti
3608 4895 3782 4952 Iesum

2155 5009 2167 5027 ι
2202 4982 2460 5038 Christum
2501 4981 2684 5060 (Joan.
2719 5000 2856 5048 xvn,
2884 4983 2976 5056 3).
3019 4983 3264 5054 Cognitio
3291 4985 3384 5040 Dei
3415 4988 3776 5056 promittitur:

2201 5073 2314 5145 ipsa
2353 5083 2435 5128 est
2470 5073 2633 5140 gratia
2663 5090 2761 5146 pro
2787 5074 2976 5145 gratia.
3016 5073 3265 5143 Fratres,
3293 5075 3455 5132 modo
3478 5078 3776 5142 credimus,

2199 5180 2306 5220 non
2352 5164 2594 5219 videmus
2630 5183 2642 5219 :
2685 5179 2781 5234 pro
2819 5165 2918 5220 ista
2957 5165 3061 5220 fide
3104 5165 3380 5234 prmmium
3425 5168 3557 5234 erit,
3604 5169 3780 5224 videre

2199 5255 2341 5326 quod
2364 5255 2649 5314 credimus.
2665 5255 2936 5312 Noveram
2957 5256 3058 5312 hoc
3077 5257 3376 5328 Prophetas,
3399 5258 3494 5315 sed
3514 5260 3776 5316 occultum

2199 5356 2314 5402 erat
2341 5358 2619 5426 antequam
2645 5349 2869 5404 veniret.
2889 5347 3022 5404 Nam
3045 5347 3256 5420 quidam
3283 5351 3557 5420 suspirans
3576 5360 3776 5408 autator

2199 5437 2253 5494 in
2280 5437 2503 5494 Psalmis
2529 5439 2603 5493 ait
2632 5455 2646 5491 :
2680 5438 2845 5494 Unam
2869 5439 2990 5510 petii
3012 5455 3043 5494 a
3069 5437 3286 5496 Domino
3303 5482 3320 5508 ,
3349 5442 3481 5497 hanc
3506 5459 3771 5513 requiram.

2261 5551 2279 5584 ί
2303 5550 2440 5610 aditi,
2456 5549 2715 5620 nconsenit's
2737 5564 2756 5603 :
2772 5559 2998 5620 corrupte
3019 5565 3137 5618 pro,
3171 5553 3422 5614 maritmis
3439 5589 3454 5617 ,
3472 5555 3601 5620 quod
3624 5556 3773 5620 nostri

2194 5626 2368 5664 omnes
2397 5620 2502 5664 Mss.
2537 5616 2818 5675 praeterunt.
2851 5615 3076 5667 unus:
3109 5615 3314 5668 veteres
3343 5615 3514 5671 mni
3548 5616 3771 5685 Maia.

2195 5687 2288 5726 seu
2308 5675 2561 5726 domorum
2579 5675 2770 5726 solatia.
2920 5704 2956 5726 ι-

2260 5704 2786 5810 ῗῢέἱιἺηιασιηβωκω
2579 5704 2770 5810 έ¹¹³¹⁶⁹
2972 5751 3170 5805 annos,
3211 5740 3530 5806 mm.
