4036 6390
618 302 754 361 “07

614 431 737 472 eum
778 422 959 488 posset
999 413 1145 472 credi
1185 428 1328 472 esse.
1377 412 1541 486 Ergo,
1589 412 1704 469 Hoc
1748 422 1821 467 est
1859 409 2198 465 testimonium

612 507 851 575 Joannis,
878 508 1082 580 quando
1104 509 1344 565 miserunt
1370 508 1544 564 Judaei
1585 507 1649 561 ab
1682 505 2013 576 Jerosolgmis
2036 519 2202 558 sacer-

612 602 752 653 dotes
778 608 826 653 et
851 598 1050 653 Levites
1072 599 1142 663 ad
1168 616 1302 665 eum,
1326 607 1384 654 ut
1415 599 1780 668 interrogarent
1817 613 1953 663 eum,
1981 594 2060 650 Tu
2088 595 2199 663 quis

610 691 701 745 es?
731 689 844 745 Non
874 702 1051 745 autem
1074 691 1363 755 mitterent,
1393 690 1494 745 nisi
1520 696 1862 744 moverentur
1888 684 2197 743 excellentia

610 782 941 837 auctoritatis
967 782 1103 853 ejus,
1138 784 1260 855 quia
1286 797 1447 838 ausus
1474 791 1557 836 est
1583 781 1874 852 baptizare.
1909 779 1974 834 Et
1994 781 2194 851 confes-

607 889 692 926 sus
743 884 833 938 est,
874 884 922 930 et
964 892 1066 930 non
1104 880 1317 948 negauit.
1346 874 1483 944 Quid
1510 873 1787 937 confessus
1823 872 1942 930 est?
1970 869 2039 927 Et
2071 888 2196 927 cort-

608 968 772 1035 fasus
797 977 889 1033 est,
923 968 1058 1034 Quia
1084 985 1186 1024 non
1208 986 1321 1023 sum
1348 986 1438 1041 ego
1462 967 1710 1023 Christus.

680 1060 735 1112 4.
777 1057 844 1112 Et
881 1059 1313 1133 interrogaverunt
1339 1076 1471 1125 eum,
1497 1059 1633 1128 Quid
1669 1060 1821 1131 ergo?
1850 1058 1995 1114 Elias
2022 1074 2074 1112 es
2102 1065 2156 1112 tu
2174 1059 2200 1112 γ

609 1146 877 1206 Noveram
899 1152 1043 1208 enim
1067 1154 1189 1224 quia
1218 1168 1576 1225 praeeessurus
1599 1162 1711 1210 erat
1733 1152 1877 1208 Elias
1900 1151 2194 1208 Christum.

613 1238 730 1297 Non
762 1243 902 1297 enim
927 1243 1083 1300 alicui
1108 1243 1432 1316 incognitum
1452 1254 1576 1302 erat
1597 1260 1791 1300 nomen
1829 1242 2027 1300 Christi
2056 1242 2197 1314 apud

608 1330 844 1387 Judaeos.
889 1333 1048 1390 Istum
1089 1351 1194 1392 non
1241 1345 1561 1409 putaverunt
1585 1351 1706 1392 esse
1732 1333 2001 1390 Christum
2042 1352 2055 1387 :
2089 1349 2194 1389 non

609 1424 829 1479 omnino
855 1421 1123 1483 Christum
1146 1443 1250 1485 non
1276 1444 1396 1485 esse
1427 1437 1730 1485 venturum.
1757 1428 1891 1482 Cum
1919 1434 2196 1496 sperarent

609 1524 911 1584 venturum,
940 1518 1018 1575 sic
1042 1519 1380 1577 offenderunt
1417 1521 1470 1575 in
1499 1531 1831 1591 praesentem,
1857 1516 2195 1573 olfenderunt

607 1614 857 1679 tanquam
902 1610 954 1666 in
983 1610 1236 1669 humilem
1274 1613 1524 1683 lapidem.
1552 1612 1712 1684 Lapis
1735 1612 1877 1667 enim
1906 1612 1996 1668 ille
2020 1610 2193 1667 adhuc

606 1713 800 1769 parvus
828 1711 961 1767 erat,
986 1703 1093 1773 jam
1128 1704 1343 1775 quidem
1378 1704 1630 1775 praecisus
1653 1704 1721 1759 de
1741 1712 1920 1759 monte
1948 1704 2062 1758 sine
2082 1717 2196 1757 ma-

604 1788 763 1847 nibus
792 1808 805 1844 :
835 1792 971 1848 sicut
992 1793 1122 1851 dicit
1147 1795 1330 1851 Daniel
1356 1796 1632 1866 propheta,
1659 1794 1855 1850 vidisse
1882 1809 1942 1849 se
1962 1793 2189 1863 lapidem

604 1883 884 1951 praecisum
907 1883 978 1941 de
999 1896 1178 1943 monte
1201 1887 1317 1944 sine
1345 1888 1609 1943 manibus.
1631 1886 1736 1944 Sed
1759 1886 1885 1958 quid
1916 1883 2190 1956 sequitur?

604 1972 672 2028 Et
696 1977 868 2044 creuit,
897 1979 1084 2049 inquit,
1116 1980 1249 2050 lapis
1284 1981 1389 2046 ille,
1419 1990 1466 2035 et
1489 1983 1657 2053 factus
1683 1989 1755 2035 est
1780 1996 1923 2034 mons
1947 1994 2186 2049 magnus,

602 2075 652 2118 et
674 2066 898 2136 implevit
924 2069 1210 2125 uniuersam
1245 2071 1428 2143 faciem
1455 2081 1601 2126 terra:
1638 2070 1812 2141 (Dan.
1842 2087 1898 2136 tt,
1929 2071 2018 2135 56,
2048 2069 2119 2126 55
2142 2068 2184 2139 ).

597 2153 792 2233 (Videat
816 2172 944 2227 ergo
972 2158 1215 2215 Charitas
1246 2169 1417 2216 vestra
1443 2160 1585 2232 quod
1610 2160 1731 2216 dico
1755 2179 1770 2217 :
1796 2160 2038 2216 Christus
2062 2169 2187 2214 ante

601 2242 813 2303 Judzeos
832 2249 940 2319 jam
969 2251 1223 2320 praecisus
1248 2262 1363 2308 erat
1382 2250 1450 2307 de
1471 2262 1670 2308 monte.
1700 2252 1932 2308 Montem
1961 2267 2185 2323 regnum

601 2336 714 2392 vult
742 2338 961 2411 intelligi
984 2340 1310 2398 Judaeorum.
1335 2341 1441 2397 Sed
1466 2357 1687 2413 regnum
1726 2341 2029 2398 Judaeorum
2076 2357 2181 2398 non

599 2424 912 2498 impleverat
939 2432 1240 2487 universam
1264 2432 1453 2489 faciem
1474 2442 1648 2489 terrae.
1681 2432 1809 2489 lude
1832 2435 2084 2504 praecisus
2102 2441 2183 2489 est

599 2516 688 2574 ille
717 2519 870 2590 lapis,
900 2523 1022 2593 quia
1050 2522 1174 2579 inde
1199 2533 1354 2580 natus
1379 2534 1462 2582 est
1503 2525 1555 2581 in
1589 2526 1870 2597 praesentia
1900 2527 2179 2583 Dominus.

600 2609 665 2666 Et
706 2626 869 2682 quare
895 2614 1012 2669 sine
1040 2616 1320 2672 manibus?
1356 2617 1490 2685 Quia
1518 2617 1636 2673 sine
1663 2633 1827 2687 opere
1851 2618 1992 2674 virili
2021 2618 2183 2688 Virgo

596 2704 803 2775 peperit
829 2703 1117 2763 Christum.
1158 2708 1275 2764 Jam
1304 2723 1433 2780 ergo
1477 2718 1594 2765 erat
1634 2709 1769 2781 lapis
1809 2709 1900 2765 ille
1928 2710 2183 2779 praecisus

595 2795 712 2850 sine
741 2797 1018 2865 manibus,
1057 2809 1182 2854 ante
1209 2801 1392 2855 oculos
1427 2800 1733 2856 Iudaeorum
1772 2801 1921 2857 :sed
1968 2802 2182 2857 humilis

595 2895 729 2942 erat.
763 2886 877 2942 Non
908 2888 1210 2957 immerito;
1240 2891 1364 2961 quia
1390 2892 1622 2947 nondum
1644 2901 1886 2948 creverat
1911 2893 2043 2964 lapis
2072 2893 2179 2961 ille,

596 2987 652 3033 et
682 2978 991 3049 impleverat
1010 2980 1195 3036 orbem
1225 2990 1485 3038 terrarum
1521 3000 1534 3036 :
1579 2983 1725 3054 quod
1762 2983 1994 3051 ostendit
2015 2984 2069 3040 in
2097 3000 2183 3040 re-

597 3084 704 3140 gno
724 3085 841 3139 suo,
863 3072 1002 3140 quod
1023 3084 1106 3129 est
1130 3074 1388 3142 Ecclesia,
1416 3091 1518 3147 qua
1543 3076 1777 3146 implevit
1801 3085 1966 3132 totam
1991 3076 2182 3134 faciem

600 3168 776 3216 terrae.
820 3161 954 3229 Quia
1000 3179 1129 3235 ergo
1158 3165 1391 3220 nondum
1434 3177 1706 3235 creverat,
1749 3167 2082 3225 offenderunt
2128 3169 2182 3226 in

600 3250 747 3306 illum
776 3262 1021 3324 tanquam
1051 3256 1102 3311 in
1130 3256 1356 3326 lapidem
1381 3275 1394 3311 :
1427 3266 1480 3313 et
1506 3258 1702 3315 factum
1732 3269 1816 3316 est
1843 3261 1894 3316 in
1920 3262 2001 3317 eis
2041 3261 2185 3333 quod

601 3343 853 3415 scriptum
883 3356 985 3415 est,
1028 3347 1127 3415 Qui
1150 3350 1381 3404 ceciderit
1414 3367 1564 3420 super
1601 3352 1819 3423 lapidem
1859 3355 2032 3422 istum,
2063 3372 2185 3411 con-

599 3438 946 3505 quassabitur;
973 3450 1020 3493 ct
1047 3456 1201 3511 super
1225 3459 1351 3514 quos
1388 3441 1621 3499 ceciderit
1661 3445 1792 3516 lapis
1827 3444 1933 3509 ille.
1967 3455 2185 3502 conteret

601 3543 684 3581 eos
706 3527 860 3599 (Luc.
886 3546 959 3585 xx
978 3572 993 3595 ,
1031 3531 1143 3602 18).
1177 3532 1354 3587 Primo
1379 3548 1539 3603 super
1562 3534 1816 3591 humilem
1840 3538 2181 3604 ceciderunt;

600 3623 841 3680 excelsus
862 3639 1024 3694 super
1047 3626 1168 3681 illos
1188 3637 1443 3683 venturus
1466 3637 1548 3683 est
1575 3647 1589 3683 :
1614 3629 1710 3685 sed
1732 3639 1788 3686 ut
1811 3645 1906 3687 eos
1928 3640 2185 3689 venturus

599 3717 843 3771 excelsus
867 3726 1125 3785 conterat,
1148 3720 1320 3791 primo
1345 3734 1438 3776 eos
1457 3719 1670 3776 humilis
1689 3725 1975 3793 quassavit.
2002 3723 2184 3781 Oﬂ‘en-

600 3807 793 3864 derunt
818 3811 870 3864 in
915 3825 1068 3879 eum,
1101 3821 1156 3867 ct
1201 3813 1435 3882 quassati
1465 3822 1614 3880 sunt;
1648 3830 1751 3870 non
1798 3818 2046 3886 contriti,
2089 3820 2185 3876 sed

599 3900 833 3970 quassati
863 3918 877 3953 :
910 3902 1090 3956 veniet
1115 3902 1380 3969 excelsus,
1409 3914 1463 3959 et
1490 3914 1733 3962 conteret
1760 3922 1870 3963 eos.
1905 3909 2010 3964 Sed
2036 3911 2186 3981 igno-

599 3990 852 4045 scendum
878 4002 962 4049 est
980 3995 996 4025 ⁸
1015 3992 1212 4050 Judaeis
1228 4036 1242 4058 ,
1268 3995 1389 4065 quia
1413 3995 1746 4054 oﬂ‘enderunt
1766 3999 1818 4053 in
1842 4000 2068 4070 lapidem
2094 4002 2184 4072 qui

599 4082 834 4137 nondum
854 4093 1117 4139 creverat.
1148 4084 1346 4152 Quales
1375 4097 1500 4143 sunt
1524 4091 1597 4146 illi
1627 4090 1715 4160 qui
1742 4091 1796 4146 in
1824 4090 1996 4163 ipsum
2026 4110 2184 4150 mon-

600 4183 706 4230 tem
737 4176 1107 4234 oﬂ‘enderunt?
1144 4178 1259 4234 Jam
1295 4180 1362 4236 de
1402 4183 1593 4253 quibus
1620 4185 1794 4241 dicam
1842 4188 2180 4257 cognoscitis.

598 4267 699 4333 Qui
726 4280 917 4340 negant
948 4271 1237 4328 Ecclesium
1266 4281 1377 4328 toto
1404 4275 1533 4330 orbe
1571 4275 1839 4344 diffusam,
1870 4294 1974 4343 non
2003 4280 2056 4334 in
2088 4281 2186 4333 hu-

599 4359 780 4414 milem
802 4361 1045 4431 lapidem,
1065 4362 1156 4417 sed
1179 4364 1229 4416 iu
1254 4363 1426 4432 ipsum
1446 4376 1679 4420 montem
1700 4366 1975 4423 offendunt
2003 4389 2016 4423 :
2040 4369 2182 4438 quod

600 4450 771 4506 factus
793 4462 866 4506 cst
898 4453 984 4506 ille
1009 4454 1145 4522 lapis
1167 4454 1290 4507 dum
1318 4464 1601 4509 cresceret.
1630 4455 1769 4511 Caeci
1789 4456 1955 4512 Judaei
1978 4475 2085 4514 non
2108 4460 2186 4514 vi-

598 4542 789 4597 derunt
814 4542 1062 4603 humilem
1091 4543 1317 4614 lapidem
1347 4561 1360 4597 :
1391 4552 1588 4615 quanta
1618 4546 1829 4602 caecitas
1853 4557 1936 4602 est
1975 4565 2079 4604 non
2101 4551 2182 4606 vi-

599 4632 728 4687 dere
755 4632 1024 4687 montem?

672 4725 725 4780 5.
768 4723 905 4795 Ergo
942 4725 1185 4779 viderunt
1219 4724 1507 4791 humilem,
1553 4736 1610 4782 et
1655 4742 1758 4782 non
1796 4742 2178 4800 cognoverunt.

603 4816 1073 4872 Demonstrahatur
1102 4818 1206 4873 illis
1243 4833 1339 4887 per
1364 4818 1652 4874 lucernam.
1680 4819 1815 4877 Nam
1858 4824 2028 4892 primo
2053 4825 2175 4892 ille,

598 4922 703 4978 quo
726 4907 895 4978 major
916 4923 1074 4963 nemo
1102 4919 1408 4965 surrexerat
1445 4910 1499 4965 in
1527 4913 1663 4967 natis
1692 4913 1993 4981 mulierum,
2025 4915 2176 4983 dixit,

525 5006 576 5076 ηδ
601 4996 722 5051 Non
751 5014 861 5051 sum
889 5015 978 5069 ego
1008 4997 1256 5053 Christus.
1288 4999 1598 5071 Dictumque
1624 5002 1697 5057 illi
1722 5012 1824 5070 est,
1849 5002 2112 5076 Numquid
2126 5016 2182 5060 tu

505 5063 577 5166 ξ’
596 5105 648 5143 cs
672 5087 853 5143 Elias?
877 5063 1169 5159 Respondit,
1190 5106 1292 5145 non
1307 5107 1436 5145 sum.
1461 5063 1701 5149 Christus
1728 5063 1867 5148 enim
1908 5063 2182 5166 prtemittit

516 5156 525 5175 2
596 5187 721 5235 ante
744 5194 803 5235 se
829 5156 997 5234 Ellam
1026 5197 1039 5234 :
1070 5190 1121 5236 et
1147 5180 1300 5245 dixit,
1330 5170 1451 5235 Non
1473 5199 1603 5249 sum,
1633 5192 1686 5239 et
1702 5183 1826 5239 fecit
1847 5156 1999 5241 nobis
2027 5202 2176 5258 quae-

594 5270 843 5326 stionem.
875 5269 1188 5325 Timendum
1222 5280 1303 5326 est
1333 5272 1474 5326 enim
1511 5288 1580 5329 ne
1605 5273 1781 5330 minus
1805 5277 2171 5346 intelligentes,

593 5363 858 5419 contraria
885 5372 1068 5433 putent
1085 5362 1343 5420 Joannem
1369 5365 1563 5420 dixisse
1582 5382 1738 5437 quam
1759 5366 2001 5425 Christus
2021 5368 2172 5424 dixit.

592 5457 831 5526 Quodam
868 5457 1009 5512 enim
1050 5457 1199 5523 loco,
1243 5473 1365 5512 cum
1392 5458 1644 5514 Dominus
1670 5457 1824 5514 Jesus
1851 5459 2096 5515 Christus
2121 5460 2176 5515 in

593 5550 883 5624 Evangelio
908 5550 1151 5623 quaedam
1171 5550 1377 5609 diceret
1393 5551 1461 5609 de
1485 5567 1566 5621 se,
1588 5551 1977 5623 responderunt
1994 5553 2070 5609 illi
2094 5552 2175 5609 di-

658 5751 679 5785 ⁸
700 5758 848 5801 Vetus
867 5752 1023 5802 codex
1054 5752 1372 5816 nemigiensis
1396 5765 1409 5800 :
1435 5750 1835 5816 siignoscendwn
1870 5764 1961 5803 non
1991 5760 2078 5805 est.

1530 295 1599 356 IN
1633 292 1911 355 JOANNIS
1948 289 2413 363 EVANCELIUM,
2454 295 2511 351 S.
2564 298 2925 357 AUGUSTINI

2444 102 2475 125 δ

2307 407 2493 481 scipuli
2523 428 2539 467 :
2572 412 2834 481 Quomodo
2857 434 2974 490 ergo
2999 420 3172 477 dicunt
3200 421 3422 494 Scribat,
3449 426 3507 484 id
3527 438 3615 485 est
3634 432 3783 502 periti
3799 434 3884 494 Ie.

2306 503 2405 572 gis,
2436 507 2554 575 quia
2581 503 2753 564 Etiam
2789 521 2985 583 Oportet
3007 515 3226 585 primum
3249 520 3461 575 venire?
3490 519 3564 577 Et
3601 523 3678 580 ait
3719 525 3881 588 Domi-

2307 612 2408 652 nus
2433 617 2445 652 :
2476 597 2621 655 Elius
2638 602 2754 673 jam
2781 606 2911 660 venit
2930 648 2944 672 ,
2970 617 3015 662 et
3044 609 3268 679 fecerunt
3296 614 3342 667 ei
3377 632 3504 687 qua
3532 619 3882 689 volneratum

2304 688 2523 785 simultis
2539 692 2686 759 scire,
2729 694 2837 763 ipse
2877 706 2952 750 est
2978 697 3203 756 Joannes
3230 701 3473 776 Baptista
3512 706 3535 781 (
3557 708 3743 765 Matth.
3769 729 3881 785 xvu,

2306 778 2490 874 quas,
2534 791 2581 835 et
2609 798 2697 849 ιι,
2733 785 2951 857 H-M).
2998 788 3252 848 Dominus
3278 794 3445 852 Jesus
3475 778 3727 858 Christus
3751 778 3880 874 dixit,

2306 866 2453 925 Elius
2469 877 2582 942 jam
2605 876 2754 941 venit,
2789 888 2837 931 et
2870 878 2979 949 ipse
3000 890 3073 935 est
3099 881 3323 941 Joannes
3358 884 3613 958 Baptista
3630 906 3651 945 :
3679 866 3884 954 Joannes

2304 970 2480 1018 autem
2500 964 2850 1038 interrogatus
2869 969 2945 1025 sic
2961 985 3020 1027 se
3039 973 3312 1033 confessus
3331 988 3422 1034 est
3445 978 3623 1036 Eliam
3641 999 3744 1038 non
3763 1000 3880 1055 esse,

2303 1054 2571 1123 quomodo
2599 1072 2699 1114 nec
2725 1058 2995 1117 Christum
3022 1078 3161 1121 esse.
3194 1067 3260 1123 Et
3297 1071 3489 1141 utique
3534 1073 3678 1129 sicut
3721 1054 3881 1135 verum

2303 1145 2579 1203 confessus
2600 1159 2682 1204 est
2702 1148 2969 1208 Christum
2994 1169 3053 1210 se
3076 1170 3178 1211 non
3199 1172 3341 1227 esse,
3368 1162 3455 1218 sic
3479 1179 3674 1221 verum
3698 1169 3883 1226 confes-

2303 1251 2396 1293 sus
2419 1246 2624 1295 estnec
2648 1240 2816 1298 Eliam
2843 1260 2902 1301 se
2931 1260 3070 1302 esse.
3100 1246 3377 1315 Quomodo
3405 1269 3544 1326 ergo
3573 1261 3880 1329 comparabi-

2301 1344 2421 1385 mus
2447 1330 2587 1386 dicta
2617 1336 2878 1402 praeconis
2915 1351 3036 1392 cum
3061 1338 3216 1395 dictis
3238 1342 3477 1413 judicis?
3499 1348 3659 1405 Absit
3681 1361 3737 1406 ut
3762 1368 3880 1422 pne-

2300 1436 2367 1476 co
2393 1422 2683 1481 mentiatur
2712 1444 2725 1480 :
2757 1425 2860 1483 hoc
2884 1429 3028 1484 enim
3048 1430 3281 1502 loquitur
3303 1436 3452 1505 quod
3482 1439 3639 1494 audit
3657 1457 3687 1495 a
3705 1442 3880 1511 judice.

2299 1514 2475 1582 Quare
2494 1531 2623 1587 ergo
2648 1518 2759 1586 ille,
2791 1518 2911 1576 Non
2938 1538 3051 1577 sunt
3078 1521 3223 1580 Elius
3243 1543 3263 1581 :
3292 1537 3346 1582 et
3368 1528 3665 1598 Dominus,
3692 1532 3879 1605 Ipseest

2299 1605 2488 1663 Elias?
2514 1609 2644 1678 Quia
2673 1611 2724 1666 in
2752 1626 2818 1667 eo
2840 1613 3092 1671 Dominus
3111 1616 3266 1674 Jesus
3285 1619 3540 1679 Christus
3566 1624 3882 1697 praeﬁgurata

2297 1699 2465 1755 voluit
2492 1700 2726 1757 futurum
2754 1702 3037 1761 adventum
3065 1722 3240 1777 suum,
3262 1718 3318 1765 et
3335 1710 3442 1768 hoc
3466 1713 3679 1784 dicere,
3703 1719 3817 1788 quis
3834 1719 3877 1773 in

2295 1790 2482 1860 spiritu
2513 1791 2644 1848 Eliae
2678 1804 2795 1851 erat
2829 1794 3080 1853 Joannes.
3122 1800 3185 1855 Et
3205 1801 3347 1872 quod
3389 1814 3515 1861 erat
3556 1805 3788 1864 Joannes
3824 1809 3879 1864 ad

2294 1881 2524 1952 primum
2554 1884 2838 1942 adventum
2858 1929 2874 1955 ,
2907 1888 3009 1945 hoc
3048 1890 3151 1947 erit
3177 1891 3322 1949 Elias
3357 1896 3427 1950 ad
3473 1899 3773 1956 secundum
3795 1900 3875 1956 ad-

2294 1981 2531 2028 ventum.
2562 1975 2839 2043 Quomodo
2857 1978 2962 2035 duo
2984 1979 3243 2038 adventus
3263 1984 3489 2053 judicis,
3521 1989 3604 2044 sic
3622 1989 3728 2045 duo
3756 2006 3874 2062 prae.

2291 2077 2473 2120 cenes.
2499 2064 2669 2123 Judex
2697 2069 2911 2140 quidem
2934 2071 3066 2141 ipse,
3093 2089 3363 2142 praecones
3393 2088 3585 2135 autem
3613 2078 3721 2138 duo
3745 2099 3866 2139 :non

2290 2154 2398 2210 duo
2412 2154 2639 2226 judices.
2665 2156 2953 2227 Oportebat
2973 2163 3115 2217 enim
3130 2163 3364 2234 judieem
3387 2168 3570 2238 primo
3598 2172 3777 2227 venire
3792 2173 3874 2243 ju-

2289 2245 2595 2304 dicandum.
2626 2249 2765 2306 Misit
2791 2265 2915 2309 ante
2951 2267 3010 2311 se
3039 2255 3266 2325 primum
3299 2274 3611 2328 praeconem
3631 2307 3648 2332 ,
3683 2267 3871 2322 vocavit

2288 2341 2439 2397 illum
2465 2342 2673 2407 Eliam;
2704 2344 2827 2413 quia
2854 2344 2955 2402 hoc
2982 2347 3083 2403 erit
3109 2348 3163 2403 in
3190 2351 3427 2408 secundo
3452 2353 3694 2412 adventu
3720 2356 3875 2418 Eliss.

2287 2435 2427 2508 quod
2457 2435 2510 2491 in
2533 2435 2707 2506 primo
2725 2436 2978 2494 Joannes.

2358 2529 2411 2583 6.
2453 2527 2689 2598 Namque
2728 2530 2966 2586 intendat
2998 2530 3241 2591 Charitas
3287 2545 3473 2595 vestra
3504 2554 3668 2610 quam
3698 2557 3860 2598 verum

2286 2618 2480 2674 dicam.
2521 2619 2745 2687 Quando
2788 2634 3079 2695 conceptus
3129 2635 3211 2682 est
3251 2626 3529 2697 Joannes,
3581 2633 3667 2688 vel
3714 2633 3866 2704 potius

2285 2708 2498 2780 quando
2519 2719 2677 2765 natus
2698 2721 2798 2776 est,
2829 2711 3054 2784 Spiritus
3083 2726 3299 2773 sanctus
3321 2719 3425 2776 hoc
3446 2720 3518 2779 de
3549 2722 3642 2779 illo
3670 2724 3866 2781 homine

2285 2800 2611 2870 implendum
2640 2802 2973 2873 prophetavit
3004 2824 3020 2861 :
3051 2803 3117 2861 Et
3133 2809 3245 2875 erit,
3278 2810 3469 2882 inquit,
3495 2814 3867 2885 praecurso”!-

2288 2894 2484 2960 tissimi,
2516 2897 2569 2949 in
2595 2896 2779 2965 spiritu
2806 2900 3044 2955 etrirtute
3067 2898 3202 2956 Elite
3225 2901 3374 2974 (Luc.
3404 2922 3445 2972 ι,
3474 2905 3593 2980 17).
3620 2907 3730 2964 Νοη
3756 2921 3868 2978 ergo

2287 2986 2452 3052 Elias,
2475 2987 2569 3044 sed
2591 2990 2645 3044 in
2671 2991 2853 3060 spiritu
2880 3001 2927 3046 et
2949 2984 3133 3048 uirtute,
3151 2992 3303 3050 Elite.
3333 2994 3476 3066 Quid
3502 3008 3614 3069 est,
3634 3000 3687 3055 in
3705 2999 3866 3070 spiritu

2287 3088 2335 3134 et
2362 3080 2544 3135 uirtute
2582 3079 2755 3138 Elite?
2792 3083 2850 3139 In
2887 3084 3075 3141 eodem
3118 3084 3319 3156 Spiritu
3356 3102 3552 3150 sancto
3589 3094 3706 3149 vice
3733 3093 3864 3148 Eliae.

2286 3172 2462 3240 Quare
2485 3174 2601 3231 vice
2622 3176 2788 3231 Eliae?
2807 3176 2937 3244 Quia
2966 3179 3106 3250 quod
3130 3181 3272 3237 Elias
3298 3186 3566 3253 secundo,
3593 3188 3696 3242 hoc
3717 3185 3866 3241 Joan-

2287 3281 2384 3322 nes
2422 3267 2597 3338 primo
2640 3268 2888 3324 adventui
2925 3269 3044 3328 fuit.
3081 3272 3243 3329 Recte
3280 3290 3409 3348 ergo
3445 3277 3619 3333 modo
3653 3277 3864 3335 Joannes

2288 3359 2505 3429 proprie
2542 3360 2834 3430 respondit.
2875 3361 3007 3417 Nam
3039 3364 3293 3424 Dominus
3321 3370 3576 3440 figurate,
3606 3369 3748 3427 Elius
3773 3370 3865 3440 ipse
3970 3386 3975 3395 ·

2289 3461 2362 3506 est
2386 3450 2653 3509 Joannes:
2686 3452 2787 3509 iste
2825 3464 3002 3512 autem
3025 3498 3040 3523 ,
3076 3466 3135 3513 ut
3160 3458 3297 3523 dixi,
3347 3464 3591 3533 praprie,
3629 3462 3863 3519 Nonum

2288 3561 2380 3616 ego
2418 3543 2584 3600 Elius.
2612 3545 2669 3601 Si
2700 3546 2915 3617 figuram
2947 3551 3319 3617 praecursionis
3343 3554 3620 3623 advertas,
3653 3556 3864 3613 Joannes

2288 3637 2404 3706 ipse
2427 3647 2511 3693 est
2539 3638 2683 3693 Elias
2717 3656 2730 3691 :
2761 3639 2902 3710 quod
2927 3641 3070 3697 enim
3099 3642 3190 3698 ille
3216 3644 3285 3700 ad
3303 3646 3536 3715 primum
3558 3648 3825 3704 adventum
3844 3687 3859 3714 ,

2289 3726 2392 3783 hoc
2422 3728 2510 3785 ille
2535 3728 2603 3784 ad
2633 3731 2922 3787 secundum
2953 3734 3076 3789 erit.
3121 3734 3177 3790 Si
3224 3739 3603 3809 proprietatem
3639 3752 3859 3811 personae

2289 3817 2602 3890 interroges,
2620 3819 2853 3877 Joannes
2874 3821 3124 3890 Joannes,
3152 3826 3293 3881 Elias
3319 3828 3460 3884 Elias
3484 3848 3500 3895 ;
3528 3831 3770 3886 Dominus
3786 3844 3859 3884 er-

2286 3923 2356 3980 go
2379 3909 2446 3964 ad
2469 3910 2947 3982 praeﬁgurationem
2978 3924 3143 3982 recte,
3181 3916 3301 3988 Ipse
3329 3930 3401 3975 est
3427 3920 3578 3977 Elius
3605 3940 3625 3978 :
3648 3923 3858 3978 Joannes
3952 3928 3957 3931 ‘
3998 3909 4001 3953 ἲ

2288 4010 2465 4041 ninam
2516 4010 2658 4041 rat-tn
2701 4002 2766 4041 ml
2811 4006 3186 4041 m-nnrimnmm
3266 4008 3376 4041 Νη..
3415 4027 3527 4041 ιω...
3575 4012 3710 4041 vn...
3762 4002 3881 4041 Νωδ
3998 3958 4001 4041 ‘

2288 4010 2466 4056 autem
2514 4010 2658 4057 recte
2699 4002 2766 4057 ad
2811 4006 3223 4076 proprietatem,
3255 4008 3378 4064 Non
3409 4027 3529 4067 sum
3566 4012 3729 4068 Elius.
3762 4002 3881 4066 Nec‘

2287 4092 2521 4149 Joannes
2550 4093 2761 4163 falsone,
2784 4111 2883 4152 nec
2903 4098 3158 4155 Dominus
3182 4099 3373 4158 falsum
3399 4123 3413 4158 :
3444 4121 3546 4161 nec
3574 4120 3746 4177 praeco
3770 4102 3856 4159 fal-
3998 4088 4001 4221 1

2288 4200 2406 4221 ειη-νη
2461 4200 2558 4221 mm
2590 4186 2749 4221 lmin-
2780 4187 2967 4221 Γειιρηηι
2989 4206 3002 4218 ο
3043 4192 3134 4221 ριν-1
3163 4192 3205 4221 .t
3235 4194 3496 4221 ζημίη---
3546 4198 3671 4221 n_-:..
3698 4203 3851 4221 ....ι.....

2288 4200 2429 4250 sum,
2461 4200 2560 4242 nec
2582 4186 2752 4243 Judex
2776 4187 3004 4255 falsum;
3043 4192 3137 4246 sed
3162 4192 3207 4247 si
3235 4194 3519 4264 intelligas.
3546 4198 3674 4266 Quis
3696 4203 3852 4250 autem

2287 4276 2577 4347 intelliget?
2605 4277 2705 4344 Qui
2737 4278 2970 4335 imitatus
2995 4280 3154 4337 fuerit
3192 4282 3546 4343 humilitatem
3578 4272 3851 4358 praeconis,

2286 4377 2342 4424 et
2372 4371 2683 4438 cognoverit
2706 4369 3075 4428 celsitudinem
3100 4373 3314 4442 judieis.
3346 4374 3485 4432 Nihil
3526 4378 3667 4435 enim
3693 4374 3852 4430 humi-

2288 4458 2389 4512 lius
2418 4457 2533 4528 ipso
2553 4473 2815 4528 praecone.
2847 4460 3062 4518 Fratres
3089 4464 3214 4532 mei,
3246 4466 3447 4521 nullum
3473 4476 3677 4524 tantum
3704 4462 3851 4521 meri-

2289 4560 2397 4605 tum
2435 4550 2665 4607 Joannes
2706 4552 2889 4609 habuit
2928 4572 3087 4625 quam
3124 4557 3191 4613 de
3228 4559 3326 4614 ista
3365 4559 3680 4627 humilitate,
3722 4553 3848 4629 quod

2286 4655 2408 4695 cum
2427 4650 2605 4709 posset
2632 4642 2813 4700 fallere
2835 4645 3097 4713 homines,
3125 4656 3180 4703 et
3207 4650 3379 4718 putari
3398 4650 3643 4707 Christus
3659 4691 3675 4717 ,
3691 4658 3741 4703 et
3761 4645 3848 4700 ba-

2285 4731 2397 4786 leeri
2430 4748 2525 4801 pro
2547 4730 2762 4788 Christo
2792 4737 2976 4806 (Laertae
3003 4736 3146 4792 enim
3179 4739 3366 4808 gratiae
3402 4749 3665 4812 tantaeque
3691 4734 3846 4794 excel-

2287 4822 2462 4877 lentiae
2488 4821 2623 4895 fuit),
2647 4824 2920 4880 confessus
2950 4835 3032 4883 est
3059 4837 3234 4883 tamen
3264 4841 3467 4900 aperte.
3490 4842 3546 4893 et
3567 4831 3715 4897 dixit,
3738 4825 3845 4882 Non

2285 4930 2395 4968 sinu
2427 4931 2518 4985 ego
2538 4913 2785 4971 Christus.
2811 4916 3074 4988 Numquid
3098 4928 3151 4975 tu
3170 4918 3315 4977 Elius
3333 4925 3423 4978 es?
3438 4924 3556 4981 Jam
3576 4927 3621 4981 si
3641 4923 3841 4982 diceret.

2286 5005 2429 5061 Elias
2471 5021 2619 5073 sum;
2661 5024 2788 5079 ergo
2820 5008 2928 5079 jam
2959 5011 3013 5066 in
3050 5013 3286 5069 secundo
3312 5014 3540 5074 adventu
3577 5013 3843 5072 adveniens

2283 5097 2521 5153 Christus
2561 5100 2852 5168 judicaret,
2882 5118 2986 5158 non
3015 5104 3190 5161 adhuc
3226 5107 3276 5161 in
3305 5108 3477 5178 primo
3515 5110 3836 5182 judicaretur.

2283 5191 2551 5259 Tanquam
2579 5192 2782 5259 dicens,
2810 5194 3075 5251 Venturos
3092 5206 3175 5252 est
3202 5208 3253 5253 et
3275 5199 3447 5263 Elias;
3473 5201 3593 5257 Non
3620 5215 3743 5262 sum.
3765 5195 3834 5251 Ῐη·

2281 5285 2414 5353 quit,
2446 5284 2608 5341 Elius.
2641 5288 2745 5345 Sed
2772 5291 3050 5348 observate
3075 5291 3355 5364 humilem,
3384 5306 3508 5354 ante
3535 5311 3686 5368 quem
3712 5288 3837 5345 venit

2280 5375 2537 5443 Joannes,
2584 5395 2650 5435 ne
2684 5382 2923 5436 sentiatis
2964 5383 3232 5439 excelsum
3271 5397 3395 5442 ante
3422 5403 3577 5459 quem
3602 5389 3833 5441 venturus

2279 5478 2359 5524 est
2410 5469 2570 5524 Elias.
2619 5470 2749 5525 Nam
2775 5482 2829 5527 et
2870 5472 3123 5530 Dominus
3159 5475 3226 5531 ita
3257 5479 3540 5548 complevit
3569 5496 3582 5533 :
3622 5474 3737 5544 Ipse
3769 5475 3834 5525 σει

2276 5559 2501 5615 Joannes
2534 5561 2765 5633 Baptista
2792 5564 2877 5635 qui
2902 5574 3137 5621 uenturus
3164 5578 3256 5623 est.
3287 5568 3402 5638 Ipsa
3433 5566 3830 5641 praefiguratione

2278 5652 2423 5708 venit
2450 5654 2579 5719 islc,
2621 5670 2722 5724 qua
2756 5657 3077 5726 proprietate
3117 5670 3371 5717 venturus
3400 5674 3483 5719 est
3507 5663 3664 5719 Elias.
3696 5654 3828 5711 Tunc

2280 5744 2421 5800 Elias
2439 5760 2535 5816 per
2560 5747 2935 5817 preprietatem
2960 5748 3102 5806 Elias
3126 5751 3249 5820 erit,
3274 5768 3414 5810 nunc
3433 5770 3531 5826 per
3550 5741 3825 5810 similitudio
