4036 6386
142 561 260 604 nem
296 544 540 603 Joannes
580 554 716 602 erat.
754 543 913 603 Modo
944 544 1177 603 Joannes
1212 559 1309 618 per
1344 548 1724 618 proprietatem

106 656 113 671 '
141 641 388 703 Joannes.
419 655 516 711 per
540 638 942 695 similitudinem
972 630 1116 695 Elius
1141 639 1279 695 est'.
1316 638 1491 697 Ambo
1519 654 1723 709 praco-

140 748 232 792 nes
254 733 357 789 sibi
376 733 641 788 dederunt
661 732 1035 789 similitudines
1057 746 1202 799 suas,
1223 740 1279 788 et
1301 741 1584 788 tenuerunt
1604 746 1725 801 pro-

138 827 390 897 prietates
416 838 540 879 suas
576 841 592 878 :
630 838 769 879 unus
791 832 970 879 autem
1001 823 1257 880 Dominus
1274 821 1460 895 judex,
1491 824 1604 879 sive
1633 823 1725 878 illo

106 922 115 931 ‘
137 930 382 988 pacemne
402 915 756 986 praecedente,
784 915 899 971 sive
922 916 1034 969 illo.

100 1006 113 1037 ί
205 1011 256 1066 7.
285 1007 352 1064 Et
381 1010 813 1081 interrogaverunt
838 1023 986 1063 eum:
1019 1006 1154 1075 Quid
1180 1008 1334 1080 ergo?
1360 1005 1504 1061 Elias
1549 1022 1603 1062 es
1628 1006 1725 1060 tu?

138 1101 203 1157 Et
224 1103 354 1158 dixit
374 1119 396 1158 :
419 1100 561 1157 Non.
597 1098 667 1155 Et
691 1101 927 1156 dixerunt
954 1100 1036 1155 ei:
1061 1098 1320 1170 Pmpheta
1343 1116 1397 1153 es
1423 1108 1476 1153 tu
1499 1100 1525 1153 2
1554 1098 1621 1153 Et
1646 1116 1725 1154 re-
1772 1098 1775 1101 ’

137 1196 333 1266 spondit
352 1196 383 1251 2
411 1192 553 1249 Non.
591 1192 837 1248 Dixerunt
856 1208 974 1264 ergo
993 1192 1038 1246 ei
1060 1205 1080 1245 :
1106 1191 1232 1257 Quis
1250 1207 1303 1245 es
1323 1200 1374 1244 tu
1394 1190 1422 1244 2
1444 1202 1495 1244 ιιι
1518 1207 1722 1260 respon—

138 1302 242 1342 sant
262 1287 438 1342 demus
460 1286 539 1340 Itis
574 1286 661 1354 qui
690 1285 930 1340 miserunt
967 1299 1078 1339 nos.
1112 1281 1247 1349 Quid
1272 1281 1399 1336 dicis
1438 1281 1503 1336 de
1525 1282 1724 1350 teipse?

140 1381 254 1436 Ait:
292 1378 408 1452 Ego
436 1394 535 1433 eoa:
568 1378 834 1451 clamantis
870 1377 923 1429 in
952 1374 1166 1429 deserto.
1208 1372 1370 1428 Isaias
1420 1373 1547 1428 illud
1586 1372 1722 1428 dixit

143 1470 292 1541 (lsa.,
319 1486 423 1535 λι,
453 1470 513 1541 5)
558 1468 615 1523 ln
653 1467 860 1524 Joanne
898 1465 1176 1536 prophetia
1212 1465 1308 1519 ista
1340 1464 1553 1533 impleta
1595 1472 1716 1529 est,

141 1563 251 1636 Ego
270 1580 368 1618 eoa:
390 1562 655 1618 clamantis
682 1560 735 1614 in
759 1560 974 1614 deserto.
1002 1558 1139 1626 Quid
1166 1557 1483 1612 clamantis?
1506 1555 1721 1628 Dirigite

140 1657 266 1709 siam
284 1654 510 1719 Domini,
535 1663 696 1708 rectas
721 1651 871 1724 facite
886 1650 1090 1705 semitas
1108 1648 1205 1703 Dei
1226 1650 1401 1704 nostri.
1428 1648 1543 1704 Non
1573 1650 1720 1704 vobis

141 1744 346 1802 videtur
371 1744 634 1817 praeconis
658 1757 778 1798 esse
796 1740 999 1809 dicere‘,
1029 1739 1203 1805 Exite,
1230 1737 1387 1795 facite
1408 1739 1584 1794 viam?
1607 1738 1718 1794 Nisi

142 1837 277 1909 quod
305 1851 479 1907 pra-co
507 1835 659 1890 Exite
685 1832 851 1889 dicit:
881 1831 1116 1888 Joannes
1140 1830 1289 1897 dicit,
1315 1827 1523 1885 Venite.
1554 1831 1596 1883 Α
1635 1829 1721 1899 ju-

143 1930 253 1987 dice
274 1930 478 2000 repellit
518 1941 714 1999 przrco,
741 1926 811 1980 ad
845 1924 1081 1995 judicem
1124 1930 1283 1979 vocat
1328 1922 1575 1977 Joannes.
1607 1921 1718 1975 lmo

146 2031 295 2076 vocat
319 2020 545 2076 Joannes
564 2018 632 2073 ad
663 2017 939 2083 humilem,
971 2031 1041 2070 ne
1056 2013 1222 2085 judex
1252 2014 1509 2068 sentiatur
1536 2012 1715 2067 excel-

141 2128 251 2168 sus.
278 2110 388 2183 Ego
409 2126 501 2165 eoa:
517 2108 784 2164 clamantis
807 2108 861 2161 in
880 2108 1095 2171 deserto,
1117 2105 1317 2176 dirigite
1335 2105 1467 2158 viam
1484 2101 1715 2170 Domini,

141 2204 268 2258 sicut
287 2202 411 2257 dixit
430 2199 592 2255 Isaias
606 2199 872 2271 propheta.
889 2196 1006 2253 Non
1027 2197 1180 2264 dixit,
1201 2196 1309 2266 Ego
1329 2209 1445 2249 sum
1462 2194 1711 2260 Joannes,

144 2311 241 2367 ego
255 2310 372 2351 sum
393 2293 549 2358 Elias,
570 2292 680 2363 Ego
696 2306 812 2345 sum
837 2290 1116 2361 propheta.
1140 2288 1244 2343 Sed
1271 2287 1398 2358 quid
1418 2287 1586 2342 dixit?
1606 2288 1717 2343 lloc

146 2402 322 2455 vocor,
350 2386 457 2442 Vos:
473 2385 742 2442 clamantis
764 2385 820 2439 in
835 2382 1052 2449 deserto,
1069 2380 1289 2454 Dirigite
1303 2384 1436 2437 viam
1455 2381 1673 2437 Domino
1697 2401 1711 2437 :

145 2496 241 2553 ego
260 2496 375 2536 sum
393 2480 504 2551 ipsa
531 2476 827 2550 prophetia.

209 2573 264 2630 8.
286 2572 354 2628 Et
378 2573 463 2642 qui
482 2571 618 2627 missi
646 2574 870 2641 fuerant,
910 2575 1053 2625 erant
1073 2585 1135 2624 ea:
1172 2567 1450 2623 Phariswis
1477 2582 1496 2623 :
1519 2566 1573 2623 id
1602 2576 1711 2634 est,

148 2679 207 2719 ex
227 2663 547 2736 principibus
576 2662 905 2719 Judazorum.
933 2659 1002 2715 Et
1023 2661 1472 2731 interrogaverunt,
1495 2670 1542 2714 et
1568 2659 1713 2715 dixe-

148 2768 256 2812 runt
272 2758 353 2814 ei:
377 2756 510 2823 Quid
534 2772 653 2828 ergo
673 2755 921 2825 baptizas,
942 2754 988 2808 si
1008 2763 1061 2808 tu
1091 2769 1193 2807 non
1211 2769 1262 2808 es
1285 2751 1534 2819 Christus,
1557 2769 1716 2823 neque

151 2846 304 2915 Elius,
332 2865 484 2919 neque
506 2847 796 2920 propheta?
830 2845 993 2914 Quasi
1022 2845 1255 2899 audacia:
1294 2844 1572 2900 videbatur
1597 2859 1715 2900 esse

151 2940 430 3013 baptizare,
460 2941 642 3012 quasi,
673 2939 732 2995 In
759 2956 862 3010 qua
887 2938 1153 3010 persona?
1195 2937 1492 3004 Quaerimus
1536 2945 1711 2992 utrum

151 3043 201 3090 tu
225 3034 590 3099 sistristus;
624 3041 680 3088 tu
714 3032 849 3088 dicis
875 3041 929 3088 te
969 3046 1075 3087 non
1116 3045 1236 3086 esse
1278 3048 1291 3085 :
1330 3031 1617 3102 quaerimus
1648 3046 1715 3086 ne

154 3126 279 3184 forte
312 3142 602 3198 praecursor
628 3125 768 3181 illius
799 3125 875 3180 sis
894 3165 909 3189 ,
934 3123 1059 3195 quia
1090 3123 1335 3178 novimus
1363 3133 1485 3178 ante
1514 3123 1715 3179 Christi

152 3219 415 3276 adventum
434 3228 715 3274 venturum
740 3231 861 3273 esse
886 3216 1086 3283 Eliam;
1126 3231 1290 3287 negas
1311 3224 1362 3272 te
1385 3232 1507 3273 esse
1527 3234 1539 3269 :
1564 3232 1713 3287 qua:-

154 3310 307 3367 rimns
327 3327 390 3367 ne
418 3312 554 3368 forte
591 3309 783 3382 aliquis
811 3309 1032 3365 multum
1071 3311 1402 3381 praeveniens
1429 3324 1604 3380 praeco
1631 3325 1711 3376 es,

153 3400 200 3456 id
212 3411 292 3457 est
307 3402 574 3473 propheta,
594 3410 650 3457 et
671 3401 920 3471 accepisti
939 3400 1075 3455 hanc
1098 3408 1411 3471 potestatem
1431 3416 1447 3467 ;
1472 3415 1570 3455 nec
1587 3415 1715 3471 pro-

155 3492 348 3563 phetam
370 3502 421 3550 te
442 3508 562 3550 esse
586 3488 740 3549 dicis.
770 3491 838 3547 Et
860 3506 967 3547 non
995 3500 1113 3547 erat
1138 3490 1395 3562 propheta
1432 3490 1666 3547 Joannes
1697 3510 1712 3547 :

154 3587 310 3658 major
329 3596 440 3643 erat
461 3601 621 3658 quam
641 3584 923 3657 propheta.
958 3584 1214 3639 Dominus
1237 3585 1303 3638 de
1325 3584 1414 3639 illo
1436 3584 1541 3639 tale
1564 3584 1718 3640 testi-

154 3678 371 3733 monium
396 3677 543 3735 dedit
573 3694 589 3730 ε
620 3675 759 3743 Quid
776 3675 947 3730 existis
971 3674 1022 3729 in
1040 3675 1290 3730 desertum
1306 3674 1471 3728 videre
1493 3674 1518 3728 2
1547 3674 1717 3729 Arun-

156 3770 308 3824 ἄλαι
334 3780 473 3825 vento
512 3769 717 3841 agitari.
773 3766 990 3836 Utique,
1020 3765 1137 3821 Non
1166 3776 1324 3821 vento
1352 3765 1560 3836 agitari,
1583 3765 1713 3821 sub-

155 3863 317 3929 audis;
345 3863 462 3935 quia
502 3876 609 3917 non
640 3860 744 3915 hoc
767 3868 883 3916 erat
904 3859 1138 3914 Joannes
1157 3900 1173 3925 ,
1204 3858 1356 3928 quasi
1381 3858 1469 3929 (ιυί
1496 3873 1526 3912 a
1555 3865 1716 3913 vento

155 3965 468 4009 moveretur:
504 3952 597 4024 qui
623 3951 765 4007 enim
798 3967 831 4006 a
864 3957 1021 4006 vento
1050 3955 1314 4014 movetur,
1357 3947 1716 4003 circntnllatur

158 4047 285 4103 omni
311 4047 504 4118 spiritu
529 4044 852 4101 seductorio.
884 4042 991 4099 Sed
1018 4042 1141 4114 quid
1165 4042 1338 4097 existis
1375 4041 1579 4096 videre?
1605 4040 1717 4095 Ho-

159 4138 321 4194 minem
357 4139 588 4193 mollibus
623 4135 894 4191 vestitum?
923 4134 1256 4190 Vestiebatur
1297 4134 1438 4190 enim
1482 4133 1714 4188 Joannes

158 4231 359 4300 asperis,
384 4230 435 4285 id
476 4238 580 4296 est,
608 4227 786 4283 tunica
822 4225 958 4281 facta
984 4225 1053 4280 de
1089 4225 1209 4296 pilis
1233 4225 1442 4281 cameli.
1471 4222 1607 4279 Ecce
1628 4225 1725 4296 qui

158 4324 365 4379 mollibus
398 4323 697 4387 vestiuntur,
724 4322 779 4375 in
815 4319 1046 4374 dantibus
1072 4335 1246 4391 regum
1269 4328 1403 4373 sunt.
1432 4319 1547 4374 Non
1587 4335 1714 4391 ergo

157 4417 317 4474 existis
346 4417 526 4472 videre
553 4415 821 4469 hominem
865 4412 1117 4468 mollibus
1141 4414 1411 4467 vestitum.
1451 4413 1557 4469 Sed
1591 4413 1714 4484 quid

156 4506 303 4564 enim
323 4509 486 4564 videre
504 4508 531 4562 2
558 4504 904 4576 PrOphetam?
930 4502 1018 4557 Ita
1047 4502 1159 4558 dico
1188 4502 1342 4569 vobis,
1374 4504 1540 4574 major
1564 4520 1716 4574 quant

157 4600 374 4669 propheta
394 4601 473 4654 hic
504 4597 715 4670 (Matth.
736 4594 880 4661 x1,7,
897 4595 952 4661 8,
972 4593 1029 4668 9)
1067 4613 1081 4650 :
1109 4594 1230 4665 quia
1260 4594 1532 4666 propheta:
1559 4596 1714 4666 longe

157 4700 265 4746 ante
301 4690 782 4762 praanuntiaverunt
809 4729 826 4757 ,
868 4686 1102 4743 Joannes
1141 4694 1459 4757 praesentem
1495 4686 1716 4742 demon-

157 4784 349 4840 strabat.
1688 4848 1693 4853 ,

216 4879 264 4933 9.
304 4877 434 4945 Quid
457 4894 579 4950 ergo
605 4885 658 4931 tu
685 4875 932 4947 baptizas,
959 4874 1006 4929 si
1042 4888 1097 4929 tu
1123 4890 1224 4929 non
1258 4890 1310 4929 es
1337 4872 1596 4944 Christus,
1622 4891 1714 4930 nc-

117 5021 120 5025 .
159 4984 236 5036 que
270 4967 425 5037 Elius,
463 4986 622 5040 neque
663 4967 943 5040 prapheta?
970 4965 1250 5038 Respondit
1279 4967 1350 5021 eis
1384 4964 1632 5035 Joannes,
1668 4974 1716 5021 et

163 5060 268 5114 dixit
292 5076 309 5116 :
335 5060 444 5134 Ego
466 5063 663 5131 baptiso
681 5063 736 5115 in
754 5074 925 5130 aqua;
951 5058 1145 5113 medius
1165 5066 1333 5112 autem
1359 5065 1573 5113 vestrum
1583 5058 1716 5113 stetit

165 5166 283 5217 quem
304 5168 397 5208 cos
412 5153 630 5209 nescitis.
654 5150 878 5206 Humilis
897 5150 1039 5206 enim
1064 5164 1169 5204 non
1188 5146 1489 5219 videbatur,
1514 5155 1570 5203 et
1593 5164 1716 5218 pro-

168 5249 317 5308 mersa
336 5245 549 5300 lucerna
565 5256 785 5298 accensa
799 5249 899 5297 est.
923 5238 1112 5295 Videte
1131 5237 1396 5309 quomodo
1411 5238 1501 5294 dat
1517 5239 1710 5306 locum,

168 5334 382 5399 quialind
405 5344 587 5408 posset
612 5334 806 5407 putari.
844 5330 965 5404 Ipse
987 5342 1061 5387 est
1081 5332 1168 5399 qui
1193 5340 1303 5402 post
1344 5347 1424 5385 me
1459 5332 1611 5397 venit,
1627 5332 1715 5404 qui

172 5434 265 5480 ante
280 5443 352 5481 me
375 5428 534 5497 factus
552 5437 644 5482 est.
676 5426 824 5483 Sicut
849 5425 956 5495 jam
984 5422 1243 5488 diximus,
1271 5421 1323 5477 id
1361 5430 1459 5488 est,
1490 5431 1714 5492 antepo-

174 5515 283 5572 situs
298 5528 375 5575 est
389 5520 535 5575 mihi.
555 5517 714 5589 Cujus
728 5533 817 5590 ego
832 5533 934 5572 non
952 5531 1063 5571 sum
1086 5515 1268 5585 dignus
1286 5523 1339 5567 ut
1354 5514 1543 5568 solvam
1559 5513 1718 5567 corri-

177 5610 286 5679 ςῦιιιι
296 5613 605 5671 coiceamenti
618 5612 748 5687 ejus.
762 5598 1026 5679 Quantum
1044 5624 1103 5664 se
1117 5607 1341 5679 abiecit?
1357 5607 1425 5663 Et
1440 5607 1559 5662 ideo
1575 5606 1716 5662 mul-

224 5740 1720 5823 Emmmltodmwmwwmlw

430 5816 571 5888 sedo
587 5808 1258 5888 locum",me
1277 5819 1481 5863 JW
1501 5814 1590 5873 εδευ
1604 5815 1718 5862 ωηο

177 5885 247 5931 sa
258 5875 605 5935 ωηιξη.
621 5876 753 5933 Elius

1349 445 1761 512 TRACTATUS
1796 450 1884 509 ιν.
1922 450 2149 517 CAPUT
2185 455 2230 517 ι.

1830 470 1884 509 v.
1922 470 2149 517 υΑινυΤ
2185 470 2230 517 ι.
3276 470 3410 533 tuo

1830 558 1940 605 tum
1955 549 2193 608 elevatus
2212 560 2329 620 est;
2350 555 2600 626 quoniam
2620 557 2711 631 qui
2734 574 2795 615 se
2818 560 3078 630 humiliat,
3094 564 3410 624 exaltabitur

1833 639 1984 712 (Luc.
2015 659 2124 711 xw,
2170 643 2279 717 11).
2310 644 2465 704 Unde
2490 647 2652 705 debet
2690 652 2869 709 videre
2900 652 3170 712 Sanctitas
3199 667 3406 725 vestra,

1829 732 1950 801 quia
1978 732 2022 787 si
2042 732 2275 790 Joannes
2296 735 2374 794 sic
2397 752 2457 793 se
2477 736 2794 809 bumiliavit,
2824 752 2880 798 ut
2901 743 3126 812 diceret,
3156 744 3279 802 Non
3298 765 3412 804 sum

1827 840 1919 894 ego
1962 825 2147 898 dignus
2181 829 2452 901 corrigiam
2491 831 2721 901 soleae;
2762 837 3030 905 quomodo
3073 838 3269 897 habent
3306 840 3412 899 hu-

1826 914 2042 982 miliari,
2072 918 2161 988 qui
2188 918 2370 978 dicunt
2396 940 2410 976 :
2438 922 2546 979 Nos
2568 924 2914 997 baptizamus,
2941 945 3040 986 nos
3062 932 3202 1003 quod
3222 933 3414 992 damus

1826 1018 2064 1065 nostrum
2091 1020 2206 1075 est.
2235 1023 2290 1069 et
2324 1015 2466 1086 quod
2493 1027 2732 1074 nostrum
2754 1031 2833 1076 est
2851 1061 2868 1088 ,
2905 1032 3145 1080 sanctum
3183 1035 3285 1082 est.
3317 1026 3413 1085 llle

1825 1098 1986 1193 dicit,
2013 1101 2128 1157 Non
2167 1118 2286 1174 ego,
2318 1106 2413 1162 sed
2456 1108 2547 1165 ille
2575 1125 2590 1163 :
2624 1110 2697 1165 illi
2736 1112 2952 1181 dicunt,
2985 1114 3095 1172 Nos
3129 1117 3263 1193 (a).
3293 1118 3410 1177 Non

1827 1199 1911 1246 est
1956 1191 2148 1262 dignus
2189 1194 2423 1254 Joannes
2470 1201 2683 1258 solvere
2724 1205 3007 1277 corrigiam
3060 1191 3410 1269 calceamenti

1824 1282 1940 1351 ejus
1964 1301 1978 1337 :
2005 1284 2149 1353 quod
2175 1286 2223 1342 si
2248 1287 2461 1359 dignum
2492 1306 2551 1347 se
2578 1292 2801 1361 diceret,
2828 1312 2986 1368 quam
3007 1283 3219 1357 humilis
3244 1304 3410 1360 esset?

1825 1374 1894 1429 Et
1920 1376 1965 1431 si
1990 1377 2207 1448 dignum
2227 1394 2287 1436 se
2308 1380 2532 1451 diceret,
2562 1394 2619 1441 et
2633 1386 2710 1441 sic
2731 1386 2956 1458 diceret,
2987 1390 3083 1447 llle
3107 1393 3254 1449 venit
3282 1404 3407 1465 post

1824 1481 1932 1534 me,
1960 1471 2194 1538 quiante
2220 1487 2308 1527 me
2337 1472 2505 1530 factus
2530 1485 2632 1540 est,
2664 1477 2818 1547 cujus
2838 1483 3203 1538 tantummodo
3229 1487 3404 1542 corri-

1823 1559 1960 1630 giam
1982 1562 2324 1619 calceamenti
2347 1565 2537 1636 dignus
2562 1582 2679 1623 sum
2709 1570 2946 1637 solvere;
2974 1573 3197 1640 multum
3220 1591 3279 1631 se
3302 1575 3405 1633 hu-

1824 1651 2100 1708 miliasset.
2123 1653 2346 1722 Quando
2374 1667 2549 1713 autem
2580 1675 2681 1717 nec
2707 1660 2773 1716 ad
2800 1662 2903 1718 hoc
2929 1663 3146 1734 dignum
3166 1680 3226 1723 se
3251 1666 3403 1733 dicit,

1825 1758 1950 1798 vere
1974 1745 2164 1815 plenus
2190 1746 2390 1817 Spiritu
2424 1759 2610 1806 sancto
2633 1762 2768 1819 erat,
2796 1754 2885 1824 qui
2920 1754 2997 1811 sic
3020 1771 3203 1813 servus
3224 1757 3403 1816 Domi-

1823 1850 1946 1888 num
1968 1838 2199 1906 agnovit,
2232 1848 2286 1894 et
2303 1856 2366 1895 ex
2393 1856 2555 1897 servo
2582 1844 2786 1900 amicus
2815 1845 2929 1901 ﬁeri
2955 1850 3169 1904 meruit.

1879 1926 1980 1995 10.
2025 1926 2152 1983 Hcce
2178 1930 2231 1983 in
2255 1929 2505 1987 Bethania
2528 1939 2664 2004 facta
2688 1946 2806 1991 sunt
2829 1947 2968 1992 trans
2991 1938 3286 2006 Iordanem,
3317 1943 3402 1998 ubi

1821 2029 1928 2074 erat
1950 2018 2177 2076 Joannes
2208 2022 2487 2093 baptizans.
2524 2026 2699 2082 Altera
2726 2030 2809 2083 die
2831 2031 2954 2084 vidit
2975 2030 3200 2088 Joannes
3227 2034 3406 2091 Jesum

1822 2111 2095 2165 venientem
2119 2113 2187 2166 ad
2214 2130 2287 2177 se,
2319 2124 2364 2168 et
2392 2117 2462 2169 ait
2486 2131 2505 2171 :
2529 2116 2661 2172 Ecce
2683 2120 2856 2190 Agnus
2884 2120 2997 2187 Dei,
3029 2139 3139 2177 ecce
3164 2126 3251 2195 qui
3275 2125 3406 2181 tollit

1822 2212 2079 2269 peccatum
2105 2205 2299 2259 mundi.
2329 2206 2496 2262 Nemo
2523 2210 2622 2263 sibi
2647 2221 2878 2281 arroget,
2906 2223 2961 2267 et
2982 2213 3124 2269 dicat
3146 2216 3264 2285 quia
3293 2217 3406 2287 ipse

1820 2294 2025 2350 auferat
2052 2307 2325 2366 peceatum
2353 2301 2551 2355 mundi.
2577 2301 2694 2358 Jam
2723 2304 2977 2361 intendite
3001 2309 3040 2374 ί,
3067 2319 3252 2365 contra
3272 2326 3406 2380 quos

1819 2386 2080 2453 superbos
2111 2388 2415 2445 intendebat
2448 2391 2669 2463 digitum
2698 2394 2951 2451 Joannes.
2978 2396 3222 2456 Nondum
3252 2412 3406 2459 erant

1821 2476 1930 2531 nati
1962 2476 2218 2543 haeretici,
2248 2490 2301 2535 et
2326 2482 2433 2547 jam
2461 2484 2880 2542 ostendebantur
2903 2506 2916 2541 :
2943 2498 3125 2544 contra
3151 2490 3272 2547 illos
3298 2492 3407 2549 cla-

1821 2567 1998 2621 mabat
2045 2578 2167 2624 tunc
2207 2584 2237 2623 a
2279 2569 2459 2637 ﬂuvio,
2504 2584 2685 2628 contra
2731 2591 2865 2645 quos
2906 2578 3064 2634 modo
3101 2582 3296 2638 clamat
3338 2598 3410 2641 ex

1821 2654 2126 2728 Evangelia.
2156 2659 2309 2716 Venit
2328 2660 2481 2717 Jesus
2505 2679 2521 2727 ;
2546 2671 2602 2719 et
2625 2666 2750 2734 quid
2774 2666 2904 2722 dicit
2924 2668 3055 2724 ille?
3078 2669 3211 2726 Ecce
3233 2672 3407 2745 Agnus

1818 2745 1935 2802 Dei.
1974 2749 2031 2804 Si
2070 2765 2238 2820 agnus
2273 2752 2548 2816 innocens,
2582 2765 2637 2810 et
2675 2755 2909 2814 Joannes
2952 2774 3140 2830 agnus.
3171 2762 3254 2818 An
3298 2778 3405 2821 non

1820 2848 1873 2895 et
1903 2841 2019 2911 ipse
2041 2843 2337 2899 innocens?
2362 2846 2469 2901 Sed
2492 2847 2610 2917 quis
2636 2849 2936 2906 innocens?
2960 2862 3215 2923 quantum
3247 2855 3403 2913 inno-

1819 2949 1944 2990 cens
1967 2936 1990 3013 ?
2010 2933 2216 3020 Diones
2244 2954 2308 2993 ex
2352 2939 2440 2995 illa
2484 2940 2701 2997 traduce
2731 2944 2950 2999 veniunt
2983 2954 3038 3001 et
3066 2962 3132 3003 ex
3160 2948 3247 3005 illa
3286 2966 3405 3020 pro—

1821 3008 2043 3101 pagine,
2079 3031 2147 3089 de
2172 3048 2276 3104 qua
2306 3044 2478 3090 cantat
2521 3051 2737 3107 gemens
2770 3038 2932 3093 David
2958 3058 2969 3093 :
3002 3040 3113 3113 Ego
3142 3043 3192 3097 in
3223 3008 3406 3115 iniqui?

1821 3129 1920 3173 tate
1947 3132 2215 3193 conceptus
2252 3140 2393 3190 sum,
2430 3126 2558 3180 etin
2587 3127 2803 3199 peccatis
2841 3141 2998 3186 mater
3024 3149 3136 3187 mea
3176 3135 3230 3189 in
3268 3144 3405 3191 utero

1820 3226 1900 3263 me
1922 3212 2047 3265 aluit
2076 3212 2095 3283 (
2120 3211 2261 3269 Psal.
2295 3230 2346 3282 ι,
2376 3214 2467 3288 7).
2493 3215 2652 3273 Solus
2680 3234 2809 3291 ergo
2837 3219 2924 3277 ille
2950 3225 3148 3293 Agnus,
3179 3226 3268 3295 qui
3295 3241 3402 3283 non

1819 3303 1898 3358 sic
1948 3306 2109 3361 venit.
2163 3306 2278 3361 Non
2332 3309 2473 3364 enim
2527 3311 2581 3366 in
2624 3312 2897 3383 iniquitate
2936 3326 3226 3387 conceptus
3281 3328 3401 3388 est;

1820 3396 1940 3465 quia
1979 3410 2084 3450 non
2124 3396 2193 3453 de
2228 3400 2547 3456 mortalitate
2576 3414 2867 3473 conceptus
2904 3415 3021 3461 est:
3052 3423 3152 3464 nec
3188 3424 3307 3465 eum
3350 3411 3406 3468 in

1820 3486 2055 3556 peccatis
2094 3497 2264 3545 mater
2291 3491 2407 3558 ejus
2445 3491 2496 3546 in
2539 3501 2690 3549 utero
2717 3495 2846 3549 aluit
2867 3537 2880 3559 ,
2912 3512 3068 3566 quem
3098 3499 3245 3571 virgo
3272 3516 3404 3557 con-

1819 3578 1976 3647 cepit,
2002 3579 2152 3649 virgo
2181 3582 2419 3649 peperit;
2448 3582 2567 3652 quia
2600 3584 2705 3640 lide
2728 3587 2990 3655 concepit,
3017 3597 3070 3643 et
3096 3586 3198 3644 [ide
3227 3606 3406 3648 susce-

1820 3667 1915 3738 pit.
1948 3668 2088 3739 Ergo
2123 3686 2235 3725 ecce
2275 3670 2448 3741 Agnus
2492 3671 2604 3727 Dei.
2640 3674 2756 3730 Non
2791 3675 2952 3733 habet
2994 3678 3093 3734 iste
3136 3681 3406 3740 traducem

1819 3758 1888 3813 de
1918 3759 2086 3814 Adam
2112 3779 2126 3815 :
2154 3776 2368 3817 carnem
2399 3771 2602 3819 tantum
2637 3767 2864 3836 sumpsit
2902 3767 2969 3823 de
2996 3769 3184 3837 Adam,
3218 3787 3406 3843 pecca-

1819 3859 1930 3906 tum
1974 3867 2081 3908 non
2127 3856 2430 3925 assumpsit.
2478 3856 2576 3924 Qui
2632 3873 2737 3912 non
2783 3861 3069 3931 assumpsit
3110 3863 3175 3917 de
3224 3874 3403 3923 nostra

1819 3961 1992 4002 massa
2017 3957 2314 4017 peceatum,
2338 3950 2452 4017 ipse
2471 3959 2554 4004 est
2573 3951 2661 4020 qui
2685 3951 2820 4006 tollit
2840 3962 3080 4009 nostrum
3104 3966 3399 4026 peccatum.

1819 4036 1955 4093 Ecce
1976 4039 2150 4111 Agnus
2177 4039 2289 4107 Dei,
2317 4057 2426 4095 ecce
2452 4042 2540 4113 qui
2563 4043 2693 4097 tollit
2718 4055 2977 4114 peccatum
3005 4049 3199 4102 mundi.

1891 4130 1976 4184 11.
2017 4128 2191 4186 Nastis
2220 4131 2342 4201 quia
2365 4132 2578 4201 quidam
2609 4133 2851 4190 homines
2876 4136 3056 4192 dicunt
3081 4139 3360 4210 aliquando
3384 4160 3399 4199 :

1818 4222 1927 4278 Nos
1961 4221 2193 4278 tollimus
2224 4232 2436 4293 peccata
2478 4224 2813 4293 hominibus,
2842 4229 2929 4297 qui
2969 4239 3135 4284 sancti
3175 4248 3399 4289 smnus:

1819 4312 1864 4368 si
1907 4314 2051 4369 enim
2103 4329 2208 4368 non
2255 4313 2412 4369 fuerit
2455 4325 2668 4371 sanctus
2715 4318 2802 4387 qui
2848 4318 3095 4389 baptiznt,
3134 4322 3400 4392 quomodo

1820 4406 1959 4460 tollit
2005 4416 2277 4476 peceatum
2318 4400 2557 4473 altei'ius,
2588 4423 2709 4462 cum
2753 4408 2822 4465 sit
2863 4409 3024 4466 homo
3063 4413 3174 4482 ipso
3210 4413 3400 4485 plenus

1821 4496 2082 4566 peccato?
2106 4497 2303 4553 Contra
2335 4498 2460 4553 istas
2487 4498 2872 4569 disputationes
2897 4503 3055 4558 verba
3086 4516 3264 4561 nostra
3290 4523 3397 4565 non

1818 4588 2078 4655 dicamus,
2103 4590 2241 4644 hunc
2270 4590 2503 4659 legamus
2527 4609 2541 4645 :
2565 4591 2696 4646 Ecce
2714 4593 2883 4665 Agnus
2899 4593 3013 4658 Dei.
3040 4613 3151 4650 ecce
3170 4598 3256 4667 qui
3271 4599 3402 4654 tollit
3454 4644 3459 4648 .

1820 4690 2079 4751 peccatum
2116 4681 2309 4735 mundi.
2352 4681 2466 4737 Non
2507 4682 2577 4739 sit
2619 4685 2962 4756 praesumptio
2998 4685 3298 4745 hominibus
3342 4690 3393 4747 in

1820 4769 2102 4825 homines:
2133 4786 2239 4825 non
2272 4773 2607 4843 transmigret
2636 4788 2822 4845 passer
2851 4777 2903 4831 in
2937 4787 3175 4845 montes,
3207 4780 3259 4834 in
3290 4781 3396 4836 Do-

1820 4862 1966 4918 mino
1990 4862 2222 4917 conﬁdat
2248 4861 2416 4934 (Psal.
2446 4878 2504 4930 ι,
2524 4862 2585 4931 2)
2608 4878 2622 4930 ;
2648 4875 2702 4921 et
2725 4866 2770 4921 si
2796 4866 2933 4921 levat
2957 4869 3140 4924 oculos
3166 4870 3221 4924 in
3245 4886 3389 4927 mon-

1821 4963 1920 5017 tes,
1950 4954 2090 5012 unde
2118 4956 2294 5012 veniet
2318 4956 2570 5012 auxilium
2609 4958 2680 5024 ei,
2712 4957 2970 5030 intelligat
2997 4962 3117 5032 quia
3144 4964 3396 5021 auxilium

1820 5049 1936 5120 ejus
1962 5062 1994 5104 a
2018 5049 2261 5116 Domino,
2290 5049 2376 5119 qui
2397 5047 2521 5105 fecit
2547 5050 2742 5105 caelum
2772 5060 2827 5107 et
2850 5061 3043 5109 terram
3072 5053 3241 5127 (Psal.
3265 5070 3398 5127 cxx‘,

1822 5143 1875 5207 1,
1904 5142 1941 5197 2
1958 5140 1998 5215 ).
2031 5142 2214 5198 Tantae
2259 5142 2586 5199 excellentia:
2611 5141 2843 5201 Joannes
2862 5187 2877 5211 ,
2906 5147 3098 5205 dicitur
3123 5149 3174 5206 ei
3192 5192 3208 5216 ,
3235 5151 3314 5206 Tu
3341 5168 3402 5209 es

1820 5236 2105 5292 Christus?
2135 5236 2287 5299 Dicit,
2319 5234 2455 5290 Non.
2486 5235 2564 5291 Tu
2590 5250 2651 5292 es
2679 5236 2867 5294 Elias?
2893 5239 3047 5309 Dicit,
3078 5241 3215 5299 Non.
3238 5243 3316 5299 Tu
3341 5260 3402 5301 es

1820 5328 2119 5401 propheta?
2164 5330 2325 5390 ltit-it,
2371 5328 2505 5383 Non.
2554 5328 2729 5398 Quare
2777 5345 2908 5403 ergo
2950 5332 3226 5403 baptizas?
3269 5335 3401 5391 Ecce

1824 5426 1994 5493 Agnus
2024 5421 2137 5486 Dei,
2166 5437 2275 5476 ecce
2306 5421 2391 5492 qui
2424 5419 2554 5475 tollit
2586 5432 2843 5492 peccatum
2874 5425 3052 5478 mundi
3078 5439 3097 5478 :
3130 5425 3211 5479 hic
3238 5433 3309 5480 est
3336 5425 3401 5480 de

1821 5534 1918 5579 quo
1943 5516 2069 5580 dixi,
2103 5512 2227 5569 Post
2259 5531 2338 5568 nte
2364 5514 2495 5568 venit
2523 5514 2597 5568 vir
2618 5514 2705 5585 qui
2733 5524 2848 5569 ante
2875 5532 2954 5570 me
2978 5517 3142 5585 factus
3166 5523 3256 5583 est,
3282 5517 3402 5583 quia

1827 5609 1964 5680 prior
1988 5625 2067 5662 nte
2092 5617 2217 5661 erat.
2250 5604 2372 5660 Post
2393 5623 2471 5662 me
2490 5606 2641 5674 venit,
2664 5607 2784 5678 quia
2810 5607 3072 5677 posterius
3099 5616 3252 5662 natus
3278 5619 3396 5667 est:

1834 5805 1845 5816 .
1888 5742 2013 5816 Iste.
2030 5747 2307 5816 M3§:_pmpe
2336 5753 2524 5789 omnes.
2546 5746 2600 5791 Al.
2618 5739 2766 5791 editi:
2790 5738 2980 5801 .mferat
3019 5749 3227 5802 peccata.
3268 5746 3403 5802 Unde

1813 5805 1926 5869 jam
2245 5803 2258 5806 ⁷
2558 5864 2567 5874 ,

1884 5867 1958 5932 (a)
1990 5866 2340 5918 Donatistarum
2373 5864 2619 5926 superbia.
