4036 6384
665 374 793 439 NH

660 507 778 553 ante
803 512 881 557 me
902 498 1072 571 factm
1109 504 1205 567 est,
1241 495 1363 570 quia
1391 493 1639 567 praelatus
1664 503 1752 557 est
1778 494 1909 551 mihi
1951 511 1965 548 :
2002 508 2144 565 prior
2162 508 2249 551 me

660 600 800 659 erat,
836 589 960 660 quia
985 591 1039 647 in
1060 588 1312 663 principio
1349 597 1455 643 erat
1509 586 1757 655 Verbum,
1790 597 1845 643 et
1883 585 2101 643 Verbum
2140 594 2249 643 erat

661 684 803 761 apud
828 681 1014 747 Deum.
1030 693 1086 741 et
1108 681 1248 739 Deus
1268 693 1374 739 erat
1404 681 1644 744 Veritum,

728 772 818 833 42.
851 774 963 831 «Et
984 789 1083 851 ego
1118 774 1414 833 nesciebam
1444 790 1598 842 omn,
1625 773 1792 837 dixit:
1814 774 1913 831 sed
1944 782 2000 831 nt
2026 773 2249 831 manife-

658 873 889 921 starctur
908 863 1112 930 lsraeli,
1139 875 1419 938 propterea
1447 870 1564 921 veni
1578 881 1689 937 ego
1706 865 1764 921 in
1785 882 1924 937 aqua
1950 865 2244 937 baptizans.

658 956 729 1018 Et
755 957 1116 1017 testimonium
1155 958 1422 1027 perhibuit
1459 958 1713 1027 Joannes,
1747 957 1954 1026 dicens,
1982 957 2115 1027 Quia
2142 957 2247 1015 vidi

658 1047 917 1124 Spiritum
944 1049 1010 1106 de
1030 1049 1180 1107 .coelo
1206 1050 1616 1123 descendentem
1655 1051 1805 1124 quasi
1840 1051 2161 1116 columbam,
2188 1057 2250 1111 et

656 1142 855 1203 mansit
896 1158 1058 1216 super
1086 1158 1209 1203 eum
1234 1162 1248 1198 :
1278 1152 1332 1203 et
1369 1159 1470 1217 ego
1513 1144 1989 1208 nesciebatnleum,
2018 1142 2115 1201 sed
2157 1142 2247 1212 qui

650 1251 747 1295 me
782 1236 936 1297 misit
978 1236 1249 1307 baptizare
1288 1237 1349 1295 in
1388 1251 1558 1313 aqua,
1586 1236 1677 1293 ille
1704 1236 1833 1292 mihi
1876 1235 2031 1301 dixit,
2066 1235 2248 1304 Super

650 1341 817 1403 quem
860 1324 1057 1387 videris
1104 1325 1356 1397 Spiritum
1395 1326 1804 1387 descendentem
1842 1336 1898 1385 et
1941 1334 2245 1382 manentem

656 1430 820 1489 super
845 1432 989 1485 eum,
1020 1416 1104 1471 hic
1128 1427 1212 1475 est
1240 1417 1330 1489 qui
1360 1417 1591 1489 baptizat
1630 1418 1682 1473 in
1712 1417 1908 1490 Spiritu
1937 1424 2122 1471 sancto
2148 1434 2161 1468 :
2190 1423 2245 1471 et

656 1523 759 1585 ego
787 1508 910 1576 vidi,
940 1517 992 1564 et
1023 1510 1380 1569 testimonium
1411 1510 1656 1582 perhibui
1696 1511 1817 1581 quia
1852 1508 1945 1565 hic
1971 1518 2053 1563 est
2081 1507 2244 1565 Filius

655 1598 775 1663 Dei.
809 1618 829 1652 ι
858 1598 1109 1659 intendat
1149 1601 1415 1661 modicum
1458 1602 1705 1661 Charitas
1735 1609 1906 1659 vestra
1951 1618 1963 1654 :
2013 1598 2245 1655 Joannes

654 1688 868 1759 quando
894 1690 1075 1747 didicit
1102 1692 1370 1751 Christum
1391 1693 1414 1748 ?
1439 1693 1629 1749 Missus
1653 1701 1734 1748 est
1757 1693 1896 1749 enim
1924 1700 1977 1747 ut
2006 1691 2244 1761 baptiza-

655 1790 741 1835 ret
783 1780 835 1835 in
876 1796 1032 1855 aqua.
1062 1781 1351 1851 Quaesitum
1393 1793 1476 1839 est
1511 1784 1717 1857 quare?
1747 1782 1812 1839 Ut
1843 1784 2246 1853 manifestaremr

653 1865 841 1924 Israeli
861 1911 874 1935 ,
902 1870 1054 1929 dixit.
1086 1870 1223 1941 Quid
1260 1872 1458 1943 profuit
1486 1874 1787 1945 baptismus
1824 1870 2087 1929 Joannis?
2115 1871 2245 1927 Fra-

655 1970 767 2019 tres
812 1964 937 2033 mei,
983 1964 1029 2020 si
1075 1962 1273 2035 profuit
1315 1965 1544 2036 aliquid,
1586 1976 1642 2023 et
1685 1967 1844 2024 modo
1888 1972 2150 2030 maneret,
2189 1972 2245 2020 et

652 2054 1049 2125 baptizarentur
1091 2055 1333 2113 homines
1377 2057 1640 2132 baptismo
1677 2056 1938 2124 Joannis;
1967 2067 2021 2112 et
2047 2056 2127 2112 sic
2156 2070 2245 2111 vc-

650 2149 828 2202 nirent
856 2147 923 2202 ad
951 2148 1269 2221 baptismum
1301 2150 1516 2205 Christi.
1548 2149 1652 2205 Sed
1682 2150 1805 2225 quid
1834 2150 1952 2207 ait?
1986 2149 2052 2207 Ut
2078 2148 2244 2205 mani-

648 2242 921 2315 festaretur
946 2240 1131 2301 Israeli
1156 2257 1173 2296 :
1201 2242 1254 2298 id
1280 2253 1383 2308 est,
1412 2243 1513 2313 ipsi
1546 2242 1739 2310 Israel,
1770 2244 1962 2314 populo
1992 2243 2156 2301 Israel
2188 2252 2244 2303 ut

650 2332 1080 2393 manifestaretur
1106 2334 1367 2400 Christus,
1400 2336 1545 2392 venit
1564 2336 1838 2405 baptizare
1866 2338 1919 2391 in
1950 2352 2107 2406 aqua.
2138 2339 2245 2395 Ac-

651 2426 794 2503 cepit
821 2426 1174 2485 ministerium
1196 2428 1533 2499 baptismatis
1560 2428 1813 2492 Joannes,
1836 2430 1886 2482 in
1914 2444 2048 2498 aqua
2074 2428 2241 2497 pinni-

646 2519 832 2583 tcutiae
858 2534 1047 2595 parare
1076 2519 1212 2575 viam
1240 2520 1467 2579 Domino
1486 2562 1502 2591 ,
1544 2535 1648 2575 non
1676 2521 1916 2577 existens
1944 2521 2236 2575 Dominus:

649 2618 707 2671 at
728 2610 815 2671 ubi
836 2609 1079 2685 cognitus
1102 2619 1185 2667 est
1214 2611 1470 2667 Dominus
1489 2653 1503 2673 ,
1532 2613 1803 2681 supcrlluo
1829 2612 1876 2667 ei
1904 2614 1986 2665 via
2019 2611 2239 2680 paraba—

649 2714 774 2771 tur;
805 2706 927 2781 quia
955 2703 1397 2775 cognoscentibus
1424 2719 1484 2759 se
1514 2704 1627 2775 ipse
1660 2703 1832 2759 factus
1867 2713 1949 2757 est
1983 2704 2064 2756 via
2090 2720 2104 2756 :
2134 2701 2239 2759 ita-

649 2813 753 2870 que
777 2813 885 2861 non
904 2797 1116 2857 duravit
1135 2797 1223 2853 diu
1246 2797 1539 2867 baptismus
1559 2795 1801 2851 Joannis.
1844 2794 1950 2849 Sed
1973 2794 2241 2866 quomodo

649 2888 1047 2949 demonstratus
1063 2898 1143 2949 est
1160 2886 1455 2943 Dominus?
1475 2886 1696 2945 llumilis
1716 2902 1732 2951 ;
1757 2896 1815 2943 ut
1835 2886 1955 2941 ideo
1974 2888 2242 2954 acciperet

647 2979 909 3049 baptisma
933 2977 1192 3045 Joannes,
1221 2977 1274 3032 in
1301 2993 1406 3047 quo
1436 2977 1792 3048 baptizaretur
1817 2978 1930 3049 ipse
1959 2978 2235 3033 Dominus.

722 3069 808 3131 15.
848 3069 918 3127 Ει
954 3083 1089 3139 opus
1117 3077 1231 3124 erat
1260 3068 1485 3123 Domino
1513 3068 1810 3138 baptizari?
1853 3069 1916 3125 Et
1938 3084 2036 3140 ego
2076 3073 2241 3124 inter-

648 3172 843 3231 rogans
885 3160 992 3219 cito
1041 3160 1338 3231 respondeo
1373 3177 1384 3210 :
1427 3158 1573 3230 Opus
1618 3170 1733 3216 erat
1784 3161 2006 3217 Domino
2050 3161 2241 3217 nasci?

650 3264 785 3323 opus
809 3257 924 3311 erat
950 3251 1173 3306 Domino
1199 3250 1434 3325 cruciﬁgi
1457 3253 1480 3306 ?
1502 3267 1639 3322 opus
1665 3262 1779 3310 erat
1808 3254 2030 3311 Domino
2058 3254 2194 3310 mori
2214 3253 2240 3307 ?

650 3356 787 3410 opus
813 3350 928 3396 erat
956 3342 1179 3401 Domino
1220 3344 1475 3413 sepeliri?
1515 3342 1570 3401 Si
1606 3360 1732 3417 ergo
1762 3354 1961 3402 tantam
1996 3346 2238 3419 suscepit

648 3447 747 3507 pro
773 3433 933 3493 nobis,
951 3432 1321 3499 humilitatem,
1344 3435 1663 3507 baptismum
1688 3454 1791 3495 non
1818 3449 1936 3494 erat
1960 3447 2239 3509 susceptu-

645 3524 782 3585 rus?
812 3524 880 3580 Et
910 3525 1034 3599 quid
1066 3525 1263 3596 profuit
1288 3528 1411 3598 quia
1434 3530 1670 3598 suscepit
1696 3531 2018 3601 baptismum
2047 3532 2235 3587 servi?

648 3615 797 3677 Uttu
823 3632 928 3673 tum
959 3616 1326 3691 dedignareris
1349 3620 1620 3688 suscipere
1646 3621 1969 3692 baptismum
2002 3623 2232 3678 Domini.

643 3705 891 3771 Intendat
915 3707 1161 3771 Charitas
1183 3718 1376 3766 vestra.
1393 3710 1591 3767 .Futuri
1617 3723 1769 3769 erant
1787 3714 1948 3784 aliqui
1974 3718 2028 3769 in
2053 3716 2234 3771 Eccle-

646 3798 723 3859 sia
774 3798 1083 3857 excelsioris
1130 3800 1316 3871 gratia:
1371 3802 1760 3859 catecliutneni.
1809 3805 1895 3859 Fit
1943 3806 2083 3861 enim
2128 3806 2233 3860 ali-

644 3891 858 3965 quando
881 3902 936 3947 ut
955 3893 1139 3949 videas
1157 3896 1599 3955 catecltutnenum
1619 3898 1977 3956 absﬁnentetn
1998 3901 2068 3958 ab
2087 3902 2232 3957 otnni

642 3985 948 4053 concubitu,
976 3987 1371 4045 valehicientem
1400 3991 1620 4059 saeculo,
1640 3993 2033 4051 renuntiantem
2060 3996 2233 4052 omni-

638 4075 742 4141 bus
786 4093 906 4148 quae
949 4080 1274 4150 possidebat,
1318 4081 1731 4143 distribuentetn
1766 4087 2131 4155 pauperibus;
2176 4096 2232 4142 et

638 4171 1055 4233 catechumenos
1082 4183 1184 4239 est,
1212 4174 1502 4232 instructus
1526 4176 1686 4232 etiam
1713 4177 1850 4235 forte
1874 4177 2119 4235 doctrina
2142 4193 2231 4234 sa-

638 4260 798 4323 lutari
836 4279 995 4335 supra
1033 4266 1233 4323 multos
1269 4267 1474 4325 ﬁdeles.
1522 4267 1839 4325 Timendmn
1876 4279 1961 4326 est
1996 4269 2121 4326 huic
2159 4286 2229 4327 ne

636 4355 779 4415 dicat
823 4356 967 4427 apud
1022 4360 1370 4430 semetipsum
1410 4360 1480 4416 de
1523 4360 1846 4430 Baptismate
1890 4374 2079 4419 sancto
2121 4381 2227 4435 quo

637 4455 855 4519 peccata
916 4448 1253 4509 dimittuntur
1293 4467 1308 4511 :
1357 4451 1496 4520 Quid
1545 4454 1662 4521 plus
1705 4464 2023 4522 accepturus
2064 4452 2226 4511 s‘um?

636 4538 782 4599 Ecce
810 4554 909 4611 ego
935 4540 1123 4599 melior
1147 4557 1267 4603 sum
1292 4544 1387 4601 illo
1412 4544 1556 4603 ﬁdeli
1581 4553 1633 4599 et
1662 4545 1752 4601 illo
1781 4546 1920 4603 ﬁdeli
1945 4567 1960 4604 :
1987 4551 2225 4619 cogitans

639 4631 825 4690 ﬁdeles
849 4644 940 4691 aut
963 4634 1296 4707 coniugatus,
1322 4646 1414 4695 aut
1440 4635 1575 4694 forte
1608 4639 1822 4705 idiotas,
1849 4654 1940 4697 aut
1966 4643 2224 4702 habentes

637 4731 696 4781 et
725 4723 1056 4794 possidentes
1081 4741 1167 4783 res
1194 4741 1338 4791 suas,
1366 4744 1501 4799 quas
1528 4729 1642 4799 ipse
1667 4731 1935 4788 distribuit
1956 4735 2065 4804 jam
2094 4751 2225 4807 pau-

636 4815 874 4886 peribus,
901 4825 957 4877 et
982 4817 1259 4875 meliorem
1284 4834 1343 4876 se
1368 4835 1491 4879 esse
1515 4822 1780 4881 avbitrans
1804 4841 1962 4895 quam
2000 4827 2091 4884 ille
2128 4830 2221 4900 qui

634 4906 744 4980 jam
774 4905 1077 4976 baptizatus
1096 4916 1201 4979 est,
1225 4909 1542 4983 (indignetur
1563 4914 1744 4969 venire
1766 4915 1837 4972 ad
1864 4917 2216 4987 ktpﬁsmum,

636 4997 852 5066 dicens,
888 4999 999 5061 Hoc
1022 5016 1141 5057 sum
1169 5015 1484 5072 accepturus
1513 5005 1654 5076 quod
1692 5006 1853 5065 habet
1880 5011 1969 5068 ille
2004 5022 2061 5068 et
2088 5013 2215 5080 ille;

634 5098 693 5146 el
732 5101 996 5163 proponat
1010 5092 1123 5157 sibi
1163 5093 1283 5152 illm
1309 5111 1444 5166 quos
1470 5100 1780 5164 contundit.
1810 5111 1863 5156 et
1904 5106 2058 5172 quasi
2095 5120 2215 5163 sor-

632 5182 761 5243 deat
784 5183 857 5238 illi
877 5182 981 5245 hnc
1004 5186 1249 5259 accipere
1260 5174 1753 5261 .qtmtlacoeperunt
1773 5192 2070 5262 inferiores,
2093 5197 2217 5266 quia

626 5274 740 5347 jam
767 5274 976 5335 videtur
1001 5275 1118 5352 ipse
1135 5277 1247 5339 sibi
1268 5278 1454 5339 melior
1478 5297 1490 5332 :
1519 5290 1571 5335 et
1598 5292 1770 5339 tamen
1797 5286 1973 5340 omnia
2000 5297 2216 5356 peccata

628 5384 795 5440 super
822 5368 987 5431 illum
1024 5380 1169 5437 sunt,
1192 5381 1254 5427 et
1280 5373 1394 5431 nisi
1428 5376 1642 5432 venerit
1678 5376 1744 5433 ad
1787 5379 2075 5446 salutarem
2117 5382 2216 5436 Ba-

627 5463 906 5535 ptisnmm,
929 5462 1023 5525 ubi
1040 5472 1255 5534 peccata
1280 5465 1575 5535 solvuntur,
1593 5484 1711 5525 cum
1732 5472 1876 5529 omni
1902 5473 2214 5531 excellentia

629 5571 727 5615 sua
767 5570 871 5610 non
917 5562 1095 5625 potest
1124 5556 1329 5619 il’ttrare
1370 5559 1423 5615 in
1463 5575 1684 5630 regnum
1725 5564 2001 5625 caelorum.
2026 5566 2133 5625 Sed
2160 5576 2216 5624 ut

629 5645 776 5700 illam
808 5647 1179 5703 excellentiam
1223 5648 1472 5704 invitaret
1502 5652 1755 5708 Dominus
1784 5655 1848 5709 ad
1892 5657 2212 5729 baptismum

631 5751 811 5801 suum,
839 5747 898 5792 ut
922 5748 1133 5807 peccata
1160 5738 1233 5793 illi
1261 5739 1676 5812 dimitterentur,
1710 5747 1855 5802 venit
1872 5746 1995 5825 ipse
2010 5750 2089 5821 5.5
2108 5753 2212 5822 ba.

632 5827 883 5898 ptismum
914 5828 1054 5885 servi
1083 5830 1164 5885 sui
1193 5844 1208 5889 ε
1231 5837 1286 5888 et
1308 5830 1579 5901 cumini.
1596 5847 1709 5895 non
1736 5834 1959 5896 habent:
1984 5844 2135 5913 quod
2161 5844 2211 5904 ei

1651 366 1718 433 ΙΝ
1752 371 2032 432 JOANNIS
2061 370 2531 439 EVANGELIUM.
2570 374 2628 431 S.
2670 369 3037 437 AUGUSTINK

3804 390 3916 453 ΜΒ

2360 491 2741 558 dimitteretur.
2770 509 2882 555 .nec
2925 493 3065 565 quod
3099 494 3154 557 in
3180 494 3282 557 illo
3320 493 3628 565 lavaretur.
3663 505 3915 575 manu:

2354 598 2517 645 servo
2560 584 2922 657 baptismum;
2963 598 3016 645 et
3056 597 3307 660 tanquam
3348 589 3630 651 allocutus
3675 603 3751 654 est
3783 594 3915 653 ﬁlium

2358 676 2759 748 superbientem
2772 688 2839 733 .et
2863 678 3204 743 extollentem
3229 696 3311 748 se,
3324 696 3402 737 ac
3424 682 3795 755 dedignantem
3813 686 3917 744 forte
3935 688 3938 701 λ

2356 768 2602 838 accipere
2641 785 2762 825 eum
2807 767 2984 827 idiotis
3010 772 3163 829 .unde
3188 773 3239 831 ei
3278 774 3456 845 possit
3485 774 3637 833 salus
3676 777 3852 841 venire,
3877 794 3915 837 ct

2357 859 2507 928 quasi
2548 858 2730 914 dicens
2758 877 2771 913 :
2813 859 3156 927 Quantumtc
3182 864 3483 925 extendis?
3512 878 3762 941 quantum
3787 873 3916 926 ειιυι-

2354 948 2470 1008 lis?
2508 963 2704 1023 quanta
2746 962 2829 1013 est
2866 954 3182 1014 excellentia
3211 957 3342 1015 tua?
3384 968 3590 1028 quanta
3624 962 3783 1037 gratia
3817 966 3915 1017 tua?

2358 1042 2529 1112 major
2555 1052 2727 1113 potest
2752 1059 2871 1103 esse
2898 1061 3055 1115 quam
3084 1062 3200 1107 mea
3220 1046 3243 1099 ?
3260 1047 3443 1120 siege
3478 1049 3606 1107 veni
3634 1049 3698 1108 ad
3722 1064 3912 1121 servum,

2358 1141 2413 1189 tu
2463 1134 2769 1207 dedignaris
2813 1136 2997 1197 venire
3040 1138 3106 1195 ad
3152 1139 3492 1199 Dominum?
3522 1141 3572 1197 si
3616 1156 3715 1210 ego
3749 1146 3914 1214 suscepi

2354 1222 2678 1296 baptismum
2710 1228 2881 1295 servi,
2909 1236 2964 1282 tu
2994 1227 3298 1303 dedignaris
3326 1246 3357 1287 a
3390 1231 3631 1291 Domino
3659 1231 3912 1303 baptizari?

2427 1317 2515 1371 M.
2554 1316 2685 1375 Nam
2716 1327 2775 1373 ut
2800 1320 3072 1385 noveritis,
3101 1320 3293 1377 fratres
3321 1320 3465 1389 mei,
3485 1324 3612 1392 quia
3642 1340 3743 1379 non
3768 1341 3825 1383 ex
3844 1342 3912 1381 ne-

2352 1408 2602 1465 cessitate
2644 1410 2872 1482 alicujus
2911 1412 3106 1469 vinculi
3153 1414 3352 1482 peccati
3402 1414 3666 1470 Dominus
3705 1419 3907 1473 veniebat

2351 1497 2421 1557 ad
2467 1499 2637 1570 ipsum
2686 1501 2986 1569 Joannem;
3032 1504 3174 1561 sicut
3216 1505 3406 1561 dicunt
3456 1505 3546 1560 alii
3597 1508 3906 1578 evangelista,

2352 1604 2475 1645 cum
2505 1591 2571 1646 ad
2590 1592 2748 1646 illum
2788 1594 2994 1653 veniret
3032 1594 3381 1664 baptizandus
3410 1597 3707 1665 Dominus,
3731 1599 3799 1653 ait
3827 1599 3908 1675 ipse

2348 1681 2587 1741 Joannes
2611 1701 2624 1738 :
2655 1683 2735 1743 Tu
2759 1690 2826 1741 ad
2857 1703 2934 1741 me
2952 1687 3094 1743 senis
3112 1688 3138 1742 Ρ
3163 1704 3251 1760 ego
3276 1706 3307 1741 a
3335 1699 3385 1745 te
3409 1689 3569 1745 debeo
3596 1690 3837 1759 baptizari.
3864 1691 3908 1744 Et

2350 1775 2476 1844 quid
2507 1776 2556 1830 ei
2588 1777 2701 1851 ipse
2737 1778 3054 1849 restiondit?
3088 1778 3213 1837 Sine
3253 1784 3452 1847 modo;
3492 1781 3755 1851 impleatur
3788 1782 3907 1835 anatis

2338 1866 2546 1937 iustitia
2576 1868 2787 1940 (Matth.
2818 1885 2897 1937 tu,
2931 1871 3017 1937 id.
3053 1871 3321 1945 15).Quid
3354 1883 3464 1937 est,
3496 1873 3769 1942 impleatur
3786 1873 3906 1926 omnis

2341 1945 2545 2017 iustitia
2579 1960 2606 2014 .’
2652 1960 2784 2019 Mori
2826 1962 2946 2017 veni
2991 1978 3088 2033 pro
3137 1962 3485 2031 hominibus,
3541 1964 3784 2037 baptizari
3825 1978 3900 2016 non

2349 2049 2522 2107 habeo
2546 2067 2641 2121 pro
2668 2053 2969 2111 hominibus
2987 2056 3010 2108 ?
3029 2053 3164 2124 Quid
3189 2064 3288 2120 est,
3313 2056 3594 2127 impleatur
3613 2055 3764 2109 omnis

2352 2143 2467 2199 tia?
2494 2141 2780 2215 Implentur
2806 2146 2981 2200 omnis
3012 2145 3302 2203 humilitas.
3331 2146 3478 2216 Quid
3508 2147 3678 2217 ergo?
3702 2162 3796 2201 non
3822 2152 3904 2199 erat

2351 2234 2696 2304 suscepturus
2721 2235 3042 2307 baptismum
3070 2253 3098 2290 a
3127 2237 3266 2295 bono
3293 2254 3457 2294 servo
3476 2281 3493 2307 ,
3524 2240 3615 2309 qui
3648 2237 3901 2311 passionem

2348 2325 2582 2396 suscepit
2628 2340 2659 2379 a
2704 2328 2875 2387 servis
2914 2328 3114 2385 malis?
3162 2329 3429 2399 intendite
3482 2346 3633 2401 ergo.
3681 2330 3900 2400 Baptizzito

2349 2413 2598 2481 Domino,
2628 2417 2672 2470 si
2715 2429 2993 2487 propterea
3033 2419 3319 2488 baptizavit
3355 2421 3621 2490 Joannes,
3652 2431 3706 2476 ut
3740 2420 3786 2475 in
3819 2420 3901 2489 ejus

2348 2505 2613 2575 baptismo
2673 2508 2927 2567 Dominus
2981 2512 3287 2571 ostenderet
3345 2513 3743 2583 humilitatem,
3781 2525 3900 2567 nemo

2349 2598 2485 2652 alius
2530 2599 2887 2670 baptizaretur
2936 2603 3201 2675 baptismo
3250 2604 3530 2667 Joannis?
3576 2608 3719 2663 Multi
3760 2616 3898 2665 autem

2348 2690 2597 2761 baptizati
2628 2706 2749 2750 sunt
2786 2696 3049 2769 baptismo
3074 2697 3334 2769 Joannis;
3380 2701 3682 2775 baptizatus
3719 2699 3896 2761 e5tD0-

2348 2783 2524 2837 minus
2564 2786 2823 2855 baptismo
2848 2790 3088 2857 Joannis,
3115 2800 3171 2849 et
3197 2795 3433 2850 cessavit
3460 2794 3746 2864 baptismus
3764 2791 3896 2855 Joa-

2349 2873 2433 2928 nis
2457 2893 2472 2930 :
2500 2874 2623 2932 inde
2642 2878 2753 2946 jam
2782 2881 2976 2935 missus
3002 2891 3084 2939 est
3115 2882 3165 2937 in
3190 2899 3465 2944 carcerem
3491 2885 3754 2952 Joannes;
3781 2885 3895 2943 dein-

2347 2980 2475 3036 ceps
2516 2984 2673 3022 nemo
2716 2971 3012 3041 baptizatus
3055 2974 3322 3033 invenitur
3369 2978 3467 3033 illo
3512 2980 3823 3053 baptismate.
3854 2975 3893 3035 Si

2347 3074 2477 3130 ergo
2502 3073 2784 3134 propterea
2817 3067 2957 3125 venit
2986 3075 3041 3122 ct
3061 3066 3294 3127 Joannes
3319 3069 3621 3140 baptizmis,
3650 3081 3703 3129 ut
3726 3067 3891 3127 Domini

2346 3147 2619 3208 humilitas
2647 3155 2800 3211 nobis
2829 3155 3286 3219 demonstraretur
3305 3203 3320 3228 ,
3352 3171 3413 3217 ut
3439 3164 3563 3235 quia
3599 3164 3682 3218 ille
3704 3159 3892 3231 suscepit

2346 3257 2377 3297 a
2408 3258 2584 3308 servo,
2612 3260 2712 3301 nos
2739 3263 2846 3302 non
2872 3248 3283 3321 dedignaremur
3307 3256 3586 3323 suscipere
3611 3270 3641 3309 a
3671 3254 3887 3316 Domino;

2346 3335 2628 3394 Dominum
2671 3342 2844 3396 solum
2884 3341 3120 3400 Joannes
3165 3344 3510 3415 baptizaret?
3538 3347 3641 3404 Sed
3679 3348 3720 3405 si
3756 3346 3888 3403 solum

2345 3427 2627 3486 Dominum
2656 3430 2888 3487 Joannes
2913 3433 3223 3505 baptizaret,
3251 3452 3356 3492 non
3387 3438 3638 3495 deessent
3661 3438 3887 3508 quiputa-

2345 3529 2466 3577 rent
2492 3524 2725 3578 sanctius
2754 3525 2914 3582 fuisse
2954 3526 3214 3597 baptisma
3241 3528 3467 3587 Joannis
3512 3546 3666 3602 quam
3695 3525 3885 3588 Christi:

2343 3613 2493 3684 quasi
2544 3613 2859 3684 baptismate
2905 3615 3125 3677 Joannis
3174 3619 3320 3674 solus
3363 3620 3609 3683 Christus
3651 3617 3885 3675 ttieruissel

2342 3705 2622 3778 baptizari,
2652 3709 2969 3775 baptismate
2994 3722 3173 3769 autem
3200 3713 3397 3771 Christi
3424 3729 3593 3786 genus
3617 3713 3882 3771 humanum.

2342 3796 2584 3854 lntendat
2605 3799 2849 3856 Charitas
2874 3810 3071 3859 vestra.
3102 3803 3428 3876 Baptismate
3456 3802 3650 3862 Christi
3666 3799 3881 3872 ,baplitati

2338 3908 2527 3950 sumus
2545 3936 2559 3960 ,
2595 3910 2698 3948 non
2732 3902 2934 3952 tantum
2963 3912 3094 3964 nos,
3122 3897 3218 3954 sed
3249 3908 3301 3954 et
3340 3899 3617 3957 universus
3643 3897 3773 3957 orbis
3799 3904 3881 3949 ter-

2340 4003 2542 4054 rarum,
2572 3996 2625 4044 et
2665 3988 2963 4061 baptizatur
3003 4008 3167 4063 usque
3208 3992 3262 4048 in
3302 3993 3488 4053 tinem.
3520 3995 3646 4065 Quis
3678 4000 3879 4050 nostrum

2334 4089 2514 4150 potest
2551 4095 2617 4134 ex
2655 4080 2829 4150 aliqua
2873 4091 3021 4153 parte
3060 4085 3357 4154 comparari
3399 4086 3644 4152 Christo,
3671 4082 3804 4152 cujus
3832 4091 3879 4133 se

2335 4171 2571 4229 Joannes
2617 4174 2750 4229 dixit
2798 4174 3066 4245 indignum
3118 4176 3327 4235 solvere
3382 4179 3660 4249 corrigiam
3704 4173 3875 4233 calcea-

2334 4264 2547 4320 menti?
2571 4266 2625 4319 Si
2655 4281 2782 4336 ergo
2811 4265 2899 4321 illc
2930 4265 3171 4325 Christus
3201 4278 3357 4324 tantm
3387 4268 3709 4327 excellentia:
3745 4264 3877 4319 homo

2336 4355 2511 4423 Deus,
2565 4357 2713 4413 solus
2762 4358 3119 4427 baptizaretur
3174 4360 3438 4430 baptismo
3492 4359 3728 4426 Joannis,
3770 4348 3873 4425 quid

2334 4449 2528 4506 dicturi
2585 4464 2736 4507 erant
2791 4453 3088 4511 homines?
3138 4456 3362 4524 Qualem
3438 4459 3747 4531 baptismum
3788 4448 3872 4505 tha-

2332 4541 2447 4597 buit
2497 4540 2766 4598 Joannes?
2816 4544 3063 4615 Magnum
3118 4545 3445 4617 baptismum
3496 4548 3685 4613 habuit,
3714 4536 3870 4599 inetia-

2330 4631 2437 4689 bile
2478 4643 2866 4693 sacramentum
2911 4654 2924 4690 :
2972 4637 3113 4707 vide,
3160 4640 3284 4709 quia
3330 4643 3475 4698 solus
3518 4640 3748 4698 Christus
3766 4643 3868 4688 tue-

2330 4730 2438 4785 ruit
2494 4731 2746 4800 baptizari
2786 4732 3004 4787 Joannis
3044 4733 3327 4804 baptismo.
3386 4740 3558 4809 Atque
3612 4736 3676 4790 ita
3724 4725 3867 4795 mal“

2329 4822 2599 4881 videretur
2634 4824 2934 4893 baptismus
2954 4826 3123 4892 servi,
3164 4842 3323 4901 quam
3352 4828 3641 4901 baptism“
3664 4813 3861 4881 Domini.

2322 4914 2586 4986 Baptizati
2626 4924 2750 4975 sunt
2784 4925 2849 4973 et
2888 4918 2980 4975 alii
3025 4917 3293 4996 baptismo
3324 4921 3574 4985 Joannis,
3602 4933 3668 4974 ne
3707 4907 3864 4968 nielior

2323 5008 2622 5079 haptismus
2648 5008 2913 5067 videretur
2930 5009 3154 5073 Joannis
3173 5029 3329 5085 quam
3351 5014 3545 5073 Christi
3568 5030 3584 5079 ;
3609 5007 3862 5083 baptizatus

2326 5110 2504 5161 autem
2530 5108 2582 5154 et
2610 5100 2885 5165 Dominus.
2910 5112 2966 5159 ut
2991 5103 3215 5161 Domino
3239 5106 3560 5178 suscipiente
3582 5099 3857 5171 baptismum

2325 5190 2486 5252 servi.
2504 5207 2606 5245 non
2624 5190 3035 5264 dedignarentnr
3047 5194 3134 5253 alii
3152 5188 3858 5269 servisuscipereltaptiaﬂtIun

2320 5282 2535 5341 Domini
2561 5301 2573 5337 :
2602 5283 2670 5343 ad
2700 5284 2799 5341 hoc
2826 5300 2955 5358 ergo
2978 5287 3179 5346 missus
3204 5299 3320 5348 erat
3338 5289 3589 5351 Joannes.

2396 5375 2484 5432 15.
2524 5374 2631 5431 Sed
2675 5388 2897 5433 noverat
2936 5375 3227 5451 Christum,
3268 5396 3342 5441 an
3386 5398 3492 5441 non
3536 5370 3774 5437 noverat?
3807 5363 3854 5422 Si

2320 5481 2429 5527 non
2458 5476 2697 5535 noverat,
2728 5483 2892 5538 quare
2928 5468 3143 5549 dicebat
3165 5473 3381 5545 quando
3413 5473 3553 5531 veni;
3583 5467 3644 5527 ad
3669 5459 3853 5557 annuis

2320 5560 2564 5623 Christus
2587 5579 2603 5617 :
2634 5563 2743 5634 Ego
2765 5579 2800 5619 α
2827 5573 2875 5623 te
2901 5564 3055 5625 debeo
3076 5565 3497 5639 baptizarithoc
3524 5572 3621 5629 est.
3644 5557 3759 5627 Seio
3778 5562 3852 5639 (ΙΨ

2320 5655 2415 5711 sis.
2448 5654 2505 5711 Si
2533 5670 2669 5735 ergo.
2679 5655 2790 5726 jam
2820 5666 3060 5726 noverat,
3089 5637 3236 5716 certe
3262 5669 3388 5717 tunc
3414 5653 3649 5731 cognovit
3671 5637 3851 5735 quando

2312 5730 2773 5817 siditcolnmbam
2812 5729 3605 5828 descendentem-.Mestw
3628 5747 3715 5819 ali
3747 5729 3847 5811 ω

2319 5842 2561 5905 columba
2592 5859 2698 5904 non
2726 5842 3009 5905 descendit
3022 5860 3190 5919 super
3206 5836 3643 5918 maid
3660 5836 3846 5910 1⁸⁸⁸⁸
