4036 6418
582 400 723 460 ιιιε

580 530 692 577 tem
737 520 990 592 loqueris,
1019 528 1075 577 et
1117 535 1187 579 ex
1215 520 1436 577 veritate
1481 515 1747 588 loqueris;
1778 532 1885 572 non
1930 524 1984 570 te
2024 512 2171 571 misit

581 611 742 667 Pater
764 614 879 668 sine
917 612 1072 681 Filio,
1116 611 1211 669 sed
1249 611 1405 667 simul
1437 622 1488 666 te
1511 609 1655 665 misit
1698 616 1848 679 pater
1873 618 1928 664 et
1956 606 2124 662 Filius
2152 625 2168 663 :

581 703 629 759 si
654 719 781 775 ergo
803 713 857 759 et
877 704 1043 759 Filius
1071 714 1126 762 te
1151 704 1297 761 misit
1312 718 1435 761 cum
1466 702 1642 766 Patre,
1674 699 1944 772 quomodo
1964 699 2172 754 nescie-

585 793 682 850 bas
700 809 821 850 eum
864 809 895 849 a
923 809 1031 866 quo
1059 794 1254 850 missus
1273 794 1372 851 es?
1408 793 1576 861 Quem
1597 792 1809 847 videras
1837 790 1889 845 in
1915 790 2165 854 veritate,

582 885 696 956 ipse
722 896 772 941 te
802 886 945 942 misit
966 896 1021 941 ut
1051 896 1431 958 agnosceretur
1455 886 1507 941 in
1527 900 1709 951 carne,
1731 893 1782 939 et
1809 882 1964 949 dixit,
1999 881 2170 950 Super

581 993 728 1045 quem
746 977 929 1032 videris
955 976 1206 1047 Spiritum
1230 976 1609 1033 descendentem
1635 976 1762 1029 sicut
1793 972 2096 1038 columbam,
2119 980 2169 1026 et

582 1080 866 1126 "iuuentem
891 1087 1046 1142 super
1084 1087 1218 1135 eum,
1264 1071 1372 1141 ipse
1400 1079 1472 1126 est
1495 1069 1581 1141 qui
1609 1069 1832 1141 baptizat
1879 1068 1933 1122 in
1967 1065 2169 1138 Spiritu

580 1170 777 1216 sancto.

655 1250 713 1305 2.
744 1250 856 1306 Hoc
890 1250 1095 1306 audivit
1121 1249 1374 1315 Joannes,
1403 1258 1464 1305 ut
1483 1257 1666 1305 nosset
1692 1264 1815 1304 eum
1853 1262 2010 1318 quem
2059 1260 2166 1300 non

589 1351 831 1407 noverat,
860 1358 926 1397 an
959 1352 1017 1398 ut
1041 1344 1246 1413 plenius
1270 1352 1452 1399 nosset
1482 1356 1639 1412 quem
1672 1341 1781 1409 jam
1814 1338 2073 1394 noverat?
2108 1337 2165 1394 Si

585 1436 731 1490 enim
755 1435 901 1490 omni
925 1451 991 1491 ex
1013 1443 1161 1504 parte
1194 1450 1300 1491 non
1345 1443 1547 1497 nosset,
1572 1448 1677 1489 non
1701 1431 1934 1487 venienti
1972 1430 2039 1485 ad
2070 1429 2170 1484 llu-

579 1528 726 1581 vium
749 1535 806 1582 ut
826 1526 1182 1597 baptizaretur
1207 1526 1430 1592 diceret,
1450 1525 1560 1597 Ego
1586 1542 1618 1578 ιι
1649 1534 1696 1579 te
1721 1522 1873 1579 debeo
1897 1522 2164 1592 baptizari,

579 1627 628 1671 et
645 1627 699 1672 tu
720 1618 855 1672 venis
884 1617 952 1671 ad
978 1634 1056 1671 me
1077 1616 1290 1687 (Matth.
1307 1632 1381 1679 nt.
1404 1617 1493 1687 14)
1509 1618 1764 1671 ?noverat
1782 1615 2167 1686 ergo.Quando

579 1717 759 1764 autem
785 1707 1032 1764 columba
1055 1707 1373 1763 descendit?
1400 1707 1516 1762 Jam
1534 1707 1801 1777 baptizato
1831 1707 2079 1773 Domino,
2110 1715 2167 1762 et

578 1801 649 1856 ab
672 1816 807 1871 aqua
849 1799 1188 1856 ascendente.
1221 1801 1289 1855 At
1312 1800 1358 1854 si
1403 1799 1494 1855 ille
1521 1800 1614 1870 qui
1651 1815 1773 1855 eum
1821 1799 1989 1866 misit,
2007 1799 2162 1865 dixit,

581 1891 750 1964 Super
774 1909 920 1963 quem
945 1892 1127 1948 videris
1151 1891 1402 1961 Spiritum
1422 1891 1799 1952 descendentem
1815 1894 1942 1946 sicut
1970 1891 2168 1945 colum-

584 1984 719 2049 bam,
750 1992 798 2037 et
835 1992 1112 2038 manentem
1149 1999 1305 2053 super
1329 1999 1466 2049 eum,
1497 1984 1604 2055 ipse
1643 1992 1717 2037 est
1743 1982 1829 2052 qui
1863 1982 2084 2052 baptizat
2112 1982 2167 2035 in

582 2072 782 2144 Spiritu
808 2082 1037 2139 saneto;
1080 2081 1137 2129 et
1174 2089 1281 2129 non
1333 2083 1553 2129 noverat
1586 2089 1745 2140 eum,
1785 2073 1880 2128 sed
1922 2073 2164 2129 columba

579 2161 936 2219 descendente
953 2163 1203 2232 cognovit
1224 2179 1346 2219 eum
1365 2180 1381 2230 ;
1399 2164 1645 2220 columba
1663 2179 1791 2219 vero
1805 2174 1926 2219 tunc
1940 2164 2165 2220 descen-

580 2252 692 2320 dit,
718 2252 928 2324 quando
960 2253 1213 2309 Dominus
1240 2255 1310 2310 ab
1335 2269 1472 2325 aqua
1510 2254 1785 2319 ascendit;
1817 2264 1944 2310 tunc
1987 2263 2165 2309 autem

579 2352 903 2413 cognoverat
923 2342 1159 2400 Joannes
1185 2343 1498 2411 Dominum,
1529 2344 1743 2415 quando
1780 2344 1846 2399 ad
1877 2359 1998 2399 eum
2052 2345 2162 2400 Do-

583 2436 761 2491 minus
785 2436 851 2491 ad
877 2451 1067 2506 aquam
1106 2436 1395 2492 veniebat:
1434 2436 1808 2493 manifestatur
1839 2438 1994 2493 nobis
2038 2438 2161 2509 quia

581 2525 812 2583 Joannes
835 2526 1129 2583 secundum
1155 2526 1356 2599 aliquid
1387 2536 1626 2596 noverat,
1653 2528 1946 2584 secundum
1963 2527 2161 2600 aliquid

578 2617 811 2673 nondum
835 2626 1056 2673 noverat
1079 2618 1383 2673 Dominum.
1411 2617 1525 2673 Nisi
1553 2628 1728 2674 autem
1755 2619 1857 2675 hoc
1881 2620 2159 2676 intellexe-

577 2707 767 2773 rimus,
785 2708 1014 2764 mendax
1047 2717 1180 2764 erat.
1209 2706 1488 2777 Quomodo
1512 2717 1630 2764 erat
1656 2724 1815 2765 verax
1842 2723 2159 2780 agnoscens,

580 2800 668 2871 qui
694 2798 841 2864 dicit,
879 2799 959 2854 Tu
981 2800 1052 2853 ad
1076 2816 1156 2855 me
1193 2801 1332 2855 venis
1356 2799 1634 2870 baptizari,
1664 2810 1720 2856 et
1746 2818 1837 2872 ego
1867 2818 1898 2855 a
1925 2812 1972 2856 te
2009 2801 2161 2857 debeo

585 2890 871 2962 baptizari?
896 2889 1068 2945 Verax
1094 2898 1177 2944 est
1202 2905 1324 2946 cum
1344 2891 1448 2947 hoc
1473 2890 1639 2947 dicit?
1664 2892 1731 2946 Et
1756 2893 2022 2963 quomodo
2043 2910 2161 2949 rur-

580 2996 673 3036 sus
699 2995 860 3036 verax
887 2989 968 3034 est
994 2994 1116 3035 cum
1138 2978 1286 3046 dicit,
1323 2979 1438 3053 Ego
1471 2997 1574 3036 non
1603 2997 1839 3038 noveram
1885 2999 2030 3048 eum;
2073 2985 2162 3039 sed

580 3072 671 3141 qui
686 3070 822 3124 misit
848 3086 929 3125 me
954 3070 1210 3142 baptizare
1244 3071 1299 3126 in
1330 3088 1492 3143 aqua,
1520 3076 1627 3144 ipse
1652 3073 1776 3127 mihi
1813 3073 1963 3140 dixit,
1992 3075 2161 3145 Super

578 3179 724 3233 quem
746 3161 929 3217 videris
955 3160 1205 3232 Spiritum
1233 3162 1610 3218 descendentem
1633 3165 1764 3219 sicut
1780 3164 2086 3234 columbam,
2112 3177 2161 3222 et

577 3264 863 3309 manentem
889 3270 1042 3325 super
1084 3270 1218 3320 eum,
1248 3255 1359 3324 ipse
1394 3255 1576 3327 estqui
1624 3254 1846 3326 baptizat
1877 3257 1928 3311 in
1959 3256 2162 3328 Spiritu

576 3346 787 3401 sancto?
812 3344 1042 3399 lnnotuit
1067 3359 1165 3415 per
1204 3344 1505 3399 columbam
1536 3343 1811 3407 Dominus,
1857 3359 1964 3400 non
1991 3346 2041 3401 ei
2067 3348 2157 3417 qui

576 3453 638 3495 se
675 3453 782 3492 non
820 3444 1079 3501 noverat,
1123 3435 1216 3490 sed
1262 3434 1312 3490 ei
1354 3434 1445 3505 qui
1490 3434 1543 3489 in
1573 3449 1639 3491 eo
1671 3435 1870 3510 aliquid
1914 3446 2156 3507 noverat,

576 3526 777 3598 aliquid
829 3541 934 3579 non
988 3533 1225 3579 noverat.
1285 3523 1533 3579 Nostrum
1591 3532 1676 3580 est
1733 3540 1861 3596 ergo
1919 3541 2160 3597 qumrere

577 3617 703 3690 quid
729 3617 779 3672 in
800 3631 866 3671 eo
885 3615 1116 3671 JOannes
1138 3616 1370 3669 nondum
1393 3623 1630 3681 noverat,
1658 3625 1713 3693 et
1736 3630 1833 3687 per
1854 3617 2157 3674 columbam

575 3709 783 3765 didicit.

650 3801 704 3856 3.
744 3799 920 3868 Quare
947 3798 1138 3853 missus
1164 3807 1249 3854 est
1286 3798 1520 3855 Joannes
1549 3798 1853 3870 baptizans?
1878 3800 1995 3858 Jam
2045 3817 2159 3860 meo

580 3892 709 3950 mini
740 3908 826 3948 me
870 3902 1124 3963 quantum
1164 3892 1309 3962 potui
1344 3892 1543 3949 dixisse
1587 3892 1838 3949 Charitati
1865 3905 2074 3952 vestrm.
2100 3896 2158 3953 Si

518 4006 519 4009 η
578 3985 721 4042 enim
736 3983 1029 4054 baptismus
1042 3982 1262 4038 Joannis
1281 3983 1610 4039 necessarius
1629 3993 1742 4040 erat
1755 3986 1911 4041 saluti
1929 3996 2154 4056 nostra};

576 4090 633 4139 et
680 4079 840 4135 modo
866 4076 1050 4133 debuit
1076 4077 1336 4133 exerceri.
1380 4075 1495 4132 Non
1536 4078 1679 4135 enim
1725 4079 1887 4135 modo
1916 4095 2020 4136 non
2051 4082 2158 4137 sal-

578 4190 769 4236 vantur
795 4179 1057 4247 homines,
1085 4185 1175 4233 aut
1214 4193 1320 4232 non
1355 4176 1516 4232 modo
1543 4177 1719 4248 plures
1748 4178 2039 4247 salvantur,
2066 4189 2158 4236 aut

575 4274 676 4329 alia
723 4284 847 4329 tunc
873 4274 1015 4327 salus
1045 4280 1181 4339 erat,
1232 4278 1288 4326 et
1315 4271 1418 4325 alia
1466 4270 1645 4325 modo.
1693 4270 1749 4327 Si
1804 4280 2039 4327 mutatus
2075 4283 2158 4328 est

575 4362 839 4431 Christus,
866 4372 1063 4418 mutata
1091 4372 1172 4418 est
1205 4371 1258 4416 et
1282 4361 1426 4415 salus
1456 4378 1469 4413 :
1500 4363 1545 4416 si
1566 4362 1709 4417 salus
1731 4362 1782 4416 in
1808 4360 2023 4418 Christo
2048 4372 2152 4429 est,

577 4464 632 4510 et
657 4455 796 4509 idem
818 4454 931 4521 ipse
946 4452 1189 4508 Christus
1209 4460 1312 4518 est,
1350 4450 1537 4506 eadem
1564 4452 1717 4506 nobis
1741 4453 1885 4507 salus
1915 4461 2014 4507 est.
2046 4451 2154 4509 Sed

573 4560 737 4617 quare
761 4545 958 4600 missus
988 4550 1071 4597 est
1110 4540 1343 4597 Joannes
1373 4540 1682 4611 baptizans?
1707 4542 1842 4610 Quia
1874 4543 2157 4612 oportebat

571 4633 834 4704 baptizari
860 4633 1153 4687 Christum.
1177 4630 1352 4699 Quare
1397 4632 1676 4701 Oportebat
1702 4632 1956 4702 baptizari
1996 4634 2153 4691 Chri-

571 4724 752 4780 stum?
779 4724 954 4792 Quare
978 4720 1212 4793 oportuit
1232 4722 1375 4776 nasci
1393 4719 1697 4777 Christum?
1726 4738 1890 4794 quare
1919 4727 2153 4794 oportuit

568 4814 806 4886 crucillgi
825 4813 1097 4871 Christum
1113 4811 1230 4884 (a)?
1269 4811 1325 4869 Si
1371 4812 1512 4867 enim
1548 4811 1686 4867 viam
1716 4813 2029 4871 humilitatis
2051 4815 2150 4872 de-

568 4914 962 4963 monstraturus
1002 4903 1325 4971 advenerat,
1354 4910 1407 4959 et
1445 4903 1678 4974 seipsum
1709 4906 1940 4960 facturus
1981 4906 2148 4976 ipsam

548 4997 883 5101 ,humilitatis
905 4997 1076 5062 viam;
1108 4996 1160 5051 in
1186 4995 1434 5052 omnibus
1455 4996 1520 5051 ab
1539 5010 1605 5051 eo
1629 4996 1892 5067 implenda
1910 5008 2025 5055 erat
2053 4998 2150 5055 hu-

569 5089 784 5145 militas.
817 5087 1200 5145 Auctoritatem
1217 5087 1346 5143 dare
1370 5087 1632 5159 baptismo
1647 5104 1744 5143 suo
1764 5087 1889 5143 hinc
1904 5089 2147 5160 dignatus

567 5189 671 5248 est,
698 5194 755 5236 ut
780 5187 1162 5251 cognoscerent
1201 5180 1339 5234 servi
1368 5189 1563 5249 quanta
1590 5180 1860 5236 alacritate
1888 5181 2148 5238 deberent

568 5286 789 5329 currere
814 5269 881 5326 ad
921 5270 1242 5341 baptismum
1275 5269 1511 5335 Domini,
1538 5270 1748 5342 quando
1770 5272 1883 5342 ipse
1920 5290 2027 5328 non
2052 5273 2147 5329 de-

567 5370 817 5442 dignatus
868 5375 953 5424 est
989 5365 1259 5437 suscipere
1304 5364 1621 5436 baptismum
1676 5368 1836 5425 servi.
1881 5368 2140 5425 Donatum

566 5462 711 5518 enim
738 5465 858 5515 erat
880 5456 985 5513 hoc
1006 5455 1216 5521 Joanni,
1257 5463 1316 5510 ut
1342 5455 1510 5526 ipsius
1538 5456 1831 5526 baptismus
1854 5458 2136 5515 diceretur.

635 5553 690 5607 4.
723 5550 837 5607 Hoc
865 5548 1133 5615 attendat,
1164 5555 1218 5602 et
1243 5546 1553 5617 distinguat,
1587 5557 1639 5601 et
1672 5549 1877 5603 noverit
1899 5548 2140 5606 Charitas

562 5652 760 5701 vestra.
798 5640 1101 5713 Baptismus
1127 5653 1284 5713 quem
1320 5638 1524 5708 accepit
1561 5637 1813 5704 Joannes,
1851 5640 2141 5709 baptismus

624 5754 1061 5869 (ig-interrogando
1085 5756 1343 5819 respondet
1372 5752 1644 5817 qumstioni,
1666 5758 1721 5802 ut
1745 5764 1889 5817 supra
1912 5761 2063 5806 'rract.
2090 5758 2138 5819 4,

562 5832 616 5872 ιι.

1568 398 1634 455 ΙΝ
1669 395 1946 456 JOANNIS
1980 384 2451 468 EVANGELIUM,
2498 398 2560 461 S.
2589 403 2958 466 AUGUSTINI

3713 402 3840 467 ιιιο

2276 516 2496 578 Joannis
2521 522 2695 581 dictus
2719 534 2803 582 est
2831 544 2847 584 :
2875 526 3022 584 solus
3051 527 3156 584 tale
3182 527 3381 584 donum
3402 526 3607 599 accepit
3632 542 3647 581 :
3677 525 3836 583 nullus

2276 621 2401 668 ante
2444 613 2591 670 illum
2628 615 2926 687 iustorum,
2953 619 3129 675 nullus
3155 628 3275 689 post
3303 620 3470 683 illum,
3499 628 3562 674 ut
3583 618 3832 688 acciperet

2276 702 2595 774 baptismum
2615 750 2632 777 ,
2663 712 2751 782 qui
2782 712 3075 782 baptismus
3112 713 3252 768 illius
3277 713 3542 769 diceretur
3563 714 3605 764 ί.
3635 711 3836 782 Accepit

2274 796 2524 865 quidem;
2555 816 2660 857 non
2688 803 2832 859 enim
2856 820 2887 857 a
2914 819 2975 860 se
3004 814 3183 876 posset
3208 802 3405 876 aliquid
3437 823 3451 859 :
3481 804 3524 859 si
3554 806 3694 858 enim
3716 819 3746 858 a
3782 818 3834 860 se

2275 886 2395 955 quis
2425 887 2673 960 loquitur,
2692 894 3023 950 mendacium
3037 896 3104 951 de
3129 911 3226 951 suo
3244 896 3493 966 loquitur.
3517 896 3581 950 Et
3601 895 3736 949 unde
3757 909 3835 950 ac-

2275 980 2437 1049 cepit,
2469 983 2568 1038 nisi
2591 1000 2620 1038 a
2657 985 2883 1043 Domino
2905 987 3032 1043 Jesu
3054 987 3311 1043 Christo?
3352 986 3435 1043 Ab
3463 987 3555 1042 illo
3589 997 3648 1041 ut
3682 987 3834 1056 bapti-

2275 1087 2397 1126 zare
2442 1086 2621 1144 posset
2664 1079 2889 1149 accepit,
2934 1096 3092 1151 quem
3122 1091 3305 1151 postea
3344 1080 3648 1151 baptizavit.
3681 1079 3835 1137 Nolite

2275 1163 2455 1218 mirari
2492 1183 2504 1219 :
2538 1165 2617 1222 sic
2652 1170 2794 1223 enim
2834 1169 2935 1225 hoc
2962 1171 3087 1227 fecit
3114 1172 3356 1227 Christus
3380 1172 3431 1227 in
3457 1171 3684 1239 Joanne,
3713 1188 3833 1244 quo-

2273 1257 2434 1313 modo
2454 1260 2702 1330 quiddam
2730 1263 2854 1319 fecit
2879 1270 2932 1319 in
2953 1274 3141 1336 matre.
3164 1265 3241 1322 De
3259 1265 3471 1322 Christo
3493 1266 3635 1321 enim
3657 1266 3833 1322 dictum
3858 1318 3861 1319 ν

2273 1359 2376 1415 est,
2399 1348 2584 1405 Omnia
2602 1370 2689 1423 per
2712 1354 2875 1425 ipsum
2897 1356 3035 1424 facta
3052 1365 3169 1410 sunt
3194 1355 3370 1427 (Joan.
3401 1372 3436 1421 ι,
3472 1356 3529 1426 5)
3563 1374 3577 1410 :
3608 1355 3653 1411 si
3675 1356 3834 1411 omnia

2276 1441 2579 1507 peripsum,
2609 1454 2661 1499 et
2680 1444 2841 1499 Maria
2867 1461 2961 1515 per
2984 1446 3156 1516 ipsum
3174 1446 3308 1502 facta
3328 1457 3431 1514 est,
3450 1446 3518 1502 de
3541 1462 3644 1517 qua
3670 1456 3834 1518 postea

2274 1541 2431 1585 natus
2459 1542 2541 1587 est
2558 1532 2821 1591 Christus.
2850 1534 3090 1593 lntendat
3108 1537 3350 1595 Charitas
3368 1548 3564 1603 vestra,
3579 1537 3835 1608 Quomodo

2273 1623 2474 1678 creavit
2505 1624 2743 1692 Mariam,
2774 1637 2830 1684 et
2853 1639 3065 1685 creatus
3083 1641 3165 1687 est
3199 1646 3294 1702 per
3316 1631 3567 1693 Mariam;
3605 1633 3683 1687 sic
3706 1631 3836 1688 dedit

2274 1709 2594 1782 baptismum
2621 1716 2808 1774 Joanni
2830 1760 2846 1784 ,
2885 1730 2937 1776 et
2961 1720 3258 1792 baptizatus
3283 1733 3366 1779 est
3394 1739 3425 1778 a
3451 1722 3681 1780 Joanne.

2278 1835 2290 1847 ’
2345 1828 2398 1882 5.
2422 1828 2502 1882 Ad
2525 1829 2625 1883 hoc
2639 1846 2767 1901 ergo
2781 1832 2986 1903 accepit
3000 1835 3316 1904 baptismum
3339 1852 3371 1890 a
3385 1835 3615 1901 Joanne,
3631 1845 3691 1892 ut
3707 1836 3831 1894 accl-

2275 1917 2425 1985 piens
2448 1919 2589 1989 quod
2616 1921 2835 1978 inferius
2862 1934 2978 1979 erat
3013 1926 3081 1981 ab
3118 1926 3389 1993 inferiore,
3420 1927 3489 1984 ad
3515 1929 3571 1985 id
3596 1929 3734 2001 quod
3750 1944 3831 1986 su-

2273 2009 2452 2076 perius
2479 2018 2594 2065 erat
2617 2010 2916 2069 hortaretur
2941 2014 3237 2074 inferiores.
3262 2017 3367 2075 Sed
3386 2035 3554 2091 quare
3579 2036 3682 2076 non
3704 2022 3833 2077 solus

2273 2098 2387 2167 ipse
2415 2099 2708 2170 baptizatus
2736 2113 2819 2159 est
2840 2119 2870 2158 a
2894 2104 3100 2161 Joanne
3117 2147 3134 2173 ,
3177 2108 3223 2162 si
3259 2107 3326 2162 ad
3370 2109 3472 2165 hoc
3510 2110 3709 2166 missus
3733 2118 3833 2166 erat

2270 2187 2520 2272 Joannes,
2551 2206 2645 2262 per
2676 2208 2832 2263 quem
2868 2195 3222 2265 baptizaretur
3257 2198 3533 2267 Christus,
3561 2210 3619 2255 ut
3644 2211 3834 2272 pararet

2270 2280 2408 2335 viam
2438 2252 2767 2350 Dominum-id
2795 2293 2877 2340 est
2903 2252 3001 2355 ipsi
3030 2286 3279 2344 Christo?
3319 2289 3389 2344 Et
3424 2252 3533 2347 in};
3565 2252 3831 2363 35.21;};

2269 2385 2420 2437 mus;
2442 2371 2537 2427 sed
2562 2388 3058 2441 commemoramus.
3085 2378 3207 2449 quia
3233 2381 3599 2438 necessarium
3616 2392 3698 2439 est
3721 2399 3832 2453 pra:-

2269 2461 2408 2515 senti
2436 2464 2730 2531 quaestioni.
2759 2466 2814 2520 Si
2843 2466 2989 2522 solus
3023 2467 3279 2526 Dominus
3302 2481 3485 2528 noster
3505 2471 3665 2529 Jesus
3687 2472 3830 2530 Chri-

2267 2560 2380 2606 stus
2408 2553 2701 2623 baptizatus
2726 2568 2869 2613 esset
2888 2559 3206 2629 baptismate
3227 2562 3446 2619 Joannis
3469 2580 3482 2618 :
3508 2574 3687 2623 tenete
3704 2566 3831 2638 quod

2267 2644 2524 2714 dicimus;
2549 2664 2651 2703 non
2676 2658 2875 2707 tantum
2904 2653 3076 2709 valeat
3100 2655 3374 2724 saeculum,
3399 2646 3456 2712 ut
3479 2658 3658 2716 deleat
3678 2674 3708 2715 e
3728 2673 3831 2714 eor-

2266 2736 2422 2794 dibus
2443 2742 2631 2795 vestris
2655 2742 2794 2813 quod
2822 2744 2890 2799 ibi
2921 2746 3135 2817 scripsit
3161 2746 3389 2819 Spiritus
3415 2749 3546 2816 Dei;
3592 2767 3695 2809 non
3729 2760 3831 2807 tan-

2267 2837 2376 2884 tum
2408 2831 2614 2887 valeant
2641 2835 2809 2903 spina:
2835 2851 3099 2903 curarum,
3134 2851 3189 2896 ut
3217 2842 3442 2899 cllocem
3479 2859 3670 2902 semen
3705 2845 3829 2918 quod

2265 2922 2561 2979 seminatur
2608 2926 2657 2979 in
2704 2928 2885 2984 vobis:
2905 2945 3071 2999 quare
3096 2933 3237 2988 enim
3268 2934 3506 3005 cogimur
3528 2937 3714 2994 eadem
3750 2950 3828 2993 re-

2266 3022 2466 3086 petere,
2496 3015 2594 3070 nisi
2624 3016 2744 3086 quia
2772 3017 2840 3073 de
2867 3027 3119 3077 memoria
3146 3024 3322 3079 cnvilis
3351 3020 3509 3081 vostri
3545 3029 3717 3085 securi
3736 3043 3827 3085 non

2264 3107 2481 3161 sumus?
2500 3108 2543 3161 si
2565 3123 2691 3180 ergo
2710 3111 2856 3164 solus
2884 3110 3138 3168 Dominus
3165 3114 3455 3184 baptizatus
3495 3130 3644 3176 esset
3678 3118 3827 3190 bapti-

2264 3214 2381 3254 smo
2406 3199 2660 3266 Joannis,
2709 3219 2812 3256 non
2840 3203 3090 3260 deessent
3114 3207 3201 3276 qni
3233 3208 3309 3263 sic
3334 3225 3453 3265 cum
3486 3210 3762 3280 haberent,
3778 3221 3828 3267 ut

2265 3300 2505 3360 putarent
2536 3291 2860 3363 baptismum
2884 3294 3104 3352 Joannis
3134 3298 3387 3366 majorum
3415 3314 3561 3368 esse,
3581 3319 3734 3376 quam
3756 3311 3829 3359 est

2263 3381 2557 3452 baptismus
2597 3382 2815 3440 Christi.
2860 3385 3107 3443 Diccrcnt
3132 3390 3312 3444 cnitn:
3346 3388 3521 3462 lisque
3550 3394 3686 3451 adeo
3710 3393 3824 3450 illud

2262 3472 2520 3544 baptisma
2552 3475 2721 3545 majus
2758 3485 2874 3545 est,
2913 3486 2973 3535 ut
3011 3480 3158 3538 solus
3184 3481 3441 3565 ‘Clzrisltts
3478 3499 3548 3541 eo
3590 3486 3826 3556 baptizari

2262 3566 2560 3621 meruisset.
2591 3568 2727 3639 Ergo
2748 3577 2804 3625 ut
2822 3568 3040 3627 daretur
3062 3573 3213 3630 nobis
3240 3592 3269 3630 a
3297 3574 3520 3633 Domino
3539 3578 3824 3647 exemplum

2265 3657 2608 3725 humilitatis,
2653 3662 2721 3716 ad
2766 3664 3159 3735 percipiendam
3197 3669 3419 3724 salutem
3470 3669 3824 3742 baptismatis,

2262 3750 2505 3807 Christus
2532 3756 2765 3825 suscepit
2791 3756 2932 3827 quod
2955 3758 3005 3812 ei
3030 3774 3165 3828 opus
3202 3776 3306 3815 non
3335 3773 3478 3827 erat,
3501 3765 3601 3820 sed
3630 3772 3828 3836 propter

2265 3859 2363 3898 nos
2388 3860 2522 3915 Opus
2551 3855 2682 3902 erat.
2716 3848 2781 3902 Et
2803 3864 3018 3913 rursus,
3051 3866 3117 3907 ne
3143 3850 3245 3908 hoc
3269 3852 3441 3923 ipsum
3468 3857 3612 3925 quod
3641 3856 3828 3927 accepit

2263 3949 2291 3987 a
2310 3933 2515 3992 Joanne
2538 3935 2805 4004 Christus,
2838 3950 3236 4010 pneponeretur
3274 3943 3577 4013 baptismati
3606 3946 3788 4002 Christi
3808 3985 3824 4013 ,

2264 4026 2505 4097 permissi
2536 4038 2658 4084 sunt
2681 4038 2735 4084 et
2761 4030 2849 4085 alii
2872 4029 3128 4101 baptizari
3153 4032 3417 4089 aJoanue.
3438 4035 3542 4091 Sed
3561 4038 3652 4108 qui
3673 4036 3827 4108 bapti-

2262 4118 2363 4173 zati
2391 4128 2515 4175 sunt
2534 4134 2564 4175 a
2578 4118 2802 4187 Joanne,
2817 4136 2922 4176 non
2943 4121 3024 4177 eis
3046 4122 3278 4179 suﬁ‘ecit:
3295 4124 3541 4194 baptizati
3559 4138 3679 4184 sunt
3694 4128 3825 4184 enim

2263 4210 2524 4281 baptismo
2571 4212 2801 4280 Christi;
2850 4213 2973 4283 quia
3020 4230 3124 4270 non
3172 4214 3465 4285 baptismus
3492 4217 3689 4275 Christi
3723 4227 3827 4275 erat

2265 4301 2558 4371 baptismus
2590 4305 2828 4361 Joannis.
2861 4304 2961 4373 Qui
2993 4307 3255 4378 accipiunt
3275 4309 3598 4378 baptismum
3619 4311 3822 4378 Christi,

2260 4393 2576 4464 baptismum
2601 4398 2817 4456 Joannis
2849 4416 2954 4455 non
2982 4411 3226 4472 quaerunt
3250 4421 3262 4457 :
3286 4403 3373 4472 qui
3397 4415 3717 4475 acceperunt
3740 4404 3824 4459 ba-

2261 4486 2508 4556 ptismum
2524 4487 2761 4553 Joannis,
2779 4490 3095 4561 baptismum
3112 4491 3308 4548 Christi
3328 4496 3674 4564 quaesierunt.
3692 4495 3822 4566 Ergo

2259 4575 2469 4633 Christo
2492 4578 2700 4635 suffecit
2722 4580 3011 4650 baptismus
3029 4583 3268 4639 Joannis.
3292 4583 3571 4653 Quomodo
3598 4604 3700 4643 non
3723 4584 3822 4642 sul-

2259 4674 2468 4739 liceret,
2501 4674 2713 4744 quando
2738 4692 2836 4732 nec
2874 4677 2988 4747 ipse
3029 4686 3147 4734 erat
3182 4680 3555 4736 necessarius?
3585 4681 3662 4737 llli
3690 4679 3818 4737 enim

2256 4765 2431 4821 nullus
2455 4766 2746 4837 baptismus
2768 4778 2882 4824 erat
2907 4770 3268 4838 necessarius;
3299 4770 3393 4827 sed
3435 4772 3502 4828 ad
3542 4771 3818 4827 hortandos

2257 4874 2355 4913 nos
2380 4858 2445 4914 ad
2473 4858 2790 4929 baptismum
2824 4874 3009 4926 suum,
3046 4863 3280 4932 suscepit
3319 4863 3638 4933 baptismum
3666 4862 3814 4919 servi.

2254 4950 2323 5005 Et
2349 4966 2417 5005 ne
2446 4960 2842 5021 prmponeretur
2866 4950 3158 5022 baptismus
3190 4954 3328 5010 servi
3362 4954 3625 5025 baptismo
3652 4957 3813 5011 Duun-

2253 5043 2305 5096 ni
2328 5084 2341 5105 ,
2388 5042 2635 5113 baptizati
2680 5051 2803 5097 sunt
2842 5042 2932 5097 alii
2973 5043 3289 5113 baptismate
3312 5048 3576 5102 conservi.
3607 5048 3708 5103 Sed
3733 5061 3797 5114 qu

2251 5133 2502 5204 baptizati
2538 5143 2662 5189 sunt
2702 5134 3013 5204 baptismate
3040 5137 3313 5204 conservi,
3341 5140 3620 5207 oportebat
3646 5147 3700 5192 ut
3729 5136 3811 5188 ha-

2255 5230 2575 5298 ptizarentur
2598 5228 2909 5298 baptismate
2935 5228 3143 5284 Domini
3177 5246 3189 5282 :
3225 5231 3312 5300 qui
3344 5240 3522 5285 autem
3551 5229 3810 5300 baptizau-

2314 5432 2329 5463 ι
2355 5436 2428 5494 Er.
2455 5436 2507 5480 et
2526 5432 2673 5494 Lugd.
2697 5431 2766 5494 sic
2799 5430 2971 5494 legunt.
2996 5427 3125 5477 hunc
3153 5425 3309 5494 locum
3331 5439 3343 5473 :
3376 5426 3662 5494 Baptismttm
3694 5417 3809 5494 quod

2248 5492 2429 5557 (recepit
2450 5485 2670 5553 Joamies,
2695 5485 2977 5557 baptismimt
2997 5487 3191 5557 {opimis
3212 5486 3398 5557 dicttmt
3417 5492 3505 5557 est.
3531 5485 3692 5557 auitas
3711 5487 3811 5557 autc

2245 5547 2382 5605 illum
2393 5547 2667 5614 iustorum,
2690 5547 2848 5614 uultus
2879 5556 2980 5614 post
3008 5547 3144 5600 illum
3170 5554 3221 5598 ut
3254 5549 3493 5614 arriperet
3524 5547 3807 5614 baptismum.

2246 5616 2374 5681 quod
2393 5607 2682 5681 baptismum
2700 5611 2850 5681 ipsius
2872 5607 3130 5681 dicentia,
3153 5611 3336 5675 accepit
3355 5607 3372 5662 ἑ
3388 5609 3520 5661 :‘olns
3535 5607 3625 5661 tale
3644 5607 3810 5681 domuit

2245 5672 2427 5741 decepit
2451 5672 2659 5741 qnigtmt.
2684 5672 2863 5741 Quibus
2883 5672 3203 5741 subiugantur
3216 5672 3330 5741 \’_en.
3355 5681 3407 5723 et
3427 5681 3558 5733 l.ov.,
3583 5684 3639 5723 ea
3658 5677 3809 5741 tamen

2246 5725 2380 5790 anei
2397 5725 2476 5789 se.
2503 5725 2840 5801 αἰδείνυιιέωιίει,
2878 5725 2931 5788 ut.
2955 5725 3071 5785 Veii.
3087 5768 3104 5793 ,
3125 5733 3375 5796 baptisma,
3399 5742 3508 5787 ιον.
3529 5725 3702 5797 autem,
3730 5725 3806 5779 θα·

2244 5802 2465 5869 ptimum):
2491 5808 2659 5855 Ferant.
2724 5812 2778 5859 Μ.
