4036 6390
300 363 457 423 ΙΜῚ

299 488 402 536 tor
432 481 760 552 baptismate
797 484 1038 553 Domini,
1064 504 1168 546 non
1195 504 1330 562 opus
1359 492 1552 551 habent
1580 497 1901 569 baptismate

296 575 587 630 conservi.

376 665 439 721 6.
485 665 747 734 Quoniam
786 686 914 743 ergo
954 683 1228 746 acceperat
1270 676 1502 735 Joannes
1541 679 1895 751 baptismum,

293 755 396 828 qui
429 760 650 830 proprie
676 761 892 818 Joannis
921 764 1219 834 diceretur;
1250 769 1508 827 Dominus
1533 783 1710 830 autem
1737 776 1895 833 Jesns

295 845 559 905 Christus
587 853 756 908 noluit
789 853 1104 924 baptismum
1145 874 1297 914 suum
1327 861 1481 917 alicui
1513 863 1671 928 dare,
1707 883 1810 922 non
1842 878 1898 923 ut

293 952 474 996 nemo
516 941 871 1013 baptizaretur
903 947 1162 1017 baptismo
1201 951 1438 1020 Domini,
1470 955 1562 1008 scd
1593 966 1648 1010 ιιι
1685 973 1897 1027 seraper

295 1030 419 1100 ipse
449 1031 708 1088 Dominus
728 1036 1015 1105 baptizarct
1039 1056 1052 1092 :
1081 1039 1132 1095 id
1161 1051 1334 1097 actum
1361 1054 1477 1111 est,
1507 1056 1562 1100 ut
1592 1058 1643 1102 et
1672 1065 1766 1118 per
1789 1050 1891 1104 mi-

289 1121 508 1178 nistros
531 1122 791 1181 Dominus
817 1127 1144 1198 baptizaret,
1177 1133 1227 1187 id
1255 1144 1369 1199 est,
1401 1145 1456 1190 ut
1493 1152 1627 1208 quos
1667 1139 1891 1196 ministri

287 1211 521 1268 Domini
571 1214 882 1286 baptizatnri
925 1231 1110 1284 erant,
1147 1224 1398 1282 Dominus
1437 1228 1756 1297 baptizaret,
1785 1249 1889 1289 non

286 1303 392 1357 illi.
429 1305 597 1360 Aliud
627 1317 709 1362 est
733 1310 872 1364 enim
898 1311 1167 1382 baptizare
1208 1331 1302 1386 per
1341 1319 1723 1388 ministerium,
1747 1323 1890 1379 aliud

286 1390 578 1462 baptizare
614 1412 709 1467 per
749 1409 1081 1469 potestatem.
1132 1405 1398 1474 Baptisma
1453 1411 1594 1466 enim
1636 1414 1738 1470 tale
1775 1425 1886 1483 εει,

285 1483 477 1553 qualis
505 1496 597 1542 est
623 1489 712 1543 ille
740 1490 790 1543 in
816 1491 966 1560 cujus
995 1503 1250 1562 potestate
1270 1497 1452 1564 datur;
1483 1516 1586 1555 non
1613 1504 1781 1573 qualis
1809 1515 1890 1561 est

283 1573 382 1629 ille
411 1591 516 1646 per
540 1578 696 1647 cujus
725 1582 1074 1638 ministerium
1097 1584 1270 1640 datur.
1294 1588 1438 1644 Talis
1459 1603 1572 1646 crat
1595 1593 1888 1663 baptismus

282 1661 546 1732 Joannis,
577 1669 747 1737 qualis
781 1669 1055 1729 Joannes:
1089 1675 1381 1746 baptismus
1418 1680 1593 1750 justus
1638 1661 1886 1756 tanquam

280 1753 418 1824 justi
441 1797 460 1822 ,
491 1764 676 1813 nmen
719 1758 982 1829 hominis;
1033 1766 1127 1820 sed
1171 1769 1260 1838 qui
1297 1785 1574 1841 acceperat
1601 1790 1630 1828 a
1664 1753 1886 1834 Domino

284 1843 450 1900 istam
489 1850 750 1918 gratiam,
781 1861 836 1906 ct
864 1861 1059 1908 tantam
1104 1860 1324 1927 gratiam
1351 1901 1367 1926 ,
1417 1872 1474 1916 ut
1515 1864 1704 1930 dignus
1745 1879 1886 1923 esset

285 1939 490 2008 punire
509 1939 744 2010 judicent
765 1984 780 2009 ,
812 1953 867 2000 et
892 1961 1014 2001 eum
1039 1947 1204 2019 digito
1231 1955 1542 2019 ostendere.
1574 1967 1626 2012 et
1665 1959 1885 2030 implere

285 2044 484 2086 vocent
513 2035 805 2104 prophetiae
836 2038 994 2106 illius,
1027 2039 1139 2096 Vox
1163 2044 1428 2100 clamantis
1453 2051 1505 2102 in
1535 2050 1726 2106 deserto
1746 2095 1761 2120 ,
1786 2072 1882 2122 pa-

289 2131 406 2176 rate
441 2124 579 2178 uiam
614 2125 833 2182 Domino
855 2127 1005 2201 (lsai.
1037 2148 1126 2195 XL,
1157 2134 1232 2207 5).
1265 2136 1393 2192 Tale
1418 2153 1594 2196 autem
1623 2143 1881 2213 baptisma

286 2212 534 2279 Domini,
554 2219 728 2287 qualis
758 2220 1009 2278 Dominus
1034 2243 1046 2278 :
1071 2241 1198 2297 ergo
1224 2229 1485 2300 baptisma
1517 2212 1721 2292 Domini
1747 2239 1879 2293 divi-

283 2321 438 2374 num,
469 2310 601 2378 quia
631 2311 884 2370 Dominus
913 2315 1069 2371 Deus.

355 2399 410 2454 7.
455 2399 643 2455 Potuit
671 2413 845 2458 autem
874 2405 1126 2464 Dominus
1148 2410 1302 2468 Jesus
1329 2413 1590 2482 Christus,
1625 2420 1667 2473 si
1697 2421 1875 2488 vellet,

281 2490 414 2548 dare
444 2503 772 2563 potestatem
797 2499 952 2553 alicui
973 2515 1128 2556 servo
1157 2519 1274 2572 suo,
1301 2517 1356 2562 ut
1379 2509 1534 2565 daret
1560 2513 1875 2583 baptismum

278 2596 440 2638 suum
461 2594 727 2654 tanquam
754 2589 868 2644 vice
895 2604 987 2645 sua
1005 2633 1020 2656 ,
1047 2603 1101 2648 et
1128 2598 1414 2654 transferre
1439 2617 1466 2652 a
1493 2617 1550 2657 se
1576 2604 1876 2675 baptizandi

277 2683 639 2744 potestatem,
665 2688 719 2733 et
744 2682 1066 2739 coastituere
1093 2686 1142 2739 in
1165 2689 1337 2758 aliquo
1366 2707 1522 2746 servo
1547 2711 1663 2758 suo,
1684 2708 1736 2751 et
1758 2707 1874 2754 tan-

278 2772 385 2820 tam
417 2767 537 2820 vim
567 2768 694 2824 dare
718 2769 980 2838 baptismo
1008 2777 1261 2832 translato
1289 2780 1340 2832 in
1371 2796 1604 2850 servum,
1623 2799 1872 2855 quantam

275 2857 384 2910 vim
427 2857 666 2913 haberet
702 2860 992 2930 baptismus
1032 2865 1186 2921 datus
1212 2885 1243 2923 a
1275 2870 1514 2927 Domino.
1555 2876 1665 2931 lloc
1704 2879 1876 2936 uoluit

281 2945 426 3014 ideo,
459 2959 529 3003 ut
555 2949 607 3003 in
632 2950 724 3006 illo
741 2968 862 3023 spes
889 2965 1030 3010 esset
1047 2958 1452 3042 bynizatormn,
1467 2980 1496 3019 a
1512 2983 1618 3037 quo
1633 2983 1690 3024 sc
1707 2972 1876 3042 bapti-

281 2974 426 3014 suw,
459 2974 529 3003 ul.
555 2974 607 3003 ιιι
632 2974 724 3006 ιιιυ
741 2974 862 3023 spes
889 2974 1030 3010 esset
1051 2974 1110 3010 Du
1155 2974 1496 3030 uzatormn,a
1512 2983 1618 3037 quo
1633 2983 1690 3024 se
1707 2974 1871 3042 bapti-

274 3047 424 3094 zatos
471 3053 852 3110 agnoscerent.
882 2974 1228 3119 ΝωυῇξίἩο
1257 3067 1468 3108 servum
1496 3073 1694 3126 ponere
1723 3078 1871 3132 spem

274 3130 328 3184 in
373 3147 568 3186 serae.
601 3132 828 3205 Ideoque
855 3139 1118 3195 clamabat
1161 3145 1476 3212 Apostolus,
1508 3165 1629 3207 cum
1671 3130 1873 3212 videret

275 3217 539 3277 homines
575 3224 812 3281 volentes
855 3244 1052 3297 ponere
1087 3247 1237 3303 spem
1277 3236 1328 3290 in
1370 3239 1583 3309 seipso:
1611 3242 1873 3316 Numquid

276 3309 483 3367 Paulus
529 3329 621 3382 pro
660 3317 796 3370 vobis
833 3321 1105 3390 cruciﬁxus
1139 3327 1250 3379 est?
1284 3338 1370 3382 aut
1396 3331 1446 3385 iu
1474 3336 1675 3390 nomine
1713 3337 1870 3395 Pauli

272 3402 533 3475 baptizari
579 3409 696 3460 estis
725 3410 778 3480 (Ι
805 3409 922 3465 Cor.
952 3429 988 3474 I.
1025 3415 1154 3486 ιδῃ
1194 3418 1484 3489 Baptizavit
1522 3444 1648 3497 ergo
1679 3431 1868 3489 Paulus

276 3505 544 3568 tanquam
575 3499 832 3565 minister,
861 3518 965 3558 non
997 3514 1242 3576 tanquam
1265 3511 1377 3581 ipsa
1406 3525 1668 3584 potestas:
1699 3521 1868 3593 bapti-

272 3591 412 3642 zavit
456 3600 643 3646 autent
686 3591 939 3649 Dominus
983 3606 1231 3668 tanquam
1278 3615 1546 3673 potestas.
1586 3591 1864 3671 Intendite.

274 3679 342 3736 Et
368 3681 558 3751 potuit
600 3683 736 3740 hanc
780 3695 1095 3756 potestatem
1131 3694 1302 3746 servis
1328 3695 1488 3763 dare,
1515 3711 1568 3754 et
1596 3704 1780 3759 noluit.
1808 3707 1866 3762 Si

272 3775 414 3830 enim
441 3777 606 3832 daret
628 3777 766 3833 hanc
792 3790 1106 3851 potestatem
1133 3787 1324 3854 servis,
1345 3789 1392 3843 id
1415 3801 1517 3854 est,
1547 3805 1601 3848 ut
1627 3798 1863 3866 ipsorum

272 3875 416 3922 esset
441 3867 598 3936 quod
628 3868 835 3924 Domini
861 3881 1006 3940 erat,
1041 3883 1118 3929 tot
1143 3889 1323 3932 essent
1347 3879 1590 3952 baptismi
1624 3900 1753 3958 quot
1775 3907 1866 3948 cs-

273 3969 391 4013 sent
416 3959 601 4024 servi;
627 3973 678 4014 ut
705 3963 971 4032 quomodo
994 3965 1193 4022 dictum
1224 3979 1306 4024 est
1334 3971 1590 4044 baptisma
1619 3977 1860 4052 Joannis,

272 4049 349 4104 sic
381 4046 663 4106 diceretur
692 4053 949 4123 baptisma
980 4056 1152 4122 Petri,
1181 4061 1258 4114 sic
1286 4062 1542 4131 baptisma
1572 4069 1717 4125 Pauli
1737 4113 1753 4138 ,
1786 4076 1865 4130 sic

273 4141 542 4213 baptisma
568 4143 774 4209 Jacobi,
808 4148 1066 4217 baptisma
1087 4151 1323 4220 Thomm,
1355 4156 1613 4219 Mattlnei.
1639 4161 1862 4220 Bartho-
1927 4162 1930 4170 ’

275 4232 450 4290 ιι»ωωί
486 4252 504 4289 :
543 4236 671 4290 illud
699 4238 842 4293 enim
869 4239 1126 4311 baptisma
1151 4244 1370 4302 Joannis
1398 4251 1596 4307 dictum
1622 4264 1724 4310 est.
1755 4258 1860 4314 Sed

276 4324 412 4383 ποι-ιε
435 4325 637 4396 aliquis
662 4329 883 4394 resistit.
914 4342 968 4387 et
995 4335 1121 4389 dicit
1149 4353 1163 4389 :
1193 4337 1362 4394 l’roba
1392 4343 1547 4399 nobis
1572 4347 1691 4415 quia
1731 4348 1860 4405 illud

277 4415 542 4487 baptisma
571 4417 795 4476 Joannis
821 4422 1019 4478 dictum
1045 4435 1144 4480 est.
1176 4428 1416 4487 Probabo
1438 4475 1451 4499 ,
1483 4433 1592 4503 ipsa
1628 4436 1860 4497 Veritatc

273 4508 510 4575 diunte,
542 4513 756 4581 quando
783 4513 1124 4586 interrogavit
1149 4518 1380 4586 Judmos,
1411 4523 1672 4593 Baptisma
1696 4529 1858 4586 Joan-

277 4601 352 4655 nis
381 4602 524 4656 unde
558 4605 666 4657 est?
699 4603 764 4657 de
801 4606 946 4672 caelo,
987 4625 1052 4661 an
1091 4625 1154 4664 ea:
1193 4610 1472 4669 hominibus
1497 4616 1708 4689 (Matth.
1738 4637 1856 4687 XXI,

275 4691 404 4763 ‘25)?
431 4694 577 4764 Ergo
602 4710 668 4749 ne
704 4704 778 4749 tot
818 4697 1128 4768 baptismata
1155 4701 1479 4769 dicerentur,
1509 4723 1638 4777 quot
1677 4724 1858 4769 essent

279 4786 416 4840 servi
441 4787 533 4855 qui
567 4787 890 4856 baptizarent
908 4802 1124 4861 accepta
1148 4804 1406 4862 potestate
1423 4812 1452 4851 a
1483 4799 1734 4869 Domino;
1757 4805 1857 4860 sibi

283 4877 448 4928 tenuit
477 4875 729 4930 Donnnus
747 4877 1043 4948 baptizandi
1061 4893 1393 4951 potestatem,
1420 4891 1587 4944 servis
1615 4893 1847 4948 ministe-

280 4966 413 5019 rimn
433 4967 603 5022 dedit.
627 4969 761 5022 Dicit
777 4984 832 5025 se
855 4984 1041 5026 servus
1067 4974 1364 5043 baptizare;
1393 4990 1534 5033 recte
1553 4981 1697 5041 dicit.
1721 4985 1856 5039 sicut

279 5057 569 5126 Apostolus
602 5057 729 5113 dicit
756 5100 773 5126 ,
808 5060 1070 5131 Baptizavi
1096 5075 1326 5120 autemet
1354 5068 1626 5140 Stephano:
1649 5074 1854 5130 domum

280 5148 321 5218 (l
347 5151 467 5204 Cor.
495 5150 628 5221 uiti)
653 5169 666 5203 :
693 5153 787 5206 sed
815 5161 1060 5224 tanquam
1079 5158 1339 5213 minister.
1359 5160 1480 5215 ideo
1502 5163 1542 5216 si
1571 5165 1635 5219 sit
1663 5175 1717 5221 ct
1738 5182 1854 5222 ma-

279 5239 386 5305 lus,
413 5251 468 5297 et
501 5243 771 5311 contingat
816 5243 887 5297 illi
931 5245 1126 5300 habere
1154 5248 1503 5305 ministerium
1524 5295 1539 5320 ,
1570 5267 1624 5309 et
1659 5258 1701 5310 si
1728 5273 1850 5313 eum

283 5327 522 5387 homines
561 5350 664 5387 non
709 5344 929 5395 norunt.
956 5345 1012 5391 et
1045 5337 1181 5392 Deus
1220 5356 1340 5393 cum
1381 5343 1524 5397 novit
1554 5363 1567 5398 :
1596 5350 1854 5415 permittit

281 5420 419 5479 Dens
462 5425 710 5495 baptizari
744 5443 837 5496 per
859 5444 1008 5491 cum,
1040 5430 1126 5500 qui
1152 5431 1251 5485 sibi
1283 5439 1450 5489 tenuit
1478 5447 1813 5506 potestatem.

347 5513 401 5570 8.
453 5515 561 5572 Hoc
605 5528 782 5573 autem
825 5519 1062 5577 Joannes
1108 5538 1210 5578 non
1254 5539 1472 5581 noverat
1521 5530 1570 5583 in
1605 5533 1846 5591 Domino.

280 5602 406 5673 Quia
439 5607 688 5664 Dominus
723 5623 870 5676 erat,
899 5626 1148 5679 noverat;
1189 5619 1308 5686 quia
1352 5619 1420 5672 ab
1463 5621 1578 5692 ipso
1619 5623 1849 5686 debebat

280 5694 557 5766 baptizari,
588 5713 804 5758 noverat
836 5721 848 5757 :
882 5715 933 5759 et
959 5708 1236 5764 confessus
1257 5722 1339 5765 est
1367 5715 1486 5782 quia
1518 5717 1710 5774 veritas
1733 5733 1848 5779 erat

278 5783 382 5856 ille,
406 5798 464 5846 et
486 5790 572 5848 ille
597 5809 755 5848 verax
781 5796 974 5851 mis-us
999 5815 1027 5850 a
1059 5801 1308 5870 veritate;
1342 5803 1442 5860 hoc
1464 5818 1702 5866 noverat.
1737 5811 1842 5872 Sed

550 5886 775 5949 Sacr.
811 5891 1082 5954 Auoosr.
1113 5895 1223 5958 Ill.

1515 381 1923 443 TRACTATUS
1958 374 2025 443 Ὗ.
2062 380 2288 447 CAPUT
2317 386 2360 447 ι.

3451 416 3591 487 itis

2010 501 2133 571 quid
2163 502 2212 556 in
2244 520 2309 560 eo
2336 521 2438 562 non
2459 510 2720 567 noverat?
2744 512 2874 583 Quia
2904 516 3004 575 sibi
3033 530 3333 584 retenturus
3357 547 3473 591 erat
3491 538 3588 595 ba-

2006 594 2268 662 ptismatis
2296 599 2374 653 sui
2405 611 2749 671 potestatem,
2780 617 2834 663 et
2877 625 2982 666 non
3022 629 3138 670 eam
3181 625 3586 691 transmissurus

2004 692 2059 737 et
2090 687 2440 744 translaturus
2464 695 2514 747 in
2535 695 2763 766 aliquem
2794 714 3003 758 servum
3032 723 3047 759 :
3074 707 3167 762 sed
3197 711 3310 768 sive
3341 687 3581 788 baptiza.

2004 784 2086 831 ret
2110 777 2159 832 in
2188 780 2480 840 ministerio
2509 803 2695 844 servus
2722 791 2909 860 bonus,
2939 796 3055 852 sive
3086 798 3377 870 baptizarct
3403 777 3455 864 in
3483 815 3588 872 mi-

2002 866 2225 926 nisterio
2263 879 2449 931 servus
2487 879 2678 947 malus,
2698 897 2801 937 non
2830 885 2990 942 sciret
3014 904 3073 944 se
3101 889 3191 946 ille
3219 896 3308 966 qui
3338 897 3577 972 baptiza-

2000 967 2149 1014 retur
2188 961 2473 1033 baptizari,
2505 969 2606 1024 nisi
2631 971 2696 1027 ab
2725 973 2816 1030 illo
2839 977 2926 1045 qui
2957 977 3055 1034 sibi
3083 961 3256 1040 tenuil
3279 961 3580 1059 baptizandi

2002 1060 2339 1120 potestatem.
2371 1060 2434 1113 Et
2461 1071 2515 1114 ut
2539 1067 2826 1134 noveritis,
2857 1067 3079 1140 fratres,
3111 1079 3230 1145 quia
3275 1081 3375 1138 hoc
3403 1085 3456 1142 in
3485 1085 3582 1146 illo

1999 1159 2104 1198 non
2154 1159 2372 1204 noverat
2397 1149 2664 1225 Joannes,
2697 1170 2751 1213 et
2776 1159 2875 1216 hoc
2903 1162 3086 1220 didicit
3111 1184 3206 1238 per
3225 1173 3525 1236 columbam
3556 1198 3576 1238 :

2001 1235 2279 1293 Dominum
2305 1242 2446 1297 enim
2475 1257 2727 1313 noverat,
2755 1250 2848 1306 sed
2873 1268 2992 1308 eum
3021 1235 3320 1328 baptizandi
3345 1267 3446 1323 sibi
3475 1235 3579 1342 po;

1997 1334 2239 1384 testatem
2271 1343 2632 1405 retenturum,
2669 1350 2722 1395 ct
2763 1344 2891 1399 nulli
2936 1361 3090 1406 servo
3127 1368 3244 1411 eam
3287 1334 3574 1434 daturum,

1997 1421 2230 1476 nondmn
2259 1438 2513 1494 noverat;
2541 1434 2832 1490 secundum
2862 1436 2963 1495 hoc
2986 1442 3150 1513 dixit,
3178 1446 3245 1502 Et
3268 1467 3362 1523 ego
3383 1421 3578 1515 nescia:

1997 1509 2108 1563 bant
2137 1529 2271 1566 eum.
2303 1516 2369 1570 Et
2403 1530 2459 1572 ut
2502 1524 2755 1580 noveritis
2779 1529 2901 1597 quia
2932 1531 3000 1586 ibi
3029 1509 3338 1597 hoc'didieit
3357 1585 3372 1610 ,

1993 1599 2104 1658 dite
2143 1609 2417 1676 sequentia
2447 1628 2461 1663 :
2491 1612 2596 1666 Sed
2615 1617 2700 1685 qui
2725 1618 2858 1673 misit
2893 1639 2970 1677 me
3017 1625 3272 1697 baptizare
3306 1599 3371 1691 in,
3401 1599 3570 1711 ,

1993 1691 2100 1762 ipse
2130 1695 2254 1750 mihi
2281 1700 2438 1766 dixit,
2468 1701 2637 1773 Super
2670 1723 2816 1777 quem
2856 1712 3038 1769 videris
3072 1691 3324 1788 Spiritum

1992 1785 2209 1851 dentem,
2238 1795 2381 1861 quasi
2407 1796 2708 1865 columbam,
2743 1811 2787 1855 et
2813 1816 3092 1863 manentem
3113 1828 3265 1882 super
3288 1833 3433 1888 eum,
3464 1822 3575 1894 ipse

1989 1889 2080 1932 est.
2108 1880 2244 1947 Quid
2269 1885 2380 1954 ipse
2409 1889 2528 1943 est?
2552 1890 2824 1950 Dominus.
2853 1896 2956 1952 Sed
2997 1900 3108 1970 jam
3147 1880 3365 1966 noverat
3386 1880 3574 1972 Domi-

1990 1987 2133 2027 num.
2186 1975 2324 2045 Ergo
2367 1989 2546 2048 putate
2577 1983 2679 2039 huc
2722 2002 2886 2058 usque
2913 1990 3112 2050 dixisse
3137 1996 3429 2072 Joannem,
3454 2005 3572 2081 Ego

1989 2077 2089 2116 non
2113 2080 2347 2120 noveram
2371 2086 2521 2137 eum;
2545 2074 2636 2128 sed
2656 2078 2741 2146 qui
2769 2095 2848 2133 me
2869 2082 3004 2137 misit
3030 2084 3285 2155 baptizare
3319 2094 3373 2148 in
3413 2074 3567 2169 aqua,

1986 2152 2093 2223 ipse
2149 2157 2270 2212 mihi
2322 2160 2465 2214 dixit.
2515 2163 2812 2232 Qua-rimus
2852 2173 2975 2242 quid
3024 2152 3249 2234 diserit?
3295 2152 3566 2260 Sequitur;

1987 2243 2157 2314 Super
2203 2265 2348 2318 quem
2399 2251 2580 2308 videris
2633 2256 2884 2326 Spiritum
2947 2263 3357 2342 descendentem,
3385 2243 3399 2257 ⁵
3422 2243 3571 2349 quasi

1985 2335 2265 2392 columbam
2289 2382 2304 2405 ,
2352 2353 2398 2395 et
2441 2358 2721 2402 manentem
2771 2368 2923 2421 super
2975 2373 3106 2413 eum.
3159 2360 3274 2418 Non
3312 2335 3447 2424 dico.
3476 2386 3567 2430 se-

1983 2431 2224 2496 quentia;
2256 2433 2463 2490 interim
2491 2440 2780 2496 attendite:
2812 2443 2982 2516 Super
3020 2466 3166 2520 quem
3212 2456 3398 2513 videris
3437 2462 3567 2534 Spi-

1983 2519 2132 2573 ritum
2170 2521 2578 2593 descendentem,
2604 2540 2840 2602 tanquam
2860 2519 3174 2609 columbam,
3203 2557 3248 2601 et
3283 2519 3566 2610 manentem

1981 2626 2133 2681 super
2181 2629 2325 2682 eunt,
2372 2617 2480 2687 ipse
2523 2629 2612 2674 est.
2655 2621 2758 2678 Sed
2808 2627 2932 2696 quid
2990 2630 3103 2701 ipse
3153 2639 3274 2693 est?
3315 2643 3444 2710 quid
3478 2661 3568 2703 me

1982 2702 2148 2759 voluit
2193 2722 2287 2777 per
2323 2710 2623 2770 columbam
2683 2715 2876 2776 docere
2927 2723 3018 2793 qui
3065 2741 3151 2783 me
3198 2702 3380 2787 misil?
3429 2735 3566 2803 Quia

1981 2794 2094 2864 ipse
2149 2806 2262 2853 erat
2310 2800 2601 2860 Dominus?
2653 2806 2770 2864 Jam
2833 2827 3082 2872 noveram
3123 2835 3155 2875 a
3197 2837 3304 2892 quo
3364 2794 3564 2886 missus

1980 2899 2125 2940 eram
2151 2905 2165 2942 :
2183 2889 2290 2955 jam
2323 2906 2575 2950 noveram
2607 2912 2728 2953 eum
2777 2903 2862 2958 cui
2909 2904 3052 2974 dixi,
3081 2907 3160 2962 Tu
3183 2889 3252 2967 ad
3294 2931 3374 2970 me
3419 2920 3560 2976 venis

1979 2973 2288 3043 baptizari?
2344 2998 2434 3054 ego
2480 3001 2511 3037 a
2557 2995 2604 3040 te
2645 2988 2795 3044 debeo
2853 2973 3101 3064 baptizari
3136 3015 3156 3054 :
3196 3018 3361 3074 usque
3419 2973 3558 3065 adeo

1980 3079 2107 3136 ergo
2148 3085 2398 3127 noveram
2445 3075 2757 3145 Dominum,
2791 3092 2848 3136 ut
2885 3099 2984 3155 ego
3005 3087 3074 3142 ab
3108 3104 3176 3146 eo
3213 3093 3408 3152 vellem
3456 3098 3559 3154 ba-

1978 3159 2198 3228 ptizari,
2257 3181 2365 3219 non
2416 3177 2473 3222 ut
2513 3184 2542 3222 a
2588 3186 2674 3224 me
2727 3173 2840 3242 ipse
2885 3175 3242 3248 baptizaretur
3281 3202 3296 3240 :
3335 3196 3390 3244 et
3435 3197 3562 3249 tunc

1978 3252 2106 3308 mihi
2130 3255 2282 3315 dixit.
2311 3256 2436 3313 Sine
2460 3261 2641 3327 modo;
2665 3264 2935 3336 impleatur
2953 3273 3115 3327 omnis
3123 3275 3325 3345 justitia
3344 3279 3559 3352 (Matth.

1977 3359 2055 3412 ιιι,
2088 3346 2321 3416 14,15);
2353 3351 2458 3418 pati
2488 3354 2608 3408 veni
2626 3396 2642 3420 ,
2666 3355 2918 3426 baptizari
2949 3376 3054 3416 non
3081 3367 3272 3424 venio?
3294 3346 3562 3438 impleatur

1976 3439 2138 3510 omnis
2154 3440 2387 3510 justitia,
2415 3444 2488 3498 ait
2519 3446 2823 3503 mihiDeus
2864 3466 3044 3519 meus;
3076 3455 3358 3526 impleatur
3383 3465 3562 3522 omnis

1970 3529 2207 3601 jnstitia,
2255 3533 2473 3590 doceam
2526 3538 2735 3608 plenam
2784 3541 3324 3606 humilitatcmznovi
3369 3570 3562 3627 super-

1975 3623 2183 3680 bientes
2215 3628 2264 3680 in
2291 3627 2466 3686 futuro
2491 3633 2684 3699 populo
2706 3649 2844 3701 meo,
2873 3640 2991 3694 novi
3041 3638 3246 3711 aliquos
3285 3643 3338 3699 in
3382 3623 3558 3719 aliqua

1972 3718 2334 3774 excellentiori
2354 3724 2518 3792 gratia
2546 3723 2750 3780 futuros
2776 3728 3034 3798 homines,
3061 3742 3119 3786 ut
3157 3748 3279 3791 cum
3326 3718 3560 3799 viderint

1974 3806 2164 3884 idiotas
2183 3810 2386 3881 aliquos
2403 3812 2753 3883 baptizari,illi
2774 3819 2893 3888 quia
2915 3823 3160 3881 meliores
3171 3826 3270 3882 sibi
3289 3829 3554 3901 videntur,

1971 3899 2084 3956 sive
2111 3904 2430 3959 continentia
2452 3947 2466 3971 ,
2493 3907 2609 3963 sive
2633 3909 3006 3985 elcemosynis,
3027 3916 3140 3973 sive
3159 3917 3396 3976 doctrina
3413 3963 3429 3989 ,
3457 3923 3556 3982 de-

1973 3991 2256 4062 dignentur
2283 3996 2365 4050 isti
2394 3997 2616 4054 fortasse
2643 4002 2884 4070 accipere
2908 4007 3047 4075 quod
3069 4008 3143 4063 illi
3167 4009 3443 4070 interiores
3465 4031 3556 4074 ae-

1971 4095 2257 4166 ceperunt;
2289 4096 2498 4156 oportet
2527 4099 2583 4144 ut
2606 4105 2790 4146 sanem
2813 4108 2930 4161 eos,
2949 4105 3006 4150 ιιι
3047 4113 3151 4152 non
3199 4101 3556 4173 dedignentur

1971 4158 2151 4231 venire
2194 4177 2261 4232 ad
2302 4178 2561 4248 baptisma
2589 4182 2834 4254 Domini,
2863 4158 2986 4256 quia
3011 4204 3110 4260 ego
3136 4193 3256 4247 veni
3281 4158 3354 4250 ad

1969 4279 2083 4320 sma
2111 4268 2269 4321 servi.
3388 4329 3392 4334 -
3421 4300 3547 4357 me}

2038 4355 2092 4411 9.
2131 4357 2248 4413 Jam
2272 4375 2401 4439 ergo
2425 4359 2526 4418 hoc
2554 4375 2773 4422 noverat
2794 4365 3054 4438 Joannes,
3093 4379 3150 4427 et
3189 4385 3414 4434 noverat

1969 4448 2190 4505 minum.
2219 4450 2353 4520 Quid
2379 4469 2505 4525 ergo
2545 4455 2724 4513 docuit
2761 4459 3038 4518 columba?
3075 4465 3201 4535 quid
3243 4469 3409 4543 voluit
3448 4487 3551 4544 per

1967 4543 2296 4610 columbam,
2327 4545 2378 4600 id
2427 4555 2508 4602 est
2526 4589 2540 4614 ,
2574 4564 2669 4618 per
2695 4550 2946 4621 Spiritum
2967 4567 3206 4613 sanctum
3229 4560 3309 4616 sic
3330 4543 3550 4622 venien-

1971 4643 2075 4688 tem
2103 4635 2328 4700 tlocere,
2359 4640 2444 4708 qui
2477 4639 2692 4696 miserat
2731 4659 2884 4712 eum,
2925 4649 3009 4702 cui
3047 4650 3150 4715 ait,
3197 4651 3368 4724 Super
3400 4673 3550 4728 quem

1933 4798 1937 4802 ἡ
1966 4725 2150 4781 uideris
2174 4727 2425 4796 Spiritum
2454 4730 2865 4803 descendentem,
2898 4747 3135 4808 tanquam
3155 4725 3466 4818 columbam,
3497 4759 3548 4806 et

1967 4827 2246 4870 manentem
2271 4836 2422 4889 super
2448 4837 2560 4875 eum
2579 4865 2592 4885 ,
2621 4824 2727 4893 ipse
2750 4828 2863 4881 est?
2889 4827 3018 4896 Quis
3059 4831 3170 4900 ipse
3206 4835 3324 4891 est?
3361 4839 3543 4897 Domi-

1967 4920 2086 4960 nus.
2116 4905 2266 4962 Novi.
2290 4909 2396 4964 Sed
2422 4914 2673 4982 Innnquid
2702 4915 2801 4970 hoc
2817 4916 2927 4986 jam
2955 4935 3198 4987 noveras,
3222 4926 3343 4994 quia
3362 4929 3544 4986 Domi-

1965 5012 2067 5052 nus
2087 4997 2185 5053 iste
2227 4999 2524 5070 baptizandi
2571 5002 2773 5061 habens
2796 5017 3109 5076 potestatem
3127 5052 3141 5075 ,
3164 5027 3282 5068 eam
3306 5027 3542 5088 potesta-

1967 5096 2070 5142 tem
2097 5088 2225 5143 nulli
2265 5105 2420 5146 servo
2443 5090 2662 5148 daturus
2685 5105 2766 5149 est
2785 5138 2800 5162 ,
2833 5097 2925 5152 sed
2965 5099 3067 5154 sibi
3093 5116 3210 5157 eam
3239 5114 3546 5168 retenturus

1963 5188 2074 5243 est,
2109 5189 2164 5232 ut
2192 5180 2364 5235 (innuis
2392 5183 2482 5252 qui
2510 5184 2805 5255 baptizatur
2834 5203 2929 5258 per
2966 5193 3104 5247 servi
3150 5194 3502 5256 ministerium
3523 5242 3543 5270 ,

1963 5284 2069 5325 non
2110 5271 2336 5341 imputet
2364 5288 2540 5343 servo,
2579 5276 2673 5333 scil
2707 5277 2967 5338 Domino?
2992 5287 3245 5357 numquid
3287 5289 3390 5347 hoc
3427 5291 3543 5362 jam

1962 5363 2220 5418 noveras?
2243 5363 2357 5420 Non
2392 5369 2493 5422 hoc
2537 5383 2824 5424 noveram:
2854 5373 2989 5430 adeo
3023 5377 3150 5446 quid
3191 5379 3318 5434 mibi
3365 5380 3543 5437 dixit!

1962 5453 2131 5526 Super
2149 5472 2293 5526 quem
2313 5459 2494 5514 videris
2513 5460 2762 5531 Spiritum
2783 5465 3156 5523 descendentem
3185 5480 3423 5540 tanquam
3454 5490 3545 5530 co-

1961 5546 2200 5612 lumbam,
2225 5557 2268 5600 ct
2297 5562 2577 5605 manentem
2615 5570 2768 5624 super
2785 5571 2898 5610 eum
2917 5597 2933 5624 ,
2963 5559 3070 5627 ipse
3092 5568 3164 5613 est
3192 5562 3280 5631 qui
3313 5561 3541 5636 baptista

1959 5638 2012 5690 in
2043 5638 2239 5708 Spiritu
2267 5653 2460 5695 sancto.
2491 5643 2608 5699 Non
2632 5647 2737 5713 ait,
2757 5647 2872 5718 Ipse
2897 5660 2978 5703 est
3007 5650 3286 5723 Dominus;
3310 5671 3418 5714 non
3437 5659 3536 5730 ait,

1959 5727 2072 5798 ipse
2099 5739 2181 5785 est
2209 5731 2483 5797 Christus;
2519 5750 2623 5790 non
2661 5738 2767 5803 ait,
2808 5740 2918 5808 ipse
2955 5751 3038 5796 cst
3073 5742 3248 5812 Deus;
3283 5763 3393 5806 non
3429 5727 3536 5820 ait,

1957 5818 2073 5889 ipse
2096 5831 2178 5876 est
2203 5819 2386 5891 Jesus;
2419 5839 2524 5902 non
2551 5826 2645 5894 ait,
2672 5828 2786 5898 ipse
2809 5839 2892 5884 est
2913 5835 3003 5902 qui
3027 5844 3184 5890 natus
3215 5848 3298 5896 est
3326 5840 3395 5899 de
3426 5818 3537 5900 ur-

2658 5920 3254 6017 (Quarante-cinq.)
