4036 6390
275 399 432 458 In!
1511 393 1879 454 TRACTATU

1992 393 2024 448 ν.
2061 392 2291 450 CAPUT
2325 391 2367 448 ι.
3373 366 3387 374 “
3440 391 3584 451 ιι·

274 512 500 569 habeo.
519 505 690 568 Malus
712 512 807 568 tibi
828 507 991 568 dedit.
1008 508 1064 568 Si
1088 508 1256 565 malus
1267 507 1530 574 Christus,
1561 508 1728 562 malus
1751 506 1887 562 mihi
2000 502 2187 560 fundat
2203 504 2460 561 inimicos
2491 518 2621 560 suos
2647 519 2740 574 per
2767 504 3043 560 lucernam
3066 519 3235 560 suam.
3275 506 3574 578 Interrogo-

273 603 461 660 dedit.
493 603 634 663 Non.
662 604 848 673 inquit.
873 603 1044 657 malus
1061 601 1306 656 Christus
1329 617 1341 653 :
1373 599 1466 654 sed
1492 614 1596 653 non
1620 599 1713 653 tibi
1736 597 1894 652 Cbri-
1998 610 2118 650 mus
2137 609 2190 652 et
2212 610 2308 650 nos
2327 595 2467 665 quod
2489 596 2742 650 Dominus
2757 594 2990 659 Judaeos,
3012 597 3403 668 interrogemus
3420 607 3476 656 et
3495 594 3580 654 di.

273 706 400 753 stus
448 697 625 752 dedit.
659 697 791 766 Quis
815 711 941 766 ergo
970 694 1096 749 mihi
1126 693 1312 748 dedit?
1345 691 1606 770 responde
1631 709 1644 743 :
1677 705 1775 761 ego
1802 703 1889 745 me
1997 702 2200 753 camus,
2221 687 2485 757 Baptisma
2501 688 2720 742 Joannis
2741 687 2882 743 unde
2900 687 3022 744 est?
3043 688 3114 744 de
3134 690 3292 753 calo,
3310 705 3379 746 an
3395 708 3460 748 es
3483 693 3580 748 ho-

270 802 306 842 a
331 785 574 844 Christo
601 787 714 844 scio
739 785 1030 856 accepisse.
1059 783 1211 839 Dedit
1237 784 1351 843 tibi.
1381 769 1578 854 inquit,
1609 782 1701 836 sed
1730 780 1891 835 tradi-
1997 780 2268 834 minibus?
2291 781 2430 848 Quid
2459 781 2651 836 dicturi
2676 789 2818 848 sunt,
2843 783 3034 848 videte,
3057 784 3103 839 si
3126 800 3231 838 non
3257 791 3312 841 et
3335 786 3437 856 ipsi
3459 795 3581 844 tam

272 889 367 935 tor
395 881 598 935 nescio
622 861 913 948 quis,'nou
938 875 1198 931 Christus.
1229 875 1426 930 Videro
1460 875 1575 943 quis
1611 873 1764 926 fuerit
1792 871 1892 926 mi-
1997 887 2154 941 quam
2186 873 2385 928 inimici
2418 873 2485 928 de
2522 874 2737 930 lucerna
2765 875 3181 932 contunduntur.
3219 878 3360 946 Quid
3385 879 3579 937 dicturi

277 971 493 1038 nistcr,
530 971 720 1025 videro
747 969 864 1040 quis
893 967 1049 1023 fuerit
1078 981 1280 1038 przeco;
1310 965 1378 1021 de
1401 965 1614 1020 ofﬁciali
1645 980 1748 1018 non
1778 963 1888 1018 dis-
1998 964 2228 1018 suut?Si
2248 953 2496 1029 dixerint,
2518 966 2595 1020 Ex
2615 966 2946 1032 hominibus:
2969 979 3021 1024 et
3045 969 3142 1039 ipsi
3161 970 3350 1026 suioos
3370 972 3576 1041 lapideo

275 1075 442 1134 puto,
487 1063 729 1134 judicem
760 1060 977 1117 attendo
1001 1078 1017 1116 :
1043 1067 1096 1114 et
1122 1059 1254 1115 forte
1276 1057 1416 1128 quod
1445 1057 1632 1127 objicis
1656 1053 1886 1118 ofllciali,
1996 1053 2129 1110 bunt
2152 1069 2166 1107 :
2190 1055 2234 1109 si
2261 1065 2436 1111 autem
2453 1057 2702 1123 dixerint,
2731 1058 2804 1113 De
2824 1060 2996 1124 etelo;
3025 1059 3264 1116 dicamus
3282 1062 3382 1126 eis,
3400 1062 3584 1132 Quare

271 1151 581 1210 mentiris:
612 1152 706 1207 sed
729 1151 852 1206 nolo
875 1151 1173 1214 discutere;
1203 1163 1416 1204 causam
1437 1147 1677 1202 oiﬁcialis
1696 1147 1776 1200 sui
1801 1158 1890 1200 co-
1997 1159 2125 1216 ergo
2146 1161 2249 1201 non
2277 1148 2578 1203 credidistis
2601 1149 2690 1203 ei?
2718 1149 2906 1205 Dicunt
2934 1149 3178 1215 fortasse,
3199 1150 3478 1210 Credimus
3500 1155 3572 1214 eis

268 1255 518 1317 gnoscat
568 1246 822 1300 Dominus
850 1244 1126 1298 amborum
1151 1261 1165 1298 :
1195 1242 1332 1297 forte
1357 1242 1401 1296 si
1441 1242 1645 1310 exigam
1674 1248 1731 1294 ut
1768 1252 1891 1309 pro-
1996 1236 2275 1303 Quomodo
2299 1254 2425 1308 ergo
2453 1238 2628 1293 dicitis
2653 1242 2775 1309 quia
2807 1255 2901 1295 vos
2927 1240 3206 1311 baptizatis
3224 1284 3239 1310 ,
3262 1254 3317 1300 et
3340 1244 3584 1304 Joannes

271 1338 401 1402 bes,
434 1356 552 1393 non
585 1337 809 1407 probas;
840 1335 947 1390 imo
976 1335 1254 1390 mentiris:
1282 1333 1560 1405 probatum
1592 1343 1671 1388 est
1694 1341 1743 1387 te
1771 1329 1892 1400 pro-
1995 1327 2144 1395 dicit,
2181 1328 2281 1383 Hic
2318 1332 2492 1400 estqui
2537 1331 2792 1399 baptizat?
2813 1331 2920 1386 Sed
2969 1334 3260 1399 ministros,
3309 1336 3573 1407 inquiunt,

273 1431 412 1484 bare
437 1443 556 1483 non
579 1429 809 1499 potuisse
828 1426 902 1500 (a)
925 1444 938 1480 :
963 1424 1058 1481 sed
1081 1441 1183 1480 non
1207 1425 1276 1481 ibi
1301 1440 1438 1496 pono
1458 1441 1668 1479 causam
1692 1438 1886 1490 meam,
1998 1420 2126 1473 tanti
2145 1419 2339 1490 judicis
2359 1421 2532 1490 justas
2559 1428 2769 1490 oportet
2795 1436 2914 1476 esse
2932 1462 2948 1487 ,
2976 1438 3070 1493 per
3097 1438 3231 1494 quos
3257 1425 3576 1496 baptizatur.

273 1537 346 1577 ne
375 1537 512 1576 cum
549 1519 791 1575 studiose
817 1531 1030 1587 σαξρειο
1056 1516 1342 1572 defendere
1370 1515 1610 1570 homines
1638 1516 1890 1568 innocen-
1996 1511 2062 1566 Et
2091 1527 2189 1583 ego
2214 1513 2335 1567 dico
2356 1559 2370 1581 ,
2411 1525 2463 1568 et
2490 1527 2677 1569 omnes
2707 1515 2957 1579 dicitnus,
2999 1516 3119 1586 quia
3162 1517 3330 1585 iustos
3367 1529 3582 1590 oportet

273 1625 383 1680 ιεε,
420 1625 590 1684 putes
619 1629 705 1668 me
733 1627 880 1682 spem
908 1627 1079 1666 meam
1105 1611 1188 1664 vel
1220 1611 1268 1664 in
1302 1609 1605 1664 hominibus
1631 1609 1888 1662 innocen-
1997 1614 2116 1674 esse
2142 1603 2271 1656 tanti
2289 1602 2484 1671 judicis
2513 1605 2783 1658 ministros
2817 1622 2829 1656 τ
2859 1606 2963 1659 sint
2991 1607 3216 1662 ministri
3239 1608 3388 1677 justi,
3419 1612 3465 1666 si
3487 1626 3580 1668 vo-

276 1707 431 1760 ιῖιως,
484 1706 779 1775 ρυειιίεεεε
825 1701 1022 1757 fuerim
1065 1699 1306 1754 homines
1351 1699 1699 1771 qualeslibet,
1732 1713 1830 1766 ego
1859 1711 1886 1750 a
1996 1690 2393 1755 lunt;siautem
2413 1695 2950 1765 noluerinteSSejusti
2974 1699 3060 1767 qui
3081 1700 3386 1757 cathedram
3407 1704 3604 1777 Moysi.

271 1796 508 1853 Christo
553 1794 770 1865 accepi,
808 1807 907 1864 ego
941 1807 970 1846 a
1000 1789 1212 1846 Christo
1239 1790 1530 1858 baptizatus
1569 1803 1708 1842 sum.
1739 1785 1885 1853 Non,
1997 1781 2182 1836 sedent
2215 1784 2249 1847 ί,
2286 1799 2532 1839 securum
2576 1801 2660 1840 me
2699 1786 2821 1842 fecit
2849 1789 3098 1858 magister
3138 1804 3318 1857 meus,
3365 1793 3433 1849 de
3471 1809 3579 1866 quo

275 1889 479 1959 inquit,
500 1888 602 1942 sed
626 1886 712 1940 ille
735 1885 1015 1954 episc0pus
1036 1890 1088 1937 te
1107 1881 1408 1950 baptizavit,
1429 1887 1485 1933 et
1505 1879 1590 1932 ille
1611 1879 1889 1947 episcopus
1996 1874 2223 1943 Spiritus
2261 1877 2374 1946 ejus
2399 1879 2550 1941 dixit,
2587 1877 2682 1932 llic
2710 1890 2782 1934 est
2805 1881 2892 1950 qui
2917 1881 3154 1951 baptizat.
3183 1884 3461 1949 Quomodo
3487 1901 3575 1944 se-

276 1980 390 2033 illis
421 1977 814 2032 communicat.
838 1976 878 2028 Α
897 1973 1111 2029 Christo
1140 1988 1257 2026 sum
1283 1971 1592 2040 baptizatus,
1615 1984 1714 2039 ego
1745 1969 1886 2022 novi.
1994 1981 2178 2021 eurum
2213 1985 2296 2022 me
2324 1968 2488 2024 fecit?
2534 1970 2726 2025 Scriba:
2745 2013 2758 2036 ,
2803 1973 2995 2042 inquit,
3041 1984 3086 2026 et
3117 1973 3367 2030 Phariscei
3405 1979 3578 2034 cathe-

279 2070 446 2126 Unde
481 2069 664 2123 nosti?
693 2067 876 2122 Docuit
905 2081 990 2121 me
1018 2065 1260 2120 columba
1291 2080 1450 2134 quam
1479 2063 1608 2116 vidit
1635 2062 1884 2117 Joannes.
1995 2059 2140 2111 dram
2171 2059 2338 2130 Moysi
2363 2062 2571 2125 sedent;
2601 2078 2713 2134 qua?
2740 2063 2930 2127 dicunt.
2961 2061 3146 2131 facite,-
3175 2082 3288 2134 qtue
3309 2079 3474 2128 autent
3499 2073 3581 2143 fa-

283 2159 331 2214 O
353 2161 524 2214 milve
553 2159 707 2222 male,
738 2173 841 2212 non
863 2172 947 2211 me
975 2157 1196 2210 dilanias
1216 2171 1245 2209 a
1274 2155 1565 2209 visceribus
1590 2153 1848 2208 columba:
1871 2170 1884 2205 :
1993 2151 2148 2213 ciunt,
2179 2155 2345 2222 facere
2371 2154 2524 2207 nolite
2545 2171 2563 2207 :
2590 2154 2763 2208 dicunt
2782 2155 2932 2217 enim,
2961 2164 3006 2209 et
3026 2172 3123 2210 non
3145 2157 3340 2226 faciunt
3367 2159 3574 2233 (Matth.

281 2249 336 2304 in
385 2248 662 2303 columba:
702 2247 958 2301 membris
993 2259 1272 2310 numeror;
1317 2245 1437 2314 quia
1468 2243 1607 2313 quod
1644 2242 1886 2296 columba
1993 2257 2144 2307 χχιιι,
2177 2243 2231 2306 2,
2261 2245 2337 2313 3).
2373 2245 2427 2298 Si
2460 2245 2614 2300 fuerit
2645 2247 2884 2302 minister
2920 2248 3119 2317 justus,
3151 2264 3402 2323 computo
3431 2254 3576 2314 illum

279 2341 507 2407 docuit,
549 2343 648 2394 hoc
680 2340 820 2395 novi.
844 2339 922 2394 Tu
945 2338 1074 2392 mihi
1099 2339 1249 2403 dicis,
1279 2336 1372 2392 Ille
1399 2347 1449 2390 te
1472 2335 1772 2405 baptizavit,
1799 2344 1888 2389 aut
1993 2347 2112 2386 cum
2143 2333 2319 2398 Paulo,
2345 2347 2595 2405 cumputo
2619 2338 2763 2392 illum
2787 2354 2907 2393 cum
2932 2339 3118 2404 Petro;
3151 2357 3270 2396 cum
3298 2345 3412 2400 istis
3432 2361 3578 2402 corn-

277 2435 374 2491 ille
417 2444 474 2490 te
514 2434 836 2503 baptizavit;
866 2448 961 2502 per
983 2431 1280 2486 columbam
1303 2429 1432 2485 mihi
1469 2439 1522 2483 et
1555 2429 1644 2482 tibi
1673 2428 1883 2492 dicitur,
1994 2432 2121 2492 pulo
2142 2425 2312 2492 justos
2333 2427 2604 2480 ministros
2631 2447 2640 2480 :
2675 2430 2794 2494 quia
2819 2444 2940 2482 vere
2955 2429 3082 2498 justi
3107 2433 3330 2488 ministri
3351 2435 3574 2505 gloriam

280 2527 386 2584 Hic
409 2529 601 2600 estqui
625 2527 982 2599 baptizat:cui
1014 2525 1194 2588 credo,
1227 2524 1408 2589 milvo,
1432 2539 1496 2577 an
1519 2520 1818 2578 columbas?
1993 2527 2142 2568 suam
2174 2531 2276 2570 non
2301 2530 2570 2587 qurunl;
2603 2520 2827 2573 ministri
2853 2522 2992 2575 enim
3024 2532 3166 2589 sunt,
3194 2539 3289 2594 pro
3312 2526 3578 2596 iudicibus

360 2622 459 2675 14.
497 2619 658 2674 Certe
684 2628 737 2672 tu
761 2617 888 2671 mihi
932 2616 1035 2680 dic,
1068 2625 1125 2669 ut
1153 2629 1244 2685 per
1288 2615 1429 2668 illam
1459 2612 1727 2667 lucernam
1763 2625 1888 2666 con-
1993 2607 2176 2662 haberi
2219 2610 2435 2676 uolunt,
2469 2625 2616 2680 apem
2658 2612 2708 2665 in
2750 2627 2808 2666 se
2837 2613 2956 2682 poni
2997 2613 3380 2673 exhorrescunt
3409 2637 3422 2674 :
3452 2635 3581 2693 ergo

280 2711 566 2773 iundaris,
598 2725 699 2782 qua
726 2707 930 2765 confusi
961 2716 1087 2762 sunt
1116 2716 1170 2761 et
1193 2707 1396 2776 priores
1422 2704 1640 2770 inimici,
1683 2719 1839 2776 pares
1870 2705 1885 2736 ί
1993 2709 2244 2769 computo
2270 2717 2388 2754 eum
2413 2701 2574 2756 Paulo
2598 2701 2797 2772 justum
2819 2704 3138 2758 ministrum.
3164 2706 3297 2773 Quid
3324 2710 3466 2764 enim
3492 2711 3578 2766 di-

277 2802 355 2858 ιιιί
378 2801 667 2873 ριιπὶςωί,
690 2801 776 2870 qui
803 2815 921 2853 cum
950 2799 1338 2866 interrogarent
1366 2797 1643 2850 Dominum
1663 2836 1678 2862 ,
1710 2795 1762 2849 in
1784 2811 1887 2866 qua

279 2900 570 2964 potestate
591 2889 690 2944 ista
734 2889 932 2944 faceret
963 2906 976 2942 :
1011 2887 1336 2958 lnterrogabo
1363 2897 1408 2940 et
1434 2903 1523 2957 ego
1561 2902 1664 2950 eos,
1696 2886 1884 2955 inquit,

274 2984 442 3037 istum
468 2997 780 3043 sermonem,
824 2978 992 3035 Dicite
1031 2979 1192 3044 mihi,
1222 2977 1485 3049 Baptisma
1511 2977 1727 3032 Joannis
1759 2977 1890 3030 unde

281 3075 406 3129 est?
444 3073 512 3126 de
541 3073 664 3127 caelo
690 3089 755 3125 an
780 3088 842 3126 ea:
866 3071 1184 3125 hominibus?
1213 3068 1277 3124 Et
1308 3070 1380 3124 illi
1411 3070 1497 3139 qui
1520 3067 1888 3137 praeparabant

275 3165 522 3236 jacttlari
558 3163 729 3228 dolos,
760 3163 945 3218 irretiti
977 3173 1099 3216 sunt
1125 3161 1436 3231 quaestione,
1465 3169 1739 3230 casperunt
1769 3159 1886 3212 vol-

276 3269 416 3310 vere
450 3255 593 3324 apud
623 3254 940 3323 semctipsos
964 3295 976 3315 ,
1005 3259 1059 3306 et
1078 3251 1272 3314 dicere,
1302 3249 1362 3306 Si
1387 3250 1662 3305 dixerimus
1682 3251 1799 3320 quia
1825 3252 1888 3303 de

278 3348 414 3400 curto
445 3355 544 3410 est,
573 3345 798 3398 dicturus
837 3354 907 3398 est
944 3345 1084 3397 nobis
1105 3386 1117 3405 ,
1141 3343 1312 3409 Quare
1347 3359 1446 3396 non
1485 3343 1767 3395 credidistis
1803 3342 1888 3394 ei?

278 3437 534 3492 Joannes
559 3437 700 3490 enim
743 3436 949 3490 dixerat
985 3435 1052 3489 de
1093 3435 1318 3488 Domino
1343 3476 1356 3500 ,
1392 3432 1524 3487 Ecce
1556 3434 1728 3503 Agnus
1767 3432 1883 3500 Dei,

279 3544 402 3582 ecce
437 3528 528 3598 qui
558 3528 686 3581 tollit
717 3536 973 3597 peccatum
999 3525 1171 3580 mundi
1192 3524 1368 3596 (Joan.
1399 3541 1436 3588 ι,
1466 3525 1579 3594 29).
1603 3523 1737 3592 Quid
1757 3538 1887 3594 ergo

279 3619 563 3692 qumritis,
595 3620 646 3674 in
676 3635 779 3690 qua
802 3628 1062 3688 potestate
1095 3617 1266 3672 facio?
1293 3617 1338 3672 Ο
1381 3617 1510 3686 lupi,
1545 3617 1597 3671 in
1624 3625 1886 3687 potestate

288 3711 443 3782 Αειιί
472 3709 610 3764 facio
643 3710 783 3778 quod
814 3708 964 3764 facio.
995 3709 1098 3766 Sed
1131 3719 1186 3763 ut
1212 3711 1439 3764 nossetis
1465 3710 1694 3779 Agnum,
1722 3724 1887 3779 quare

1993 2791 2068 2845 cit
2097 2791 2326 2845 Paulus?
2356 2791 2466 2863 Ego
2497 2792 2740 2863 plantam',
2773 2794 2954 2864 Apollo
2981 2798 3158 2866 rigavit
3183 2814 3200 2861 ;
3224 2799 3312 2853 sed
3336 2799 3470 2856 Dens
3494 2803 3577 2858 in-

1993 2892 2295 2936 crementum
2338 2883 2514 2937 dedit:
2541 2901 2695 2952 neque
2727 2887 2811 2954 qui
2841 2886 3033 2954 plantat
3061 2899 3132 2941 est
3160 2889 3383 2958 aliquid,
3424 2909 3582 2965 neque

1992 2973 2078 3044 qui
2106 2974 2272 3042 rigat;
2300 2973 2388 3027 sed
2412 2975 2496 3045 qui
2533 2974 2884 3031 incrementum
2911 2977 2997 3030 dat
3023 2977 3159 3032 Deus
3187 2981 3232 3050 (Ι
3256 2980 3374 3036 Ger.
3404 2999 3460 3038 ιιι
3477 3027 3490 3050 ,
3519 2985 3576 3053 6,

1994 3065 2070 3132 '7).
2098 3064 2196 3133 Qui
2227 3081 2355 3119 vero
2399 3067 2555 3122 fuerit
2591 3068 2851 3137 superbus
2889 3070 3144 3134 tliillislel‘,
3189 3086 3308 3126 cum
3339 3074 3528 3130 sabulo
3556 3079 3576 3119 ι

1991 3163 2364 3224 computatur:
2406 3157 2499 3212 sed
2537 3172 2640 3211 non
2681 3159 3067 3214 contaminatur
3108 3161 3304 3218 donum
3344 3162 3575 3235 Christi,

1991 3247 2132 3317 quod
2161 3264 2253 3318 per
2282 3249 2426 3304 illum
2454 3249 2570 3304 [luit
2596 3266 2804 3319 purum,
2831 3251 2971 3320 quod
3004 3269 3095 3319 per
3122 3253 3268 3308 illum
3294 3257 3483 3312 transit
3510 3257 3577 3314 li-

1991 3338 2211 3406 quidum
2244 3340 2387 3393 venit
2411 3339 2475 3394 ad
2500 3341 2722 3395 fertilem
2754 3350 2970 3395 terram.
3003 3343 3131 3397 Puta
3153 3346 3274 3414 quia
3301 3346 3413 3417 ipse
3444 3348 3576 3420 lapi-

1993 3428 2124 3484 deus
2153 3439 2254 3493 est,
2285 3433 2407 3500 quia
2435 3446 2502 3486 ex
2526 3447 2662 3501 aqua
2694 3432 2921 3487 fructum
2963 3434 3100 3490 terre
3134 3452 3237 3490 non
3283 3446 3491 3508 potest:
3524 3450 3580 3498 et

1957 3563 1970 3572 .
1997 3537 2086 3586 per
2119 3522 2381 3592 lapideum
2415 3523 2653 3578 canalem
2687 3525 2874 3578 transit
2918 3540 3050 3593 aqua
3071 3568 3086 3591 ,
3121 3529 3306 3582 transit
3331 3543 3464 3600 aqua
3508 3533 3576 3587 ad

1992 3613 2199 3667 areolas
2223 3613 2274 3678 ³;
2305 3614 2354 3668 in
2394 3615 2562 3670 canali
2608 3615 2814 3686 lapideo
2844 3616 2974 3672 nihil
2999 3627 3250 3688 generat,
3278 3621 3370 3676 sed
3396 3631 3577 3680 tamen

1993 3704 2160 3761 hortis
2181 3706 2200 3739 ⁸
2232 3707 2514 3776 plurimum
2544 3709 2766 3763 fructum
2794 3708 2962 3763 aﬂ'ert.
2988 3709 3287 3780 Spirilualis
3309 3715 3446 3769 enim
3471 3716 3578 3770 vir-

288 3817 409 3858 non
461 3801 762 3856 credidisris
807 3801 1017 3865 Joanni,
1063 3801 1152 3870 qui
1191 3801 1341 3865 dixit,
1395 3800 1526 3854 Ecce
1557 3803 1726 3872 Agnus
1766 3800 1880 3866 Dei,

283 3907 408 3946 ecce
429 3891 517 3961 qui
543 3892 672 3944 tollit
701 3901 957 3961 peccatum
999 3892 1217 3946 mundi?
1242 3892 1481 3947 Scientes
1509 3907 1637 3961 ergo
1664 3893 1736 3946 illi
1759 3891 1885 3962 quid

283 3983 522 4040 dixisset
551 3983 784 4039 Joannes
830 3985 897 4040 de
940 3985 1182 4048 Domino,
1234 3985 1483 4039 dixerunt
1509 3986 1648 4054 apud
1692 4001 1750 4039 se
1776 4027 1788 4048 ,
1826 3986 1887 4040 Si

284 4059 575 4130 dixerimus
599 4076 717 4146 quia
742 4076 805 4130 de
824 4077 946 4130 ccelo
971 4087 1040 4130 est
1062 4076 1353 4144 baptismus
1377 4075 1618 4142 Joannis,
1643 4077 1771 4130 dicet
1795 4093 1886 4129 no-

283 4166 388 4233 bis,
422 4167 592 4232 Quare
611 4183 728 4238 ergo
758 4184 858 4221 non
880 4167 1158 4222 credidistis
1182 4168 1267 4221 ei?
1290 4167 1347 4222 Si
1378 4167 1651 4220 dixerimus
1679 4167 1796 4238 quia
1825 4183 1886 4222 ea:

286 4257 580 4312 hominibus
605 4268 710 4322 est,
740 4257 1081 4328 lapidabintur
1109 4275 1140 4311 a
1175 4256 1362 4329 populo
1387 4275 1402 4322 ;
1428 4259 1545 4327 quia
1591 4258 1885 4330 prapltetam

287 4350 478 4404 habent
503 4349 776 4404 Joannem.
803 4350 938 4405 Hinc
965 4351 1224 4405 timebant
1256 4349 1516 4414 homines,
1545 4351 1667 4406 hinc
1691 4352 1884 4406 verita-

288 4449 405 4498 tem
433 4442 587 4496 fateri
615 4441 1090 4497 confundebantur.
1116 4441 1373 4496 Tenebra:
1394 4444 1638 4496 tenebras
1665 4457 1882 4514 respon-

293 4532 513 4600 derunt,
545 4533 638 4588 sed
667 4549 694 4587 a
720 4531 843 4592 luce
865 4543 1128 4604 superata:
1165 4545 1307 4588 sunt.
1337 4534 1472 4600 Quid
1495 4537 1634 4589 enim
1665 4552 1882 4606 respon-

293 4625 528 4679 derunt?
555 4623 822 4679 Nescimus
850 4625 1027 4694 :quod
1057 4627 1878 4692 sciebant,dixerunt,nescimus.

294 4716 364 4771 Et
391 4719 668 4779 Dominus,
693 4734 780 4771 nec
805 4735 894 4788 ego
923 4719 1055 4771 vobis
1075 4719 1206 4781 dico,
1233 4719 1420 4788 inquit,
1444 4721 1494 4773 in
1518 4735 1616 4790 qua
1646 4729 1884 4790 potestate

293 4810 385 4864 ista
404 4811 542 4882 facio
564 4809 771 4881 (Matth.
791 4824 897 4876 xxI,
915 4809 1131 4882 23-27).
1149 4811 1215 4865 Et
1239 4811 1442 4866 confusi
1469 4821 1592 4866 sunt
1609 4812 1760 4882 primi
1780 4812 1880 4866 ini-

295 4904 435 4957 mici.
471 4903 668 4958 Unde?
698 4904 770 4957 De
801 4904 1036 4959 lucerna.
1066 4904 1196 4970 Quis
1213 4913 1326 4957 erat
1351 4904 1600 4958 lucerna?
1625 4903 1876 4958 Joannes.

298 4992 597 5049 Probamns
640 4995 761 5063 quia
803 4994 1020 5051 lucerna
1065 4996 1212 5050 erat?
1257 4996 1567 5051 Probamus.
1628 4997 1878 5052 Dominus

293 5086 427 5140 enim
456 5085 628 5140 dicit:
658 5083 760 5139 Ille
788 5097 893 5139 erat
918 5087 1125 5140 lucerna
1149 5087 1330 5141 ardens
1354 5100 1400 5141 et
1425 5088 1594 5140 lucens
1626 5088 1802 5159 (Joan.
1822 5101 1874 5150 v.

295 5176 400 5248 35).
431 5176 731 5232 Probatnus
755 5177 875 5247 quia
911 5185 965 5232 et
994 5177 1060 5232 de
1095 5178 1210 5247 ipso
1251 5179 1452 5232 confusi
1489 5187 1614 5232 sunt
1643 5177 1878 5232 inimici?

300 5265 561 5322 Psahnttm
589 5268 709 5321 audi
741 5287 754 5322 :
785 5265 996 5330 Paravi,
1031 5269 1219 5338 inqttit,
1248 5269 1502 5322 lucernam
1522 5267 1719 5325 Christo
1747 5284 1878 5334 meo;

297 5359 520 5416 inimicos
538 5361 647 5432 ejus
664 5361 869 5416 induant
897 5365 1195 5434 confusione
1225 5361 1394 5436 (Psat.
1420 5379 1605 5427 CXXXI,
1641 5364 1726 5428 i7,
1762 5362 1874 5433 18).

359 5454 451 5509 15.
483 5452 674 5508 Adhuc
699 5454 751 5509 in
782 5454 935 5522 hujus
964 5455 1085 5509 vita:
1109 5455 1343 5512 tenebris
1363 5455 1426 5508 ad
1457 5455 1729 5510 lucernam
1756 5453 1876 5511 fidei

301 5544 674 5599 ambulamus:
721 5553 996 5602 teneamus
1025 5555 1080 5600 et
1128 5561 1225 5602 nos
1273 5547 1540 5600 lucernam
1590 5545 1872 5611 Joannem,

302 5636 685 5692 «intendamus
709 5646 760 5692 et
785 5638 906 5692 inde
933 5636 1178 5692 inimicos
1198 5636 1393 5693 Christi
1419 5653 1435 5703 ;
1467 5637 1574 5693 into
1595 5638 1708 5708 ipse
1740 5652 1876 5693 con-

361 5753 381 5816 '_
403 5758 531 5816 unus
552 5753 797 5802 Parcensis
816 5758 918 5813 Ms,
935 5760 1107 5816 patres.

306 5813 640 5932 ⁸1ἕξ)εὲιιξξὶι
673 5829 862 5865 cansmn
895 5813 1141 5865 (miliarii.
1187 5814 1354 5866 Confer
1395 5814 1621 5882 epistolas
1781 5815 1841 5866 88
1861 5855 1872 5873 ,

1995 3805 2076 3851 tus
2103 3797 2431 3854 Sacramenti
2456 3802 2523 3854 ita
2545 3809 2628 3856 est
2657 3811 2710 3854 ut
2739 3801 2824 3854 lux
2851 3819 2864 3854 :
2896 3808 2948 3854 et
2974 3802 3040 3856 ab
3065 3803 3420 3860 illuminandis
3447 3821 3577 3876 pura

1991 3892 2270 3960 excipitur,
2301 3891 2420 3948 etsi
2444 3908 2538 3962 per
2564 3892 2865 3948 immundos
2897 3904 3163 3962 transeat,
3196 3911 3301 3951 non
3333 3898 3575 3968 inquina-

1991 3991 2095 4037 tur.
2129 3983 2246 4038 Sint
2277 3984 2431 4053 plane
2473 3985 2697 4040 ministri
2723 3985 2888 4055 jnsti,
2933 3998 2984 4041 et
3024 3987 3244 4059 gloriam
3289 4005 3437 4046 suam
3470 4007 3575 4049 non

1990 4087 2260 4146 qumrant,
2293 4077 2383 4130 sed
2427 4078 2564 4132 illius
2593 4078 2743 4148 cujus
2774 4079 2998 4135 ministri
3025 4090 3184 4136 sunt:
3216 4100 3320 4139 non
3358 4085 3537 4142 dicant
3557 4130 3572 4152 ,

1990 4166 2255 4236 Baptisma
2280 4184 2454 4222 meum
2480 4177 2594 4232 est;
2626 4171 2746 4240 quia
2769 4187 2871 4224 non
2899 4182 2978 4226 est
3002 4174 3254 4242 ipsiirum.
3286 4178 3575 4234 Attendunt

1992 4255 2164 4325 ipsmn
2204 4256 2482 4312 Joannem.
2536 4259 2670 4313 Ecce
2717 4259 2949 4315 Joannes
2994 4263 3176 4331 plenus
3219 4276 3332 4320 erat
3375 4266 3572 4337 Spiritu

1988 4357 2205 4413 sancto;
2238 4357 2292 4404 et
2318 4349 2634 4419 baptismum
2663 4350 2728 4407 de
2771 4353 2908 4407 ccelo
2949 4352 3194 4420 habebat,
3228 4373 3331 4413 non
3362 4375 3429 4414 ex
3473 4362 3570 4416 ho-

1988 4440 2219 4494 minibus
2253 4458 2265 4494 :
2313 4440 2402 4496 sed
2434 4451 2696 4510 quatenus
2740 4443 3003 4500 habebat?
3030 4444 3148 4518 Ipse
3189 4448 3353 4517 dixit,
3386 4448 3576 4507 Parate

1988 4533 2117 4586 viam
2161 4531 2380 4588 Domino
2419 4533 2595 4605 (Joan.
2631 4552 2667 4603 I,
2693 4535 2806 4606 23).
2851 4535 2949 4594 Ubi
2987 4548 3164 4594 autem
3203 4543 3448 4611 cegnitus
3490 4554 3578 4600 est

1991 4624 2271 4686 Dominus,
2305 4626 2417 4695 ipse
2445 4625 2613 4681 factus
2637 4637 2720 4682 est
2747 4628 2863 4693 via;
2893 4646 2997 4684 non
3022 4629 3133 4700 jam
3173 4647 3309 4702 Opus
3334 4642 3447 4688 erat
3476 4635 3572 4690 ba-

1987 4716 2231 4787 ptismate
2259 4716 2504 4784 Joannis,
2531 4735 2637 4789 quo
2665 4730 2938 4790 parari-tur
2964 4724 3044 4775 via
3075 4723 3318 4778 Domino.

2060 4808 2125 4863 i6
2198 4807 2398 4863 Tamen
2440 4809 2565 4879 quid
2604 4810 2754 4866 nobis
2797 4813 2967 4867 Solent
3007 4813 3229 4868 dicere?
3268 4815 3405 4872 Ecce
3451 4827 3571 4887 post

1984 4901 2241 4957 Joannem
2289 4901 2609 4970 baptizatum
2645 4913 2746 4958 est.
2787 4909 3081 4974 Antequam
3120 4908 3262 4976 enim
3307 4910 3440 4966 bene
3469 4910 3571 4969 ista

1984 4995 2207 5065 qua'stio
2237 5000 2554 5050 tractaretur
2595 4995 2645 5048 in
2675 4994 2911 5050 Ecclesia
2938 4997 3216 5063 catholica,
3246 5000 3398 5055 multi
3425 5002 3476 5055 in
3507 5017 3570 5057 ea

1983 5095 2323 5150 erraverunt,
2355 5096 2406 5140 et
2437 5087 2610 5157 magni
2635 5097 2688 5143 et
2714 5088 2836 5143 boni
2865 5089 2938 5158 (a)
2977 5107 2989 5142 :
3033 5091 3123 5146 sed
3153 5093 3276 5162 quia
3303 5093 3370 5150 de
3399 5111 3571 5150 mem-

1985 5176 2096 5232 bris
2125 5177 2386 5231 columbm
2413 5187 2562 5232 erant
2583 5220 2597 5241 ,
2640 5194 2743 5232 non
2773 5193 2831 5232 se
2871 5181 3247 5249 pra'cideruut,
3289 5194 3343 5240 et
3375 5185 3570 5241 factum

1983 5277 2070 5324 est
2097 5270 2149 5323 in
2178 5269 2258 5323 eis
2285 5270 2424 5339 quod
2451 5269 2584 5323 dixit
2620 5271 2926 5340 Apostolus,
2961 5272 3022 5328 Si
3044 5276 3165 5345 quid
3197 5277 3343 5331 aliter
3367 5279 3567 5347 sapitis,

2047 5382 2063 5414 ι
2089 5382 2162 5454 sic
2182 5388 2289 5454 ιρι.
2308 5396 2415 5454 eum
2432 5383 2464 5454 εξ
2609 5390 2697 5454 ;‘at
2712 5383 2851 5454 juxta
2870 5393 2942 5435 Er.
2964 5387 3111 5452 Lugd.
3137 5396 3255 5440 Ven.
3282 5388 3566 5454 legendum,

1980 5443 2033 5496 in
2047 5443 2292 5513 cathedrq
2308 5443 2458 5513 Moysi
2476 5445 2656 5513 sedent.
2712 5443 2777 5513 at.

2045 5507 2068 5536 ς
2091 5513 2138 5555 ιιι
2158 5524 2166 5567 ε
2189 5505 2501 5582 Ιιιιίιιιιεᾞιξε.
2527 5505 2646 5570 loco,
2662 5505 2836 5568 sabuli,
2860 5519 2936 5561 est
2952 5512 3134 5582 ubique

2046 5568 2066 5600 ³
2091 5574 2148 5600 FI-
2191 5573 2204 5600 Ι
2222 5567 2315 5600 nnll
2365 5575 2408 5600 nl
2435 5577 2530 5600 [nn
2580 5571 2755 5600 ὶισιιιιιηι
2807 5585 2892 5600 κον
2912 5570 3151 5600 Ιικκμιοιιακ
3176 5569 3320 5600 διεκιιῖ
3410 5571 3542 5600 ..ιι-..-

2046 5524 2066 5600 ;
2091 5524 2138 5555 ιιι
2158 5524 2166 5567 ε
2189 5524 2373 5556 turtnus
2396 5524 2646 5586 MS‘StIOCO,
2662 5524 2836 5568 zavttu,
2860 5524 2936 5561 ρει
2952 5524 3134 5582 unique
3155 5524 3265 5576 nam

2046 5574 2165 5650 -5:-
2191 5567 2551 5650 ﬂgiti)?"-
2579 5571 2778 5650 halsn'»
2806 5585 2892 5638 ρετ
2909 5570 3154 5640 tandem
3407 5581 3558 5650 me

1981 5629 2018 5681 t't
2039 5641 2165 5694 aqua
2187 5629 2250 5678 ad
2263 5627 2478 5680 areolas.
2665 5639 2719 5681 tl.

2047 5691 2068 5722 ι
2093 5700 2140 5740 tu
2164 5689 2386 5739 omnibus
2407 5697 2534 5752 Mss,
2560 5692 2743 5743 hortus.

2698 5960 2718 5972 -ι
2751 5952 2807 5976 ὀί,
