4036 6396
467 365 610 426 N23

464 485 560 537 ltoe
583 493 777 548 quoque
793 477 930 531 vobis
955 473 1092 530 Deus
1111 473 1338 528 reuelabit
1357 470 1622 544 (Philipp.
1646 489 1721 536 ιιι,
1750 472 1872 542 l5).
1897 471 2046 527 Unde

463 575 549 631 isti
573 575 661 644 qui
683 587 740 626 se
759 580 1154 640 separaverunt,
1183 567 1436 622 imlox-iles
1457 565 1576 620 facti
1603 575 1742 620 sunt.
1767 565 1899 633 Quid
1921 579 2048 635 ergo

465 667 640 724 solent
679 662 897 719 dicere?
927 661 1064 715 Ecce
1101 667 1219 729 post
1259 657 1520 713 Joannem
1567 657 1883 726 baptizatum
1923 666 2043 720 est;

461 769 586 836 post
632 756 908 812 lia-relictis
937 769 1043 808 non
1072 750 1402 820 baptizatur?
1429 748 1560 817 Quia
1586 748 1798 819 quidam
1828 747 1917 817 qui
1948 747 2045 800 ha-

464 850 660 909 bebant
683 846 940 918 baptisma
976 842 1216 908 Joannis,
1240 841 1374 910 jussi
1401 848 1524 894 sunt
1547 855 1576 893 a
1600 839 1762 893 Paulo
1790 837 2045 907 baptizari

467 941 618 1016 (Act.
643 955 754 1002 χιι,
786 934 922 1008 3-5)
950 953 964 990 :
996 950 1100 988 non
1131 933 1272 987 enim
1309 931 1572 986 habebant
1600 929 1857 1000 baptisma
1885 928 2042 983 Chri-

463 1035 549 1092 sti.
583 1031 720 1102 Quid
748 1044 875 1102 ergo
902 1040 1187 1098 cxaggeras
1216 1024 1462 1080 meritum
1505 1022 1721 1078 Joannis
1743 1062 1758 1086 ,
1799 1030 1853 1076 et
1893 1020 2044 1091 quasi

462 1122 653 1195 abjicis
679 1118 1034 1176 infelicitatem
1064 1113 1471 1170 luereticorum?
1492 1113 1556 1166 Et
1571 1126 1668 1182 ego
1687 1111 1779 1165 tibi
1808 1109 2044 1164 concedo

462 1214 757 1274 sceleratos
797 1223 918 1264 esse
969 1206 1250 1261 hazrcticos
1291 1221 1306 1257 :
1354 1203 1449 1258 sed
1504 1202 1731 1257 haeretici
1786 1201 2044 1270 baptisma

465 1302 667 1362 Christi
697 1300 994 1363 dederunt,
1024 1296 1163 1368 quod
1194 1296 1450 1366 baptisma
1476 1309 1579 1348 non
1620 1293 1766 1348 dedit
1791 1292 2040 1347 Joannes.

517 1398 606 1454 Π.
636 1395 872 1451 Recurro
887 1392 952 1446 ad
973 1391 1252 1457 Joannem,
1275 1397 1329 1443 et
1343 1389 1463 1444 dico
1479 1406 1490 1436 τ
1514 1386 1561 1440 Η
1568 1389 1612 1440 ie
1625 1395 1694 1441 est
1707 1385 1794 1457 qui
1803 1384 2042 1455 baptizat.

464 1489 555 1547 Sic
582 1489 723 1545 enim
752 1484 944 1541 melior
977 1483 1211 1538 Joannes
1243 1495 1402 1551 quam
1441 1479 1751 1540 hmreticus,
1779 1477 2046 1547 quomodo

462 1581 654 1638 melior
674 1577 905 1634 Joannes
923 1589 1079 1644 quam
1101 1572 1364 1634 ebriosus,
1391 1568 1656 1640 quomodo
1683 1567 1869 1621 melior
1887 1566 2048 1621 Joan-

464 1688 562 1730 nes
587 1686 748 1742 quam
771 1667 1055 1723 homicida.
1084 1666 1139 1720 Si
1167 1673 1287 1734 post
1314 1662 1630 1716 deteriorem
1660 1660 1928 1730 baptizare
1954 1659 2047 1715 de-

463 1763 674 1829 bemus,
696 1760 816 1833 quia
845 1766 963 1829 post
987 1755 1264 1810 meliorem
1291 1751 1624 1820 baptizarunt
1644 1751 1907 1821 Apostoli;
1931 1750 2047 1820 qui-

464 1869 692 1926 cumque
720 1852 858 1922 apud
891 1850 1034 1921 ipsos
1079 1845 1324 1916 baptizati
1355 1845 1551 1900 iuerint
1586 1845 1652 1899 ab
1677 1844 1906 1909 ebrioso,
1941 1859 2047 1899 non

466 1947 589 2003 dico
613 1945 680 2000 ab
706 1943 999 2006 homicida,
1036 1954 1139 1993 non
1167 1938 1286 1992 dico
1311 1951 1342 1992 a
1371 1937 1595 1992 satellite
1613 1936 1833 2005 alicujus
1876 1936 2047 1991 scele-

465 2045 570 2096 rati
613 2037 722 2112 (a),
765 2051 870 2090 non
909 2033 1030 2088 dico
1069 2047 1098 2086 a
1138 2040 1352 2100 raptore
1381 2045 1555 2085 rerum
1584 2030 1909 2095 alienarum,
1941 2044 2048 2084 non
2093 2097 2104 2106 ο

467 2130 588 2186 dico
613 2129 681 2183 ab
700 2138 1015 2196 Oppressere
1045 2122 1380 2192 pupillorum,
1411 2135 1514 2174 non
1541 2136 1570 2174 a
1595 2129 1897 2189 soparatore
1918 2135 2048 2174 con-

465 2224 684 2292 jugum;
723 2216 854 2272 nihil
908 2213 1095 2268 horum
1123 2212 1245 2267 dico
1274 2230 1287 2266 :
1319 2211 1458 2281 quod
1499 2212 1734 2266 soli-mue
1772 2221 1854 2266 est
1887 2211 2007 2266 dico
2031 2251 2046 2277 ,

467 2311 612 2384 quod
641 2308 1003 2382 quotidianum
1027 2315 1107 2362 est
1126 2305 1264 2369 dico,
1295 2321 1398 2374 quo
1419 2314 1672 2358 vocantur
1696 2320 1882 2360 omnes
1905 2305 2046 2374 dico,

467 2415 523 2460 et
571 2405 622 2459 iu
667 2404 766 2458 ista
795 2401 1042 2466 civitate,
1071 2398 1282 2469 quando
1309 2398 1386 2452 eis
1411 2396 1604 2452 dicitur
1626 2439 1641 2462 ,
1675 2398 1977 2469 Alogicmns
2007 2401 2047 2464 ⁸,

469 2496 610 2552 bene
638 2495 705 2548 sit
733 2493 907 2556 nobis,
939 2499 993 2546 et
1033 2489 1121 2543 tali
1157 2489 1241 2544 die
1271 2488 1404 2544 festo
1427 2487 1790 2544 Januariarutn
1822 2505 1929 2542 non
1958 2489 2052 2543 de-

467 2588 564 2643 bes
595 2586 876 2657 jejunare;
920 2598 982 2638 ea
1011 2582 1132 2637 dico
1162 2581 1294 2636 levia
1317 2621 1332 2646 ,
1363 2582 1663 2652 quotidiana
1697 2601 1709 2637 :
1743 2583 1810 2636 ab
1839 2583 2050 2638 ebrioso

468 2680 686 2736 homine
711 2693 833 2733 cum
869 2677 1194 2744 baptizatur,
1228 2676 1346 2745 quis
1371 2685 1452 2729 est
1485 2675 1693 2738 melior,
1727 2674 1958 2729 Joannes
1984 2691 2050 2730 an

469 2771 744 2829 ebriosus?
774 2768 1077 2839 Responde,
1104 2768 1148 2822 si
1178 2776 1351 2837 potes,
1375 2767 1514 2836 quod
1539 2767 1779 2821 ebriosus
1803 2775 1922 2822 tuus
1944 2783 2053 2823 me-

465 2863 570 2920 lior
623 2863 693 2917 sit
723 2875 881 2931 quam
923 2858 1191 2912 Joannes:
1223 2871 1485 2924 nunquam
1517 2857 1618 2910 hoc
1643 2857 1878 2911 audebis.
1911 2857 2053 2927 Ergo

468 2970 527 3014 tu
555 2957 676 3029 quia
709 2954 918 3009 sobrius
963 2967 1054 3014 es,
1089 2949 1295 3019 baptiza
1337 2959 1453 3018 post
1489 2949 1756 3003 ebriosum
1794 2959 1960 3003 tuum.
1997 2949 2052 3005 Si

471 3049 613 3106 enim
655 3054 774 3116 post
811 3044 1066 3099 Joannem
1100 3042 1495 3111 haptizaverunt
1540 3041 1816 3110 Apostoli,
1858 3050 2054 3112 quanto

471 3137 641 3208 magis
664 3133 822 3190 debet
849 3142 967 3202 post
995 3131 1263 3186 ebriosum
1301 3129 1509 3184 sobrius
1539 3131 1842 3200 baptizare?
1864 3133 1944 3186 An
1970 3132 2053 3186 di-

471 3231 586 3296 cis,
612 3227 670 3282 ln
715 3226 913 3280 unitate
961 3236 1166 3278 ntecum
1211 3231 1293 3276 est
1339 3221 1617 3276 ebriosus?
1647 3221 1784 3292 Ergo
1825 3222 2056 3279 Joannes

473 3322 676 3376 amicus
701 3316 902 3386 sponsi,
929 3329 1031 3368 non
1059 3323 1175 3368 erat
1201 3313 1252 3366 iu
1277 3313 1474 3366 unitate
1498 3329 1618 3367 cum
1647 3316 1880 3382 sponso?

546 3412 634 3468 Β.
676 3409 783 3465 Sed
812 3408 904 3463 tibi
935 3407 1033 3477 ipsi
1061 3407 1210 3470 dico,
1244 3405 1482 3475 quisquis
1521 3421 1579 3459 es
1607 3423 1620 3458 ε
1651 3405 1728 3460 Tu
1757 3423 1815 3461 es
1845 3407 2053 3475 melior,

474 3520 544 3560 an
572 3499 841 3558 Joannes?
873 3497 986 3552 Non
1025 3496 1244 3551 audebis
1285 3495 1463 3550 dicere
1496 3513 1508 3549 :
1553 3496 1664 3566 Ego
1706 3512 1822 3551 sum
1869 3499 2059 3553 melior

475 3609 634 3666 quam
656 3591 905 3648 Joannes.
936 3588 1076 3658 Ergo
1099 3598 1215 3656 post
1236 3595 1288 3641 te
1310 3587 1574 3656 baptizent
1596 3587 1688 3651 tui,
1719 3589 1762 3642 si
1793 3599 1844 3643 te
1865 3589 2059 3644 fuerint

476 3683 748 3738 meliores.
776 3679 832 3735 Si
853 3679 992 3733 cnim
1022 3687 1140 3746 post
1167 3677 1422 3730 Joannem
1456 3677 1771 3747 baptizatum
1799 3692 1898 3744 est,
1931 3696 2056 3734 eru-

475 3775 636 3830 besce
676 3771 800 3842 quia
842 3778 961 3840 post
991 3777 1042 3822 te
1082 3783 1186 3822 non
1218 3759 1530 3839 baptizatur.
1566 3769 1808 3824 Dicturus
1831 3787 1923 3834 es,
1951 3770 2057 3826 Sed

475 3877 578 3936 ego
609 3862 926 3931 baptismum
965 3857 1162 3912 Chrisd
1207 3857 1376 3912 habeo
1401 3898 1415 3922 ,
1447 3869 1497 3912 et
1543 3857 1728 3914 doceo.
1762 3861 2058 3930 Aliquando

478 3967 608 4024 ergo
634 3964 863 4023 agnosce
887 3947 1118 4017 judiccm
1138 3989 1154 4014 ,
1186 3955 1240 4002 et
1271 3947 1382 4001 noli
1429 3963 1602 4017 pratco
1627 3949 1885 4019 superbus
1913 3968 2053 4007 esse.

477 4044 804 4115 Baptismunt
831 4039 1022 4094 Christi
1053 4038 1148 4093 das
1171 4078 1184 4099 .
1215 4037 1332 4093 ideo
1363 4053 1465 4093 non
1493 4049 1612 4109 post
1641 4047 1692 4095 te
1718 4041 2013 4110 baptizatur
2041 4061 2053 4096 :

479 4146 598 4208 post
619 4135 877 4191 Joannem
916 4131 1034 4186 idco
1073 4131 1388 4206 baptizatum
1417 4140 1530 4198 est,
1559 4133 1678 4202 quia
1722 4148 1826 4188 non
1862 4134 2057 4190 Christi

478 4227 799 4298 baptismum
835 4223 1012 4288 dabat,
1055 4222 1147 4276 sed
1177 4237 1360 4288 suum;
1415 4223 1536 4292 quia
1575 4223 1652 4277 sic
1692 4235 1965 4294 acceperat
2002 4237 2059 4281 ut

477 4320 646 4389 ipsius
681 4325 841 4372 esset.
873 4314 988 4369 Non
1017 4329 1142 4384 ergo
1183 4323 1235 4367 tu
1267 4313 1452 4367 melior
1481 4330 1638 4383 quam
1666 4313 1933 4370 Joannes:
1963 4315 2058 4371 sed

478 4412 775 4480 baptismus
819 4408 906 4475 qui
955 4421 1050 4474 per
1080 4416 1130 4459 te
1155 4404 1308 4458 datur
1332 4445 1345 4469 ,
1392 4405 1580 4459 melior
1619 4421 1774 4474 quam
1817 4406 2055 4464 Joannis.

479 4500 600 4571 Ipse
639 4499 780 4554 enim
826 4495 1022 4550 Christi
1051 4503 1166 4559 εει,
1212 4495 1310 4548 iste
1339 4503 1515 4548 autem
1557 4494 1799 4549 Joannis.
1823 4496 1888 4551 Et
1917 4498 2058 4567 quod

484 4595 712 4650 dabatur
760 4605 790 4644 a
841 4587 1036 4652 Paulo,
1082 4595 1135 4641 et
1178 4586 1318 4656 quod
1362 4586 1584 4640 dabatur
1629 4602 1658 4640 a
1701 4587 1877 4654 Petro,
1907 4589 2059 4645 Chri-

484 4685 554 4740 sti
601 4691 682 4738 cst
723 4699 736 4736 :
776 4688 832 4736 et
876 4679 921 4732 si
968 4677 1147 4733 datum
1191 4687 1272 4731 est
1306 4691 1336 4752 a
1365 4676 1519 4741 Juda,
1561 4676 1755 4733 Christi
1791 4689 1923 4735 erat.
1953 4682 2058 4738 De-

484 4777 565 4833 dit
591 4773 772 4838 Judas,
810 4781 865 4826 et
903 4785 1004 4825 non
1047 4769 1365 4839 baptizatum
1402 4778 1484 4823 est
1512 4778 1631 4840 post
1666 4769 1882 4836 Judam;
1914 4773 2060 4829 dedit

482 4868 747 4927 Joannes,
778 4873 832 4917 et
863 4861 1176 4930 baptizatum
1219 4867 1301 4914 est
1341 4870 1458 4930 post
1498 4861 1756 4916 Joannem
1797 4878 1809 4916 :
1851 4865 1971 4933 quia
2013 4867 2059 4920 si

483 4957 639 5014 datus
667 4964 750 5008 est
775 4968 804 5006 a
844 4951 979 5005 Juda
1010 4950 1321 5019 baptismus,
1355 4949 1548 5004 Christi
1590 4963 1702 5005 crat
1725 4969 1739 5018 ;
1765 4955 1854 5023 qui
1884 4967 2058 5010 autem

482 5067 514 5106 a
539 5050 747 5105 Joanne
774 5045 926 5100 datus
962 5051 1065 5110 est,
1095 5042 1312 5098 Joannis
1339 5051 1470 5098 crat.
1503 5043 1616 5098 Non
1636 5043 1824 5098 Judam
1847 5046 2056 5115 Joanni,

484 5143 579 5198 sed
607 5139 924 5210 baptismum
949 5135 1140 5192 Christi
1163 5135 1320 5190 etiam
1344 5149 1438 5204 per
1465 5133 1614 5190 Juda:
1641 5153 1826 5192 manus
1853 5138 2057 5206 datum,

480 5235 747 5308 baptismo
768 5229 986 5286 Joannis
1013 5229 1170 5283 etiam
1195 5242 1288 5298 per
1313 5243 1497 5282 manus
1518 5227 1736 5283 Joannis
1770 5230 1894 5285 dato
1919 5242 2062 5287 recte

484 5325 863 5401 praeponimus.
891 5320 1100 5377 Etenim
1121 5319 1316 5375 dictum
1339 5329 1419 5375 est
1442 5320 1508 5376 dc
1533 5321 1757 5377 Domino
1779 5333 2060 5394 antequam

544 5463 560 5494 ι
587 5461 697 5511 ωδ,
732 5466 783 5510 ει
814 5465 934 5521 mp,
957 5455 1247 5521 alongemur.
1267 5460 1394 5521 Lov.,
1427 5451 1714 5521 ιιιοςῄεηιιινἈ
1743 5461 1850 5521 uss.
1883 5455 2066 5521 aliquot

481 5526 643 5590 [τουπ
668 5529 808 5581 nota,
847 5515 1124 5590 ιιιοςιὶειιιιῐιεἱ
1142 5519 1346 5590 verbum
1362 5515 1554 5590 ductum
1579 5525 1654 5567 est
1673 5518 1736 5567 ab
1757 5518 1928 5590 aloﬁia,
1956 5515 2065 5582 ξιιιιε

479 5577 673 5645 dicitur,
691 5577 1023 5651 augustino-iu
1046 5579 1188 5651 epist.
1287 5578 1346 5626 ad
1369 5578 1666 5651 t‘asulanum,
1688 5594 1741 5650 _n.
1761 5579 1806 5651 2,
1829 5577 2066 5651 interpre-

481 5655 637 5718 tante,
659 5638 690 5692 ἰ
705 5638 815 5695 cuin
851 5640 1008 5707 epulis
1045 5638 1354 5703 indulgetur,
1379 5647 1432 5689 ut
1467 5653 1495 5689 a
1531 5643 1729 5690 rationis
1761 5638 2064 5693 trannte'de-

487 5725 513 5754 ‘
535 5716 844 5831 v(iac;iiiislpicit
879 5765 939 5816 ad
975 5762 1425 5828 Tbamugadensem
1453 5765 1664 5876 episcod;
1708 5771 1946 5828 Optatum,
1981 5769 2066 5830 qui

479 5827 691 5886 ditionis
710 5827 912 5891 satelles
927 5827 1088 5879 dictus
1120 5833 1214 5877 est.
1243 5825 1415 5878 confer
1434 5826 1574 5892 epist.
1645 5860 1682 5892 Α,
1705 5832 1766 5880 ad
1788 5829 2062 5882 metimur.

770 5859 912 5891 ραις.
927 5859 1088 5879 uva-9
1120 5859 1214 5877 νοω
1244 5859 1406 5878 ννωνο
1434 5859 1574 5892 vrum
1705 5859 1766 5880 qu
1788 5859 1914 5880 ιιοιινι
1926 5859 2062 5882 Iw“.

1447 356 1512 412 ΙΝ
1548 354 1823 414 JOANNIS
1861 344 2323 426 ΕνΑΝοειιυΜ,
2361 355 2421 414 8.
2456 352 2818 416 AUGUSTINI

3605 355 3740 421 ιιιι

2157 483 2445 543 pateretur,
2477 475 2598 546 quia
2628 475 2924 545 baptizabat
2947 475 3126 546 plures
3149 489 3307 548 quam
3333 476 3575 533 Joannes
3601 495 3616 531 :
3646 477 3736 535 de-

2156 563 2282 619 inde
2305 565 2610 635 adjunctum
2638 577 2740 632 cst,
2773 568 3010 634 Quamuis
3035 568 3142 637 ipse
3170 585 3269 622 non
3305 568 3589 640 baptisaret
3611 609 3630 635 ,
3652 572 3736 625 sed

2155 655 2395 725 discipuli
2413 657 2524 727 ejus
2544 659 2562 727 (
2581 656 2738 712 Joan.
2769 673 2840 721 tv,
2871 659 2924 724 l,
2949 657 3039 730 2).
3072 657 3207 728 Ipse,
3233 668 3289 714 et
3307 675 3418 714 non
3449 661 3603 730 ipse:
3631 660 3740 731 ipse

2153 756 2434 816 potestate,
2473 747 2548 803 illi
2576 749 2908 814 ministerio;
2936 749 3245 806 servitutem
3267 749 3335 804 ad
3362 749 3738 821 baptizandum

2154 838 2228 892 illi
2249 839 2620 906 admovebant,
2645 850 2878 911 potestas
2900 841 3194 912 baptizandi
3217 841 3269 896 in
3286 840 3508 898 Christo
3541 857 3740 911 penna-

2153 931 2333 986 nebat.
2382 931 2524 1002 Ergo
2552 933 2890 1004 baptizabant
2915 932 3159 1004 discipuli
3184 934 3331 1005 ejus,
3373 942 3432 990 et
3460 933 3533 990 ibi
3573 932 3742 990 adhuc

2152 1033 2267 1080 erat
2291 1023 2458 1080 Judas
2485 1025 2623 1080 inter
2646 1026 2936 1096 discipulos
2962 1025 3075 1097 ejus
3102 1043 3116 1079 :
3143 1042 3277 1098 quos
3298 1041 3432 1098 ergo
3461 1026 3742 1097 baptizavit

2151 1115 2336 1181 Judas,
2371 1131 2474 1171 non
2505 1126 2626 1171 sunt
2664 1117 2854 1172 iterum
2881 1117 3162 1186 baptizati;
3203 1127 3259 1173 et
3285 1133 3424 1188 quos
3464 1117 3742 1188 baptizavit

2153 1207 2406 1274 Joannes,
2432 1209 2620 1264 iterum
2648 1209 2894 1281 baptizati
2919 1212 3077 1265 sunt?
3099 1211 3260 1266 Plane
3283 1211 3502 1274 iterum,
3524 1211 3619 1267 sed
3641 1226 3741 1268 non

2154 1296 2346 1352 iterato
2367 1299 2651 1369 baptismo.
2679 1299 2826 1366 Quos
2845 1301 2984 1355 enim
3009 1301 3292 1371 baptizavit
3314 1301 3576 1365 Joannes,
3597 1301 3743 1357 Joan-

2154 1402 2251 1442 nes
2277 1388 2560 1458 baptizavit
2582 1408 2596 1444 :
2623 1405 2758 1461 quos
2777 1401 2954 1446 autem
2982 1390 3266 1461 baptizavit
3287 1391 3478 1459 Judas,
3500 1390 3741 1449 Christus

2151 1478 2456 1549 baptizavit.
2503 1481 2590 1537 Sic
2633 1497 2761 1553 ergo
2798 1497 2933 1553 quos
2970 1482 3251 1552 baptizavit
3288 1482 3572 1548 ebriosus,
3614 1498 3742 1553 quos

2153 1567 2438 1639 baptizavit
2460 1571 2744 1638 homicida,
2777 1589 2909 1641 quos
2933 1573 3214 1642 baptizavit
3246 1573 3478 1640 adulter,
3510 1573 3556 1628 si
3578 1573 3742 1642 bapti-

2153 1675 2300 1716 smus
2329 1662 2525 1717 Christi
2548 1673 2684 1724 erat.
2714 1663 2957 1719 Christus
2986 1664 3288 1734 baptizavit.
3312 1663 3431 1719 Non
3461 1665 3625 1722 timeo
3647 1665 3740 1721 ad-

2152 1752 2380 1807 ulterum
2403 1795 2418 1820 ,
2451 1770 2564 1809 non
2589 1755 2895 1821 ebriosum,
2937 1770 3040 1812 non
3081 1755 3440 1822 homicidam;
3489 1757 3612 1827 quia
3652 1771 3741 1812 co-

2154 1841 2386 1898 lumbam
2412 1844 2628 1903 attendo
2649 1886 2666 1914 ,
2695 1862 2791 1917 per
2817 1863 2975 1918 quam
2995 1847 3144 1920 ιιιιιιιί
3173 1847 3399 1916 dicitur,
3433 1845 3537 1904 Hic
3567 1858 3639 1906 ett
3660 1846 3742 1920 qui

2154 1931 2396 2003 baptizat.

2225 2027 2311 2082 19.
2341 2028 2602 2084 (Στειετιιιιι
2623 2072 2640 2098 ,
2670 2031 2861 2088 fratres
2886 2034 2988 2089 mei
3011 2075 3028 2101 ,
3059 2035 3282 2092 delirum
3311 2044 3398 2092 est
3419 2036 3602 2094 dicere
3624 2038 3739 2110 quia

2154 2121 2390 2176 melioris
2412 2124 2584 2178 meriti
2617 2123 2732 2188 fuit,
2764 2141 2867 2179 non
2906 2126 3026 2182 dico
3061 2125 3244 2193 Judas,
3273 2127 3368 2184 sed
3397 2129 3623 2199 quilibet
3648 2128 3738 2183 bo-

2158 2213 2358 2266 minum
2378 2254 2392 2271 .
2421 2230 2578 2285 quam
2611 2215 2697 2270 ille
2716 2215 2784 2269 dc
2808 2232 2914 2286 quo
2938 2216 3138 2273 dictum
3164 2227 3267 2284 est,
3297 2216 3364 2272 In
3404 2221 3538 2275 natis
3567 2219 3737 2274 nautic-

2153 2320 2266 2358 rum
2306 2321 2450 2359 nemo
2479 2307 2758 2360 exsurrexit
2794 2310 2958 2378 major
2999 2309 3199 2364 Joanne
3237 2309 3478 2381 Baptista
3524 2310 3733 2383 (Matth.

2153 2411 2226 2460 ιι,
2255 2397 2312 2452 Η
2332 2393 2373 2468 ).
2399 2396 2512 2451 Non
2534 2414 2661 2468 ergo
2685 2399 2804 2452 huic
2826 2401 3104 2471 quisquam
3131 2416 3336 2469 servus,
3364 2403 3463 2458 sed
3488 2402 3738 2473 baptisma

2157 2486 2364 2541 Domini
2403 2488 2563 2543 etiam
2609 2505 2702 2557 per
2730 2505 2939 2545 servum
2977 2493 3170 2546 malum
3196 2493 3414 2560 datum,
3445 2491 3737 2564 baptismati

2157 2577 2316 2632 etiam
2343 2578 2498 2632 amici
2523 2579 2660 2632 servi
2686 2581 3026 2650 praeponitur.
3055 2581 3188 2636 Audi
3211 2583 3400 2653 quales
3423 2598 3740 2640 commemo-

2156 2676 2238 2721 rat
2265 2667 2535 2736 apostolns
2566 2668 2755 2724 Paulus
2781 2669 2943 2725 faISos
2970 2673 3163 2728 fratres
3183 2714 3198 2736 ,
3222 2674 3422 2730 invidia
3451 2674 3737 2745 praedican-

2159 2767 2238 2812 tes
2264 2751 2480 2812 v'crbum
2509 2758 2621 2821 Dei,
2644 2767 2700 2814 et
2720 2761 2845 2830 quid
2866 2761 2933 2816 de
2957 2761 3058 2816 illis
3075 2762 3200 2818 dicit
3223 2781 3238 2818 :
3261 2763 3325 2817 Et
3341 2765 3397 2818 in
3418 2766 3514 2820 hoc
3531 2765 3736 2837 gaudeo,

2157 2850 2246 2903 sed
2269 2860 2316 2904 et
2349 2852 2597 2920 gaudebo.
2639 2851 2904 2908 Christum
2932 2855 3073 2909 enim
3103 2857 3521 2927 annuntiabant,
3549 2873 3641 2931 per
3666 2859 3740 2913 in-

2159 2942 2351 2996 vidiam
2383 2942 2622 3013 quidem,
2643 2945 2737 3000 sed
2764 2957 2938 3002 tamen
2969 2945 3238 3004 Christum
3267 2947 3548 3022 (Philipp.
3581 2967 3618 3017 ι,
3646 2951 3737 3007 15ο

2161 3035 2288 3107 18).
2316 3035 2430 3090 Νοιι
2457 3053 2554 3107 per
2579 3038 2726 3108 quid,
2757 3039 2851 3094 sed
2883 3056 3038 3110 qttcm
3067 3041 3188 3096 vide
3217 3059 3230 3096 :
3259 3057 3352 3113 per
3375 3044 3626 3100 invidiam
3654 3043 3742 3100 tibi

2161 3129 2480 3198 przrdicalnr
2524 3129 2781 3186 Chistus?
2808 3133 2929 3188 vide
2965 3132 3270 3198 Christum,
3315 3136 3426 3192 vita
3475 3137 3736 3192 invidiam.

2160 3217 2276 3273 Noli
2317 3220 2508 3273 imitari
2533 3222 2726 3274 malum
2758 3221 3178 3292 prmdtcatorem,
3209 3225 3302 3280 sed
3324 3226 3536 3284 imitare
3560 3227 3742 3283 bonum

2160 3311 2250 3381 qui
2282 3313 2297 3343 ¹
2331 3311 2425 3366 tibi
2463 3312 2800 3382 pra’dicatnr.
2828 3311 3068 3370 Christus
3102 3331 3231 3387 ergo
3263 3333 3292 3370 τι
3317 3317 3632 3386 quibusdam
3657 3330 3742 3388 per

2164 3401 2412 3456 invidiam
2440 3402 2847 3472 pr:cdicahatur.
2871 3403 2938 3458 Et
2961 3405 3087 3474 quid
3113 3417 3196 3460 est
3226 3407 3506 3464 invidere?
3531 3407 3743 3464 llomn-

2161 3493 2288 3549 dum
2328 3495 2547 3549 malum.
2580 3494 2698 3565 Ipso
2725 3497 2865 3550 malo
2904 3498 3120 3552 zaholus
3143 3498 3382 3568 dejectus
3422 3510 3504 3556 est
3526 3541 3542 3568 ,
3574 3500 3734 3571 ipsum

2162 3584 2355 3654 dcjceit
2402 3587 2624 3640 multum
2669 3587 2893 3656 maligna
2926 3589 3088 3656 pestis
3121 3591 3141 3620 ¹
3176 3607 3189 3642 :
3219 3600 3273 3644 et
3302 3589 3573 3648 habebant
3608 3589 3742 3645 illam

2162 3677 2375 3747 quidam
2401 3677 2595 3732 Christi
2636 3679 3012 3748 praedicatores
3031 3721 3046 3746 ,
3073 3694 3209 3750 quos
3240 3690 3420 3738 tamen
3472 3680 3742 3754 prmdicaro

2164 3769 2420 3838 permittit
2449 3769 2758 3838 Apostolus.
2787 3770 3002 3838 Quare?
3038 3771 3170 3837 Quia
3196 3771 3469 3828 Christum
3497 3770 3740 3844 praedica-

2164 3857 2308 3912 bant.
2341 3857 2438 3925 Qui
2463 3868 2638 3913 autctn
2662 3860 2877 3922 invidet,
2897 3859 3040 3926 odit;
3069 3871 3123 3915 et
3148 3863 3235 3932 qui
3263 3862 3397 3930 odit,
3419 3862 3544 3933 qttid
3568 3860 3635 3916 de
3656 3857 3738 3913 illo

2163 3947 2401 4002 dicitur?
2431 3948 2566 4002 Audi
2597 3950 2894 4018 apostolum
2925 3949 3185 4006 Joannem
3219 3969 3233 4006 :
3266 3951 3367 4017 Qui
3401 3952 3506 4006 odit
3545 3952 3742 4022 fratrem

2163 4055 2331 4104 suum,
2360 4037 2612 4092 homicida
2637 4050 2709 4093 est
2733 4037 2784 4111 (Ι
2809 4037 2962 4094 Joan.
2992 4056 3084 4108 ιιι,
3117 4042 3240 4112 15).
3274 4041 3416 4100 Ecce
3445 4051 3564 4114 post
3593 4040 3740 4097 Joan‘

2164 4145 2284 4184 nem
2312 4130 2631 4200 baptizatum
2663 4140 2765 4190 est.
2804 4140 2921 4200 post
2948 4131 3265 4186 luunicidam
3294 4148 3401 4189 non
3429 4133 3734 4205 baptizatum

2163 4229 2282 4283 est;
2325 4221 2446 4288 quia
2475 4219 2706 4274 Joannes
2748 4221 2895 4276 dedit
2941 4221 3258 4291 baptismum
3285 4237 3462 4289 suum,
3491 4217 3738 4278 homicida

2163 4311 2309 4366 dedit
2361 4312 2680 4382 baptismum
2727 4313 2944 4370 Christi.
2991 4315 3139 4383 Quod
3197 4316 3736 4384 Sacramentumlam

2164 4413 2402 4458 sanctum
2431 4413 2542 4469 est,
2573 4415 2633 4459 ut
2661 4421 2759 4461 nec
2797 4406 3058 4464 homicida
3103 4410 3438 4468 ministrante
3467 4411 3733 4483 polluatur.

2233 4495 2322 4550 20.
2349 4496 2465 4551 Non
2496 4513 2688 4568 respuo
2709 4497 2990 4564 Joannem,
3022 4501 3114 4575 sed
3143 4503 3320 4570 potius
3347 4503 3514 4558 credo
3535 4497 3734 4558 Joanni.

2164 4585 2300 4652 Quid
2331 4588 2492 4643 credo
2510 4587 2738 4643 Joanni?
2765 4589 2915 4657 Quod
2941 4590 3125 4645 didicit
3155 4608 3248 4662 per
3271 4593 3590 4650 columbam.
3612 4585 3736 4657 Quid

2164 4676 2348 4733 didicit
2374 4694 2468 4749 per
2496 4679 2835 4736 columbam?
2871 4681 2966 4735 llic
3003 4691 3073 4736 eat
3117 4684 3202 4752 qui
3225 4683 3448 4754 baptizat
3471 4687 3522 4739 in
3551 4679 3734 4754 Spiritu

2165 4780 2354 4824 saneto.
2385 4770 2500 4825 Jam
2529 4786 2674 4842 ergo.
2708 4772 2916 4836 fratres,
2947 4781 3122 4828 tenete
3147 4775 3267 4840 hoc,
3297 4786 3353 4832 et
3375 4775 3621 4831 cordibus
3647 4783 3732 4824 ve-

2166 4861 2290 4916 stris
2320 4862 2540 4932 infigite.
2584 4863 2640 4917 Si
2687 4865 2829 4918 enim
2872 4863 3030 4919 hodie
3071 4865 3293 4921 voluero
3327 4867 3534 4936 plenius
3572 4863 3735 4918 dicere

2165 4968 2328 5023 quare
2358 4967 2452 5022 per
2475 4954 2804 5022 columbam,
2839 4965 3044 5026 tempus
3073 4972 3176 5012 non
3211 4958 3422 5014 sufficit.
3459 4958 3587 5026 Quia
3605 4951 3732 5008 enim

2167 5059 2255 5098 res
2273 5044 2528 5100 discenda
2555 5045 2815 5101 insinuata
2835 5056 2914 5102 est
2936 5047 3123 5102 Joanni
3147 5064 3240 5117 per
3254 5050 3566 5110 columbam,
3581 5055 3732 5114 quam

2169 5149 2273 5189 non
2314 5145 2535 5191 noverat
2564 5137 2616 5190 iu
2655 5137 2868 5192 Christo
2893 5137 3143 5201 Joannes.
3167 5141 3405 5210 quamvis
3428 5140 3535 5212 jam
3567 5137 3732 5190 nosset

2170 5228 2435 5283 Christum
2467 5269 2481 5294 ,
2528 5230 2748 5298 exposui
2786 5240 3040 5300 quantum
3081 5231 3312 5288 arbitror
3339 5226 3604 5287 Sanctitati
3647 5235 3731 5276 ve-

2171 5329 2295 5374 stra:
2324 5335 2341 5374 :
2367 5319 2458 5374 sed
2481 5335 2645 5390 quare
2669 5319 2804 5375 hanc
2830 5322 2996 5391 ipsam
3026 5338 3137 5378 rem
3164 5339 3259 5392 per
3281 5322 3574 5378 columbam
3597 5325 3730 5384 opor-

2173 5412 2273 5466 tttit
2294 5411 2646 5467 demonstrari
2674 5453 2688 5478 ,
2709 5414 2751 5466 si
2771 5413 3006 5468 breviter
3027 5415 3130 5470 dici
3151 5423 3352 5484 posset,
3375 5413 3598 5468 dicerem
3617 5423 3628 5459 :
3646 5398 3730 5458 sed

2172 5506 2294 5576 quia
2321 5505 2410 5560 diu
2433 5505 2714 5562 dicendum
2745 5517 2846 5571 cst,
2875 5518 2922 5559 et
2949 5523 3173 5562 onerare
3199 5522 3293 5561 vos
3320 5507 3458 5567 nolo.
3487 5492 3730 5573 (ιιιοιιιοάο

2175 5596 2384 5667 adjutus
2405 5611 2520 5652 sum
2545 5598 2874 5652 orationibus
2896 5601 3102 5658 vcstris.
3126 5607 3184 5654 ιιι
3205 5599 3330 5654 illud
3353 5595 3488 5669 quod
3507 5583 3726 5664 promiSi.

2173 5707 2414 5822 sttimmiu’
2432 5708 2578 5771 (Ναί
2604 5713 2660 5759 Μ’
2678 5714 2804 5772 uss"
2830 5708 2914 5774 qui
2939 5722 2957 5760 "
2981 5718 3118 5762 recte
3134 5745 3151 5772 ο
3174 5724 3284 5761 nam
3305 5710 3513 5762 refertur
3532 5702 3590 5754 ad
3609 5696 3726 5749 σιτία

2237 5833 2259 5865 ι
2281 5837 2333 5884 ιιι
2353 5830 2682 5898 aliquotttss.,
2702 5832 2807 5905 ipso
2826 5832 3000 5900 deiecit
3021 5824 3685 5903 multaamaugnapatimv
