4036 6384
327 378 482 445 1425

319 493 648 564 implerem;
674 487 964 558 adjuvante
982 485 1140 542 etiam
1163 491 1321 552 atque
1345 481 1504 537 etiam
1528 479 1612 550 pia
1637 480 1929 537 intentione

315 595 378 643 et
405 584 554 639 votis
573 581 752 646 bonis,
781 588 836 634 et
859 576 985 632 illud
1010 574 1284 646 apparebit
1305 573 1477 634 vobis,
1503 587 1668 642 quare
1694 570 1930 626 Joannes

315 677 472 749 quod
503 674 689 730 didicit
718 673 771 727 in
814 672 1055 734 Domino,
1073 669 1191 741 quia
1250 669 1360 738 ipse
1401 676 1472 720 est
1500 666 1585 732 qui
1611 664 1834 733 baptizat
1875 665 1930 718 in

320 768 534 840 Spiritu
558 776 756 828 sancto,
793 774 843 820 et
872 763 1000 818 utilli
1027 775 1184 816 servo
1203 776 1300 814 suo
1329 757 1672 826 lrauslegavit
1700 765 1930 826 potesta-

319 870 434 917 tem
458 856 788 930 baptizandi,
813 871 917 910 non
940 852 1342 910 debuitdiscere
1367 851 1468 904 nisi
1495 863 1587 919 per
1604 848 1924 904 columbam.

867 944 1273 1003 TRACTATUS
1313 943 1398 997 Vl.

328 1044 404 1100 In
445 1043 686 1100 eumdem
714 1039 974 1110 Evangelii
995 1039 1178 1092 locum.
1213 1035 1382 1101 Quare
1409 1032 1547 1088 Deus
1575 1050 1664 1104 per
1685 1034 1930 1089 columba:

391 1136 627 1206 speciem
651 1132 909 1188 ostendere
928 1130 1138 1185 voluerit
1167 1127 1420 1198 Spiritum
1445 1134 1694 1180 sanctum.
1728 1125 1858 1195 Cap.
1884 1142 1924 1192 ι,

410 1226 448 1294 y
490 1225 525 1294 φ
552 1263 570 1277 .
600 1222 686 1284 se,
720 1222 808 1276 53.

398 1317 458 1374 1.
492 1315 690 1371 Fateor
709 1311 1216 1374 Sanctitativestrtr,
1246 1310 1520 1364 timueram
1550 1324 1614 1362 ne
1637 1307 1800 1379 frigus
1826 1307 1929 1362 hoc

321 1410 558 1480 frigidos
587 1425 680 1461 vos
710 1407 775 1461 ad
806 1403 1228 1461 (onveniendum
1265 1403 1461 1458 faceret
1487 1421 1501 1457 :
1527 1403 1621 1456 sed
1670 1406 1789 1463 allia
1831 1402 1927 1455 ista

318 1501 652 1560 celebritate
673 1509 724 1554 et
752 1496 1044 1568 frequentia
1067 1503 1263 1561 vestra,
1289 1495 1479 1563 spiritu
1503 1510 1598 1546 vos
1623 1494 1822 1547 fervere
1843 1491 1912 1547 de

321 1595 671 1656 tnoustratis,
703 1610 807 1646 non
839 1591 1021 1645 dubito
1052 1590 1172 1656 quia
1202 1569 1358 1643 diam
1393 1587 1584 1642 orastis
1625 1601 1717 1654 pro
1743 1600 1848 1648 me,
1874 1593 1930 1638 ut

319 1689 577 1743 debitum
599 1684 752 1739 vobis
775 1681 1065 1738 exsolvam.
1087 1679 1442 1734 Promiseram
1471 1684 1610 1732 enim
1642 1676 1693 1730 in
1717 1676 1930 1730 nomine

320 1780 536 1838 Christi
569 1778 836 1832 disserere
875 1773 1050 1835 hodie,
1093 1787 1212 1825 cum
1241 1769 1480 1839 angustia
1523 1767 1772 1837 temporis
1807 1777 1933 1822 tunc

329 1869 654 1940 impediret,
685 1882 750 1922 ne
778 1864 828 1919 id
851 1877 1128 1934 possemus
1152 1861 1419 1931 explicare
1445 1858 1738 1923 tractando,
1767 1872 1931 1927 quare

332 1963 477 2018 Dens
502 1975 606 2030 per
635 1956 896 2011 columbae
937 1954 1169 2024 srecicm
1193 1951 1475 2007 ostendere
1517 1950 1736 2004 voluerit
1761 1950 1930 2018 Spiri-

327 2065 442 2107 tum
471 2060 749 2104 sanctum.
781 2047 888 2101 lloc
911 2054 966 2098 nt
991 2045 1301 2114 explicetur,
1332 2044 1498 2097 illuxit
1524 2043 1674 2096 nobis
1697 2042 1810 2097 dies
1837 2041 1932 2096 ho-

339 2141 601 2202 diernus;
624 2147 678 2191 et
703 2137 874 2191 Sentio
899 2133 1146 2188 audiendi
1169 2150 1250 2200 cui
1274 2132 1453 2187 idilate
1475 2143 1525 2185 et
1549 2133 1632 2201 pia
1653 2133 1932 2187 devotione

337 2248 434 2285 vos
475 2229 747 2286 celi-brius
780 2235 1143 2296 congregatos.
1198 2224 1654 2292 l‘lxspectatiom-m
1702 2234 1932 2277 vestram

327 2324 470 2378 Deus
504 2322 727 2390 impleat
753 2335 818 2372 ex
845 2334 937 2372 ore
969 2327 1174 2371 llHS'l't).
1212 2316 1446 2368 Amastis
1473 2315 1613 2368 enim
1645 2323 1698 2367 ut
1725 2315 1934 2368 venire-

325 2416 394 2468 tis
420 2431 433 2466 :
467 2412 576 2468 sed
600 2411 840 2477 amastis,
865 2408 1026 2477 quid?
1052 2405 1106 2460 Si
1138 2421 1251 2463 nos.
1285 2415 1338 2460 et
1367 2405 1469 2458 hoc
1497 2405 1660 2467 bene;
1692 2419 1810 2456 nam
1841 2417 1936 2457 vo-

327 2506 517 2561 lttmus
552 2503 718 2556 amari
741 2518 770 2556 a
792 2501 961 2565 vobis,
988 2499 1080 2553 scd
1105 2499 1352 2552 uolumus
1378 2499 1427 2550 in
1454 2499 1622 2552 nobis.
1651 2495 1782 2563 Quia
1807 2512 1935 2568 ergo

327 2598 384 2652 in
412 2595 644 2651 Christo
681 2609 774 2646 vos
811 2604 1069 2654 amamus,
1106 2590 1156 2643 in
1187 2587 1398 2644 Christo
1425 2604 1524 2642 nos
1558 2588 1848 2646 redamate.
1880 2597 1934 2643 et

326 2703 485 2742 amor
523 2696 706 2740 uoster
737 2698 833 2753 pro
860 2682 1082 2736 invicem
1107 2691 1283 2750 gemat
1314 2679 1380 2734 ad
1408 2680 1570 2734 Deum
1603 2696 1616 2733 :
1650 2681 1763 2748 ipse
1791 2681 1934 2734 enim

325 2779 570 2849 gemitus
597 2775 854 2831 columba:
891 2781 992 2828 est.

397 2871 455 2925 2.
505 2868 568 2922 Si
597 2882 726 2934 ergo
745 2866 973 2935 gemitus
999 2864 1262 2918 columba:
1292 2873 1374 2919 est
1393 2904 1407 2929 ,
1451 2867 1592 2936 quod
1618 2884 1808 2927 omnes
1833 2887 1931 2926 no-

329 2963 540 3023 vimus,
571 2967 783 3029 getnunt
814 2969 988 3011 autem
1015 2957 1274 3011 columba:
1292 2958 1341 3010 in
1367 2973 1576 3025 amore;
1605 2963 1782 3018 audite
1802 2966 1929 3035 quid

332 3056 482 3111 dicat
541 3051 861 3122 Apostolus,
909 3061 964 3106 et
1012 3050 1176 3104 nolite
1208 3050 1386 3130 mirari
1425 3053 1545 3122 quia
1575 3055 1628 3108 in
1666 3057 1929 3114 columba:

331 3146 523 3217 specie
550 3143 718 3198 voluit
739 3142 1091 3197 demonstrari
1121 3141 1346 3210 Spiritus
1362 3156 1611 3200 sanctus:
1645 3147 1780 3212 Quid
1799 3151 1934 3205 enim

338 3256 575 3303 oremus,
600 3238 730 3291 sicut
758 3245 954 3307 oportet
977 3277 990 3296 ,
1022 3237 1207 3304 inquit,
1234 3237 1480 3291 nescimus
1512 3254 1532 3291 :
1555 3240 1643 3292 sed
1671 3242 1777 3309 ipse
1807 3242 1932 3313 Spi-

341 3335 476 3388 ritus
531 3329 818 3399 interpellat
877 3344 968 3398 pro
1027 3328 1167 3381 nobis
1211 3329 1472 3398 gemitibus
1517 3331 1934 3390 inenarrabilibus

345 3426 535 3499 (llam.
555 3437 671 3486 vui,
699 3421 814 3490 26).
843 3420 975 3488 Quid
1000 3435 1126 3489 ergo
1146 3462 1160 3484 ,
1195 3418 1382 3474 fratres
1419 3423 1557 3488 mei,
1606 3422 1706 3478 hoc
1743 3425 1934 3482 dieturi

342 3535 576 3582 sumus,
620 3517 740 3585 quia
771 3514 999 3584 Spiritus
1029 3514 1225 3584 gemit,
1275 3513 1360 3567 ubi
1395 3515 1624 3582 perfecta
1656 3529 1707 3571 et
1734 3528 1933 3572 teterua

340 3609 630 3670 beatitudo
660 3617 742 3664 est
767 3607 814 3662 ei
842 3621 962 3661 cum
1008 3606 1162 3660 Patre
1203 3615 1257 3660 et
1299 3605 1470 3660 Filio?
1518 3609 1747 3677 Spiritus
1790 3611 1933 3665 enim

340 3714 571 3759 sanctus
606 3701 742 3754 Dens
765 3739 780 3764 ,
811 3699 946 3752 sicut
972 3697 1061 3751 Dei
1094 3696 1259 3750 Filius
1290 3697 1456 3763 Deus,
1495 3707 1550 3752 et
1591 3699 1746 3754 Pater
1769 3700 1929 3756 Deus,

336 3798 447 3854 Ter
497 3795 610 3850 dixi
657 3793 796 3849 Deus
817 3834 832 3857 ,
876 3791 968 3846 sed
999 3807 1102 3844 non
1130 3789 1238 3843 disi
1262 3799 1368 3844 tres
1393 3789 1524 3845 deos
1552 3809 1564 3846 :
1595 3793 1762 3862 magis
1790 3794 1932 3847 enim

339 3891 488 3946 Deus
511 3897 618 3951 ter,
651 3901 807 3956 quam
835 3883 905 3937 dii
933 3895 1072 3946 tres;
1114 3882 1234 3952 quia
1267 3882 1421 3937 Pater
1446 3892 1498 3937 et
1529 3883 1695 3938 Filius
1731 3895 1783 3939 et
1808 3885 1934 3957 Spi-

337 3982 480 4036 ritus
507 3986 727 4032 sanctns
759 3989 893 4028 llllllS
923 3973 1060 4027 Deus
1088 3989 1100 4024 :
1129 3972 1226 4026 hoc
1252 3973 1448 4040 Optime
1475 3975 1659 4028 nostis.
1679 3973 1790 4028 Non
1808 3989 1934 4046 ergo

340 4073 587 4144 Spiritus
613 4077 826 4122 sanctus
851 4067 902 4120 in
941 4071 1225 4134 semetipso
1245 4065 1380 4134 apud
1405 4067 1746 4136 semetipsum
1769 4069 1818 4121 in
1847 4068 1933 4124 illa

342 4164 644 4222 Trinitate.
679 4161 730 4214 in
759 4159 847 4213 illa
874 4157 1194 4213 beatitudine
1214 4199 1228 4221 ,
1276 4157 1326 4211 in
1359 4158 1445 4212 illa
1473 4159 1769 4214 aeternitate
1797 4160 1930 4214 sub-

343 4253 564 4310 stantia:
603 4249 765 4321 gemit
794 4266 807 4302 :
841 4249 932 4304 sed
956 4248 1007 4302 iu
1045 4247 1196 4301 nobis
1215 4248 1374 4317 gemit
1396 4287 1410 4309 ,
1452 4248 1572 4317 quia
1602 4264 1812 4318 gemere
1838 4265 1933 4305 nos

345 4347 496 4401 facit.
525 4343 633 4398 Nec
656 4356 812 4410 parva
836 4355 922 4395 res
949 4348 1050 4402 est,
1081 4338 1220 4408 quod
1250 4354 1346 4393 nos
1373 4338 1531 4393 docet
1555 4340 1784 4409 Spiritus
1810 4355 1936 4395 sau-

346 4447 476 4492 ctus
495 4448 711 4505 gemere
730 4430 997 4492 :jnsinuat
1020 4431 1160 4485 enim
1187 4430 1338 4484 nobis
1362 4431 1484 4500 quia
1517 4430 1930 4499 peregrinantur,

351 4537 408 4584 et
441 4526 606 4580 docet
634 4538 729 4578 nos
755 4523 805 4575 in
837 4522 1054 4590 patriam
1083 4521 1351 4590 suspirare
1375 4563 1390 4589 ,
1436 4531 1490 4576 et
1528 4522 1642 4590 ipso
1671 4523 1936 4579 desiderio

345 4620 640 4692 gemimus.
671 4615 764 4670 Cui
792 4615 932 4670 bene
965 4623 1049 4668 est
1075 4614 1125 4667 in
1159 4615 1259 4667 hoc
1288 4613 1512 4680 smculo,
1543 4614 1650 4667 imo
1675 4616 1762 4684 qui
1790 4623 1937 4684 putat

345 4709 496 4783 quod
527 4709 577 4764 ei
606 4709 740 4763 bene
777 4707 876 4772 sit,
925 4705 1013 4774 qui
1066 4705 1246 4760 I:cti|ia
1291 4721 1467 4761 rerum
1511 4708 1828 4772 carnalium,
1883 4715 1939 4764 et

348 4799 678 4858 abundantia
707 4797 1106 4868 temporalium,
1147 4804 1200 4850 et
1226 4811 1356 4850 vana
1397 4795 1646 4852 felicitate
1674 4798 1934 4867 exsultat,

352 4894 517 4951 habet
539 4907 725 4947 vocem
753 4892 898 4946 corvi
926 4910 938 4945 :
963 4907 1063 4945 vox
1086 4890 1226 4945 enim
1254 4891 1397 4945 corvi
1433 4892 1663 4946 clamosa
1685 4902 1799 4960 est,
1829 4910 1935 4950 non

351 4983 716 5058 gemebunda.
740 4982 839 5050 Qui
866 4992 1040 5036 autem
1067 4983 1210 5036 novit
1232 4983 1281 5036 in
1301 4997 1545 5052 pressura
1572 4999 1630 5038 se
1655 5000 1774 5041 esse
1798 5001 1940 5041 mor-

354 5076 578 5133 talitatis
611 5074 788 5145 hujus,
815 5083 867 5128 et
897 5072 1217 5143 peregrinari
1245 5089 1302 5128 se
1329 5089 1357 5126 a
1384 5075 1608 5130 Domino
1641 5074 1707 5146 (ll
1736 5075 1852 5130 Cor.
1883 5093 1934 5144 v,

356 5169 439 5239 6),
473 5167 712 5224 nondum
750 5175 930 5221 tenere
969 5165 1109 5220 illam
1153 5175 1460 5236 perpetuam
1490 5183 1607 5236 quae
1634 5168 1786 5224 nobis
1813 5184 1938 5238 pro-

357 5262 521 5318 missa
554 5269 640 5315 est
665 5258 1043 5314 beatitudinem
1070 5297 1084 5319 ,
1114 5257 1204 5312 sed
1227 5257 1422 5314 habere
1443 5258 1583 5314 illam
1609 5260 1662 5314 in
1684 5275 1778 5330 Spe
1797 5302 1812 5327 ,
1838 5261 1937 5316 ha-

359 5351 570 5408 biturus
601 5351 652 5405 in
685 5365 762 5417 re,
789 5365 910 5405 cum
941 5348 1191 5404 Dominus
1213 5350 1419 5404 venerit
1438 5349 1490 5404 in
1517 5352 1942 5410 manifestatioue

364 5443 672 5512 przeclarus,
707 5442 793 5513 qui
821 5441 969 5511 prius
995 5440 1046 5494 in
1077 5441 1372 5496 humilitate
1394 5443 1537 5497 venit
1557 5436 1824 5509 occultus;
1851 5445 1941 5515 qui

362 5533 462 5591 hoc
488 5534 680 5599 novit,
726 5534 911 5604 gemit.
959 5534 1026 5587 Et
1068 5533 1321 5603 quamdiu
1370 5543 1586 5604 propter
1610 5534 1710 5589 hoc
1744 5537 1941 5605 gemit,

366 5626 498 5683 bene
526 5625 728 5697 gemit:
759 5625 987 5696 Spiritus
1011 5625 1156 5680 illum
1179 5625 1356 5679 docuit
1375 5641 1610 5695 gemere,
1642 5641 1670 5679 a
1697 5628 1943 5683 columba

366 5715 803 5788 didicitgemere.
839 5715 983 5770 Multi
1011 5716 1150 5770 enim
1180 5725 1400 5786 gemunt
1427 5717 1480 5770 in
1508 5717 1816 5774 infelicitate
1837 5729 1945 5774 ter-

363 5816 530 5879 rena,
570 5807 654 5865 vel
679 5808 912 5883 quassati
946 5807 1186 5876 damnis,
1237 5807 1318 5864 vel
1355 5809 1666 5881 a‘gritudine
1705 5813 1947 5884 corporis

1527 366 1937 427 TBACTATUS
1970 367 2062 427 Vl.
2100 368 2325 428 CAPUT
2362 371 2406 428 l.

3467 380 3610 444 1420

2035 484 2345 553 praegravati
2366 526 2382 552 ,
2416 485 2500 541 vel
2522 489 2822 546 carceribus
2848 490 3032 547 inclusi
3053 531 3068 558 ,
3099 492 3183 549 vel
3212 493 3414 551 catenis
3449 497 3602 554 colli.

2033 577 2163 644 gati,
2191 577 2271 631 vel
2302 577 2547 635 ﬂuctibus
2572 583 2732 638 maris
2750 584 2955 654 jactati,
2977 587 3060 642 vel
3090 587 3352 657 aliquibus
3374 589 3608 648 inimico-

2035 681 2152 720 rum
2195 667 2397 724 insidiis
2420 671 2754 742 circumsepti
2781 685 2996 744 gemunt
3023 692 3035 729 :
3066 677 3160 732 sed
3201 691 3305 733 non
3349 679 3609 736 columba:

2035 759 2234 828 gemitu
2258 773 2504 830 gemunt,
2532 779 2635 818 noa
2667 781 2849 822 amore
2875 767 2963 822 Dei
2994 777 3244 839 gemunt.
3283 784 3388 824 non
3420 771 3609 841 Spiritu

2035 859 2270 918 gemunt.
2311 853 2434 907 ldeo
2465 856 2594 910 tales
2616 871 2734 910 cum
2765 857 2831 911 ab
2873 858 2999 926 ipsis
3032 861 3296 927 pressaris
3317 859 3513 916 fuerint
3541 861 3609 916 Ii-

2035 939 2203 996 berati
2225 985 2239 1006 ,
2283 946 2550 999 exsultant
2575 947 2626 1000 in
2654 949 2943 1018 grandibus
2968 950 3188 1004 vocibus
3219 969 3232 1004 :
3267 951 3351 1005 ubi
3391 960 3612 1022 apparet

2036 1035 2157 1103 quia
2185 1037 2330 1090 corvi
2356 1048 2498 1101 sunt,
2531 1054 2636 1093 non
2665 1039 2946 1094 Columbae.
2979 1041 3166 1096 Merito
3186 1040 3252 1095 de
3271 1056 3392 1096 arca
3416 1042 3610 1098 missus

2035 1136 2118 1181 est
2145 1141 2335 1182 corvus
2359 1170 2375 1195 ,
2405 1139 2458 1184 et
2487 1146 2590 1184 non
2621 1141 2702 1186 est
2733 1146 3005 1195 reversus;
3039 1132 3198 1186 missa
3224 1140 3306 1187 est
3332 1131 3607 1198 columba;

2035 1229 2092 1274 et
2117 1235 2331 1274 reversa
2373 1231 2454 1275 est
2483 1239 2499 1277 :
2531 1222 2645 1276 illas
2675 1221 2807 1278 duas
2839 1238 2963 1278 aves
2992 1223 3133 1277 misit
3160 1221 3270 1277 Noe
3297 1221 3447 1294 (Gen.
3477 1238 3609 1292 vul,

2037 1309 2172 1378 6-9).
2225 1311 2460 1365 llabebat
2505 1311 2575 1364 ibi
2615 1327 2830 1366 corvum
2856 1354 2872 1378 ,
2921 1312 3147 1367 habebat
3183 1321 3236 1368 et
3271 1313 3608 1378 columbam;

2038 1418 2320 1472 utrumque
2352 1407 2450 1457 hoc
2487 1419 2652 1474 genus
2676 1420 2794 1458 arca
2828 1404 2914 1458 illa
2955 1404 3260 1460 continebat
3288 1423 3302 1458 :
3333 1415 3387 1460 et
3414 1405 3457 1459 si
3487 1419 3610 1461 arca

2036 1491 2298 1562 figurabat
2324 1493 2612 1548 Ecclesiam
2634 1537 2647 1560 ,
2697 1496 2883 1550 videtis
2923 1497 3104 1566 utique
3136 1496 3258 1566 quia
3281 1511 3502 1551 necesse
3529 1505 3614 1552 est

2035 1585 2163 1639 utin
2188 1586 2289 1639 isto
2309 1586 2505 1640 diluvio
2529 1587 2706 1642 Stecnli
2734 1597 3012 1658 utrmnque
3035 1602 3202 1658 genus
3219 1588 3489 1641 contineat
3505 1587 3611 1643 Ec-

2036 1679 2218 1745 clesia,
2245 1690 2297 1734 et
2325 1695 2540 1735 corvum
2563 1723 2577 1746 ,
2608 1691 2661 1735 et
2685 1681 3001 1735 columbam.
3032 1681 3130 1748 Qui
3157 1690 3279 1735 sunt
3300 1679 3484 1735 corvi?
3507 1679 3611 1747 Qui

2036 1787 2128 1826 sua
2156 1782 2416 1842 quzrrunt.
2449 1774 2547 1841 Qui
2570 1774 2874 1828 columbte?
2903 1773 3004 1841 Qui
3028 1788 3090 1827 ea
3122 1790 3239 1842 qua:
3256 1770 3451 1827 Christi
3486 1780 3612 1827 sunt

2037 1875 2282 1934 quazrunt
2303 1864 2557 1937 (Philipp.
2587 1881 2643 1932 u,
2673 1864 2788 1938 21).

2108 1959 2162 2013 5.
2205 1958 2487 2028 Pr0pterea
2516 1975 2642 2028 ergo
2667 1973 2788 2013 cum
2812 1959 3043 2013 mitteret
3064 1957 3317 2028 Spiritum
3345 1963 3610 2024 sanctum,

2037 2053 2244 2106 duobus
2266 2053 2436 2107 modis
2449 2068 2568 2107 eum
2595 2052 2824 2107 ostendit
2841 2051 3146 2126 visibidter;
3179 2067 3273 2120 per
3290 2048 3611 2113 columbam,

2039 2155 2092 2200 et
2123 2161 2216 2214 per
2243 2145 2412 2213 ignem
2448 2162 2462 2198 :
2499 2160 2591 2215 per
2615 2145 2948 2205 columbam.
2991 2159 3149 2214 super
3190 2142 3469 2196 Dominum
3519 2139 3614 2195 ba-

2039 2237 2327 2306 ptizatum;
2363 2251 2456 2303 per
2490 2236 2692 2306 ignem,
2735 2251 2895 2306 super
2923 2233 3211 2304 discipulos
3241 2241 3614 2302 congregatos.

2038 2329 2170 2383 Cum
2199 2331 2339 2382 enim
2362 2329 2690 2383 ascendisset
2719 2329 2973 2382 Dominus
3004 2328 3054 2380 in
3076 2327 3270 2382 cmlum
3299 2333 3414 2394 post
3443 2337 3614 2378 resur-

2040 2421 2360 2485 rectionem,
2410 2427 2637 2490 pct-artw
2677 2435 2795 2474 cum
2827 2419 3101 2488 discipulis
3125 2418 3238 2473 suis
3264 2415 3612 2486 quadraginta

2040 2513 2248 2581 diebus,
2284 2513 2500 2582 impleto
2545 2514 2631 2568 die
2680 2514 3049 2575 Pentecostes,
3093 2513 3235 2566 misit
3260 2511 3339 2566 eis
3361 2507 3614 2579 Spiritum

2040 2617 2300 2671 sanetum,
2332 2605 2467 2659 sicut
2494 2605 2822 2674 promiserat.
2850 2605 3075 2674 Spiritus
3101 2619 3227 2674 ergo
3254 2612 3377 2658 tunc
3396 2602 3615 2658 veniens

2041 2697 2276 2765 implevit
2309 2697 2478 2751 locum
2508 2696 2653 2750 illum
2672 2737 2686 2762 ,
2719 2697 2958 2764 factoque
2987 2696 3159 2766 primo
3185 2696 3360 2748 sonitu
3381 2693 3448 2748 de
3475 2692 3614 2749 ccelo

2043 2798 2290 2857 tauquam
2324 2789 2548 2841 ferretur
2591 2787 2743 2840 flatus
2774 2786 3090 2848 vehemens,
3134 2784 3270 2839 sicut
3302 2783 3355 2838 iu
3392 2783 3614 2839 Actibus

2041 2879 2413 2948 Apostolorum
2444 2878 2666 2947 legimus
2691 2919 2704 2943 ,
2749 2875 2882 2930 Visa:
2904 2918 2918 2937 ,
2943 2876 3107 2946 inquit
3127 2917 3142 2941 ,
3168 2875 3269 2929 illis
3288 2883 3404 2928 sunt
3428 2874 3614 2945 lingua!

2041 2972 2213 3025 divisa:
2233 2972 2365 3025 velut
2386 2971 2536 3041 ignis,
2561 2971 2644 3039 qui
2667 2980 2711 3022 et
2741 2970 2918 3023 insedit
2939 2985 3088 3039 super
3113 2983 3510 3037 unumquemque
3527 2982 3613 3024 eo-

2040 3083 2152 3118 rum
2176 3081 2194 3129 ;
2234 3075 2279 3118 et
2307 3074 2557 3134 coeperunt
2581 3064 2764 3132 linguis
2791 3062 2946 3133 loqui,
2978 3064 3106 3116 sicut
3129 3061 3350 3132 Spiritus
3369 3060 3520 3116 dabat
3539 3061 3614 3116 eis

2041 3156 2366 3226 pronuntiare
2395 3156 2530 3225 (Act.
2555 3171 2612 3220 ll,
2645 3155 2778 3226 1-4).
2805 3153 2914 3208 Hac
2943 3154 3168 3208 vidimus
3190 3153 3488 3208 columbam
3517 3167 3614 3208 su-

2039 3262 2136 3315 per
2192 3248 2469 3301 Dominum
2497 3289 2511 3313 ,
2561 3246 2660 3300 hac
2686 3247 2888 3316 linguas
2917 3245 3114 3300 divisas
3139 3260 3301 3315 super
3328 3244 3617 3314 discipulos

2040 3348 2426 3410 congregatos:
2458 3337 2528 3392 ibi
2557 3338 2867 3408 simplicitas
2887 3378 2902 3402 ,
2955 3336 3038 3391 hic
3073 3336 3250 3391 fervor
3294 3335 3612 3390 ostenditur.

2039 3429 2171 3483 Sunt
2197 3431 2337 3483 enim
2366 3429 2454 3497 qui
2483 3428 2732 3482 dicuntur
2759 3427 3046 3496 simplices,
3071 3434 3126 3481 et
3153 3427 3281 3496 pigri
3307 3437 3428 3480 sunt
3461 3445 3474 3480 :
3515 3440 3614 3479 vo-

2040 3529 2228 3573 cantur
2273 3518 2539 3588 simplices
2563 3559 2579 3584 ,
2609 3526 2734 3572 sunt
2756 3527 2928 3572 autem
2962 3532 3170 3588 segnes.
3216 3517 3327 3570 Non
3357 3516 3474 3570 talis
3499 3525 3616 3571 erat

2039 3608 2336 3679 Stephanus
2365 3610 2546 3678 plenus
2571 3609 2767 3678 Spiritu
2798 3619 2983 3664 sancto
3017 3625 3030 3660 :
3059 3607 3280 3676 simplex
3306 3615 3450 3672 erat,
3487 3608 3612 3678 quia

2041 3699 2238 3754 nemini
2270 3699 2528 3763 nocebat;
2564 3699 2770 3753 fervens
2793 3707 2934 3763 erat,
2972 3699 3092 3768 quia
3115 3697 3302 3766 impios
3336 3697 3612 3768 arguebat.

2040 3790 2155 3845 Non
2182 3790 2323 3846 enim
2348 3791 2508 3844 tacuit
2539 3789 2735 3843 ludatis
2771 3807 2784 3842 :
2813 3790 2927 3858 ejus
2949 3791 2965 3821 ¹
2997 3799 3120 3843 sunt
3149 3789 3306 3844 verba
3335 3790 3420 3842 illa
3458 3789 3614 3843 llam-

2042 3885 2237 3944 manlia
2262 3925 2277 3950 ,
2306 3883 2452 3937 Dura
2471 3883 2660 3938 cervice
2679 3925 2692 3944 .
2733 3893 2780 3938 et
2809 3901 2907 3936 non
2925 3883 3204 3937 circumcisi
3225 3883 3375 3936 corde
3397 3894 3445 3936 et
3467 3883 3613 3936 auri-

2042 3976 2151 4037 bus,
2177 3992 2262 4028 vos
2286 3990 2479 4044 semper
2515 3974 2765 4028 restitistis
2789 3975 3006 4042 Spiritui
3031 3985 3221 4027 stmcto.
3264 3974 3481 4044 Magnus
3508 3974 3613 4028 im-

2041 4074 2192 4135 petus
2220 4083 2232 4118 :
2267 4065 2358 4118 sed
2388 4065 2627 4118 columba
2651 4065 2765 4118 sine
2786 4065 2906 4118 felle
2931 4067 3101 4119 swvit.
3127 4063 3254 4118 Nam
3284 4073 3342 4118 ut
3362 4065 3615 4120 noveritis

2040 4159 2160 4228 quia
2183 4157 2297 4212 sine
2321 4157 2438 4212 felle
2458 4157 2727 4220 saiviebat,
2758 4158 2828 4210 illi
2845 4156 3037 4210 auditis
3059 4157 3139 4210 his
3161 4158 3334 4211 verbis
3359 4157 3446 4226 qui
3467 4157 3614 4212 corvi

2040 4258 2210 4314 erant,
2239 4250 2302 4304 ad
2336 4250 2534 4319 lapides
2561 4249 2736 4302 statim
2765 4249 3016 4302 adversus
3039 4249 3337 4304 columbam
3361 4264 3614 4304 cucurre-

2042 4353 2190 4407 runt;
2230 4343 2391 4412 Cthit
2427 4343 2726 4412 Stephanus
2769 4341 2984 4411 lapidari
3032 4358 3044 4394 :
3090 4351 3144 4396 et
3183 4341 3270 4412 qui
3301 4341 3458 4410 paulo
3487 4351 3614 4400 ante

2043 4435 2272 4490 fremens
2306 4444 2359 4488 et
2389 4433 2597 4489 fervens
2632 4435 2851 4503 spiritu,
2883 4444 3127 4504 tanquam
3159 4434 3208 4488 in
3247 4433 3485 4491 inimicos
3510 4436 3615 4491 im-

2043 4535 2220 4597 petum
2245 4526 2470 4592 fecerat,
2504 4535 2558 4580 et
2597 4535 2840 4594 tanquam
2871 4525 3132 4579 violentus
3161 4526 3397 4580 invectus
3422 4535 3537 4582 erat
3563 4526 3616 4583 in

2043 4619 2218 4672 verbis
2243 4618 2408 4688 igneis
2431 4628 2586 4687 atque
2604 4617 2668 4670 ita
2694 4616 3102 4682 flammantibus,
3136 4627 3194 4672 ut
3212 4619 3450 4685 audistis,
3477 4619 3619 4674 Dura

2043 4711 2230 4762 cervice
2253 4751 2266 4773 ,
2293 4719 2339 4762 et
2368 4726 2466 4762 non
2505 4709 2784 4762 circumcisi
2812 4709 2960 4762 corde
2990 4717 3034 4763 et
3067 4710 3270 4762 auribus
3298 4725 3316 4763 :
3350 4720 3406 4764 ut
3437 4711 3524 4780 qui
3553 4726 3617 4766 ea

2043 4800 2202 4854 verba
2231 4800 2452 4863 audiret,
2485 4808 2690 4867 putaret
2714 4799 3121 4869 Stephanum-si
3143 4801 3188 4854 ei
3207 4801 3407 4864 liceret,
3437 4801 3618 4858 statim

2044 4891 2166 4946 illos
2190 4891 2324 4946 velle
2351 4890 2590 4945 consumi
2622 4907 2634 4942 :
2664 4890 2997 4944 venientibus
3041 4891 3092 4946 iu
3137 4906 3195 4946 se
3244 4892 3506 4962 lapidibus
3546 4908 3618 4950 ex

2044 4983 2285 5038 manibus
2316 4998 2498 5038 eorum
2524 5025 2539 5049 ,
2566 4998 2702 5052 genu
2735 4982 2838 5036 fixo
2865 4983 2940 5036 ait
2959 4984 3001 5047 ’,
3039 4982 3251 5036 Domine
3272 5025 3288 5051 ,
3330 5002 3393 5040 ne
3424 4995 3618 5042 statuas

2044 5076 2148 5129 illis
2170 5075 2262 5128 hoc
2285 5074 2521 5128 delictum
2550 5073 2684 5146 (Act.
2709 5089 2778 5128 νιι
2806 5115 2820 5136 ,
2849 5075 2908 5129 51
2934 5117 2948 5137 ,
2976 5074 3090 5145 59).
3124 5075 3411 5132 Iohaeserat
3434 5079 3618 5134 unitati

2046 5166 2324 5219 columlne.
2374 5163 2522 5218 Prior
2549 5165 2692 5218 enim
2734 5163 2859 5218 illud
2896 5163 3094 5220 fecerat
3138 5167 3417 5238 magister,
3461 5183 3622 5237 super

2047 5274 2204 5326 quem
2244 5257 2516 5312 descendit
2545 5257 2820 5322 columba;
2863 5259 2950 5327 qui
2997 5259 3233 5328 pendens
3253 5261 3304 5315 in
3331 5261 3614 5326 crueeait.

2049 5349 2207 5403 Pater
2226 5391 2238 5412 ,
2283 5351 2482 5421 ignosce
2510 5350 2640 5413 illis,
2694 5352 2814 5417 quia
2849 5352 3070 5405 nesciunt
3100 5353 3221 5422 quid
3248 5353 3438 5423 faciunt
3465 5350 3616 5422 (Luc.

2048 5457 2198 5504 mu,
2229 5441 2338 5510 3-5).
2371 5440 2596 5510 Ergone
2621 5439 2815 5510 Spiritu
2840 5443 3146 5496 sanetillrati
3168 5442 3344 5495 dolum
3370 5441 3620 5510 habeant,

2051 5535 2103 5588 in
2137 5534 2380 5588 columba
2403 5533 2820 5588 demonstratum
2855 5543 2939 5588 est
2965 5552 2977 5586 :
3009 5549 3073 5588 ne
3098 5533 3406 5602 simplicitas
3435 5533 3621 5605 frigida

2053 5636 2360 5693 remaneat,
2417 5627 2466 5680 in
2510 5627 2630 5696 igne
2654 5627 3069 5682 demonstratum
3113 5634 3213 5680 est.
3243 5625 3351 5684 Nec
3377 5637 3620 5696 moveat,

2115 5763 2130 5792 ¹
2157 5761 2229 5810 sic
2250 5759 2513 5822 legendum
2532 5773 2594 5809 ex
2618 5767 2724 5810 Mss.
2753 5758 2958 5820 [cujus]

2116 5824 2136 5854 ⁸
2160 5817 2384 5886 Αρυάῖτ.
2402 5821 2545 5884 Lugd.
2569 5831 2683 5870 Ven.
2703 5817 2978 5887 Lo'v.,'genit
2997 5817 3127 5885 ﬂexo
3143 5821 3227 5875 ait.
3292 5831 3347 5878 lt.
