4036 6384
446 519 568 604 Quia
603 505 801 598 lingua:
837 517 1023 576 divisa
1050 527 1193 576 sunt.
1225 517 1435 574 Distant
1458 518 1600 572 enim
1628 517 1818 587 linguai
1841 555 1858 582 ,
1907 514 2027 604 ideo

443 603 630 671 divisis
671 611 865 685 linguis
891 612 1152 686 apparuit.
1199 608 1430 683 Linguc.
1477 609 1673 680 inquit,
1697 607 1874 662 divisa
1897 603 2030 661 velut

441 705 596 783 ignis,
621 703 712 775 qui
727 711 776 760 et
793 700 977 759 insedit
995 717 1148 774 super
1173 716 1572 771 unumquemque
1597 715 1791 754 eorum.
1825 697 2031 750 Distant

442 796 587 854 inter
621 810 683 852 se
721 794 944 868 lingua,
986 793 1080 850 sed
1119 791 1414 864 linguarum
1444 792 1694 847 distantia
1722 793 1742 823 ³
1771 805 1878 844 non
1902 795 2028 844 sunt

440 880 750 952 schismata.
778 873 834 944 ιη
861 887 1051 960 linguis
1076 887 1259 943 divisis
1277 887 1381 942 noli
1401 885 1799 957 dissipationem
1817 883 2027 948 timere,

443 983 704 1052 unitatem
731 993 995 1052 cognosce
1025 982 1078 1034 in
1099 978 1364 1036 columba.

513 1059 568 1136 4.
607 1071 697 1129 Sic
741 1085 891 1143 ergo,
939 1071 1017 1128 sic
1055 1071 1332 1146 oportebat
1376 1055 1730 1125 demonstrari
1773 1065 2028 1137 Spiritum

443 1172 686 1224 sanctum
731 1163 1030 1218 venieMem
1085 1177 1246 1236 super
1298 1162 1613 1229 Dominum,
1663 1169 1720 1216 ut
1770 1159 2030 1229 intelligat

445 1255 842 1326 unusquisque,
883 1254 927 1308 si
957 1253 1115 1310 habet
1143 1252 1396 1326 Spiritum
1425 1263 1667 1309 sanctum
1685 1295 1700 1317 ,
1730 1251 2025 1321 simplicem

444 1359 504 1405 se
528 1360 649 1401 esse
677 1344 872 1402 debere
893 1345 1029 1400 sicut
1055 1345 1383 1412 columbam;
1412 1343 1609 1399 habere
1629 1359 1750 1399 cum
1778 1341 2030 1397 fratribus

444 1451 624 1512 verum
659 1450 878 1506 pacem,
907 1451 1066 1506 quam
1099 1436 1396 1507 significant
1422 1436 1601 1492 oscula
1637 1435 2026 1490 columbarum.

443 1527 653 1588 [labent
675 1527 816 1584 enim
846 1529 1026 1584 oscula
1047 1538 1102 1584 et
1125 1529 1304 1594 corvi,
1333 1529 1428 1584 sed
1454 1530 1506 1584 in
1529 1529 1704 1584 corvis
1728 1527 1858 1581 falsa
1889 1542 1989 1596 pax
2011 1567 2027 1594 ,

444 1618 499 1680 in
537 1618 782 1678 columba
812 1634 937 1678 vera
963 1635 1083 1692 pax.
1112 1619 1228 1676 Non
1256 1621 1430 1675 omnis
1461 1635 1589 1691 ergo
1615 1621 1704 1691 qui
1725 1620 1888 1683 dicit,
1920 1619 2028 1674 Pax

441 1707 714 1772 vobiscum
737 1751 756 1780 ,
801 1711 952 1784 quasi
991 1712 1234 1770 columba
1260 1713 1555 1769 audiendus
1581 1723 1683 1768 est.
1718 1713 1868 1770 Unde
1899 1729 2028 1783 ergo

443 1803 820 1860 discernuntur
845 1804 1027 1859 oscula
1069 1818 1350 1861 corvorum
1397 1807 1465 1860 ab
1511 1807 1707 1863 osculis
1752 1807 2027 1861 columba-

444 1898 604 1956 rum?
629 1897 950 1956 Osculantur
985 1897 1164 1965 corvi,
1193 1899 1286 1955 sed
1324 1899 1560 1965 laniant;
1587 1917 1614 1953 a
1639 1901 1838 1955 laniatu
1871 1901 2028 1955 inno-

444 2002 574 2046 cens
593 1998 676 2046 est
701 1999 885 2044 natura
912 1989 1276 2046 columbarum
1304 2008 1316 2042 :
1351 1991 1434 2046 ubi
1458 2008 1584 2063 ergo
1614 1992 1844 2047 laniatus
1866 2035 1880 2058 ,
1921 2009 2027 2046 non

445 2089 529 2160 est
557 2094 682 2135 vera
711 2079 763 2134 in
792 2079 990 2134 osculis
1016 2095 1149 2151 pax;
1174 2080 1248 2136 illi
1272 2081 1465 2136 habent
1494 2097 1672 2136 veram
1700 2097 1906 2152 pacem,
1939 2083 2029 2154 qui

444 2172 742 2232 Ecclesium
774 2187 879 2228 non
921 2173 1273 2229 laniaverunt.
1308 2175 1436 2230 Nam
1461 2177 1604 2230 corvi
1640 2177 1706 2230 de
1738 2186 1907 2232 morte
1933 2192 2028 2247 pa-

441 2263 703 2336 scuntur,
749 2265 848 2322 hoc
868 2266 1112 2323 columba
1140 2283 1244 2322 non
1276 2267 1468 2334 habet;
1498 2269 1565 2325 de
1599 2267 1838 2340 frugibus
1871 2279 2028 2325 terrae

444 2359 610 2426 vivit,
644 2359 900 2415 innocens
927 2359 1042 2429 ejus
1071 2361 1239 2416 victus
1273 2371 1353 2416 est
1386 2379 1397 2413 :
1429 2363 1567 2433 quod
1598 2379 1724 2419 vere
1746 2405 1760 2428 ,
1791 2363 1985 2419 fratres
2010 2405 2025 2431 ,

445 2448 747 2506 mirandum
781 2457 865 2524 est
889 2449 939 2504 in
964 2449 1230 2506 columba.
1270 2450 1404 2507 Sunt
1430 2467 1672 2522 passeres
1698 2454 2026 2520 brevissimi,

443 2544 527 2600 vel
566 2557 775 2600 muscas
812 2543 1062 2601 occidunt
1104 2560 1118 2598 :
1169 2543 1299 2599 nihil
1354 2545 1541 2600 horum
1585 2545 1865 2612 columba;
1920 2563 2026 2602 non

443 2635 583 2712 enim
612 2634 681 2692 de
720 2639 892 2690 morte
927 2636 1178 2707 pascitur.
1207 2637 1306 2705 Qui
1334 2637 1666 2693 laniavernnt
1698 2639 2024 2707 Eeclesiam,

441 2724 508 2784 de
535 2727 794 2781 mortibus
820 2735 1126 2796 pascuntur.
1160 2728 1353 2784 Potens
1379 2738 1466 2785 est
1492 2730 1631 2785 Deus
1649 2772 1661 2794 ,
1688 2746 1936 2802 rogemus
1966 2742 2027 2786 ut

439 2819 758 2894 reviviscaut
806 2820 896 2890 qui
937 2819 1259 2875 devorantur
1297 2821 1365 2875 ab
1405 2822 1485 2877 eis
1522 2832 1575 2876 et
1618 2838 1724 2878 non
1769 2825 2024 2878 sentiunt.

438 2911 586 2973 Multi
611 2921 942 2982 agnoscunt,
992 2914 1112 2984 quia
1156 2914 1509 2981 reviviscunt;
1557 2931 1679 2970 nam
1731 2917 1796 2970 ad
1841 2933 2026 2973 eorum

439 3003 725 3060 adventum
750 3003 988 3075 quotidie
1011 3006 1340 3075 gratulatnur
1367 3009 1416 3062 in
1443 3010 1654 3063 nomine
1677 3011 1888 3065 Christi.
1919 3011 2028 3067 Vos

440 3102 644 3168 tantum
683 3095 761 3150 sic
807 3103 980 3150 estote
1023 3095 1324 3166 simplices,
1372 3107 1427 3152 ut
1452 3099 1566 3153 sitis
1594 3099 1859 3155 ferventes
1886 3103 1939 3167 ’ς
1973 3112 2026 3157 et

442 3184 620 3244 fervor
651 3194 826 3240 vester
856 3186 908 3242 in
939 3185 1133 3257 linguis
1153 3188 1242 3245 sit.
1269 3188 1444 3248 Nolite
1476 3199 1683 3259 tacere;
1716 3193 2026 3252 ardentibus

442 3278 634 3351 linguis
662 3279 960 3349 loquentes,
989 3281 1263 3337 accendite
1293 3283 1531 3353 frigidos.

511 3371 566 3426 5.
607 3369 746 3438 Quid
781 3371 958 3435 enim,
1002 3370 1193 3428 fratres
1227 3375 1367 3429 mei?
1407 3376 1527 3446 quis
1555 3391 1658 3432 non
1680 3378 1857 3435 videat
1886 3382 2025 3451 quod

442 3461 519 3520 illi
539 3477 644 3519 non
675 3463 887 3520 vident?
911 3464 1020 3520 Nec
1050 3466 1276 3530 mirum;
1305 3468 1424 3537 quia
1451 3470 1539 3539 qui
1568 3471 1689 3526 inde
1709 3473 1906 3528 reverti
1931 3489 2027 3529 no-

442 3554 590 3621 iunt,
638 3555 778 3611 sicut
817 3571 1009 3611 corvus
1035 3557 1124 3627 qui
1167 3558 1234 3614 de
1268 3574 1391 3614 arca
1445 3561 1672 3616 emissus
1710 3571 1792 3618 est
1823 3563 1864 3617 ³.
1899 3566 2027 3632 Quis

442 3649 586 3710 enim
611 3665 719 3705 non
746 3650 922 3706 videat
940 3652 1080 3721 quod
1109 3653 1180 3706 illi
1209 3668 1313 3708 non
1340 3654 1562 3710 vident?
1589 3656 1654 3711 Et
1675 3657 1773 3726 ipsi
1803 3659 2025 3728 Spiritui

442 3750 629 3796 sancto
655 3741 847 3813 ingrati
896 3752 1039 3798 sunt.
1094 3744 1234 3799 Ecce
1273 3745 1515 3801 columba
1558 3747 1833 3806 descendit
1867 3767 2028 3823 super

446 3834 729 3891 Dominum
753 3876 767 3898 ,
803 3847 857 3892 et
884 3851 1047 3907 super
1092 3838 1370 3892 Dominum
1398 3839 1749 3908 baptizatum;
1781 3852 1834 3899 et
1862 3859 2027 3915 appa-

442 3926 550 3982 ruit
575 3925 647 3981 ibi
681 3937 861 3982 sancta
897 3927 982 3983 illa
1027 3938 1082 3984 et
1119 3943 1239 3983 vera
1271 3929 1536 3996 Trinitas,
1563 3947 1683 4001 qua:
1709 3933 1862 3989 nobis
1892 3953 2026 3991 unus

447 4018 589 4075 Deus
615 4027 714 4074 est.
763 4020 1018 4075 Ascendit
1041 4021 1181 4075 enim
1222 4021 1477 4078 Dominus
1502 4023 1570 4079 ab
1595 4039 1728 4095 aqua
1749 4067 1764 4091 ,
1807 4026 1944 4082 sicut
1972 4028 2025 4083 in

444 4109 730 4181 Evangelia
763 4111 987 4182 legimus
1017 4129 1031 4166 :
1065 4111 1129 4165 Et
1148 4129 1260 4167 ecce
1281 4116 1444 4184 aperti
1460 4125 1578 4169 sunt
1607 4117 1652 4171 ei
1681 4119 1812 4182 caeli,
1842 4128 1888 4172 et
1904 4122 2027 4174 vidit

443 4201 697 4275 Spiritum
721 4203 1098 4260 descendentem
1118 4207 1248 4260 velut
1274 4209 1575 4273 columbam,
1605 4219 1650 4263 et
1667 4212 1849 4265 mansit
1869 4229 2024 4280 super

441 4313 556 4358 eum
581 4311 601 4348 :
627 4305 675 4350 et
691 4299 860 4351 statim
886 4313 982 4352 vos:
1003 4308 1267 4352 consecuta
1287 4309 1378 4362 est,
1413 4299 1486 4352 Tu
1509 4317 1564 4354 es
1593 4299 1760 4356 Filius
1783 4319 1921 4357 meus
1942 4305 2023 4357 di-

443 4388 630 4451 tectus.
656 4388 707 4442 in
735 4404 833 4456 quo
858 4389 979 4441 mihi
1000 4389 1281 4458 complacui
1299 4390 1508 4458 (Matth.
1528 4407 1604 4455 III,
1645 4393 1707 4446 l6
1727 4403 1773 4447 et
1795 4396 1899 4463 l7).
1923 4397 2032 4464 Ap-

445 4487 594 4550 paret
615 4477 1044 4534 manifestissima
1073 4479 1322 4543 Trinitas,
1356 4481 1511 4537 Pater
1537 4483 1589 4536 in
1611 4499 1758 4548 voce,
1785 4485 1949 4542 Filius
1977 4489 2028 4544 in

443 4569 661 4626 homine
686 4611 698 4633 ,
754 4568 983 4637 Spiritus
1019 4571 1071 4623 iu
1113 4570 1377 4626 columba.
1421 4572 1475 4626 In
1504 4574 1602 4628 ista
1636 4575 1896 4634 Trinitate
1924 4595 2030 4650 quo

446 4661 593 4716 missi
617 4668 742 4716 sunt
761 4660 1002 4729 Apostoli
1021 4703 1038 4728 ,
1063 4661 1334 4716 videamus
1355 4664 1494 4732 quod
1524 4665 1783 4735 videmus,
1813 4671 2027 4740 etquod

445 4753 638 4810 mirum
665 4761 748 4810 est
773 4753 894 4824 quia
917 4754 988 4808 illi
1017 4768 1119 4810 nan
1147 4754 1365 4810 vident:
1390 4773 1494 4813 non
1519 4761 1667 4814 enim
1685 4777 1808 4817 vere
1830 4779 1932 4819 non
1957 4767 2029 4820 vi-

443 4846 576 4903 dent
595 4887 611 4912 ,
631 4846 727 4903 sed
747 4847 814 4902 ad
845 4847 895 4902 id
920 4848 1060 4917 quod
1092 4849 1255 4904 facies
1271 4865 1455 4906 eorum
1487 4851 1647 4917 ferit,
1676 4856 1861 4912 oculos
1882 4858 2027 4914 clau-

443 4938 596 4996 dunt.
639 4938 756 5006 Quo
793 4939 940 4993 missi
972 4949 1096 4994 sunt
1129 4939 1412 5010 discipuli,
1444 4945 1496 4998 in
1524 4945 1740 5000 nomine
1772 4947 1944 5006 Patris
1973 4961 2028 5006 et

447 5032 559 5088 Filii
592 5040 647 5088 et
664 5031 895 5101 Spiritus
921 5034 1111 5098 sancti,
1133 5033 1200 5088 ab
1229 5033 1321 5090 illo
1344 5033 1412 5092 de
1439 5051 1543 5107 quo
1563 5036 1760 5093 dictum
1788 5053 1894 5108 est,
1932 5041 2029 5098 Hic

442 5134 514 5177 .st
547 5126 632 5193 qui
666 5123 907 5191 bernium.
957 5124 1160 5179 Dictum
1188 5133 1270 5181 est
1292 5127 1435 5181 enim
1463 5128 1721 5186 ministris
1752 5132 1819 5186 ab
1847 5148 1912 5187 eo
1937 5134 2028 5203 qui

443 5214 544 5267 sibi
578 5214 750 5270 tenuit
769 5213 906 5269 hanc
936 5223 1269 5284 patestatem.

516 5308 567 5362 6.
612 5307 722 5362 lloc
746 5307 889 5360 enim
906 5308 956 5361 in
987 5306 1078 5362 illo
1094 5307 1223 5363 vidit
1250 5308 1504 5373 Joannes,
1529 5320 1585 5367 et
1611 5313 1856 5382 cognovit
1883 5314 2026 5385 quod

446 5417 550 5456 non
580 5411 801 5456 noverat
829 5417 845 5455 :
877 5414 980 5456 non
1007 5402 1129 5471 quia
1161 5417 1281 5456 eum
1311 5420 1412 5458 non
1436 5415 1658 5460 noverat
1690 5406 1877 5460 Filium
1904 5408 2020 5472 Dei,

446 5504 538 5549 aut
577 5510 698 5548 cum
753 5511 857 5550 non
899 5505 1119 5548 noverat
1150 5495 1465 5564 Dominum,
1515 5508 1606 5552 aut
1649 5515 1755 5553 non
1802 5509 2025 5556 noverat

509 5611 527 5644 ι
549 5609 683 5670 ι-Δῐιι,
702 5607 961 5660 distantia.
988 5615 1041 5658 Al.
1065 5616 1192 5668 Mss,
1215 5607 1457 5660 distantia.

506 5674 528 5706 ⁸
552 5672 669 5722 ι·Ἀὶιὶ
693 5685 706 5720 :
740 5678 797 5722 ut
811 5671 916 5725 sitis
931 5672 1187 5735 prudentes
1207 5677 1255 5722 et
1270 5673 1520 5735 ferventes.
1545 5673 1692 5723 Abest
1709 5685 1740 5723 a
1763 5681 1892 5735 κει,
1915 5687 2030 5739 pru-

509 5740 706 5847 513.63:
725 5801 854 5846 non:
875 5804 967 5846 Nec
1368 5793 1485 5847 inde
1504 5793 1878 5858 revertimini,
1906 5797 2029 5852 sicut

509 5873 615 5906 mus
629 5855 713 5906 aui
735 5857 796 5906 de
819 5869 936 5906 arca
958 5869 1156 5906 emissus
1251 5889 1264 5902 .
1329 5863 1386 5905 tt.

446 5873 615 5924 toruus
629 5855 713 5917 qui
735 5857 796 5907 de
819 5869 936 5906 arca
958 5855 1156 5906 emissus
1176 5855 1264 5906 est.
1329 5863 1386 5905 tt.

1359 401 1427 458 IN
1459 389 1734 458 JOANNts
1769 387 2235 464 EVANGELIUM,
2277 391 2335 454 ε.
2377 397 2744 457 AUGUSTINI

3594 403 3614 456 l
3626 403 3719 461 428

2137 509 2427 577 Christum,
2461 524 2550 568 aut
2585 529 2714 570 vero
2739 521 2793 569 et
2819 511 2922 569 hoc
2950 529 3055 570 non
3087 524 3305 571 noverat
3343 517 3463 586 quia
3497 515 3608 586 ipse
3631 517 3718 571 ba-

2136 605 2428 676 ptizaturus
2457 615 2598 662 esset
2627 607 2678 661 in
2709 623 2841 679 aqua
2864 598 3128 677 etSpiritu
3153 619 3370 672 sancto;
3401 625 3522 664 nam
3541 618 3595 664 et
3614 610 3709 666 hoc

2139 707 2358 753 noverat
2387 716 2402 753 :
2435 699 2526 754 sed
2562 701 2680 767 quia
2715 700 2782 754 ita
2815 709 2871 754 ιιι
2901 703 2998 755 sibi
3029 710 3232 758 teneret
3277 703 3442 774 ipsam
3488 714 3718 774 potesta-

2141 777 2245 847 tem
2273 833 2287 856 ,
2315 799 2367 845 et
2393 792 2441 844 in
2468 793 2668 847 nullum
2701 794 3058 849 minislrc'um
3089 810 3205 850 eam
3233 793 3592 864 transferret,
3627 799 3724 856 hoc

2139 893 2223 938 est
2249 887 2388 954 quod
2419 884 2605 941 didicit
2629 887 2680 940 in
2705 886 2976 942 columba.
3019 885 3120 942 Per
3149 886 3286 944 hanc
3310 890 3452 944 enim
3481 900 3718 961 potesta-

2137 982 2268 1039 tem,
2299 991 2457 1046 quam
2490 976 2732 1031 Christus
2762 978 2906 1032 solus
2935 977 3033 1032 sibi
3065 979 3251 1042 tenuit,
3283 990 3333 1036 et
3359 979 3413 1034 in
3443 983 3718 1038 neminem

2137 1065 2502 1121 ministrorum
2533 1066 2848 1131 transfodit,
2896 1071 3134 1138 quamvis
3166 1085 3260 1141 per
3284 1070 3565 1127 ministros
3594 1087 3719 1129 suos

2137 1157 2409 1229 baptizare
2430 1159 2676 1230 dignatus
2701 1161 2803 1226 sit,
2835 1177 2926 1231 per
2955 1161 3090 1217 hanc
3111 1173 3216 1217 stat
3244 1164 3416 1219 unitas
3439 1153 3721 1232 Ecclesiae,

2136 1267 2254 1322 quae
2283 1251 2606 1322 significatur
2630 1252 2680 1306 in
2703 1253 2966 1312 columba.
3000 1253 3066 1308 de
3094 1269 3192 1324 qua
3221 1253 3418 1310 dictum
3440 1259 3525 1311 est
3558 1273 3572 1310 :
3610 1254 3727 1312 Una

2136 1352 2207 1397 est
2226 1343 2455 1396 columba
2477 1360 2619 1409 mea,
2667 1360 2767 1397 una
2797 1354 2868 1398 est
2903 1345 3053 1398 matri
3087 1361 3193 1400 sua!
3219 1345 3388 1415 (Cant.
3422 1332 3476 1401 vi
3496 1389 3509 1410 ,
3542 1346 3623 1420 8).
3669 1348 3723 1404 Si

2136 1433 2297 1497 enim,
2331 1434 2509 1500 utjam
2529 1434 2638 1488 dixi
2658 1477 2670 1496 ,
2702 1433 2893 1489 fratres
2924 1435 3024 1489 mci
3048 1479 3060 1497 ,
3088 1435 3464 1492 transferretur
3487 1439 3724 1508 potestas

2135 1539 2164 1577 a
2193 1525 2417 1579 Domino
2443 1525 2508 1580 ad
2536 1526 2836 1580 ministrum
2855 1569 2868 1588 ,
2899 1536 2975 1580 tot
3000 1515 3310 1596 baptismata
3341 1539 3556 1594 essent,
3596 1539 3724 1600 quot

2135 1615 2364 1670 ministri
2395 1627 2594 1681 essent,
2621 1628 2674 1673 et
2697 1609 2805 1686 jam
2839 1633 2941 1672 non
2970 1627 3135 1673 staret
3165 1621 3337 1674 unitas
3369 1621 3650 1689 Baptismi.

2208 1708 2258 1762 7.
2301 1710 2590 1772 lntendite,
2639 1711 2866 1766 fratres:
2905 1723 3189 1783 antequam
3229 1716 3434 1770 veniret
3465 1717 3720 1772 Dominus

2137 1813 2318 1858 noster
2340 1802 2495 1858 Jesus
2519 1803 2760 1858 Christus
2779 1804 2844 1859 ad
2873 1805 3190 1877 baptismum
3223 1805 3366 1876 (nam
3397 1819 3516 1878 post
3547 1810 3719 1878 bapti-

2135 1908 2308 1948 smum
2350 1894 2624 1949 descendit
2661 1895 2904 1950 columba
2952 1897 3002 1951 in
3053 1913 3157 1967 qua
3204 1901 3449 1966 cognovit
3484 1899 3719 1956 Joannes

2135 1985 2382 2058 quiddam
2415 1990 2706 2058 proprium,
2739 2005 2860 2044 cum
2890 1992 2937 2044 ei
2968 1989 3166 2046 dictum
3190 2002 3353 2057 esset,
3376 1993 3547 2062 Super
3572 2009 3714 2064 quem

2136 2083 2315 2138 videris
2342 2083 2592 2153 Spiritum
2623 2085 2998 2139 descendentem
3025 2089 3154 2140 sicut
3178 2087 3459 2140 columbam
3481 2129 3493 2148 ,
3537 2096 3586 2141 et
3615 2104 3718 2140 ma-

2137 2184 2332 2228 nentem
2357 2191 2508 2246 super
2531 2191 2644 2228 eum
2661 2218 2676 2242 ,
2707 2176 2814 2229 inse
2833 2186 2904 2230 est
2923 2177 3012 2248 qui
3040 2176 3262 2246 baptizat
3291 2178 3342 2230 in
3375 2177 3578 2244 Spiritu
3603 2195 3717 2232 san-

2134 2269 2256 2337 cto),
2280 2279 2500 2324 noverat
2523 2270 2644 2339 quia
2670 2269 2780 2338 ipse
2806 2269 3034 2338 baptizat
3063 2270 3113 2322 iu
3143 2269 3338 2338 Spiritu
3367 2281 3555 2324 sancto
3583 2287 3596 2335 ;
3621 2271 3708 2326 sed

2133 2361 2254 2432 quia
2281 2361 2368 2416 tali
2399 2364 2721 2433 praprietate
2745 2403 2760 2427 ,
2800 2371 2855 2416 ut
2877 2370 3112 2431 potestas
3138 2361 3206 2415 ab
3233 2376 3301 2416 eo
3330 2377 3434 2415 non
3467 2361 3715 2416 transiret

2135 2455 2187 2508 in
2217 2454 2438 2507 alterum
2463 2491 2482 2518 ,
2525 2451 2765 2522 quamvis
2804 2467 2868 2506 eo
2890 2452 3154 2516 donante,
3196 2453 3296 2506 hoc
3325 2452 3396 2506 ibi
3423 2451 3630 2508 didicit.
3659 2452 3717 2506 Et

2134 2544 2273 2599 unde
2299 2543 2586 2614 probamus
2632 2543 2754 2613 quia
2791 2543 2900 2613 jam
2949 2553 3003 2598 et
3037 2543 3136 2598 hoc
3178 2551 3396 2598 noverat
3440 2541 3711 2608 Joannes,

2133 2636 2252 2706 quia
2281 2635 2641 2705 baptizaturus
2667 2645 2781 2689 erat
2804 2635 3060 2689 Dominus
3100 2635 3151 2689 in
3179 2635 3376 2704 Spiritu
3407 2643 3632 2701 sancto;
3661 2643 3712 2688 ιιι

2134 2725 2236 2780 hoc
2263 2726 2584 2794 intelligatur
2621 2725 2867 2778 didicisse
2896 2725 2947 2778 in
2972 2725 3216 2779 columba
3246 2765 3260 2790 ,
3307 2724 3446 2796 quod
3489 2725 3558 2778 ita
3605 2732 3717 2779 erat

2136 2817 2496 2886 baptizaturus
2525 2815 2777 2870 Dominus
2809 2816 2858 2868 in
2881 2815 3079 2885 Spiritu
3107 2825 3292 2869 sancto
3323 2857 3336 2878 ,
3383 2824 3440 2870 ιιι
3468 2816 3519 2870 in
3547 2815 3714 2871 nemi-

2134 2923 2253 2963 nem
2296 2908 2456 2962 alitun
2508 2907 2774 2961 hominem
2825 2918 3060 2978 potestas
3104 2909 3192 2963 illa
3239 2909 3528 2963 transiret?
3576 2908 3716 2965 unde

2134 3000 2464 3070 probamus?
2506 2999 2764 3053 Columba
2801 2999 2911 3068 jam
2940 2999 3202 3068 baptizata
3239 3001 3463 3054 Domino
3489 3001 3714 3056 descen-

2134 3093 2211 3148 dit
2240 3112 2251 3147 :
2291 3104 2413 3148 ante
2440 3103 2616 3148 autem
2642 3109 2801 3163 quam
2831 3093 3035 3149 veniret
3061 3095 3314 3149 Dominus
3342 3105 3397 3148 ut
3419 3095 3716 3163 baptizare-

2134 3196 2219 3240 tur
2242 3203 2269 3239 a
2297 3187 2500 3241 Joanne
2529 3186 2579 3240 in
2605 3187 2835 3242 Jordanc
2854 3228 2869 3251 ,
2901 3187 3128 3241 diximus
3153 3187 3273 3257 quia
3303 3195 3524 3241 noverat
3561 3202 3712 3250 cum,

2135 3281 2236 3334 illis
2264 3279 2480 3334 vocibus
2507 3279 2591 3332 ubi
2613 3279 2687 3332 ait
2718 3299 2730 3332 :
2762 3277 2839 3332 Tu
2865 3278 2932 3331 ad
2952 3295 3029 3332 me
3057 3279 3191 3332 venis
3211 3318 3225 3342 ,
3255 3279 3545 3348 baptizari?
3572 3295 3661 3348 ego
3683 3293 3714 3330 a

2133 3381 2180 3426 te
2200 3371 2351 3424 debeo
2373 3370 2633 3438 baptizari.
2657 3368 2758 3423 Sed
2776 3383 2900 3423 ecce
2925 3369 3200 3423 Dominum
3223 3379 3465 3434 noverat,
3495 3377 3716 3424 noverat

2134 3465 2322 3520 Filium
2355 3463 2442 3516 Dei
2484 3481 2495 3516 :
2541 3461 2679 3516 unde
2709 3461 2992 3531 probamus
3020 3461 3161 3533 quod
3183 3462 3291 3532 jam
3334 3475 3550 3516 noverat
3594 3462 3716 3532 quia

2134 3555 2558 3626 ipsebaptizaret
2587 3555 2636 3606 in
2667 3553 2863 3620 Spiritu
2902 3553 3127 3608 saneto?
3173 3555 3466 3623 Antequam
3512 3554 3717 3609 veniret

2133 3646 2196 3700 ad
2226 3645 2470 3709 fluvium,
2503 3660 2624 3697 eum
2653 3644 2803 3698 multi
2831 3645 2895 3696 ad
2923 3644 3182 3700 Joannem
3211 3656 3594 3700 concurrerent
3621 3645 3714 3700 ba-

2134 3735 2342 3807 ptizari,
2373 3736 2446 3789 ait
2476 3735 2599 3799 illis,
2637 3734 2744 3804 Ego
2780 3734 2979 3802 quidem
3011 3737 3204 3804 baptizo
3231 3752 3315 3790 vos
3337 3738 3386 3790 in
3411 3753 3545 3803 aqua
3579 3753 3596 3790 :
3625 3737 3710 3807 qui

2132 3839 2295 3882 autem
2326 3835 2435 3896 post
2462 3843 2539 3879 me
2558 3826 2685 3878 venit
2704 3866 2720 3890 ,
2753 3827 2916 3895 major
2941 3843 3018 3878 me
3041 3835 3142 3888 est,
3194 3827 3339 3896 cujus
3377 3843 3474 3879 non
3505 3843 3614 3879 sum
3640 3826 3717 3879 di-

2131 3940 2259 3995 gnus
2285 3920 2549 3990 corrigiam
2571 3918 2890 3972 calceamenti
2909 3920 3132 3982 solvere;
3157 3918 3262 3988 ipse
3281 3934 3364 3972 vos
3380 3918 3649 3988 baptizabit
3665 3919 3716 3972 in

2135 4015 2332 4086 Spiritu
2354 4025 2524 4068 sancto
2551 4023 2596 4067 et
2629 4013 2733 4084 igni
2761 4012 2970 4078 (.lfattlt.
3019 4029 3075 4077 ll,
3112 4013 3193 4074 li,
3226 4013 3314 4082 il)
3351 4031 3362 4064 :
3390 4013 3497 4082 jam
3529 4021 3583 4066 et
3616 4012 3716 4066 hoc

2134 4116 2369 4161 noverat.
2400 4103 2531 4171 Quid
2556 4120 2683 4174 ergo
2716 4119 2808 4172 per
2828 4104 3124 4158 Columbam
3149 4104 3331 4157 didicit
3353 4145 3365 4166 .
3395 4119 3459 4158 ne
3487 4102 3715 4158 mendax

2134 4207 2316 4267 postea
2335 4196 2630 4249 inveniatur
2651 4193 2812 4264 (quod
2834 4205 3035 4248 avertat
3055 4210 3084 4247 ιι
3117 4193 3268 4248 nobis
3297 4195 3434 4248 Dens
3454 4191 3710 4266 Opinari);

2133 4289 2234 4344 nisi
2262 4287 2542 4357 quamdam
2570 4289 2944 4356 proprietatem
2969 4287 3019 4339 in
3048 4287 3259 4341 Christo
3282 4287 3436 4340 talem
3463 4287 3709 4351 futuram,

2135 4387 2191 4433 ιιι
2211 4379 2450 4450 quamvis
2469 4378 2613 4431 multi
2639 4378 2863 4432 ministri
2883 4378 3192 4447 baptizaturi
3215 4388 3411 4441 essent,
3440 4379 3552 4433 sive
3562 4381 3710 4446 justi,

2135 4473 2247 4526 sive
2270 4471 2448 4540 iujusli
2471 4513 2483 4534 ,
2524 4486 2625 4525 non
2657 4471 2979 4526 tribueretur
3004 4474 3257 4525 sanctitas
3289 4471 3543 4540 Baptismi
3565 4513 3579 4534 ,
3614 4471 3710 4526 nisi

2137 4562 2211 4616 illi
2256 4576 2421 4630 super
2449 4576 2606 4631 quem
2636 4560 2913 4615 descendit
2952 4561 3226 4625 Columba,
3273 4560 3341 4614 dc
3382 4577 3487 4631 quo
3514 4561 3709 4615 dictum

2135 4664 2214 4708 est
2233 4695 2247 4718 ,
2283 4652 2382 4708 Hie
2402 4665 2473 4708 est
2493 4655 2575 4725 qui
2602 4654 2819 4723 baptizat
2841 4653 2892 4706 in
2914 4651 3114 4722 Spiritu
3141 4664 3312 4705 sancto
3337 4655 3361 4707 γ
3405 4652 3591 4707 Petrus
3619 4652 3709 4707 lia-

2136 4747 2329 4817 ptizet,
2362 4747 2446 4801 hic
2471 4757 2552 4800 est
2577 4745 2664 4814 qui
2706 4745 2974 4813 baptizat;
3010 4743 3203 4798 Paulus
3231 4744 3462 4813 baptizet
3482 4787 3494 4808 ,
3526 4744 3606 4798 hic
3633 4751 3712 4797 est

2134 4841 2220 4911 qui
2250 4841 2508 4910 baptizat;
2532 4838 2694 4893 Judas
2721 4839 2968 4908 haptizct,
3003 4836 3090 4890 hic
3111 4841 3196 4890 est
3223 4837 3310 4906 qui
3348 4837 3597 4905 baptizat.

2204 4934 2256 4988 8.
2289 4933 2420 4988 Nam
2448 4933 2491 4986 si
2522 4947 2615 5001 pro
2639 4931 2943 4986 diversitate
2967 4930 3273 4985 meritorum
3299 4931 3563 5000 Baptisma
3585 4946 3710 4986 san-

2134 5036 2274 5080 ctum
2311 5035 2427 5087 est,
2473 5025 2595 5094 quia
2639 5023 2846 5077 diversa
2891 5033 3014 5077 sunt
3057 5024 3278 5088 merita,
3318 5022 3526 5078 diversa
3562 5031 3715 5079 erunt

2134 5116 2484 5186 baptismata;
2516 5125 2568 5168 et
2601 5122 2746 5168 tanto
2781 5114 3003 5184 quisque
3042 5103 3235 5184 aliquid
3280 5115 3468 5170 melius
3509 5124 3716 5184 putatur

2134 5210 2394 5278 accipere,
2420 5217 2619 5276 quanto
2638 5222 2666 5259 a
2691 5207 2911 5261 meliore
2936 5206 3140 5261 videtur
3159 5207 3447 5277 accepisse.
3476 5207 3578 5276 Ipsi
3600 5224 3715 5262 san-

2133 5301 2224 5366 cti,
2255 5299 2526 5368 intelligite
2557 5296 2766 5363 fratres,
2799 5297 2920 5352 boni
2949 5297 3271 5367 pertinentes
3299 5297 3365 5351 ad
3394 5299 3711 5363 columbam,

2133 5393 2457 5463 pertinentes
2495 5390 2560 5445 ad
2599 5402 2796 5446 sortem
2834 5390 3059 5444 civitatis
3096 5390 3235 5444 illius
3259 5390 3586 5461 Jerusalem,
3620 5393 3715 5461 ipsi

2132 5485 2256 5541 boni
2303 5486 2353 5540 in
2403 5484 2635 5540 Ecclesia
2661 5527 2675 5550 ,
2707 5484 2773 5538 de
2813 5483 3001 5552 quibus
3042 5485 3171 5539 dicit
3211 5485 3527 5553 Apostolus,
3563 5486 3718 5540 Novit

2131 5575 2382 5631 Dominus
2423 5578 2507 5646 qui
2548 5583 2663 5630 sunt
2705 5576 2814 5646 ejus
2857 5575 2931 5646 (ll
2959 5573 3093 5628 Tim.
3126 5591 3194 5637 ιι,
3233 5575 3357 5648 i9);
3389 5577 3716 5634 diversarum

2129 5670 2416 5740 gratiarum
2445 5679 2588 5736 sunt,
2619 5684 2722 5722 non
2747 5682 2936 5723 omnes
2961 5670 3105 5739 paria
3129 5671 3314 5725 merita
3339 5671 3568 5727 habent:
3593 5683 3717 5730 sunt

2132 5762 2220 5818 alii
2241 5761 2359 5818 aliis
2382 5762 2694 5828 sanctiores,
2717 5768 2842 5816 sunt
2858 5761 2945 5816 alii
2966 5761 3084 5815 aliis
3103 5762 3370 5818 meliores.
3393 5761 3568 5833 Quare
3587 5781 3716 5839 ergo

2135 5856 2178 5911 si
2209 5867 2346 5910 unus
2374 5854 2441 5907 ab
2467 5853 2558 5908 illo
2577 5893 2591 5919 ,
2620 5852 2763 5908 verbi
2792 5852 2957 5922 gratia
2977 5894 2992 5919 ,
3018 5853 3160 5923 justo
3187 5864 3370 5911 sancto
3399 5856 3710 5938 baptizctur,
