4036 6392
278 520 425 610 {ﬂos
466 527 539 592 illi
574 525 682 610 alio
715 527 983 590 inferitit'ls
1011 529 1184 590 meriti
1214 519 1360 606 apud
1383 533 1548 592 neum
1572 535 1600 604 ,-'
1618 533 1884 590 inferioris

277 601 495 701 giaaus'
514 627 543 685 .‘
560 601 828 682 ιἠιειιῖάῆε
856 615 1223 692 contitiéri'tize,
1248 601 1523 683 inferioris
1549 601 1690 692 ius,
1725 622 1887 681 unum

281 732 478 796 tamen.
505 729 560 776 et
587 735 683 792 par
704 718 1090 796 etaqualeest
1110 718 1250 796 quod
1274 719 1625 789 acceperunt,
1649 707 1889 788 tiiSi'quia

281 802 376 867 es
387 792 478 866 cii
492 809 584 888 qia
605 792 868 888 sapam}
887 793 1165 877 ρυὸηιοιιο
1184 796 1310 882 ergo
1330 812 1458 866 cum
1471 796 1701 880 baptizat
1721 801 1891 864 bonus

277 897 352 984 et”
368 885 604 984 melici,
621 905 726 958 non
755 885 998 984 idéo_iste
1019 889 1461 984 bonumaccépit',
1489 911 1541 957 et
1560 892 1652 960 ille
1670 892 1888 968 melibs;

279 974 393 1056 tur
411 977 678 1076 quamvis
711 981 888 1052 borius
909 995 962 1051 ει
990 995 1178 1052 melior
1212 974 1406 1051 fuerint
1434 994 1695 1062 ministri,
1729 1007 1890 1048 unum

279 1078 587 1161 attenuate
613 1081 857 1162 estquod
883 1087 1221 1160 acceperunt,
1253 1087 1358 1143 non
1385 1075 1475 1144 est‘
1491 1085 1684 1144 melius
1702 1079 1890 1154 iti'illo,

280 1175 348 1240 et
363 1176 612 1268 iuratus
639 1181 690 1260 in
718 1181 820 1236 isto
846 1199 860 1236 :
887 1181 962 1236 sic
991 1189 1046 1236 et
1073 1193 1194 1235 cum
1228 1179 1462 1250 baptizat
1499 1181 1669 1234 malus
1696 1171 1892 1268 εἰβΙί-

279 1263 517 1349 quive!
544 1258 852 1350 ignorantia
871 1272 1151 1338 Ecclesite,
1183 1273 1264 1329 vel
1296 1271 1572 1328 tolerantia
1612 1271 1726 1345 (aut
1749 1258 1891 1327 enim

281 1351 614 1440 Winei
640 1363 784 1429 mali,
813 1359 902 1419 aut
934 1363 1244 1432 tulerantur,
1274 1364 1533 1420 toleratur
1552 1357 1733 1436 palea,
1761 1357 1894 1434 q'uo-

281 1437 464 1540 dsine
505 1459 565 1514 in
609 1447 798 1513 ultimo
833 1441 1118 1513 ventiletur
1159 1457 1354 1527 area),
1387 1442 1514 1513 illud
1541 1457 1682 1528 quod
1711 1448 1891 1512 datum

282 1543 390 1617 εει,
426 1557 606 1606 unum
633 1557 732 1614 est,
761 1555 859 1605 nec
885 1545 1057 1618 impar'
1081 1545 1299 1621 pfopte‘r
1325 1541 1555 1620 impares
1584 1551 1888 1618 ministres;

281 1626 380 1700 “id
413 1647 517 1713 par
547 1626 603 1699 et
632 1641 855 1712 :eqnate,
882 1637 1118 1710 propter,
1155 1629 1252 1695 Hic
1279 1649 1350 1694 est
1371 1641 1460 1712 qui
1483 1641 1721 1710 baptizat.

353 1731 414 1793 s.
465 1715 647 1805 Ergo,
679 1732 1044 1800 dilectissimi,
1084 1721 1359 1789 videamus
1404 1733 1544 1803 quod
1587 1733 1771 1790 videre
1814 1735 1890 1790 illi

502 1825 526 1892 τ’
571 1833 676 1882 non
719 1813 862 1898 quod
904 1832 1008 1881 non
1051 1817 1299 1893 videant,
1330 1826 1424 1882 sed
1454 1824 1596 1897 quod
1626 1837 1686 1883 se
1709 1827 1891 1883 videre

284 1917 510 1977 deiciant
535 1936 551 1973 :
580 1919 729 1990 quasi
751 1918 986 1973 clausum
1010 1918 1078 1972 sit
1097 1927 1279 1972 centra
1301 1917 1438 1973 illos.
1464 1917 1580 1986 Quo
1599 1916 1748 1972 missi
1767 1926 1891 1972 sunt

287 2001 550 2083 disciplin
571 2053 588 2080 ,
620 2011 672 2066 in
701 2011 918 2066 nemine
943 2011 1115 2066 Patris
1138 2020 1191 2065 et
1218 2009 1335 2066 Filii
1365 2011 1418 2066 et
1443 2003 1670 2080 Spiritus
1697 2011 1886 2076 sancti,

293 2112 356 2159 ιιι
379 2095 728 2174 δανιὴιιιειιι
746 2111 990 2171 tanquam
1017 2100 1281 2156 ministri?
1303 2117 1407 2171 quo
1426 2100 1573 2158 missi
1595 2102 1756 2156 sunt?
1784 2101 1886 2170 Ite,

294 2189 451 2261 dixit,
481 2195 738 2264 baptizate
761 2183 948 2267 gentes.
983 2193 1235 2257 Audistis,
1267 2185 1474 2254 fratres.
1505 2193 1774 2263 quomodo
1800 2209 1890 2248 ve-

288 2271 369 2342 nit
400 2285 490 2342 illa
525 2273 849 2350 hereditas,
882 2282 1096 2339 Postulo
1122 2300 1155 2338 a
1191 2300 1298 2348 me,
1337 2291 1386 2338 et
1420 2283 1552 2338 dabo
1593 2279 1682 2338 tibi
1721 2295 1888 2354 gentes

287 2363 648 2434 dtreditatem
674 2385 811 2431 tuam
828 2409 844 2442 ,-
869 2385 916 2431 et
943 2376 1299 2445 possessionem
1322 2383 1459 2429 tuam
1485 2377 1719 2431 terminos
1745 2377 1888 2431 terrm

283 2455 466 2541 (Ρὲιιι.
498 2487 567 2537 ιι,
598 2471 678 2540 8).
713 2469 946 2524 Audistis
972 2467 1237 2539 quomodo
1263 2483 1292 2520 a
1319 2460 1446 2524 Sion
1477 2468 1672 2538 prodiit
1700 2465 1804 2534 lex,
1834 2478 1888 2524 et

285 2564 516 2618 verbum
566 2562 774 2617 Domini
803 2561 869 2615 ab
893 2549 1184 2617 Jerusalem
1215 2557 1370 2632 (Isai.
1409 2575 1474 2626 ιι,
1513 2561 1569 2631 5)
1601 2578 1617 2617 :
1643 2561 1712 2615 ibi
1745 2563 1884 2616 enim

281 2653 582 2709 audierunt
607 2652 871 2721 discipuli,
900 2649 1000 2716 Ite,
1027 2649 1274 2723 infitiante
1296 2645 1463 2723 gentes
1485 2653 1537 2706 in
1561 2651 1759 2707 nomine
1785 2652 1887 2706 Pa-

283 2732 374 2800 tris
393 2756 440 2801 et
464 2743 605 2800 Filii
627 2747 672 2799 et
695 2744 916 2816 Spiritus
936 2746 1096 2798 sancti
1121 2735 1330 2816 (Matth.
1353 2757 1534 2811 xxvm,
1562 2745 1671 2817 l9).
1697 2746 1883 2801 Intenti

281 2827 405 2897 rica
436 2853 662 2904 sumus,
693 2843 812 2895 eum
842 2840 1166 2902 audiremus,
1201 2833 1297 2902 Ite,
1331 2839 1580 2909 baptizare
1605 2839 1794 2910 gentes.
1827 2838 1884 2895 In

280 2931 432 3002 duius
474 2929 740 2987 nomine?
784 2928 849 2984 In
888 2931 1088 2984 nomine
1127 2928 1301 2984 Patris
1335 2937 1382 2983 et
1420 2928 1547 2984 Filii
1584 2939 1632 2984 et
1660 2928 1884 3000 Spiritus

279 3025 464 3078 rimati.
503 3023 615 3078 Iste
646 3035 782 3077 unus
813 3023 970 3086 Deus,
1000 3022 1120 3092 quia
1149 3036 1276 3090 non,
1309 3021 1360 3075 in
1389 3021 1688 3077 nominibus
1715 3023 1884 3078 Patris

279 3127 332 3172 et
357 3111 484 3172 Filii
532 3122 590 3170 et
628 3114 858 3184 Spiritus
887 3113 1090 3179 sancti;
1131 3114 1222 3168 sed
1245 3155 1261 3181 ,
1293 3115 1347 3167 in
1386 3115 1588 3168 nomine
1625 3113 1798 3168 Patris
1838 3125 1883 3169 et

281 3205 408 3262 Filii
436 3216 489 3262 et
521 3205 750 3276 Spiritus
777 3204 957 3258 sancti.
991 3203 1089 3260 Ubi
1120 3219 1282 3258 unum
1312 3217 1502 3258 nomen
1528 3204 1677 3258 audis
1697 3247 1712 3271 ,
1747 3217 1883 3259 unus

281 3303 361 3357 est
404 3297 557 3356 Dens
597 3316 610 3352 :
647 3299 784 3354 sicut
824 3297 892 3353 de
929 3298 1132 3352 semine
1168 3297 1394 3351 Abralne
1433 3290 1629 3352 dictum
1675 3307 1788 3362 est,
1830 3308 1884 3354 et

280 3391 507 3460 exponit
535 3389 734 3445 Paulus
763 3389 1060 3459 apostolus,
1096 3386 1162 3441 In
1201 3393 1386 3440 sentiae
1421 3397 1504 3442 tuo
1537 3387 1885 3444 benedicentur

278 3497 453 3539 omnes
500 3485 674 3553 gentes
707 3495 726 3534 :
759 3495 858 3533 non
903 3480 1059 3544 dixit,
1103 3477 1170 3533 In
1208 3477 1516 3545 seminibus,
1557 3487 1792 3549 tanquam
1831 3481 1883 3534 in

279 3563 490 3637 ntuttis;
520 3573 614 3627 δια
642 3574 876 3642 tanquam
906 3572 958 3624 in
991 3586 1124 3635 uno,
1171 3567 1237 3624 Et
1267 3570 1455 3624 semine
1475 3580 1567 3624 tuo
1587 3612 1601 3637 ,
1641 3565 1780 3643 quod
1811 3582 1885 3626 est

281 3665 521 3720 Christus
548 3661 704 3736 (Gen.
731 3677 836 3717 xxn
857 3705 869 3727 ,
898 3662 1000 3727 i8;
1034 3653 1150 3716 Gal.
1179 3677 1265 3726 ιιι,
1297 3662 1406 3731 16).
1437 3662 1504 3716 εἰ(
1527 3672 1580 3714 ιιι
1605 3676 1733 3732 ergo
1759 3664 1881 3731 quia

281 3747 348 3813 ibi
372 3755 486 3813 non
513 3755 668 3822 dicit,
692 3756 745 3810 in
766 3755 1075 3817 seminibus,
1100 3755 1294 3809 docere
1319 3764 1369 3809 te
1393 3755 1552 3808 voluit
1575 3757 1879 3824 Apostolus,

282 3849 397 3922 titia
429 3866 578 3905 unus
608 3855 690 3903 est
713 3847 953 3904 Christus
979 3865 991 3902 :
1019 3849 1097 3902 sic
1129 3856 1182 3903 et
1206 3848 1292 3902 hic
1325 3863 1444 3902 cum
1465 3847 1662 3902 dictum
1694 3860 1796 3913 est,
1830 3851 1882 3905 in

284 3945 510 4010 nomine,
545 3959 687 4008 non,
721 3923 772 3996 in
801 3927 1135 4007 nominibus;
1168 3941 1433 4011 quomodo
1467 3942 1567 4002 ibi.
1598 3942 1649 3995 in
1675 3937 1880 4010 semine,

283 4031 424 4099 on.
461 4037 520 4090 in
552 4033 882 4098 seminibus;
915 4020 1166 4105 probatur
1196 4049 1328 4088 unus
1358 4034 1496 4089 Deus
1526 4033 1682 4088 Pater
1709 4043 1761 4088 et
1789 4033 1883 4089 Fi-

281 4113 464 4184 lius'et
487 4119 719 4198 Spiritus
745 4121 978 4180 Sanctus.

351 4211 445 4274 ID.
481 4211 617 4282 Sed,
650 4217 810 4283 Ecce,
843 4215 1080 4287 inquiunt
1107 4214 1347 4285 discipuli
1373 4215 1438 4270 ad
1464 4215 1764 4280 Dominum,
1792 4232 1889 4270 aud

283 4295 520 4392 divimus
567 4310 620 4366 in
652 4313 770 4384 quo
811 4310 1026 4366 nomine
1068 4310 1426 4381 baptizrmns,
1475 4311 1748 4367 ministros
1786 4325 1886 4367 nos

282 4395 484 4466 fecisti.
515 4411 572 4458 et
598 4403 773 4458 dixisti
803 4397 975 4469 nobis,
1007 4401 1101 4467 Ite,
1133 4403 1381 4474 baptizate
1408 4403 1462 4456 in
1486 4404 1687 4457 nomine
1716 4403 1886 4460 Patris

283 4485 329 4551 ἀ
352 4481 490 4552 filii
519 4505 567 4550 et
598 4485 822 4566 Spiritus
849 4497 1010 4550 sancti
1039 4511 1058 4550 :
1083 4511 1189 4566 quo
1219 4495 1451 4551 ibimus?
1474 4496 1630 4563 Quo?
1657 4512 1762 4551 non
1791 4514 1888 4550 au-

285 4579 484 4646 diatis?
516 4578 596 4660 Ad
628 4579 988 4645 haereditatcm
1017 4593 1210 4643 meam.
1239 4585 1608 4660 Interrogans,
1639 4589 1757 4656 Quo
1785 4589 1884 4644 ibi-

286 4667 448 4737 mds?
483 4653 570 4735 Διί
605 4680 655 4734 id
697 4671 835 4752 quod
867 4680 970 4734 emi
1006 4679 1260 4748 sanguine
1289 4689 1426 4734 nico.
1449 4653 1571 4745 bno
1605 4653 1771 4750 ergo?
1803 4679 1880 4732 Ad

286 4757 496 4842 ﬂentes,
528 4771 718 4843 inquit.
751 4771 931 4826 Patavi
963 4771 1082 4840 quia
1110 4769 1270 4831 dixit,
1300 4770 1406 4833 Ite,
1435 4769 1699 4840 baptizata
1722 4769 1882 4824 Afros

287 4859 338 4917 in
362 4863 588 4919 nomine
622 4861 790 4917 Patris
825 4847 884 4915 et
906 4860 1025 4916 Filii
1064 4869 1117 4914 et
1151 4859 1378 4930 Spiritus
1411 4861 1598 4914 sancti.
1632 4861 1738 4913 Deo
1758 4875 1879 4930 gra-

287 4935 388 5011 tias
424 4972 438 5010 :
477 4951 640 5011 solvit
681 4951 933 5007 Dominus
973 4940 1353 5022 quaestionem,
1397 4950 1576 5006 docuit
1612 4951 1878 5006 columba.

290 5045 396 5104 beo
433 5029 637 5120 gratias
672 5063 686 5100 ι
723 5031 786 5100 id
829 5039 1016 5116 gentes
1053 5035 1290 5114 Apostoii
1334 5043 1480 5100 missi
1526 5053 1686 5109 sunt;
1732 5041 1775 5100 si
1813 5044 1881 5100 ad

289 5128 503 5210 ἐϋιιιὲε,
539 5133 610 5194 ad
646 5137 832 5193 omnes
880 5137 1105 5208 linguas.
1151 5127 1262 5190 Hoc
1302 5131 1616 5206 signiﬁcavit
1654 5131 1882 5207 Spiritus

292 5218 506 5290 Euctus
543 5227 753 5288 divisus
795 5229 849 5286 in
887 5213 1113 5301 linguis,
1145 5229 1324 5284 unitos
1363 5226 1418 5283 in
1460 5228 1726 5284 columba.
1773 5228 1882 5283 Hac

293 5309 479 5397 tingue
524 5315 833 5396 dividuntur
866 5323 907 5386 ι,
954 5321 1056 5377 liae
1099 5321 1345 5377 columba
1387 5322 1619 5392 copulat.
1662 5321 1880 5391 Linguae

295 5401 527 5488 ﬂentium
553 5415 961 5480 concordarunt,
983 5423 1035 5468 et
1061 5428 1164 5467 una
1191 5413 1366 5484 lingua
1393 5413 1583 5467 Africae
1600 5413 1881 5468 discorda-

293 5491 402 5564 vitl
424 5507 568 5578 Quid
595 5506 912 5571 evidentius,
947 5504 1137 5558 fratres
1165 5505 1309 5559 mei?
1333 5499 1388 5559 In
1413 5503 1655 5560 columba
1683 5505 1876 5571 unitas,

297 5597 350 5655 In
367 5598 563 5673 linguis
587 5598 825 5670 gentium
852 5596 1098 5652 societas.
1127 5595 1425 5666 Aliquando
1448 5596 1591 5650 enim
1615 5604 1668 5651 et
1689 5595 1880 5676 linguae

191 5716 239 5746 σιν
299 5702 390 5758 per
417 5688 728 5762 superbiam
775 5687 1246 5753 discordaverunt,
1292 5697 1346 5742 et
1390 5695 1516 5742 tunc
1558 5693 1683 5742 sunt
1729 5686 1882 5742 facta:

300 5779 486 5854 Ιὶιιειιε
525 5797 595 5840 ex
637 5772 743 5838 una
785 5771 985 5838 multis.
1025 5779 1152 5837 Post
1189 5780 1443 5838 diluvium
1483 5778 1626 5837 enim
1664 5779 1879 5866 superbi

367 5889 453 5958 tu:
702 5879 830 5967 ιω..
852 5891 1087 5948 dividunt.

1502 419 1908 476 TRACTATUS
1955 419 2032 475 ιι.
2076 411 2304 482 CAPUT
2337 425 2377 481 ι.

3442 431 3574 490 H50

1995 525 2208 605 quidam
2240 537 2498 606 homines,
2527 543 2672 600 velut
2693 541 2946 598 adversus
2966 543 3132 598 Deum
3163 558 3221 599 se
3252 546 3458 600 munire
3475 561 3576 601 co-

1995 631 2205 699 nantes,
2235 626 2397 706 quasi?
2412 633 2611 707 aliquid
2639 646 2782 693 esset
2805 636 3078 692 excelsum
3104 637 3232 702 Deo,
3265 647 3354 692 aut
3381 639 3578 710 aliquid

1997 712 2166 779 idtum
2192 724 2791 797 superbim,'érexerunt
2812 729 2997 783 turrim
3021 729 3069 790 ’ς
3096 729 3245 800 quasi
3271 744 3338 784 ne
3358 729 3578 794 diluvio,

1995 809 2250 887 εἶρὸΜὼ
2279 819 2456 886 ﬁeret,
2481 815 2804 878 delerentur.
2833 820 3127 876 Audierant
3150 820 3291 876 enim
3319 831 3374 880 et
3396 838 3582 884 recen-

1995 913 2208 964 suerant
2247 911 2370 982 quia
2408 914 2586 970 omnis
2618 913 2870 984 iniquitas
2907 919 3022 968 erat
3046 913 3217 969 deleta
3244 913 3485 976 diluvio:
3513 917 3582 973 ab

1996 999 2275 1072 iniquitate
2295 1003 2596 1076 temperare
2613 1007 2863 1062 nolebant
2882 1011 2904 1070 ;'
2921 1006 3247 1062 altitudinem
3272 1009 3434 1066 turris
3453 1025 3582 1066 con-

1995 1100 2079 1148 tra
2097 1092 2352 1150 diluvium
2373 1095 2745 1168 requirebant;
2775 1099 3168 1156 tediticaverunt
3194 1102 3380 1157 turrim
3405 1105 3585 1160 excel-

2164 1185 2303 1242 Vidit
2327 1188 2464 1243 Dens
2487 1190 2788 1262 superbiam
2814 1192 3070 1261 ipsorum,
3098 1192 3316 1250 ethunc
3339 1211 3581 1252 errorem

1996 1266 2102 1333 illis
2128 1280 2342 1337 immitti
2372 1282 2520 1351 fecit,
2554 1295 2610 1338 ut
2637 1298 2742 1340 non
2771 1301 2830 1340 se
2857 1297 3241 1356 cognoscerent
3273 1290 3580 1360 loquentes;

1995 1367 2058 1426 et'
2091 1370 2245 1428 faeta:
2287 1385 2410 1428 sunt
2445 1375 2672 1432 diversa:
2710 1377 2902 1447 linguae
2929 1392 3025 1448 per
3052 1380 3356 1449 superbiam
3376 1383 3397 1414 ⁸
3427 1379 3579 1446 (Gen.

1993 1464 2070 1529 it,
2101 1463 2243 1536 1-9).
2275 1464 2332 1522 Si
2362 1467 2604 1537 superbia
2635 1467 2759 1524 fecit
2783 1468 3117 1524 diversitates
3144 1470 3460 1540 linguarum,
3483 1471 3583 1528 hu-

1994 1545 2190 1611 militas
2200 1557 2392 1614 Christi
2415 1559 2752 1629 congregavit
2770 1560 3104 1616 diversitates
3124 1561 3440 1630 linguarum.
3464 1563 3583 1619 Jam

1994 1646 2137 1717 quod
2159 1649 2242 1703 illa
2267 1651 2426 1704 turris
2445 1650 2842 1716 dissociaverat,
2870 1650 3110 1706 Ecclesia
3132 1652 3350 1722 colligit.
3381 1654 3454 1707 De
3478 1670 3580 1708 una

1995 1737 2167 1808 lingua
2200 1739 2348 1795 facta:
2377 1735 2500 1796 sunt
2534 1743 2744 1806 multae;
2790 1741 2902 1795 noli
2940 1741 3156 1807 mirari,
3193 1743 3438 1809 superbia
3479 1745 3582 1800 hoc

1994 1826 2153 1883 l‘ecit:
2184 1829 2252 1886 de
2278 1832 2457 1886 multis
2495 1832 2686 1902 linguis
2714 1832 2772 1885 tit
2801 1846 2938 1896 una;
2970 1832 3078 1886 noli
3108 1833 3322 1899 mirari,
3349 1833 3594 1889 cbaritas.

1995 1907 2095 1976 boe
2125 1917 2447 1992 fecit..Quia
2487 1925 2585 1979 etsi
2625 1925 2740 1979 soni
2782 1924 2977 1979 diversi
3015 1925 3312 1995 linguarum
3351 1936 3493 1991 sunt,
3525 1929 3578 1984 in

1991 2012 2152 2066 corde
2180 2030 2316 2069 unus
2344 2016 2483 2071 Deus
2510 2017 2800 2082 invocatur,
2829 2031 2930 2070 una
2957 2032 3053 2086 pax
3083 2017 3396 2074 custoditur.
3425 2019 3579 2078 Unde

1992 2101 2172 2158 debuit
2198 2121 2344 2176 ergo,
2377 2106 2697 2174 cbarissimi,
2720 2107 3073 2164 demonstrari
3096 2109 3322 2180 Spiritus
3343 2119 3574 2176 sanctus,

1991 2193 2246 2251 unitatem
2272 2198 2556 2267 quamdam
2581 2199 2885 2270 designans,
2917 2201 3020 2256 nisi
3049 2203 3148 2270 per’
3165 2203 3487 2269 columbam,
3520 2214 3578 2259 ut

1991 2295 2187 2356 paeane
2231 2288 2483 2344 Ecclesia:
2525 2289 2820 2357 diceretur,
2875 2290 2991 2346 Una
3037 2303 3108 2347 est
3156 2292 3390 2347 columba-
3427 2297 3578 2350 utea?

1991 2377 2141 2434 Unde
2176 2380 2356 2435 debuit
2398 2381 2700 2449 humilitas,
2734 2384 2832 2438 nisi
2865 2399 2959 2454 per
2995 2400 3148 2439 avem
3188 2387 3483 2454 simplicem
3523 2396 3577 2443 et

1987 2481 2283 2542 gementem
2306 2513 2321 2538 ,
2353 2487 2456 2528 non
2485 2489 2580 2544 per
2603 2490 2754 2530 avem
2781 2477 3063 2546 superbam
3090 2487 3144 2534 et
3165 2480 3488 2536 exultantem
3515 2496 3576 2538 se

1989 2561 2124 2616 sicut
2152 2564 2382 2617 corvus?

2061 2654 2147 2708 Η.
2179 2655 2243 2709 Ει
2270 2654 2405 2712 forte
2430 2656 2608 2712 dicent
2637 2675 2648 2710 :
2679 2658 2810 2724 Quia
2837 2674 2968 2728 ergo
2993 2661 3258 2724 columba.
3282 2671 3336 2718 et
3363 2679 3462 2718 una
3483 2680 3575 2720 co-

1988 2745 2164 2801 lumba
2185 2788 2201 2814 ,
2233 2758 2427 2817 praeter
2457 2765 2618 2806 unam
2646 2751 2945 2805 columbam
2978 2753 3276 2822 Bapt-ismns
3315 2771 3433 2810 esse
3467 2772 3574 2813 non

1987 2849 2163 2909 potest
2188 2857 2202 2892 :
2227 2855 2355 2912 ergo
2383 2842 2426 2896 si
2457 2843 2592 2912 apud
2623 2853 2672 2898 te
2697 2853 2779 2898 est
2805 2845 3070 2908 columba,
3103 2846 3183 2900 vel
3215 2856 3268 2900 tu
3293 2863 3350 2902 es
3370 2850 3574 2904 colum-

1987 2931 2084 2996 ba,
2117 2933 2329 3002 quando
2359 2934 2426 2988 ad
2455 2942 2508 2989 te
2532 2935 2714 2999 venio,
2747 2944 2800 2989 tu
2831 2935 2895 2989 da
2927 2937 3053 2990 mibi
3082 2938 3220 3005 quod
3250 2943 3353 2992 non
3381 2940 3573 2996 habeo.

1987 3023 2146 3079 Scitis
2181 3024 2284 3080 hoc
2317 3027 2547 3096 ipsorum
2587 3043 2707 3083 esse
2739 3046 2752 3082 :
2781 3028 2939 3083 modo
2970 3029 3120 3084 vobis
3154 3031 3423 3100 apparebit
3466 3048 3573 3090 non

1985 3131 2105 3174 esse
2133 3119 2200 3174 de
2239 3134 2366 3175 voce
2403 3121 2693 3188 columine,
2735 3121 2832 3176 sed
2869 3121 2935 3176 de
2979 3121 3210 3178 clamore
3244 3125 3409 3179 corvi.
3441 3125 3574 3180 Nam

1986 3210 2256 3280 paululum
2281 3211 2518 3266 attendat
2542 3213 2787 3267 Charitas
2815 3223 3008 3280 vestra,
3036 3224 3087 3268 ct
3113 3216 3294 3270 timete
3319 3217 3571 3274 insidias:

1987 3301 2096 3355 imo
2133 3312 2346 3369 cavete,
2397 3311 2451 3358 et
2492 3304 2721 3373 excipite
2766 3304 2924 3359 verba
2971 3307 3444 3362 contratlicentium
3487 3325 3574 3365 re-

1987 3395 2244 3463 Spuenda,
2279 3409 2382 3448 non
2415 3395 2827 3465 transglutienda
2860 3404 2912 3449 et
2937 3396 3228 3450 visceribus
3247 3396 3440 3453 danda.
3467 3397 3575 3455 Fa-

1986 3487 2090 3541 cite
2128 3486 2250 3542 inde
2286 3487 2425 3557 quod
2455 3487 2576 3541 fecit
2608 3488 2891 3553 Dominus,
2921 3489 3130 3557 quando
3159 3489 3232 3542 illi
3269 3489 3575 3546 obtulerunt

1984 3591 2226 3634 amarum
2243 3579 2422 3648 potum
2443 3596 2458 3641 ;
2481 3580 2727 3648 gustavit,
2746 3590 2798 3633 et
2815 3583 3012 3649 respuit
3033 3579 3240 3650 (Matth.
3263 3596 3431 3642 xxvn,
3452 3582 3571 3654 54):

1987 3669 2063 3723 sic
2091 3681 2144 3724 et
2169 3685 2265 3723 vos
2283 3711 2298 3735 ,
2339 3671 2518 3726 audite
2538 3713 2554 3738 ,
2581 3680 2633 3725 et
2655 3672 2886 3737 abjicite.
2917 3673 3051 3740 Quid
3080 3674 3219 3726 enim
3247 3673 3466 3730 dicunt?
3492 3676 3574 3732 vi-

1986 3761 2226 3816 deamus.
2253 3761 2412 3823 Ecce.
2441 3761 2632 3832 inquit,
2661 3773 2714 3817 tu
2740 3779 2798 3818 es
2817 3764 3083 3829 columba,
3107 3778 3139 3817 ο
3163 3763 3454 3832 Catholica,
3479 3766 3576 3823 tibi

1985 3851 2185 3908 dictum
2217 3863 2317 3919 est,
2358 3851 2473 3909 Una
2501 3865 2573 3908 est
2599 3855 2832 3909 columba
2857 3873 2983 3915 mea,
3011 3873 3114 3909 una
3145 3868 3216 3911 est
3253 3861 3403 3911 matri
3430 3874 3574 3914 suas:

1989 3946 2079 4001 tibi
2101 3957 2246 4001 certe
2272 3948 2469 4002 dictum
2496 3951 2596 4004 est.
2633 3949 2910 4018 Exspecta,
2948 3950 3052 4004 noli
3093 3966 3176 4004 me
3208 3952 3573 4021 interrogare:

1986 4035 2029 4089 si
2053 4037 2177 4089 mibi
2203 4036 2400 4090 dictum
2423 4047 2522 4094 est.
2553 4038 2711 4107 proba
2737 4041 2960 4109 primum
2984 4056 3000 4104 ;
3025 4041 3066 4093 si
3096 4042 3223 4095 mihi
3249 4042 3443 4096 dictum
3471 4052 3575 4109 est,

1987 4126 2093 4179 cito
2118 4125 2237 4178 volo
2267 4129 2469 4180 audire.
2502 4127 2703 4196 lnqnit,
2737 4129 2849 4182 Tibi
2880 4130 3076 4182 dictum
3113 4142 3212 4184 est.
3257 4131 3572 4200 Respondet!

1986 4225 2116 4272 vaec
2143 4215 2456 4276 Catholicae.
2488 4217 2633 4271 Mihi.
2669 4217 2779 4272 Hoc
2804 4231 2979 4273 autem
3003 4261 3016 4280 ,
3052 4221 3269 4282 fratres,
3312 4223 3450 4289 quod
3479 4233 3576 4279 ora

1987 4324 2106 4364 meo
2129 4309 2291 4362 solius
2316 4303 2523 4374 sonuit,
2552 4309 2758 4369 sonuit,
2792 4319 2844 4362 ut
2873 4308 3134 4372 arbitror,
3163 4320 3215 4363 et
3237 4309 3303 4364 de
3323 4312 3574 4368 cladibus

1987 4401 2196 4464 vestris,
2221 4407 2273 4453 et
2297 4414 2482 4453 omnes
2513 4399 2711 4468 pariter
2736 4399 2984 4460 diximus.
3019 4398 3274 4454 Ecclesiae
3300 4403 3575 4459 catholica:

1986 4491 2182 4545 dictum
2210 4499 2290 4545 est
2310 4531 2328 4556 ,
2365 4489 2479 4545 Una
2509 4501 2579 4545 est
2614 4490 2846 4544 columba
2878 4507 2986 4545 mea
3005 4532 3022 4560 ,
3050 4509 3149 4544 una
3178 4505 3248 4546 est
3275 4496 3422 4548 matri
3445 4511 3570 4550 suta.

1986 4581 2188 4640 Praeter
2224 4585 2390 4655 ipsam
2421 4584 2740 4645 columbam,
2773 4585 2959 4655 inquit,
2991 4586 3289 4654 Baptismus
3324 4604 3425 4640 non
3457 4596 3571 4655 est;

1985 4689 2083 4744 ego
2108 4687 2300 4744 pneter
2322 4677 2485 4744 ipsam
2509 4675 2808 4730 columbam
2831 4690 2947 4731 sum
2975 4678 3296 4746 baptizatus;
3320 4695 3446 4750 ergo
3468 4697 3573 4736 non

1987 4768 2156 4824 habeo
2187 4769 2509 4838 Baptismnm
2540 4785 2552 4820 :
2585 4768 2629 4822 si
2661 4769 2986 4837 Baptismum
3025 4785 3126 4823 non
3165 4771 3369 4838 habet),
3411 4789 3576 4843 quare

1985 4861 2113 4914 mihi
2143 4875 2246 4914 non
2275 4860 2371 4914 das
2392 4860 2606 4930 quando
2633 4860 2697 4914 ad
2727 4871 2778 4915 te
2804 4861 2998 4915 venio?

2014 4991 2018 4994 -
2057 4950 2146 5004 ιι.
2175 4949 2243 5004 Ει
2274 4965 2373 5020 ego
2413 4951 2680 5019 interrogo
2717 4966 2730 5004 :
2770 4950 2980 5004 interim
3015 4960 3445 5024 sequestremns,
3486 4956 3571 5011 cui

1983 5040 2182 5097 dictum
2216 5041 2320 5106 sit,
2352 5040 2465 5096 Una
2491 5051 2560 5095 est
2583 5041 2816 5094 columba
2842 5058 2980 5108 mea,
3013 5059 3115 5096 una
3149 5053 3222 5096 est
3259 5047 3406 5098 matri
3429 5062 3569 5112 sate;

1983 5131 2159 5190 adhuc
2183 5132 2508 5203 (prmi-imus:
2537 5139 2630 5187 aut
2652 5132 2778 5186 mihi
2798 5131 2997 5187 dictum
3019 5143 3116 5197 est,
3147 5142 3236 5188 aut
3260 5136 3349 5190 tibi
3371 5136 3569 5192 dictum

1984 5227 2100 5292 est;
2127 5227 2523 5298 seques‘tremus
2547 5225 2629 5281 cui
2653 5225 2854 5281 dictum
2880 5226 2967 5281 sit.
2998 5225 3111 5282 Hoc
3140 5242 3268 5297 etgo
3296 5245 3496 5296 qntero,
3525 5230 3572 5284 si

1984 5317 2228 5374 columba
2253 5325 2337 5372 est
2359 5316 2586 5386 simpiex
2608 5357 2622 5382 ,
2650 5315 2907 5373 innocens
2925 5359 2942 5385 ,
2975 5317 3090 5373 sine
3115 5317 3237 5373 felle
3256 5361 3272 5384 ,
3307 5329 3485 5387 pacata
3516 5321 3572 5374 in

1984 5409 2203 5476 osculis,
2233 5424 2337 5463 non
2359 5421 2500 5464 saeva
2525 5409 2576 5462 in
2606 5409 2902 5481 unguibus;
2928 5425 3111 5480 qner
3132 5421 3302 5463 utrum
3324 5410 3388 5462 ad
3415 5412 3570 5476 hujus

1985 5503 2243 5560 columbae
2268 5502 2505 5558 membra
2533 5502 2833 5574 pertineant
2857 5504 3024 5567 avari,
3052 5512 3309 5571 raptores,
3338 5502 3566 5570 subduli,

1983 5593 2201 5661 ebriosi,
2231 5592 2474 5664 ﬂagitiosi
2505 5611 2518 5648 :
2552 5593 2790 5648 membra
2818 5602 2940 5648 sunt
2963 5591 3220 5648 columbae
3240 5592 3434 5661 hujus?
3459 5593 3566 5649 Ab-

2013 5769 2283 5841 .isicuss.
2308 5739 2634 5830 Atoditt,aut
2663 5739 3294 5833 aliauidtuttan,superbia
3314 5776 3567 5840 ereaeml.

2223 5903 2373 5957 prope
2397 5901 2580 5950 annos,
2609 5875 2776 5942 diuisa
2797 5889 2974 5956 linguae
2995 5891 3058 5943 de
3079 5894 3318 5957 mpsrbia.
