4036 6400
572 511 666 579 ait,
697 508 887 580 inquit.
927 506 995 562 lat
1021 518 1228 571 revera,
1269 502 1478 568 fratres,
1520 499 1639 571 quis
1680 499 1780 554 hoc
1818 494 2046 554 dixerit?
2088 492 2159 551 Ut

573 603 708 662 nihil
734 599 875 656 aliud
903 599 1108 663 dicam,
1137 605 1376 666 raptores
1415 593 1559 649 solos
1591 592 1636 648 si
1668 591 1842 646 dicam
1861 632 1878 657 ,
1919 586 2157 645 membra

573 694 844 766 accipitris
869 699 1088 764 possunt
1109 704 1248 754 esse,
1281 703 1385 743 non
1410 687 1648 742 membra
1670 684 1932 740 columbae
1962 701 1975 737 :
2013 680 2158 737 milvi

573 789 817 859 rapiunt,
857 785 1138 853 accipitres
1169 783 1409 852 rapiunt,
1441 780 1586 836 corvi
1625 779 1868 849 rapiunt;
1897 774 2158 833 columbae

573 896 680 938 non
706 877 954 949 rapiunt,
983 892 1088 930 non
1119 875 1369 929 dilaniant
1410 892 1424 926 :
1461 889 1588 941 ergo
1625 881 1864 941 raptores
1903 885 2006 924 non
2033 877 2158 924 sunt

573 972 812 1030 membra
837 970 1118 1026 columine.
1147 968 1258 1023 Non
1285 968 1420 1040 apud
1450 982 1542 1022 vos
1564 966 1658 1020 fuit
1681 966 1764 1022 vel
1787 982 1919 1020 unus
1941 963 2158 1036 raptor?

571 1065 751 1135 Quare
777 1073 948 1117 manet
978 1061 1274 1130 Baplisutus
1296 1075 1450 1128 quem
1477 1058 1623 1112 dedit
1644 1058 1914 1125 accipiter,
1939 1070 2159 1118 nonco-

573 1155 794 1214 lumba?
822 1156 995 1221 Quare
1023 1169 1125 1206 oott
1158 1149 1433 1219 ltaptizatis
1467 1151 1602 1220 apud
1627 1163 1720 1202 vos
1749 1149 1889 1217 ipsos
1919 1155 2039 1218 post
2066 1161 2156 1201 ra-

573 1258 755 1322 ptores
780 1257 832 1302 et
856 1245 1126 1300 adulteros
1153 1253 1206 1296 ct
1230 1240 1470 1296 ebriosos
1489 1283 1503 1303 ,
1537 1255 1570 1310 p
1591 1249 1656 1295 ιει
1687 1254 1876 1294 avaros
1903 1237 2040 1307 apud
2063 1252 2157 1292 vos

574 1341 761 1412 ipsos?
811 1340 889 1393 An
930 1337 1014 1391 isti
1058 1351 1244 1390 otnnes
1288 1333 1523 1388 membra
1563 1333 1824 1388 columba:
1867 1331 2029 1386 sunt?
2069 1329 2160 1387 Sic

573 1428 938 1486 dehonestatis
975 1426 1274 1480 columbam
1316 1432 1544 1478 vestram
1564 1464 1580 1489 ,
1612 1432 1667 1477 ιιι
1692 1423 1740 1477 ei
1773 1420 2006 1477 membra
2036 1420 2154 1475 vul-

575 1521 746 1576 turiua
779 1518 1000 1574 faciatis.
1033 1517 1168 1584 Qttid
1192 1533 1339 1585 ergo,
1370 1516 1578 1579 fratres,
1606 1514 1729 1584 quid
1756 1512 2012 1567 dicimus?
2037 1513 2156 1567 Mali

572 1621 626 1667 et
647 1611 766 1667 boni
791 1621 913 1665 sunt
939 1612 989 1664 in
1017 1608 1250 1665 Ecclesia
1277 1606 1535 1662 catholica
1566 1624 1578 1658 :
1608 1605 1676 1658 ibi
1701 1614 1878 1659 autem
1905 1605 2002 1659 soli
2033 1603 2159 1659 mali

572 1712 715 1760 sunt.
745 1703 850 1759 Sed
877 1702 1011 1756 forte
1034 1699 1250 1754 inimico
1273 1698 1452 1751 animo
1479 1697 1580 1751 hoc
1599 1695 1719 1751 dico
1743 1713 1754 1748 :
1780 1705 1833 1749 et
1855 1695 1954 1750 hoc
1976 1704 2156 1764 postea

570 1795 894 1865 requiratur.
931 1792 990 1846 Et
1025 1791 1094 1844 ibi
1121 1800 1266 1846 εει-ιε
1287 1787 1470 1843 dicunt
1497 1790 1617 1857 quia
1637 1795 1761 1841 sunt
1782 1787 1902 1841 boni
1925 1795 1978 1841 et
1999 1786 2152 1840 ntali:

570 1901 696 1943 nam
731 1885 776 1939 si
815 1883 1046 1939 dixerint
1083 1883 1227 1938 solos
1262 1881 1430 1935 bonos
1463 1894 1522 1933 se
1555 1879 1780 1944 habere;
1811 1877 2032 1933 credant
2054 1877 2157 1932 illis

571 1976 684 2042 sui,
715 1985 769 2031 et
796 1975 1092 2030 subscribo.
1131 1972 1244 2028 Non
1284 1980 1407 2026 sunt
1443 1970 1581 2042 apud
1629 1983 1760 2033 nos,
1803 1969 2012 2034 dicant,
2055 1968 2156 2023 nisi

571 2069 763 2131 Sancti,
791 2067 939 2136 justi,
970 2066 1122 2130 casti,
1157 2064 1353 2128 sobrii;
1388 2078 1493 2118 non
1518 2062 1773 2127 adulteri,
1805 2077 1907 2114 non
1945 2060 2154 2116 fenera-

571 2171 747 2229 tores,
775 2176 878 2214 non
908 2159 1266 2223 fraudatores,
1309 2170 1411 2210 non
1455 2155 1685 2225 periuri,
1716 2169 1822 2209 non
1863 2153 2152 2208 vinolenti:

570 2253 783 2317 dicant;
817 2268 922 2307 non
947 2252 1086 2306 enim
1115 2250 1331 2306 attendo
1359 2249 1561 2319 linguas
1591 2249 1847 2318 ipsorum,
1876 2245 1968 2301 sed
1999 2254 2156 2316 tango

572 2344 732 2402 corda
765 2345 1020 2414 ipsorum.
1047 2343 1178 2398 Cum
1201 2352 1376 2396 autem
1401 2341 1512 2396 noti
1538 2340 1644 2394 sint
1668 2338 1820 2393 nobis
1847 2348 1901 2394 et
1926 2338 2074 2392 vobis
2102 2346 2157 2393 et

571 2439 720 2504 suis,
759 2437 897 2492 sicut
933 2446 987 2492 et
1014 2450 1107 2490 vos
1135 2445 1187 2491 et
1217 2435 1365 2489 vobis
1407 2435 1459 2488 in
1497 2432 1767 2488 Catholica
1812 2439 1866 2486 et
1903 2431 2006 2486 illis
2043 2431 2154 2486 uoti

572 2531 738 2596 estis;
767 2545 866 2585 nec
891 2545 987 2584 nos
1012 2544 1106 2584 eos
1127 2527 1594 2598 reprehendamus,
1623 2541 1722 2581 nec
1743 2525 1818 2580 illi
1839 2539 1898 2580 se
1921 2525 2151 2595 palpent.

569 2621 679 2680 Nos
704 2621 934 2677 fatemur
963 2621 1013 2676 itt
1044 2621 1281 2676 Ecclesia
1310 2630 1364 2676 et
1391 2621 1560 2676 bonos
1586 2629 1640 2675 et
1677 2619 1846 2673 malos
1878 2633 2030 2683 esse,
2062 2617 2156 2673 sed

573 2724 820 2787 tanquam
847 2729 1004 2783 grana
1031 2723 1086 2768 el.
1112 2715 1335 2783 paleam.
1363 2711 1661 2782 Aliquando
1685 2713 1773 2780 qui
1803 2712 2096 2780 baptizatur
2123 2725 2153 2764 a

571 2823 767 2880 grano,
799 2807 947 2877 palea
975 2813 1089 2870 est;
1124 2813 1178 2860 et
1199 2806 1288 2873 qui
1319 2804 1611 2873 baptizatur
1647 2819 1676 2857 a
1719 2803 1864 2873 palea
1887 2843 1900 2865 ,
1931 2817 2155 2872 granum

572 2908 676 2956 est.
706 2897 952 2967 Alioquin
980 2897 1022 2950 si
1049 2895 1140 2965 qtti
1165 2895 1458 2964 baptizatur
1490 2912 1518 2946 a
1547 2909 1742 2965 gratio,
1782 2894 1956 2958 valet;
1987 2903 2041 2949 et
2065 2894 2155 2964 qui

571 2990 871 3062 baptizatur
895 3006 924 3042 a
952 2989 1096 3058 palea
1119 3029 1135 3053 ,
1163 3003 1268 3042 non
1296 2988 1432 3042 valet
1456 3007 1470 3042 :
1495 2987 1682 3042 falsum
1705 2996 1819 3051 est,
1853 2985 1950 3040 llic
1974 2995 2047 3042 est
2071 2987 2156 3055 qui

573 3082 813 3152 baptism.
840 3081 896 3136 Si
923 3090 1099 3135 autem
1118 3095 1304 3134 verum
1331 3087 1442 3143 est,
1477 3077 1576 3132 Hic
1603 3087 1671 3132 est
1699 3079 1784 3147 qui
1813 3077 2032 3143 baptizat
2059 3092 2078 3130 :
2103 3085 2157 3132 et

572 3174 714 3248 quod
743 3175 811 3228 ab
839 3173 927 3228 illo
949 3173 1141 3234 datur.
1173 3172 1345 3236 valet;
1377 3180 1431 3225 et
1457 3170 2020 3241 quomodmeolnmba,
2059 3170 2156 3225 ba-

574 3267 757 3339 ptizat.
786 3264 900 3321 Non
922 3265 1062 3319 enim
1091 3264 1260 3319 malus
1283 3263 1369 3318 ille
1393 3261 1636 3316 columba
1661 3272 1762 3326 est,
1790 3271 1881 3317 aut
1901 3263 1966 3317 ad
1991 3277 2157 3318 tuem-

574 3358 676 3415 bra
693 3357 950 3414 columba:
968 3356 1195 3426 pertinet
1218 3373 1231 3408 :
1256 3369 1354 3410 nec
1374 3353 1460 3410 hic
1481 3353 1770 3422 potestdici
1794 3355 1844 3409 iu
1863 3355 2152 3424 Catholica,

576 3465 679 3509 nec
701 3449 836 3522 apud
863 3450 999 3515 illos,
1023 3449 1066 3504 si
1089 3448 1161 3503 illi
1183 3447 1382 3512 dicunt,
1406 3447 1704 3502 columbam
1726 3461 1844 3502 esse
1864 3446 2154 3501 Ecclesiam

577 3554 750 3599 suam;
777 3541 911 3610 Quid
935 3555 1062 3611 ergo
1089 3539 1462 3608 intelligimus,
1495 3538 1716 3594 fratres?
1746 3538 2003 3606 Quoniam
2039 3553 2155 3592 ma-

575 3636 824 3692 nifestum
855 3645 956 3698 est,
984 3643 1038 3688 et
1069 3634 1318 3688 omnibus
1344 3641 1545 3696 uotum,
1574 3642 1628 3686 et
1659 3633 1704 3687 si
1738 3633 1904 3686 nolint
1930 3631 2154 3686 convin-

576 3737 770 3786 cuntur
794 3746 808 3780 :
830 3732 952 3798 quia
977 3735 1031 3783 et
1056 3725 1126 3781 ibi
1158 3725 1368 3796 quando
1402 3726 1531 3781 dant
1569 3726 1690 3779 mali
1711 3766 1725 3789 ,
1759 3741 1863 3780 non
1893 3733 2010 3795 post
2039 3725 2157 3779 illos

577 3823 909 3894 baptizatur;
940 3833 992 3876 et
1024 3820 1109 3876 hic
1135 3819 1345 3889 quando
1383 3819 1511 3874 dant
1549 3818 1705 3883 mali,
1747 3833 1852 3873 non
1893 3827 2010 3888 post
2037 3817 2158 3873 illos

578 3915 894 3986 baptizatur.
924 3913 1176 3969 Columba
1202 3925 1305 3965 nou
1334 3911 1564 3980 ltaptizat
1601 3917 1720 3979 post
1747 3923 1962 3964 corvum
1991 3927 2004 3964 :
2033 3923 2157 3964 cor-

578 4020 676 4060 vus
698 4019 863 4076 qttare
887 4005 998 4058 vult
1026 4003 1289 4070 baptizare
1314 4013 1435 4072 post
1457 3999 1793 4056 columbam?

653 4097 740 4152 l3.
785 4093 1285 4150 lntendatCharitas
1306 4102 1480 4148 vestra
1509 4110 1522 4146 :
1553 4102 1605 4146 ct
1639 4107 1802 4158 quare
1821 4091 2154 4161 designatum

579 4195 663 4244 est
690 4185 871 4244 tteSrio
896 4185 1020 4256 quid
1054 4199 1147 4254 per
1179 4184 1478 4240 columbam
1505 4226 1521 4249 ,
1551 4192 1604 4238 ut
1643 4183 1904 4254 baptizato
1938 4183 2160 4238 Domino

580 4281 785 4338 veniret
827 4278 1094 4343 columba,
1130 4277 1181 4331 id
1223 4287 1323 4342 est,
1367 4275 1594 4346 Spiritus
1633 4271 1847 4330 sanctus
1890 4275 1942 4329 itt
1984 4275 2162 4345 specie

582 4374 861 4435 columba-,
891 4379 947 4425 t-t
975 4379 1210 4424 maneret
1237 4385 1396 4438 super
1415 4385 1558 4433 etttn,
1590 4384 1710 4423 cum
1739 4370 1790 4422 in
1820 4367 2048 4423 adventu
2072 4383 2164 4422 co—

582 4463 778 4521 intuba:
804 4462 905 4515 ltoc
930 4472 1270 4529 cognosceret
1298 4460 1551 4522 Joannes,
1582 4459 1847 4527 prOpriaut
1879 4459 2163 4528 quamdam

585 4562 898 4625 potestatem
924 4551 974 4604 in
1006 4551 1227 4604 Domino
1247 4551 1311 4604 ad
1337 4549 1704 4619 baplilalldum
1721 4550 1744 4602 ?
1761 4548 1890 4615 Quia
1912 4565 2006 4619 per
2027 4549 2164 4606 hanc

589 4645 852 4714 ptopriam
887 4651 1222 4712 potestatem,
1245 4641 1380 4694 sicut
1399 4640 1524 4702 disi,
1554 4655 1653 4709 pax
1683 4640 1931 4696 Ecclesia:
1957 4640 2164 4696 firmata

588 4746 686 4796 est.
718 4735 784 4792 Et
816 4745 986 4803 potest
1013 4735 1122 4790 lieri
1151 4745 1207 4789 ut
1237 4734 1423 4788 habeat
1449 4734 1636 4804 aliquis
1674 4733 1997 4805 Baptismum
2032 4751 2165 4806 prte-

588 4837 669 4883 ter
696 4826 994 4882 columbam
1025 4843 1038 4878 :
1070 4834 1122 4879 ιιι
1151 4825 1316 4896 prosit
1343 4826 1390 4879 ei
1418 4825 1713 4894 Baptismus
1745 4836 1936 4896 prmter
1961 4828 2166 4883 Colum-

589 4917 708 4972 batn
733 4959 749 4983 ,
781 4931 883 4971 non
914 4924 1101 4987 potest.
1133 4915 1646 4970 lutendat‘Cbaritas
1675 4923 1850 4971 vestra
1875 4959 1890 4984 ,
1919 4927 1975 4973 et
2002 4918 2163 4974 intel-

588 5008 714 5080 ligat
747 5008 886 5077 quod
918 5006 1039 5062 dico
1079 5025 1093 5060 :
1137 5021 1258 5061 nam
1297 5014 1352 5061 et
1388 5006 1489 5060 ista
1531 5007 1984 5064 eircumventione
2023 5024 2166 5081 saepe

588 5099 848 5156 seducunt
884 5101 1074 5155 fratres
1122 5105 1335 5154 nostros
1379 5099 1468 5169 qui
1518 5098 1653 5169 pigri
1697 5107 1752 5154 et
1799 5097 1969 5172 frigidi
2019 5109 2162 5158 sunt.

586 5191 766 5250 Sitnus
809 5192 1156 5264 simpliciores
1187 5200 1242 5248 et
1278 5189 1644 5247 ferventiores.
1677 5191 1816 5248 Ecce
1838 5234 1855 5262 ,
1885 5193 2164 5265 inquiunt,

593 5302 696 5360 ego
733 5285 934 5357 accepi,
978 5302 1044 5340 an
1075 5300 1180 5341 non
1234 5284 1456 5356 accepi?
1495 5284 1833 5356 Respondeo,
1875 5288 2164 5359 Accepisti.

588 5381 645 5441 Si
674 5397 802 5455 ergo
827 5381 1030 5452 accepi,
1058 5396 1162 5436 non
1191 5389 1274 5436 est
1301 5379 1442 5452 quod
1472 5378 1600 5435 mihi
1626 5379 1751 5447 des;
1774 5395 1994 5438 securus
2024 5397 2165 5450 sum,

590 5477 752 5550 etiam
773 5472 1076 5533 testimonio
1097 5482 1187 5528 tuo
1209 5490 1224 5527 :
1245 5480 1299 5528 et
1317 5487 1416 5544 ego
1440 5473 1580 5528 enim
1609 5489 1694 5530 me
1724 5473 1845 5529 dico
1872 5475 2164 5546 accepisse,

591 5576 648 5624 et
657 5576 713 5622 tu
736 5582 821 5622 me
836 5565 1016 5622 fateris
1027 5563 1326 5634 accepisse;
1347 5564 1617 5635 utriusque
1633 5565 1808 5636 lingua
1825 5581 2068 5623 securum
2083 5583 2170 5624 me

595 5658 720 5714 facit
748 5676 760 5711 :
788 5657 910 5728 quid
933 5671 1060 5727 ergo
1079 5655 1202 5710 mihi
1225 5655 1522 5724 promittis?
1550 5672 1714 5726 quare
1735 5672 1820 5712 me
1840 5657 1919 5712 vis
1943 5657 2170 5714 catholi-

595 5768 714 5807 cum
731 5751 920 5815 facere,
935 5749 1144 5820 quando
1157 5763 1259 5802 tton
1275 5748 1399 5801 mihi
1414 5747 1608 5818 aliquid
1622 5750 1838 5804 daturus
1853 5765 1909 5804 es
1922 5753 2167 5820 amplius,

592 5855 651 5903 et
674 5861 758 5902 tne
768 5843 884 5914 jam
907 5843 1177 5915 accepisse
1200 5838 1384 5898 fateris
1407 5839 1550 5911 quod
1572 5850 1623 5898 te
1646 5839 1843 5898 habere
1867 5841 2033 5899 dicis?
2056 5843 2168 5916 Ego

1562 383 1632 441 IN
1665 379 1940 440 JOANNIS
1975 373 2438 442 EVANGELIUM,
2479 376 2538 432 S.
2561 377 2927 436 AUGUSTINI
3715 384 3828 446 1450

2265 499 2441 548 autent
2467 493 2680 564 quando
2703 494 2844 560 dico,
2865 494 3001 552 Veni
3027 495 3093 552 ad
3114 512 3222 566 me,
3249 497 3374 554 dico
3398 498 3524 570 quia
3553 514 3657 556 non
3681 500 3823 562 habes

2267 593 2322 641 tu
2348 628 2364 653 ,
2421 587 2512 660 qui
2561 587 2741 644 fateris
2789 588 2912 661 quia
2944 588 3134 646 habeo
3195 607 3209 645 :
3261 606 3432 663 quare
3485 592 3620 650 dicis
3644 635 3660 663 ,
3710 595 3826 655 Veni

2265 677 2332 735 ad
2362 679 2486 736 me?

2337 773 2424 830 ll.
2471 773 2634 830 Docet
2660 790 2758 832 nos
2779 776 3045 833 columba.
3075 777 3384 850 Respondet
3406 779 3554 836 enim
3583 779 3650 837 de
3669 784 3820 854 capite

2265 865 2506 936 Domini,
2537 877 2590 924 et
2614 868 2742 924 dicit
2773 887 2786 923 :
2821 869 3144 941 Baptismutn
3176 871 3339 928 habes
3359 916 3376 939 ,
3407 873 3720 932 charitatem
3746 893 3827 933 att-

2264 965 2370 1014 tem
2396 976 2497 1030 qua
2523 976 2678 1030 gemo
2704 976 2806 1016 non
2843 961 3027 1018 habes.
3069 964 3206 1032 Quid
3245 975 3328 1021 est
3360 965 3485 1033 hoc,
3530 967 3710 1039 ittqttit,
3739 971 3826 1027 Ba-

2262 1053 2513 1122 ptisntum
2535 1053 2724 1119 habeo,
2751 1054 3062 1112 charitatem
3093 1073 3198 1112 non
3230 1057 3438 1114 habeo?
3461 1061 3788 1120 Sacramenta
3809 1066 3826 1100 ⁸

2263 1142 2470 1212 habet),
2522 1157 2576 1200 et
2622 1148 2932 1204 charitatctn
2971 1151 3113 1204 non?
3167 1149 3282 1204 Noli
3323 1153 3594 1217 clamare;
3624 1157 3825 1216 ostende

2262 1239 2392 1293 mihi
2409 1239 2675 1310 quomodo
2695 1241 2885 1296 habeat
2900 1242 3232 1305 charitatcm,
3250 1245 3336 1312 qui
3359 1244 3552 1300 dividit
3573 1246 3824 1305 unitatem.

2263 1330 2395 1400 Ego,
2429 1331 2615 1402 inquit,
2641 1331 2810 1386 habeo
2841 1333 3186 1402 Baptismttm.
3215 1335 3411 1403 Habes,
3431 1337 3527 1392 sed
3552 1337 3826 1406 Baptismttl

2263 1420 2352 1476 ille
2376 1420 2491 1476 sine
2525 1422 2783 1477 eltaritate
2817 1423 2945 1478 nihil
2973 1424 3061 1478 tibi
3094 1424 3346 1494 prodest;
3373 1426 3501 1495 quia
3531 1427 3648 1483 sine
3669 1428 3826 1485 chari-

2262 1520 2370 1568 tate
2398 1525 2450 1569 tu
2484 1515 2612 1572 ttiltil
2636 1531 2715 1571 es.
2741 1517 2871 1572 Natu
2902 1519 3202 1590 Baptismus
3231 1522 3340 1588 ille,
3371 1523 3538 1578 etiam
3567 1503 3734 1580 illiut!
3751 1525 3826 1594 qui

2261 1607 2392 1661 nihil
2417 1617 2521 1672 est,
2549 1624 2653 1663 non
2681 1619 2763 1665 est
2793 1610 2918 1665 nihil
2943 1631 2956 1666 :
2985 1613 3246 1683 Baptisma
3269 1615 3468 1686 quippe
3498 1616 3626 1672 illttd
3646 1616 3826 1689 aliquid

2261 1708 2364 1764 est,
2391 1707 2445 1754 et
2476 1715 2722 1770 magnum
2749 1703 2946 1773 aliquid
2976 1714 3092 1766 est;
3120 1715 3337 1776 propter
3368 1707 3520 1762 illum
3550 1707 3618 1764 de
3643 1724 3743 1780 quo
3757 1708 3826 1764 di-

2260 1801 2402 1846 ctum
2430 1802 2530 1856 est,
2569 1793 2669 1847 llic
2704 1806 2776 1850 est
2803 1797 2888 1864 qui
2928 1795 3165 1869 baptizal.
3205 1798 3310 1855 Sed
3357 1815 3427 1854 ne
3471 1810 3685 1871 putares
3714 1800 3824 1857 illud

2260 1885 2400 1955 qttod
2431 1902 2675 1958 magnum
2702 1898 2805 1954 est,
2836 1889 2929 1944 tibi
2960 1891 3155 1962 aliquid
3187 1893 3452 1963 prodesse
3484 1909 3639 1962 posse
3662 1894 3705 1948 si
3732 1910 3822 1952 non

2261 1975 2423 2032 fueris
2441 1978 2491 2031 itt
2509 1979 2731 2046 unitate,
2755 1995 2914 2050 super
2933 1983 3249 2050 baptizatum
3271 1985 3523 2039 columba
3545 1984 3822 2050 descendit.

2264 2075 2510 2137 tanquam
2539 2069 2723 2125 dicens
2765 2090 2779 2126 :
2810 2071 2864 2126 Si
2894 2073 3216 2142 Baptismum
3264 2075 3433 2130 habes
3455 2117 3471 2139 .
3500 2085 3618 2132 esto
3661 2076 3710 2130 itt
3745 2091 3825 2132 eo-

2260 2157 2434 2213 lutttba
2459 2201 2475 2223 ,
2505 2175 2573 2215 ne
2602 2176 2705 2215 non
2739 2161 2828 2217 tibi
2859 2165 3025 2233 prosit
3053 2165 3192 2235 quod
3224 2165 3413 2221 habes.
3457 2167 3592 2222 Vetti
3630 2183 3747 2238 ergo
3768 2169 3824 2225 ad

2259 2251 2582 2320 columbam,
2605 2253 2827 2310 dicimus
2857 2275 2869 2310 :
2895 2273 3001 2312 non
3029 2267 3085 2314 ιιι
3107 2259 3326 2329 incipias
3354 2261 3559 2318 habere
3583 2263 3822 2333 quodnon

2259 2342 2494 2400 habebas
2517 2389 2531 2413 ,
2563 2348 2657 2402 sed
2687 2357 2744 2404 ut
2773 2349 3025 2418 prodesse
3054 2351 3144 2407 tibi
3177 2352 3395 2422 incipiat
3423 2355 3568 2425 quod
3593 2353 3822 2410 habebas.

2260 2433 2413 2489 Foris
2438 2438 2579 2492 enim
2611 2438 2839 2495 habebas
2880 2441 3207 2510 Baptisntum
3242 2443 3308 2498 ad
3338 2445 3632 2514 perniciem
3661 2464 3674 2499 :
3703 2445 3825 2500 intus

2260 2526 2306 2582 si
2332 2525 2600 2595 habueris,
2630 2531 2812 2599 incipit
2843 2531 3096 2601 prodesse
3118 2533 3187 2588 ad
3211 2535 3439 2592 salutem

2333 2624 2420 2679 l5.
2460 2623 2574 2678 Non
2604 2624 2746 2678 enim
2776 2633 2975 2678 tantum
3004 2625 3099 2680 tibi
3130 2642 3234 2680 non
3257 2629 3518 2698 proderat
3541 2629 3821 2701 Baptisms,

2259 2724 2314 2772 et
2341 2715 2627 2770 nonetiam
2654 2715 2856 2771 oberat.
2887 2717 2952 2771 Et
2980 2727 3160 2774 saneta
3183 2729 3409 2789 possunt
3429 2721 3618 2778 obesse
3643 2740 3656 2776 :
3678 2722 3727 2778 in
3749 2720 3826 2776 ιιο-

2259 2809 2343 2873 nis
2371 2809 2512 2863 enim
2557 2818 2737 2864 saneta
2766 2809 2833 2865 ad
2873 2810 3100 2866 salutem
3139 2811 3349 2876 insunt;
3394 2814 3446 2869 in
3479 2814 3630 2871 malis
3663 2813 3726 2869 ad
3747 2812 3821 2882 ju-

2260 2899 2474 2954 dicium.
2503 2899 2662 2955 Certe
2697 2901 2839 2956 enim
2865 2943 2880 2967 ,
2923 2901 3112 2957 fratres
3135 2943 3150 2968 ,
3182 2904 3434 2960 novimus
3462 2905 3588 2976 quid
3615 2903 3820 2973 accipia-

2259 3006 2399 3056 mus,
2427 2998 2481 3047 et
2508 2992 2686 3062 utique
2711 3001 2950 3048 sanctum
2977 3004 3060 3049 est
3082 2996 3223 3066 quod
3249 2997 3576 3067 accipimus,
3608 3007 3660 3053 et
3687 3009 3823 3052 nemo

2259 3080 2390 3137 dicit
2411 3122 2428 3149 ,
2457 3097 2563 3138 non
2587 3098 2706 3139 esse
2735 3093 2974 3140 sanctum
3006 3103 3020 3140 :
3047 3095 3102 3142 et
3126 3087 3251 3157 quid
3277 3089 3351 3143 ait
3384 3088 3710 3160 Apostolus?
3737 3085 3823 3152 Qui

2261 3183 2429 3228 autem
2455 3176 2727 3229 manducet
2751 3186 2798 3230 et
2824 3176 2942 3230 bibit
2967 3178 3171 3248 indigne
3189 3221 3202 3243 ,
3225 3179 3484 3249 judicium
3511 3181 3604 3235 sibi
3633 3175 3823 3232 mandu-

2260 3275 2341 3318 cat
2365 3275 2409 3319 et
2437 3265 2557 3320 bibit
2593 3266 2635 3338 (l
2660 3265 2778 3322 Cor.
2810 3283 2862 3322 XI
2886 3310 2901 3334 ,
2929 3268 3044 3339 29).
3073 3268 3188 3324 Nott
3216 3269 3290 3324 ait
3320 3272 3445 3340 quia
3478 3271 3567 3326 illa
3595 3285 3678 3326 res
3704 3266 3822 3324 mala

2261 3365 2342 3410 est
2371 3375 2384 3411 :
2412 3357 2504 3412 sed
2524 3357 2644 3427 quia
2667 3359 2755 3415 ille
2774 3359 2967 3427 malus,
2996 3360 3132 3414 male
3151 3361 3486 3431 accipiendo,
3509 3362 3574 3417 ad
3591 3359 3823 3432 judicium

2261 3447 2453 3518 accipit
2494 3447 2691 3504 bonum
2733 3450 2873 3521 quod
2911 3451 3123 3521 accipit.
3168 3450 3305 3506 Num
3353 3453 3504 3508 enim
3549 3453 3681 3508 mala
3724 3454 3824 3507 erat

2261 3539 2500 3596 buccella
2546 3557 2665 3612 quae
2718 3542 2906 3597 tradita
2952 3552 3036 3598 est
3083 3543 3233 3599 Iuda:
3282 3559 3313 3597 a
3365 3545 3596 3600 Domino
3644 3540 3820 3615 (Joatt.

2265 3649 2358 3690 χιιι
2385 3676 2400 3700 ,
2429 3633 2558 3704 26)?
2585 3634 2754 3690 Absit.
2799 3635 3030 3690 Medicus
3077 3651 3182 3690 non
3227 3636 3379 3692 daret
3409 3653 3664 3692 venenum
3702 3653 3715 3690 :
3749 3647 3822 3688 sa-

2263 3724 2428 3779 lutem
2458 3724 2694 3780 medicus
2716 3724 2900 3790 dedit;
2929 3725 3022 3780 sed
3049 3725 3260 3796 indigne
3279 3727 3611 3798 accipiendo,
3636 3725 3822 3802 adpeto

2263 3817 2454 3873 niciem
2491 3818 2692 3886 accepit
2720 3815 2808 3888 qhi
2852 3831 2957 3871 non
3001 3827 3218 3886 pacatus
3245 3821 3474 3888 accepit.
3515 3818 3604 3874 Sic
3641 3829 3758 3886 ergo
3777 3819 3824 3869 et

2263 3910 2350 3980 qui
2378 3909 2694 3981 baptizatur.
2718 3910 2900 3965 Habeo
2919 3951 2935 3976 ,
2971 3911 3166 3982 inquit,
3200 3910 3348 3965 mihi.
3384 3911 3610 3975 Fateor,
3638 3908 3820 3963 habes:

2264 4000 2485 4055 observa
2514 4001 2654 4071 quod
2684 4001 2880 4064 habes;
2908 4015 2973 4056 eo
2999 4001 3113 4070 ipso
3136 4000 3276 4072 quod
3304 3993 3470 4058 habes
3491 3996 3823 4056 daumaberis.

2264 4092 2474 4160 Quare?
2501 4092 2633 4159 Quia
2665 4107 2776 4147 rem
2812 4091 3074 4146 coluutbm
3108 4100 3298 4160 przetcr
3325 4092 3627 4148 columbam
3657 4087 3820 4143 habes.

2265 4182 2318 4238 Si
2350 4198 2461 4237 rem
2491 4183 2748 4238 columbae
2789 4182 2840 4236 iu
2885 4182 3125 4237 columba
3155 4181 3370 4250 habeas,
3406 4200 3622 4241 securus
3654 4179 3818 4235 habes.

2266 4273 2395 4328 Puta
2436 4283 2488 4328 te
2513 4289 2633 4329 esse
2671 4274 2954 4328 militarem
2986 4291 2998 4326 :
3031 4275 3074 4328 si
3107 4273 3471 4331 characterem
3513 4268 3822 4344 imperatoris

2267 4365 2342 4420 tui
2371 4366 2512 4420 intus
2547 4365 2763 4431 habeas,
2811 4380 3028 4420 securus
3065 4366 3295 4431 utilitas;
3345 4367 3390 4420 si
3434 4377 3580 4422 extra
3625 4363 3819 4422 habeas.

2267 4473 2372 4512 non
2398 4458 2564 4512 solum
2595 4457 2686 4512 tibi
2711 4458 2776 4513 ad
2804 4459 3043 4514 militiam
3071 4474 3176 4513 non
3201 4459 3416 4529 prodest
3437 4461 3709 4515 character
3727 4451 3819 4514 ille.

2267 4549 2359 4604 sed
2387 4550 2544 4604 etiam
2570 4565 2669 4620 pro
2697 4549 2970 4606 desertore
2999 4551 3252 4621 punieris.
3287 4550 3414 4606 Vetti
3441 4567 3587 4622 ergo,
3619 4546 3750 4612 veni,
3776 4547 3825 4598 et

2267 4643 2374 4698 noli
2405 4642 2584 4698 dicere
2617 4660 2630 4697 :
2661 4642 2775 4699 Jatn
2804 4642 2972 4698 habeo
2991 4683 3007 4709 ,
3031 4642 3137 4712 iam
3166 4642 3358 4697 sul'lieit
3385 4643 3534 4698 mihi.
3565 4639 3689 4695 Veni
3711 4652 3725 4702 ;
3745 4647 3824 4689 co-

2268 4735 2445 4791 lumba
2470 4744 2521 4791 te
2547 4744 2720 4803 vocat,
2741 4734 3001 4806 gemeudo
3025 4745 3078 4790 te
3101 4745 3274 4789 vocat.
3303 4733 3518 4790 Fratres
3546 4732 3665 4797 mei,
3688 4724 3820 4782 vobis

2267 4827 2417 4890 dico;
2446 4827 2705 4900 gemendo
2731 4837 2914 4884 vocate
2935 4867 2951 4893 ,
2979 4842 3083 4883 non
3111 4826 3331 4882 rixando
3367 4846 3380 4882 :
3411 4833 3594 4883 vocate
3619 4817 3820 4879 orando.

2269 4929 2455 4976 vocate
2497 4919 2784 4985 iuvitando,
2822 4927 3006 4974 vocate
3045 4917 3367 4988 jejunando;
3413 4918 3481 4974 de
3527 4914 3773 4972 charitate
3801 4905 3820 4937 '

2271 5013 2702 5085 intelligantquia
2728 5012 2920 5068 doletis
2948 5012 3088 5067 illos.
3120 5011 3234 5067 Non
3265 5011 3470 5079 dubito,
3503 5011 3686 5066 fratres
3711 4997 3819 5062 ntt'i.

2272 5109 2395 5179 quia
2439 5109 2484 5161 si
2521 5107 2734 5162 videant
2773 5105 3014 5161 dolorem
3055 5113 3316 5169 vestrum,
3356 5103 3752 5161 confundentur,
3779 5097 3825 5179 et

2272 5177 2606 5252 reviviscent.
2641 5196 2771 5252 Vetti
2815 5210 2942 5267 ergo
2965 5237 2979 5261 ,
3002 5195 3124 5250 veni
3165 5214 3179 5249 :
3227 5196 3333 5250 noli
3378 5195 3603 5256 timere;
3631 5189 3748 5245 time
3783 5177 3824 5235 si

2275 5301 2380 5343 non
2404 5287 2552 5342 venis
2584 5306 2597 5342 :
2629 5288 2736 5342 imo
2771 5303 2878 5342 non
2924 5288 3071 5354 time,
3101 5286 3195 5343 sed
3220 5288 3432 5359 plange.
3463 5283 3614 5348 Veni,
3643 5272 3822 5351 gaude-

2275 5383 2357 5437 bis
2403 5380 2449 5436 si
2497 5383 2707 5436 veneris
2755 5399 2768 5435 :
2815 5396 2996 5451 gemes
3039 5382 3257 5453 quidem
3315 5381 3367 5436 itt
3426 5367 3826 5436 tribulationibus

2277 5474 2746 5546 ρετθει·ῐηθιίοηῑε;
2791 5475 2886 5530 Sed
2921 5474 3198 5546 gaudebis
3224 5475 3276 5531 in
3315 5490 3429 5546 spe.
3481 5468 3610 5528 Veni
3644 5461 3728 5520 ubi
3753 5460 3825 5514 est

2276 5565 2519 5624 columba
2543 5605 2558 5630 ,
2587 5563 2673 5620 cui
2697 5563 2892 5618 dictum
2919 5573 3000 5619 est
3020 5607 3035 5630 ,
3069 5564 3185 5621 Una
3208 5574 3281 5621 est
3310 5563 3538 5621 columba
3565 5569 3672 5614 mea
3691 5593 3707 5621 ο
3734 5556 3825 5604 ⁸³³⁵

2342 5729 2357 5760 ι
2379 5726 2514 5785 Editi,
2538 5731 2904 5776 sacranwntum.
2926 5730 3051 5784 Mss.,
3074 5733 3390 5778 sacramenta.

2340 5792 2360 5822 ι
2381 5761 2517 5854 Elii}:
2538 5761 3058 5854 ZBEhié'3‘éfiiiibii53’iyi
3074 5761 3399 5854 ἷῆἶὶἐὲἑὶιῗὲῗίὶ
3420 5794 3526 5838 uss.
3556 5761 3826 5854 μειερειιάι

2526 5832 2553 5912 ;’
2569 5832 3064 5908 aestimatam
3075 5832 3544 5914 jejawoime
3553 5845 3614 5896 αδ
3627 5832 3794 5906 μηδ’
