4036 6382
238 363 366 426 “33

241 489 316 540 αι
351 474 495 533 matri
534 479 659 530 sua.
706 469 1020 528 Columbam
1060 482 1218 524 unam
1260 464 1410 522 vides
1455 481 1614 536 super
1653 473 1811 536 caput

241 571 459 637 Christi,
503 569 708 640 linguas
753 580 861 621 non
900 563 1046 619 vides
1087 563 1139 617 in
1179 570 1293 616 toto
1337 559 1466 616 orbe
1511 547 1811 614 terrarum?

245 667 380 724 Idem
405 661 632 734 Spiritus
658 674 755 730 per
782 657 1100 719 columbam,
1131 653 1269 708 idem
1293 661 1347 707 et
1375 667 1469 722 per
1495 651 1699 722 linguas
1726 668 1737 702 :
1765 649 1810 705 si

242 773 338 832 per
368 752 661 812 columbam
702 749 842 805 idem
886 747 1154 818 Spiritus,
1199 752 1254 799 et
1296 758 1392 814 per
1426 742 1631 813 linguas
1674 741 1812 796 idem

239 850 457 923 Spiritus
477 889 494 914 ,
519 845 746 917 Spiritus
781 853 993 900 sanctus
1023 839 1138 895 orbi
1177 847 1438 894 terrarum
1470 838 1487 868 ί
1517 836 1670 890 datus
1695 844 1809 903 est,

243 959 275 999 ιι
300 956 401 1016 quo
423 949 472 996 te
498 935 803 1010 praecidisti,
833 944 888 989 ιιι
912 934 1108 989 clames
1134 945 1257 986 cum
1285 943 1468 995 corvo,
1499 943 1604 982 non
1636 937 1691 982 ut
1719 943 1813 998 ge-

255 1051 369 1091 mas
394 1048 511 1088 eum
536 1029 805 1086 columba.
837 1026 970 1082 Veni
998 1041 1148 1097 ergo.

314 1127 400 1184 16.
437 1124 539 1182 Sed
570 1123 828 1178 sollicitus
863 1135 923 1175 es
957 1118 1092 1174 forte
1115 1160 1131 1184 ,
1160 1125 1215 1172 et
1240 1116 1374 1172 dicis
1406 1134 1420 1170 :
1457 1114 1610 1169 Foris
1641 1114 1814 1184 bapti-

241 1230 409 1283 zatus,
439 1218 596 1273 timeo
623 1231 688 1269 ne
717 1213 840 1268 inde
865 1213 962 1266 sim
994 1226 1134 1271 rcus,
1162 1210 1282 1281 quia
1315 1208 1443 1262 foris
1471 1206 1671 1275 accepi.
1700 1205 1816 1260 iam

242 1311 444 1383 cepisti
467 1320 788 1378 Cognoscere
807 1303 930 1374 quid
957 1303 1275 1373 gemendum
1302 1299 1372 1352 sit
1401 1316 1413 1352 :
1447 1314 1629 1352 verum
1662 1297 1814 1363 dicis,

243 1405 366 1477 quia
394 1417 513 1459 rens
536 1415 627 1464 es;
658 1413 762 1453 non
793 1397 913 1467 quia
940 1394 1212 1465 accepisti,
1240 1392 1331 1448 sed
1363 1392 1484 1462 quia
1515 1389 1642 1444 foris
1667 1405 1820 1444 acce-

242 1496 387 1570 pisti.
412 1495 554 1549 Tene
582 1507 708 1562 ergo
748 1488 888 1560 quod
931 1486 1201 1556 accepisti,
1242 1483 1467 1540 emenda
1508 1481 1647 1553 quod
1695 1481 1820 1536 foris

242 1584 490 1656 accepisti
513 1602 526 1638 :
546 1580 794 1651 accepisti
822 1594 934 1634 rem
956 1575 1237 1639 columbae,
1264 1582 1457 1644 praeter
1477 1573 1778 1627 columbam
1803 1589 1816 1624 :

241 1679 352 1736 duo
376 1686 492 1732 sunt
519 1691 635 1747 qu'e
663 1671 848 1734 audis;
880 1668 1164 1738 Accepisti,
1192 1677 1264 1732 et,
1295 1667 1492 1718 Prmtcr
1517 1663 1816 1718 columbam

242 1771 534 1842 accepisti:
576 1766 716 1838 quod
754 1763 1044 1834 accepisti,
1085 1761 1350 1832 approbo;
1393 1759 1512 1829 quia
1555 1757 1682 1811 toris
1725 1771 1818 1812 ac-

243 1863 450 1935 cepisti,
479 1859 739 1930 improbo.
771 1856 917 1910 Tene
946 1869 1072 1922 ergo
1101 1850 1239 1921 quod
1272 1850 1550 1917 accepisti;
1577 1864 1680 1902 non
1709 1863 1824 1901 mu-

246 1965 418 2018 tatur,
450 1951 539 2008 sed
569 1949 875 2021 agnoscitur
905 1966 918 2001 :
947 1945 1222 2000 character
1245 1952 1326 1997 est
1351 1941 1508 2011 [legis
1539 1941 1639 1994 mei
1667 1982 1680 1999 .
1718 1956 1822 1994 ιιοιι

249 2062 344 2102 ero
388 2043 707 2112 sacrilegus;
762 2038 970 2108 corrigo
1024 2035 1392 2100 desertorem,
1445 2048 1552 2086 non
1603 2033 1824 2086 innnuto

255 2137 602 2193 characterem
614 2175 626 2188 .

324 2229 407 2283 17.
441 2225 549 2280 Noli
575 2225 644 2280 de
673 2223 991 2291 Baptismate
1029 2219 1282 2290 gloriari,
1317 2217 1438 2288 quia
1468 2216 1620 2281 dico,
1653 2215 1823 2281 ipsum

248 2327 357 2384 est;
383 2332 509 2373 ecce
534 2317 674 2380 dico,
703 2315 874 2383 ipsum
902 2321 1016 2375 est;
1049 2319 1153 2364 tota
1179 2310 1449 2365 Catholica
1475 2307 1622 2366 dicit.
1651 2307 1823 2376 ipsum

245 2420 326 2466 est
367 2429 384 2466 :
415 2408 642 2463 advertit
666 2405 908 2462 colmnba
936 2445 950 2465 ,
982 2412 1034 2457 et
1063 2401 1340 2473 agnoscit,
1381 2410 1434 2454 ct
1463 2399 1623 2467 gemit
1649 2440 1662 2460 ,
1705 2399 1827 2465 quia

246 2504 416 2574 ipsum
453 2501 578 2556 loris
611 2500 807 2558 habes;
843 2497 982 2552 videt
1027 2496 1095 2550 ibi
1123 2494 1260 2562 quod
1289 2502 1538 2563 agnoscat
1563 2535 1576 2553 ,
1607 2492 1745 2546 videt
1776 2499 1831 2546 et

245 2593 379 2666 quod
411 2592 662 2659 corrigat.
695 2591 866 2660 Ipsum
897 2597 977 2643 est
997 2630 1012 2652 ,
1040 2586 1180 2641 veni.
1213 2585 1470 2640 Gloriaris
1499 2585 1617 2654 quia
1656 2585 1827 2652 ipsum

247 2697 342 2748 est.
375 2695 431 2741 et
460 2701 567 2740 non
593 2685 672 2738 vis
705 2682 928 2736 venire?
955 2680 1088 2748 Quid
1131 2694 1258 2748 ergo
1287 2679 1430 2739 tnali,
1458 2679 1542 2746 qui
1576 2693 1678 2730 non
1709 2692 1827 2744 per-

248 2780 411 2834 tinent
442 2776 509 2831 ad
538 2773 872 2830 columbam?
905 2773 988 2824 Ait
1009 2771 1099 2824 tibi
1131 2770 1374 2822 columba
1405 2786 1418 2821 :
1453 2769 1514 2822 Et
1543 2769 1661 2821 nidi
1692 2767 1830 2822 inter

247 2887 372 2942 quos
397 2884 558 2940 genio
581 2910 596 2930 ,
626 2866 713 2935 qui
754 2880 856 2918 non
899 2863 1163 2931 pertinent
1207 2861 1270 2913 ad
1317 2859 1551 2913 membra
1589 2874 1702 2911 mea
1731 2898 1745 2920 ,
1777 2867 1834 2912 ct

245 2975 467 3016 necessia
496 2967 579 3012 est
608 2967 664 3009 ιιι
690 2956 828 3009 inter
855 2953 972 3007 illos
1002 2966 1233 3020 gemam,
1269 2965 1442 3002 nonne
1471 2950 1663 3002 habent
1689 2947 1830 3016 quod

248 3063 296 3108 te
320 3053 522 3108 habere
559 3047 846 3118 gloriaris?
875 3061 1052 3100 nonne
1097 3043 1246 3097 multi
1274 3043 1465 3096 ebriosi
1505 3041 1697 3095 habent
1730 3040 1832 3094 Ba-

249 3145 498 3216 ptismutn
517 3142 542 3194 ἲ
569 3155 743 3195 nonne
765 3138 911 3193 multi
943 3137 1120 3190 avari?
1144 3151 1318 3188 nonne.
1349 3133 1498 3186 multi
1519 3131 1830 3198 idololatrm,

249 3246 299 3292 et
318 3234 463 3306 quod
483 3241 566 3287 est
591 3231 759 3300 pejus,
792 3227 1004 3283 furtim?
1027 3242 1202 3281 nonne
1225 3225 1414 3294 l’agani
1440 3224 1502 3276 ad
1529 3223 1662 3276 idola
1685 3232 1833 3286 eunt,

253 3329 329 3382 vel
355 3328 512 3382 ibant
548 3321 792 3395 publice?
821 3335 960 3374 nunc
1000 3317 1202 3372 occulte
1239 3314 1522 3370 Christiani
1555 3313 1836 3382 sortilegos

250 3428 514 3491 qua-runt,
547 3412 1277 3478 mathematicosconsulunt.
1313 3407 1376 3461 Et
1401 3407 1484 3460 isti
1515 3405 1710 3461 habent
1737 3405 1836 3458 Ba-

253 3515 524 3586 ptismmn,
555 3507 648 3565 sed
681 3505 922 3562 columba
949 3503 1112 3572 gemit
1137 3502 1274 3556 inter
1299 3513 1509 3554 corvos.
1543 3495 1678 3563 Quid
1710 3509 1839 3566 ergo

251 3607 450 3678 gaudes
477 3647 495 3671 ,
521 3603 639 3674 quia
673 3599 874 3654 habes?
902 3598 1003 3651 hoc.
1032 3595 1194 3651 habes
1218 3592 1359 3663 quod
1387 3590 1544 3645 habet
1565 3598 1619 3645 ct
1645 3589 1835 3641 malus.

255 3699 444 3754 habeto
459 3695 833 3754 humilitatem,
851 3688 1182 3749 charitatcnt,
1201 3699 1380 3751 pacem
1404 3701 1416 3737 ε
1437 3681 1627 3735 habeto
1644 3680 1838 3734 bonum

254 3791 382 3864 quod
412 3787 653 3844 nondum
682 3785 875 3847 habes,
896 3789 951 3834 nt
970 3779 1133 3849 prosit
1160 3775 1251 3831 tibi
1269 3776 1462 3829 bonum
1494 3773 1630 3843 quod
1655 3771 1837 3826 babes.

321 3881 406 3938 i8.
449 3878 588 3934 Nam
633 3875 772 3946 quod
817 3873 1020 3934 habes,
1063 3867 1242 3922 ltabuit
1284 3875 1339 3920 et
1381 3865 1561 3920 Simon
1607 3875 1836 3931 magus:

257 3974 413 4028 Actus
453 3967 831 4039 Apostolorum
878 3971 1038 4016 testes
1067 3969 1186 4012 sunt
1211 3997 1225 4022 ,
1259 3956 1348 4010 ille
1393 3954 1525 4008 liber
1555 3949 1842 4006 canonicus

258 4064 391 4119 omni
437 4075 584 4115 anno
623 4059 674 4112 in
709 4055 941 4111 Ecclesia
982 4049 1303 4106 recitandus.
1345 4044 1716 4100 Anniversaria
1747 4055 1837 4096 so-

260 4155 534 4211 lemnitate
565 4159 687 4222 post
715 4148 1010 4219 passionem
1044 4141 1250 4198 Domini
1284 4140 1452 4194 nostis
1479 4137 1620 4191 illum
1651 4135 1840 4188 hbrum

262 4247 492 4310 recitari,
517 4243 606 4298 ubi
633 4241 885 4310 scriptum
909 4245 990 4291 est
1009 4232 1276 4305 quomodo
1301 4244 1590 4286 conversus
1610 4226 1681 4281 sit
1703 4227 1844 4296 Apo-

262 4341 462 4404 stulus,
510 4345 566 4391 et
622 4350 684 4390 ex
738 4338 1078 4402 persecutore
1128 4325 1442 4395 pra'dieatur
1491 4319 1658 4374 factus
1707 4317 1840 4389 (Act.

265 4446 348 4494 ιι,
380 4425 544 4499 1-30)
578 4443 590 4477 :
621 4425 705 4478 ubi
729 4423 888 4479 etiam
919 4419 1006 4474 die
1035 4417 1376 4472 Pentecostcs
1405 4413 1596 4467 missus
1623 4418 1706 4465 est
1727 4409 1846 4479 Spi-

265 4523 387 4578 ritus
411 4529 632 4575 sanctus
654 4518 705 4570 in
729 4514 920 4584 linguis
945 4510 1129 4565 divisis
1152 4509 1297 4561 velut
1318 4506 1451 4576 ignis
1480 4502 1587 4576 (Id.
1619 4518 1676 4568 tt,
1704 4501 1841 4572 ιρι).

267 4612 335 4669 lbi
363 4612 590 4682 legimus
615 4607 809 4662 multos
846 4601 1136 4658 credidisse
1176 4599 1228 4652 in
1254 4593 1490 4652 Samaria
1533 4609 1627 4664 per
1656 4590 1847 4662 praedi-

268 4707 525 4760 cationem
572 4697 802 4768 Philippi
843 4713 856 4749 :
898 4691 1211 4762 intelligitur
1237 4696 1415 4741 autem
1451 4686 1563 4740 sive
1607 4699 1743 4738 unus
1779 4697 1846 4737 ex

271 4796 555 4868 Apostolis,
584 4792 698 4846 sive
720 4805 787 4845 ex
817 4784 1054 4842 diaconis
1076 4799 1091 4848 ;
1115 4781 1238 4852 quia
1268 4787 1471 4850 septem
1501 4775 1572 4831 ibi
1595 4775 1847 4829 diaconos

271 4865 488 4960 legimus
513 4883 786 4940 ordinatos
807 4922 821 4943 ,
853 4881 992 4933 inter
1018 4889 1151 4946 quos
1180 4881 1263 4929 est.
1301 4871 1460 4926 etiam
1499 4884 1690 4924 nomen
1721 4865 1845 4921 Phi-

270 4980 390 5053 lippi
419 4977 532 5052 (Id.
561 4993 613 5031 Vl
638 5017 653 5042 ,
685 4973 829 5044 3-6).
859 4972 961 5026 Pcr
986 4967 1213 5037 Philippi
1251 4979 1378 5036 ergo
1419 4961 1847 5053 praedicationem

273 5052 605 5128 crediderunt
626 5064 901 5123 Samarita:
925 5081 940 5125 ;
969 5061 1207 5117 Samaria
1233 5057 1394 5126 carpit
1421 5053 1691 5108 abundare
1715 5052 1848 5106 tide-

275 5161 403 5218 libus
427 5180 441 5216 :
470 5161 543 5216 ibi
572 5168 686 5214 erat
709 5157 807 5211 iste
836 5155 1020 5209 Simon
1047 5166 1262 5221 magus;
1291 5165 1384 5219 per
1404 5146 1635 5216 magicas
1665 5144 1849 5198 factio-

278 5270 365 5311 nes
405 5269 530 5310 suas
578 5251 981 5306 dementaverat
1026 5244 1308 5314 populum,
1342 5249 1400 5295 ut
1440 5255 1560 5292 eum
1601 5237 1851 5291 virtutem

282 5347 368 5404 Dei
394 5355 636 5420 putarent
662 5363 673 5398 :
696 5349 994 5398 commotus
1020 5348 1195 5393 tamen
1219 5335 1381 5406 signis
1407 5348 1525 5404 qua:
1553 5345 1582 5385 a
1607 5330 1853 5401 Philippo

283 5438 499 5508 ﬁebant,
529 5439 689 5495 etiam
729 5435 842 5505 ipse
881 5429 1134 5495 credidit;
1162 5426 1258 5483 sed
1295 5422 1560 5497 quomodo
1591 5421 1704 5492 ipse
1735 5436 1854 5476 cre-

285 5529 499 5596 diderit,
537 5526 833 5602 posteriora
869 5520 1143 5593 sequentia
1188 5518 1688 5573 demonstraverunt
1720 5529 1732 5565 :
1761 5511 1854 5566 ba-

287 5623 500 5695 ptizatus
521 5631 604 5678 est
630 5627 812 5674 autem
836 5623 891 5671 et
914 5614 1119 5672 Simon.
1146 5611 1439 5667 Audierunt
1464 5607 1564 5662 hoc
1588 5605 1851 5679 Apostoli,

347 5757 502 5819 [miti
525 5771 539 5808 :
563 5755 773 5819 Spiritus
804 5756 995 5805 metu:
1025 5763 1111 5816 per
1159 5747 1323 5799 orbem
1353 5751 1612 5797 terrarum.
1638 5749 1692 5794 At
1709 5749 1816 5794 uss.
1835 5778 1850 5805 ,

289 5817 391 5873 ubi
401 5817 656 5873 terrentia.

1396 347 1804 408 TRACTATUS
1852 349 1941 406 Vl.
1979 349 2204 410 CAPUT
2240 353 2281 409 ι.

3346 360 3496 429 ΗΜ,

1917 469 2006 540 qui
2049 479 2202 525 erant
2237 468 2575 536 Jerusalem;
2604 470 2752 525 missi
2789 478 2914 526 sunt
2955 470 3020 525 ad
3064 471 3181 527 illos
3223 470 3412 529 Petrus
3443 483 3497 532 et

1918 560 2172 628 Joannes,
2197 561 2510 618 invenerunt
2537 564 2728 617 multos
2755 563 3082 633 baptizatos:
3106 574 3159 618 et
3183 564 3302 634 quia
3325 565 3500 624 nullus

1921 653 2155 724 ipsorum
2203 654 2377 709 adhuc
2427 664 2705 725 acceperat
2747 655 3000 725 Spiritum
3053 665 3316 719 sanctum,
3363 657 3500 713 sicut

1921 753 2050 801 tunc
2093 745 2467 809 descendebat,
2512 747 2577 800 ad
2627 746 3009 802 ostendendam
3057 745 3500 819 significationem

1921 839 2154 909 gentium
2180 840 2588 905 crediturarum,
2612 852 2667 894 ιιι
2697 841 2889 911 linguis
2916 842 3256 910 loquerentur
3286 842 3338 896 itt
3367 856 3502 912 quos

1922 931 2278 986 descendebat
2308 931 2534 1000 Spirittts
2577 941 2790 986 sanctus
2815 948 2829 997 ;
2860 934 3225 1003 imposuerunt
3253 932 3354 988 illis
3386 949 3502 988 ma-

1923 1039 2024 1078 nus
2052 1033 2266 1078 orantes
2297 1041 2389 1094 pro
2415 1026 2513 1092 eis,
2536 1034 2591 1080 et
2615 1038 2936 1096 acceperunt
2958 1026 3211 1097 Spiritum
3237 1037 3500 1083 sanctum.

1923 1117 2105 1174 Sitttou
2139 1119 2248 1182 ille,
2291 1119 2377 1188 qui
2426 1135 2528 1172 non
2573 1129 2690 1174 erat
2730 1120 2778 1173 in
2822 1119 3056 1174 Ecclesia
3095 1120 3360 1185 columba,
3406 1119 3500 1174 sed

1924 1226 2132 1275 Corvus,
2158 1214 2276 1280 quia
2301 1227 2361 1264 ea
2383 1228 2500 1282 qua:
2523 1227 2614 1265 sua
2640 1222 2760 1265 sunt
2787 1213 3080 1282 qua-rebat,
3112 1229 3215 1266 non
3236 1229 3355 1283 quze
3375 1211 3504 1268 .lesu

1924 1303 2118 1358 Christi
2143 1302 2396 1375 (Philipp.
2421 1319 2476 1364 tt,
2500 1302 2621 1374 2i);
2649 1304 2787 1358 ttnde
2813 1305 2862 1358 in
2878 1303 3194 1359 ChriStianis
3216 1307 3505 1374 potentiam

1928 1394 2094 1462 magis
2119 1404 2388 1449 amaverat
2425 1410 2580 1465 quam
2609 1396 2890 1461 justitiam,
2933 1397 3062 1450 vidit
3090 1413 3182 1466 per
3209 1396 3506 1466 itnpositio-

1927 1498 2048 1538 nem
2099 1500 2348 1539 manuum
2392 1486 2763 1554 Apostolorum
2807 1487 2920 1541 dari
2963 1487 3216 1557 Spiritum
3262 1497 3507 1545 sanctum

1930 1572 2072 1648 (non
2124 1575 2244 1646 quia
2295 1577 2394 1645 ipsi
2454 1575 2689 1640 dabant,
2738 1578 2830 1631 sed
2875 1579 2996 1648 quia
3049 1580 3176 1648 ipsis
3228 1579 3508 1636 orantibus

1928 1665 2082 1721 datus
2107 1676 2188 1721 est
2215 1668 2254 1736 ),
2281 1676 2335 1721 et
2372 1668 2444 1720 ait
2468 1667 2753 1737 Apostolis,
2791 1668 2924 1734 Quid
2947 1669 3093 1723 vultis
3120 1687 3153 1722 a
3179 1685 3256 1722 me
3281 1670 3512 1738 accipere

1931 1759 2179 1826 pet-unite,
2206 1769 2258 1811 ut
2285 1769 2330 1810 et
2357 1775 2444 1826 per
2465 1759 2832 1829 impositionem
2857 1776 3092 1813 manuum
3120 1775 3341 1813 mearum
3362 1759 3509 1814 detur

1932 1851 2155 1920 Spiritus
2179 1851 2426 1904 sanctus?
2453 1852 2516 1905 Et
2540 1853 2609 1906 ait
2638 1852 2706 1904 illi
2741 1852 2946 1917 Petrus,
2979 1852 3200 1907 Pecunia
3227 1863 3312 1906 tua
3347 1865 3510 1909 tecum

1930 1941 1992 1994 sit
2020 1941 2070 1993 in
2102 1941 2466 2010 perditionem;
2485 1943 2722 2011 quoniam
2749 1942 2933 1996 donum
2964 1942 3058 1996 Dei
3089 1946 3272 2014 putasti
3303 1944 3514 2015 pecunia

1931 2033 2344 2102 comparandum.
2373 2033 2469 2088 Ctti
2497 2035 2644 2098 dicit,
2677 2033 2898 2090 Pecunia
2925 2047 3010 2089 tua
3032 2046 3190 2090 tecum
3217 2038 3279 2092 sit
3308 2039 3358 2092 iu
3395 2054 3512 2109 per-

1933 2124 2216 2177 ditionem?
2244 2123 2433 2194 Illique
2471 2125 2754 2194 baptiz:tto.
2784 2126 2900 2181 Jam
2943 2127 3208 2198 Baptisma
3243 2130 3512 2188 habebat:

1934 2218 2024 2272 sed
2053 2219 2310 2273 Columba:
2343 2219 2632 2273 visceribus
2671 2236 2772 2274 non
2811 2221 3063 2275 haerebat.
3095 2221 3228 2276 Audi
3259 2223 3379 2292 quia
3408 2238 3514 2280 non

1936 2311 2170 2367 hatrebat
2187 2329 2206 2376 ;
2238 2313 2395 2366 verba
2425 2313 2535 2380 ipsa
2565 2313 2703 2366 Petri
2731 2313 2954 2382 apostoli
2987 2312 3245 2368 adverte:
3276 2315 3517 2384 sequitur

1935 2406 2110 2467 enim,
2137 2402 2256 2457 Non
2279 2415 2350 2457 cst
2380 2405 2466 2457 tibi
2501 2422 2619 2471 pars
2648 2422 2801 2476 mque
2825 2421 2938 2460 sors
2963 2406 3013 2458 in
3043 2405 3137 2458 hac
3158 2405 3296 2474 ﬁde;
3328 2406 3379 2459 in
3402 2405 3519 2478 felle

1935 2497 2065 2550 enim
2095 2496 2442 2548 amaritudinis
2479 2495 2619 2548 video
2657 2505 2703 2548 te
2745 2512 2851 2548 esse
2881 2495 3014 2564 (let.
3043 2510 3135 2549 vut
3156 2537 3170 2558 ,
3202 2493 3379 2565 5-23).
3410 2495 3518 2549 (Io-

1936 2588 2111 2642 lumba
2144 2587 2211 2643 [εἰ
2239 2604 2342 2642 non
2371 2588 2529 2643 habet
2561 2607 2572 2641 :
2607 2588 2788 2640 Simon
2818 2587 3077 2650 habebat;
3103 2588 3221 2643 ideo
3243 2598 3521 2658 Separatus

1937 2688 2108 2734 erata
2135 2679 2392 2732 columba:
2423 2679 2732 2732 visceribus.
2771 2679 3036 2748 Baptisma
3077 2678 3150 2731 illi
3197 2679 3320 2746 quid
3371 2679 3521 2748 prod-

1938 2771 2094 2826 erat?
2122 2771 2236 2825 Noli
2259 2786 2387 2839 ergo
2407 2770 2472 2824 de
2511 2770 2832 2838 Baptismate
2866 2770 3098 2840 gloriari,
3124 2770 3274 2840 quasi
3302 2787 3366 2826 ex
3405 2771 3523 2841 ipso

1940 2865 2082 2920 salus
2111 2864 2201 2918 tibi
2244 2864 2468 2917 sutliciat
2499 2882 2510 2914 :
2547 2864 2650 2916 noli
2694 2862 2846 2917 irasci
2872 2904 2887 2924 ,
2915 2861 3122 2931 depone
3163 2861 3228 2916 fel
3253 2903 3268 2922 .
3302 2862 3423 2917 veni
3452 2861 3522 2919 ad

1940 2957 2272 3019 columbam;
2303 2956 2386 3009 ltic
2435 2955 2524 3008 tibi
2567 2954 2801 3024 proderit
2838 2953 2980 3023 quod
3027 2953 3157 3007 furis
3195 2968 3301 3008 non
3343 2953 3522 3010 solum

1941 3066 2045 3104 non
2073 3049 2341 3120 proderat,
2371 3047 2463 3102 St'd
2491 3047 2647 3101 etiam
2677 3047 2879 3101 oberat.

2014 3144 2099 3199 19.
2134 3143 2310 3214 Neque
2331 3143 2476 3196 dicas
2508 3161 2519 3196 :
2551 3142 2660 3196 Non
2693 3141 2879 3206 venio,
2919 3141 3038 3210 quia
3083 3139 3209 3195 foris
3246 3155 3365 3195 sum
3425 3139 3524 3196 ha-

1944 3235 2190 3304 ptizatus.
2217 3235 2348 3288 Ecce
2370 3233 2540 3302 incipe
2563 3231 2758 3286 habere
2773 3231 3082 3284 charitatem
3101 3274 3114 3294 ,
3136 3230 3305 3301 incipe
3329 3230 3526 3288 hanerc

1945 3327 2169 3382 fructum
2195 3369 2208 3391 ,
2241 3325 2536 3380 inveniatur
2558 3325 2608 3377 iu
2639 3334 2687 3376 te
2719 3323 2938 3386 l'rm'tus,
2965 3321 3166 3376 ntittet‘
3201 3331 3251 3377 te
3280 3322 3524 3378 columba

1945 3419 2105 3473 intro.
2128 3417 2426 3472 Invenimus
2452 3415 2613 3470 hocin
2629 3415 2921 3484 Scriptura.
2940 3413 3352 3482 hnputribilibus
3372 3414 3528 3484 lignis

1945 3526 2068 3565 arca
2096 3510 2262 3563 fuerat
2290 3508 2541 3562 fabricata
2571 3505 2724 3576 (Gen.
2755 3522 2825 3572 vn,
2861 3505 2950 3574 14)
2975 3521 2987 3557 :
3019 3504 3359 3576 imputribilia
3389 3504 3528 3575 tigna

1947 3602 2113 3656 sancti
2157 3608 2313 3662 sunt,
2350 3599 2531 3654 ﬁdeles
2562 3599 2888 3668 pertinentes
2938 3596 3002 3649 ad
3041 3595 3333 3650 Christum.
3380 3594 3529 3662 Quo-

1949 3693 2107 3749 modo
2133 3694 2274 3747 enim
2307 3693 2358 3746 in
2390 3690 2584 3758 templo
2615 3689 2815 3758 lapides
2845 3688 2946 3741 vivi
2983 3686 3048 3741 de
3073 3687 3262 3757 quibus
3295 3684 3530 3742 aediﬁca-

1950 3795 2034 3840 tur
2061 3785 2346 3853 templmn,
2395 3782 2638 3838 homines
2687 3780 2870 3835 ﬁdeles
2904 3779 3030 3834 dicti
3079 3788 3229 3840 sunt;
3277 3777 3354 3832 sic
3392 3776 3531 3848 ligna

1948 3878 2286 3948 imputribilia
2314 3877 2555 3930 homines
2596 3883 2996 3944 perseverantes
3047 3872 3098 3926 in
3142 3871 3265 3927 tide.
3309 3871 3366 3926 in
3416 3869 3530 3941 ipsa

1949 3985 2077 4039 ergo
2101 3986 2222 4024 area
2257 3969 2392 4037 ligna
2418 3965 2758 4036 itnputribilia
2785 3973 2975 4026 erant;
3005 3978 3124 4016 arca
3169 3962 3310 4016 enim
3342 3961 3531 4017 Eccle-

1948 4062 2027 4116 sia
2052 4069 2133 4114 est
2165 4079 2176 4112 ε
2207 4059 2275 4112 ibi
2301 4055 2826 4126 baptizatcolumba;
2858 4069 2979 4108 arca
3000 4052 3143 4108 enim
3172 4052 3262 4106 illa
3309 4052 3360 4107 in
3391 4067 3529 4123 aqua

1951 4151 2262 4207 ferebatur:
2299 4149 2434 4218 ligna
2479 4146 2817 4216 imputribilia
2875 4147 3014 4199 intus
3054 4143 3312 4213 baptizata
3383 4152 3529 4199 sunt.

1954 4244 2252 4300 Invenimus
2277 4241 2517 4312 qnzedant
2551 4239 2688 4308 ligna
2721 4237 2847 4292 toris
2887 4236 3146 4306 baptizata
3169 4277 3185 4302 ,
3216 4249 3404 4290 omnes
3443 4250 3532 4290 ar-

1952 4335 2108 4390 bores
2136 4349 2252 4404 qua:
2275 4340 2426 4386 erant
2466 4330 2518 4384 itt
2563 4328 2782 4383 mundo.
2835 4327 2948 4396 Ipsa
2989 4335 3162 4381 tamen
3213 4341 3346 4396 aqua
3383 4335 3528 4393 erat,

1953 4443 2060 4482 non
2091 4434 2206 4479 erat
2231 4425 2396 4478 altera
2430 4441 2442 4476 :
2471 4421 2644 4476 omnis
2673 4420 2738 4475 de
2767 4419 2904 4475 caelo
2929 4426 3163 4478 venerat,
3195 4425 3250 4472 et
3276 4417 3343 4472 de
3372 4417 3532 4489 abys-

1955 4521 2029 4574 sis
2057 4517 2278 4574 fontium
2313 4533 2324 4568 :
2360 4517 2470 4585 ipsa
2499 4521 2612 4568 erat
2636 4528 2770 4582 aqua
2814 4511 2994 4582 inqua
3024 4509 3286 4579 baptizata
3324 4517 3448 4564 sunt
3471 4509 3536 4566 li-

1954 4627 2055 4683 gna
2082 4609 2422 4680 imputribilia
2445 4623 2564 4679 qua:
2590 4614 2743 4662 erant
2767 4606 2820 4660 in
2843 4620 2996 4670 arca,
3038 4604 3088 4658 in
3129 4619 3232 4674 qua
3272 4603 3536 4674 baptizata

1955 4715 2079 4760 sunt
2107 4704 2248 4774 ligna
2280 4701 2425 4756 foris.
2474 4699 2630 4754 Missa
2669 4706 2752 4754 est
2791 4697 3068 4763 columba,
3125 4704 3181 4751 et
3224 4697 3394 4766 primo
3430 4713 3536 4754 nou

1956 4797 2155 4852 invenit
2181 4795 2414 4865 requiem
2446 4793 2669 4864 pedibus
2688 4791 2798 4846 suis
2826 4809 2838 4844 :
2873 4789 3028 4846 rediit
3048 4789 3113 4844 ad
3142 4804 3350 4854 arcam;
3382 4789 3537 4860 plena

1958 4889 2100 4944 enim
2145 4895 2295 4941 erant
2345 4885 2497 4955 aquis
2527 4883 2734 4948 omnia,
2763 4891 2818 4937 et
2843 4880 3026 4935 maluit
3049 4879 3225 4936 redire
3259 4895 3417 4950 quam
3456 4895 3540 4936 re-

1957 4979 2229 5051 baptizari.
2273 4977 2478 5034 Corvus
2525 4983 2699 5029 autent
2745 4973 2837 5028 ille
2878 4973 3106 5028 emissus
3144 4980 3228 5027 est
3257 4982 3540 5043 antequam

1959 5071 2217 5128 siccaret'
2245 5085 2383 5138 aqua
2415 5084 2428 5120 :
2457 5066 2814 5136 rebaptizatus
2843 5063 3016 5119 redire
3054 5063 3260 5129 noluit;
3301 5072 3542 5118 mortuus

1957 5163 2114 5219 estin
2143 5161 2224 5214 his
2259 5158 2430 5230 aquis.
2476 5157 2696 5211 Avertat
2733 5155 2872 5210 Deus
2915 5155 3059 5210 corvi
3105 5155 3244 5210 illius
3287 5166 3540 5211 mortem.

1957 5255 2089 5310 Nam
2111 5267 2273 5324 quare
2300 5267 2402 5306 non
2429 5259 2511 5305 est
2532 5262 2804 5314 reversus,
2841 5248 2940 5304 nisi
2977 5249 3097 5319 quia
3123 5249 3276 5319 aquis
3317 5249 3546 5305 interce—

1961 5356 2080 5419 ptus
2100 5345 2218 5401 est?
2241 5345 2309 5399 At
2329 5357 2455 5398 vero
2483 5341 2727 5397 columba
2749 5355 2852 5396 non
2876 5339 3151 5396 inveniens
3176 5341 3412 5411 requiem
3444 5353 3543 5409 pe-

1961 5441 2116 5497 dibus
2143 5439 2274 5504 suis,
2307 5453 2428 5493 cum
2449 5437 2497 5492 ei
2519 5435 2750 5506 undique
2773 5434 3028 5490 clamaret
3046 5448 3202 5504 aqua,
3226 5431 3381 5500 Veni,
3399 5432 3543 5498 veni,

1963 5535 2048 5589 hic
2076 5534 2310 5603 tingere;
2342 5529 2611 5602 quomodo
2656 5528 2890 5583 clamant
2922 5526 3008 5582 isti
3051 5523 3324 5590 bmretici,
3373 5523 3543 5594 Veni,

1965 5627 2108 5694 veni,
2143 5627 2227 5681 hic
2253 5624 2416 5680 babes
2451 5641 2464 5678 :
2498 5637 2602 5678 non
2628 5621 2905 5677 inveniens
2921 5619 3009 5674 illa
3037 5617 3278 5688 requiem
3313 5616 3540 5694 pedibul

2027 5741 2044 5772 ι
2069 5739 2206 5798 edin,
2223 5737 2394 5789 mittat.
2411 5743 2540 5796 Mss,
2563 5733 2728 5798 mittet.

2027 5803 2048 5834 ³
2070 5803 2143 5851 sic
2157 5795 2209 5851 iu
2229 5808 2334 5850 Mss.
2355 5809 2408 5851 At
2431 5800 2479 5848 in
2504 5795 2663 5858 editis,
2680 5795 2961 5846 siccantur.
