4036 6394
589 316 730 378 “55

589 431 727 504 suis,
752 443 968 486 reversa
991 435 1076 485 est
1099 424 1166 482 ad
1190 424 1490 498 arcamaEt
1533 423 1678 478 misit
1712 423 1855 477 illam
1914 418 2026 474 Noe
2074 417 2170 472 ite-

590 541 732 600 rum,
757 522 895 594 sicut
920 537 1012 577 vos
1033 518 1193 590 mittit
1221 533 1362 583 arca,
1395 527 1450 572 ut
1479 513 1770 586 loquamini
1799 513 1902 566 illis
1931 530 1944 566 :
1973 518 2027 594 et
2047 508 2169 583 quid

591 619 720 693 [egit
746 627 938 688 poSIea
969 611 1251 688 columba?
1279 610 1410 687 Quia
1454 618 1605 664 erant
1653 608 1790 679 ligna
1840 604 1968 660 foris
2004 602 2172 686 bapti-

589 720 732 784 zata,
765 705 1053 780 reportavit
1080 704 1145 758 ad
1191 718 1369 758 arcam
1399 717 1604 772 ramum
1651 699 1718 754 de
1763 698 1920 752 oliva.
1974 696 2170 749 Ramus

1561 308 1629 367 IN
1662 301 2405 368 JOANNISEVANGELIUM,
2444 300 2502 357 S.
2543 296 2908 358 AUGUSTINI

3720 296 3831 358 ιιδθ

2286 413 2411 468 Haec
2447 413 2491 468 si
2521 427 2617 483 pro
2654 411 2870 468 Christo
2895 410 3237 483 patereminl,
3273 409 3400 466 'nou
3441 423 3540 482 pro
3575 409 3832 475 honoribus

2281 505 2497 561 vestris.
2522 505 2715 560 Audite
2746 497 2885 576 quod
2911 505 3188 575 sequitur:
3215 503 3429 577 jactant
3475 503 3536 560 se
3580 505 3712 561 enim
3750 507 3832 564 tili-

2281 587 2513 676 quando,
2545 599 2664 668 quia
2693 577 3061 672 eleemosynas
3086 597 3281 678 multas
3311 589 3696 678 faciunt,"da:nt
3727 613 3832 669 pau-

2282 669 2529 762 peribus;
2561 691 2681 772 quia
2704 669 2975 762 pati-untur
3003 671 3274 747 molestias
3314 707 3327 743 :
3358 679 3456 743 sed
3507 669 3600 760 pro
3631 669 3836 772 Donato,

590 779 685 868 ille
713 779 768 874 et
795 779 916 872 iulia
938 809 992 855 et
1021 799 1244 868 fructum
1271 795 1497 872 habebat
1524 791 1672 866 (Gen.
1703 808 1813 857 vui,
1832 785 1983 862 6-H)
2025 806 2040 841 ε
2065 802 2169 841 non

557 878 563 883 ”
593 887 701 964 sint
732 895 783 948 in
810 900 862 947 te
886 891 999 946 sola
1031 889 1193 948 verba
1214 931 1230 952 ,
1272 903 1376 965 nou
1407 879 1514 940 sint
1550 886 1603 940 in
1649 894 1700 939 te
1742 883 1854 936 sola
1903 880 2056 946 folia;
2103 879 2174 950 sit

594 962 818 1054 fructus,
847 991 901 1038 et
930 981 1074 1037 redis
1107 979 1172 1035 ad
1216 962 1432 1054 arcam,
1471 993 1576 1033 non
1616 993 1709 1047 per
1763 975 1990 1046 teipsum
2013 1013 2029 1038 ,
2077 986 2172 1054 co-

594 1023 818 1050 ..υυιυη
847 1023 901 1038 υ.
932 1023 1072 1037 ην...
1107 1023 1172 1035 ..υ
1216 1023 1395 1035 ...-.....
1418 1023 1432 1046 ,
1472 1023 1576 1033 ..νη
1616 1023 1698 1047 ν-.
1766 1023 1990 1046 ---μνη
2014 1023 2029 1038 ,
2087 1023 2135 1027 -_

524 1023 547 1144 ξ
593 1053 772 1134 lumba
797 1087 849 1152 te
873 1084 1104 1131 revocat.
1125 1073 1331 1152 Gemite
1349 1073 1493 1139 loris,
1517 1057 1704 1127 utillos
1726 1071 1862 1124 intro
1888 1051 2170 1123 revoceti's.

521 1155 548 1242 ἶ
611 1243 614 1246 _
659 1171 758 1246 ‘20.
799 1170 1006 1226 Etenim
1037 1168 1238 1224 fructus
1265 1168 1363 1222 iste
1393 1168 1579 1233 olivae,
1620 1165 1663 1219 si
1711 1161 2046 1227 discutiatur,
2093 1160 2176 1234 in-

2282 803 2387 842 non
2420 801 2518 856 pro
2551 771 2786 840 Christo.
2817 776 2946 840 Vide
2971 783 3239 856 quomodo
3267 783 3488 858 patiaris
3519 771 3674 839 :nam’
3687 785 3729 839 si
3764 801 3838 856 pro

2285 879 2489 946 Donato
2520 879 2716 949 pateris
2739 919 2752 944 ,
2789 892 2888 948 pro
2918 877 3146 948 superbo
3185 877 3428 948 pateris;
3461 890 3565 930 non
3599 863 3654 931 es
3681 859 3727 932 in
3765 892 3837 932 co-

2283 957 2461 1026 lumba
2486 1012 2502 1037 ,
2553 971 2596 1024 si
2657 985 2756 1041 pro
2794 969 3234 1044 Donato‘pateris.
3273 961 3416 1044 Non.
3449 951 3564 1023 eral
3605 953 3694 1024 ille
3727 970 3835 1023 ami-

2282 1077 2379 1120 cus
2430 1062 2609 1134 sponsi
2657 1079 2670 1116 :
2710 1077 2830 1116 nam
2870 1062 2915 1116 si
2961 1037 3186 1142 amicus.
3210 1070 3357 1116 esset
3399 1056 3604 1130 sponsi,
3647 1045 3834 1148 gloriam

2285 1156 2466 1226 sponsi
2494 1165 2781 1225 quaereret,
2812 1170 2914 1209 non
2940 1171 3089 1210 suam
3116 1151 3292 1221 iloan.
3327 1171 3410 1223 Ill,
3439 1153 3554 1226 29).
3579 1149 3701 1209 Vide
3725 1157 3834 1210 ami-

519 1263 522 1266 ’
595 1261 779 1340 venies
804 1258 928 1332 quid
961 1269 1094 1314 erat.
1126 1257 1291 1312 Olivm
1308 1255 1527 1322 fructus,
1552 1254 1863 1309 eharitatem
1890 1251 2172 1322 significat.

597 1352 752 1416 Unde
776 1351 878 1406 hoc
915 1347 1240 1421 probamus?
1271 1347 1547 1414 Quomodo
1571 1347 1712 1400 enim
1739 1345 1915 1400 oleum
1956 1359 1986 1397 a
2028 1342 2176 1397 nullo

599 1429 824 1520 humore
845 1441 1136 1520 premitur,
1190 1438 1281 1494 sed
1312 1436 1849 1512 disruptisomnihus
1891 1433 2070 1488 exsilit
2124 1441 2177 1488 et

595 1535 1000 1606 supereminet:
1047 1531 1124 1587 sic
1172 1540 1228 1587 et
1266 1531 1495 1585 charitas
1544 1545 1650 1584 non
1695 1538 1868 1599 potest
1909 1527 2076 1598 premi
2124 1526 2175 1580 in

597 1625 740 1700 ima;
769 1639 988 1680 necesse
1015 1632 1097 1678 est
1125 1632 1181 1679 ut
1204 1621 1268 1677 ad
1297 1636 1522 1692 superna
1558 1621 1842 1675 emineat‘.
1890 1617 2175 1688 Propterea

694 1717 779 1770 illa
810 1715 935 1770 dicit
959 1715 1266 1785 Apostolus,
1297 1713 1477 1767 Adhuc
1505 1711 2026 1788 supereminentiorem
2046 1710 2177 1762 viam

598 1809 737 1866 vobis
760 1809 1064 1864 demonstro.
1096 1806 1230 1875 Quia
1272 1806 1501 1860 diximus
1529 1805 1595 1859 de
1633 1804 1772 1870 oleo,
1815 1804 1937 1874 quia
1989 1817 2178 1872 super-

603 1881 823 1972 eminet,
856 1914 923 1953 ne
950 1897 1083 1952 forte
1113 1913 1216 1951 non
1247 1897 1313 1951 de
1344 1897 1600 1951 charitate
1643 1895 1835 1949 dixerit
1871 1893 2172 1964 Apostolus,

602 1971 1145 2059 Superemiucntiorem
1187 1988 1317 2042 viam
1356 1988 1490 2041 vobis
1534 1986 1853 2060 demonstro,
1901 1985 2180 2039 audiamus

599 2063 727 2158 quid
755 2083 1028 2151 sequitur:
1063 2081 1123 2136 Si
1153 2081 1340 2152 linguis
1369 2081 1629 2133 hominum
1656 2061 1834 2147 loquar
1879 2087 1924 2131 et
1974 2077 2180 2148 angelo-

599 2191 732 2240 rum,
761 2174 1057 2228 charitatem
1085 2182 1250 2226 autem
1292 2190 1390 2226 non
1421 2172 1667 2238 habeam,
1701 2176 1859 2242 {actus
1903 2189 2016 2225 sum
2069 2181 2181 2225 tan-

778 2273 1322 2326 (eramentumronans,
1345 2272 1430 2315 aut
1452 2261 1734 2333 cymbalum
1757 2263 1972 2316 tinnicns
1997 2260 2038 2333 (Ι
2059 2261 2176 2316 Cor.

603 2371 700 2421 xu,
730 2355 820 2421 3i,
852 2370 963 2416 xui,
1000 2353 1073 2422 1).
1110 2353 1126 2408 l
1173 2369 1342 2416 nunc,
1376 2354 1609 2419 Donate,
1657 2361 1711 2409 et
1759 2355 1950 2419 clama,
2000 2355 2180 2410 Diser-

604 2455 692 2500 tus
716 2461 832 2500 sum
867 2461 878 2496 :
914 2444 1093 2499 inune
1117 2486 1132 2512 ,
1171 2454 1222 2500 et
1251 2446 1420 2499 clama
1447 2487 1460 2510 ,
1495 2446 1690 2499 Doctus
1731 2460 1869 2498 sum.
1916 2446 2180 2511 Quantum

602 2513 872 2606 disertus?
892 2521 1143 2610 quantum
1166 2536 1390 2591 doctus?
1416 2535 1672 2606 numquid
1710 2536 1900 2610 linguis
1949 2537 2183 2608 Angelo-

605 2645 724 2684 rum
752 2629 959 2684 loculus
988 2628 1080 2682 es?
1111 2627 1176 2682 Et
1199 2638 1374 2681 tamen
1405 2630 1449 2681 si
1491 2626 1684 2695 linguis
1732 2627 2052 2697 Angelorum
2100 2627 2178 2680 lo-

605 2705 865 2824 quereris,
896 2719 1203 2775 eharitatem
1235 2735 1340 2772 non
1377 2718 1613 2781 habens,
1655 2716 1894 2771 audirem
1943 2733 2047 2770 aera
2097 2732 2184 2773 so-

605 2808 782 2882 t'tantia
833 2823 888 2868 et
933 2812 1172 2884 cymbala
1218 2810 1516 2865 tinnientia.
1567 2808 1899 2864 Soliditatem
1953 2811 2182 2881 aliquam

601 2920 822 2980 quam,
868 2902 1098 2958 fructum
1135 2903 1186 2956 in
1227 2901 1366 2956 foliis
1395 2901 1654 2956 inveniam
1712 2917 1725 2952 :
1775 2916 1878 2955 non
1924 2902 2030 2957 sint
2073 2903 2182 2956 sola

603 2995 786 3059 verba,
816 2993 1047 3048 habeant
1073 2993 1287 3056 olivam,
1327 2992 1551 3046 redeant
1578 2993 1641 3046 ad
1669 3007 1870 3047 arcam.

675 3085 765 3139 21.
806 3083 933 3149 Sed,
965 3084 1204 3154 inquies,
1234 3085 1402 3139 habeo
1428 3095 1837 3138 sacramentum.
1871 3084 2063 3139 Verum
2105 3085 2187 3139 di-

607 3157 686 3234 cis
714 3194 727 3231 :
761 3175 1159 3233 Saeramcntum
1187 3175 1421 3231 divinum
1450 3186 1562 3240 est;
1597 3175 1760 3231 habes
1791 3175 2054 3246 Baptisma
2079 3219 2092 3246 ,
2127 3186 2183 3232 et

606 3253 708 3344 ego
770 3269 1049 3325 confiteor.
1107 3267 1212 3323 Sed
1252 3266 1373 3338 quid
1416 3266 1543 3322 dicit
1596 3268 1732 3323 idem
1781 3268 2084 3337 apostolus?
2123 3268 2186 3323 Si

603 3349 765 3419 sciero
807 3361 976 3415 omnia
1015 3374 1358 3426 sacramenta,
1412 3369 1459 3414 et
1519 3359 1738 3414 habuero
1787 3362 2100 3431 prophetiam
2137 3371 2185 3415 et

604 3441 802 3510 amnem
828 3453 980 3526 ﬁdem
1000 3493 1015 3519 ,
1045 3452 1114 3506 ita
1151 3461 1203 3505 ut
1233 3461 1424 3506 montes
1453 3456 1755 3524 transferam
1782 3468 1800 3505 :
1837 3468 1902 3506 ne
1952 3451 2086 3507 forte
2132 3462 2187 3508 et

604 3529 706 3602 hoc
731 3547 954 3612 diceres,
981 3545 1213 3612 Credidi,
1243 3545 1440 3600 sufﬁcit
1465 3545 1612 3600 mihi.
1640 3543 1744 3600 Sed
1788 3545 1911 3615 quid
1941 3545 2069 3598 dicit
2096 3545 2186 3600 Ja-

603 3639 805 3712 etihus?
837 3617 902 3712 εἰ
933 3638 1183 3692 dmones
1217 3637 1426 3691 credunt
1449 3679 1464 3704 ,
1497 3646 1543 3691 et
1563 3637 1947 3690 contremiscunt
1974 3635 2187 3703 (Jacobi

604 3709 662 3796 ti,
692 3729 805 3802 19).
837 3709 1018 3800 Magna
1050 3739 1132 3784 est
1161 3728 1322 3791 lides,
1354 3727 1447 3782 sed
1481 3726 1609 3782 nihil
1637 3727 1852 3798 prodest
1879 3726 1921 3780 si
1959 3741 2062 3780 non
2095 3725 2188 3781 ha-

603 3805 728 3902 heat
747 3820 1081 3875 charitatem.
1109 3819 1510 3874 Coulitebantur
1538 3827 1589 3872 et
1603 3818 1872 3871 daemones
1896 3815 2184 3874 Christum.

791 3913 1078 3979 credendo,
1125 3911 1218 3966 sed
1251 3927 1354 3966 non
1399 3910 1666 3980 diligendo
1711 3909 1993 3976 dicebant,
2053 3908 2190 3978 Quid

609 4007 752 4082 nobis
780 4017 826 4061 et
851 4009 938 4061 tibi
967 4006 1160 4078 (Marc.
1189 4023 1241 4073 ι,
1269 4005 1360 4076 24)
1378 4005 1402 4059 ?
1422 4004 1606 4060 Fidem
1637 4003 1930 4068 habebant,
1959 4004 2190 4060 charita-

609 4105 715 4170 tem
743 4113 847 4154 non
876 4097 1171 4172 habebant:
1200 4096 1320 4151 ideo
1347 4094 1615 4150 daemones
1637 4103 1808 4150 erant.
1839 4093 1954 4148 Noli
1994 4095 2059 4150 de
2088 4095 2190 4152 fide

607 4189 851 4261 gloriari;
881 4189 1055 4244 adhuc
1079 4187 1411 4244 daemonibus
1433 4183 1821 4256 comparandus
1846 4201 1922 4240 es.
1965 4185 2081 4240 Noli
2107 4187 2191 4241 di-

609 4263 733 4339 cere
777 4281 1038 4346 Christo',
1087 4279 1210 4343 Mihi
1249 4288 1304 4334 et
1356 4278 1446 4350 tibi
1487 4275 1609 4346 quid
1658 4275 1771 4330 est?
1814 4274 2001 4332 Unitas
2048 4278 2188 4332 enim

611 4373 806 4428 Christi
831 4371 922 4425 tibi
955 4371 1207 4442 loquitur.
1242 4367 1372 4436 Veni
1398 4407 1412 4430 ,
1444 4381 1705 4437 cognosce
1727 4380 1910 4435 pacem
1931 4407 1944 4430 ,
1972 4367 2086 4421 redi
2125 4367 2191 4422 ad

611 4464 816 4518 viscera
854 4461 1130 4516 columbae.
1182 4457 1335 4512 Foris
1374 4455 1667 4526 baptizatus
1700 4471 1794 4521 es;
1843 4456 2036 4512 habeto
2085 4457 2195 4514 fru-

612 4561 780 4616 ctum,
809 4561 862 4606 et
882 4550 1024 4606 redis
1052 4550 1115 4604 ad
1149 4563 1348 4603 arcam.
1384 4615 1387 4620 ι

682 4633 773 4696 22.
815 4635 885 4697 Et
911 4650 963 4695 tu
993 4659 1007 4694 :
1038 4639 1171 4708 Quid
1202 4654 1300 4693 nos
1330 4625 1598 4711 quaeritis,
1630 4637 1674 4692 si
1714 4638 1837 4692 mali
1880 4640 2102 4695 sumus?
2125 4641 2196 4699 Ut

613 4727 737 4808 boni
760 4733 899 4788 sitis.
932 4731 1055 4787 ldeo
1083 4747 1176 4786 vos
1204 4731 1521 4802 quaerimus,
1552 4731 1674 4808 quia
1701 4731 1823 4786 mali
1853 4731 1982 4788 estis
2011 4751 2025 4787 :
2071 4751 2194 4790 nam

613 4807 658 4883 si
685 4825 806 4882 mali
839 4842 944 4904 non
966 4825 1174 4894 essetis,
1203 4817 1592 4904 invenissemus
1618 4840 1714 4879 vos
1735 4867 1748 4892 ,
1774 4840 1877 4898 non
1904 4843 2000 4882 vos
2042 4844 2192 4899 quae-

613 4905 872 4977 reremus.
900 4899 997 4987 Qui
1030 4901 1206 4973 bonus
1225 4925 1341 4984 est,
1367 4901 1475 4987 jam
1504 4917 1748 4973 inventus
1773 4927 1858 4975 est
1897 4934 1912 4974 :
1945 4921 2032 4992 qui
2081 4937 2194 4976 ma-

614 4997 696 5070 lus
724 5005 840 5077 est,
872 5011 1044 5068 adhuc
1076 5010 1346 5082 quaeritur.
1382 5003 1507 5067 Ideo
1541 5027 1636 5065 vos
1675 5013 1992 5083 quaerimus;
2024 5015 2194 5074 redite

615 5104 680 5184 ad
707 5119 904 5172 arcam.
945 5097 1050 5158 Sed
1074 5103 1182 5174 jam
1215 5103 1386 5157 habeo
1408 5101 1753 5172 Baptisuiuin.
1798 5103 1859 5159 Si
1889 5107 2058 5160 omnia
2102 5125 2190 5164 sa-

617 5204 872 5250 cramenta
900 5195 1078 5262 sciero,
1105 5203 1152 5248 et
1179 5193 1397 5248 habuero
1427 5193 1741 5266 praphetiam
1783 5205 1830 5250 et
1879 5214 2075 5253 onmem
2123 5202 2191 5271 [i-

615 5286 759 5352 dem,
790 5286 862 5340 ita
882 5294 936 5339 ut
959 5295 1151 5339 montes
1181 5290 1510 5355 transferam,
1543 5285 1838 5341 charitatem
1881 5301 2048 5344 autem
2089 5309 2193 5349 non

616 5379 826 5434 habeam
846 5421 861 5444 ,
894 5375 1024 5431 nihil
1052 5394 1183 5431 sum.
1217 5361 1467 5431 Fructum
1493 5376 1562 5431 ibi
1591 5375 1795 5435 videam
1817 5421 1833 5447 ,
1879 5379 2075 5437 olivam
2122 5383 2196 5440 ibi

618 5469 848 5536 videam,
880 5476 934 5524 et
959 5467 1226 5523 revocaris
1254 5465 1319 5521 ad
1358 5483 1557 5524 arcam.

688 5561 780 5620 23.
812 5560 917 5618 Sed
938 5557 1064 5634 quid
1094 5559 1205 5615 ais?
1232 5555 1371 5615 Ecce
1413 5575 1511 5616 nos
1553 5559 1716 5617 multa
1753 5563 1889 5618 mala
1941 5563 2193 5634 patimur.

685 5675 1017 5804 ζ
1520 5734 1790 5791 Μίκων.

2283 1261 2403 1320 cum
2429 1247 2608 1318 sponsi
2633 1246 2919 1311 dicentem,
2962 1243 3059 1300 Hic
3103 1258 3172 1301 est
3219 1247 3307 1316 qui
3341 1237 3580 1318 baptizat.
3623 1239 3708 1303 llle
3752 1262 3835 1303 non

2285 1347 2399 1394 erat
2425 1339 2633 1416 amicus
2667 1339 2880 1408 sponsi,
2917 1354 3013 1410 pro
3041 1355 3146 1410 quo
3177 1339 3398 1409 pateris.
3430 1323 3546 1394 Non
3579 1323 3728 1394 habes
3763 1356 3834 1395 ve-

2287 1440 2422 1504 stem
2448 1432 2757 1502 nuptialem;
2782 1441 2829 1487 et
2851 1433 2893 1485 si
2915 1431 2981 1486 ad
2997 1433 3300 1486 convivium
3327 1425 3836 1510 venisti,_l‘orasliabes

2287 1511 2422 1578 mitti
2455 1521 2671 1593 (Matth.
2700 1540 2838 1587 uti,
2870 1526 3054 1594 ll-l'5)
3080 1541 3095 1590 ;
3119 1525 3226 1579 imo
3253 1525 3378 1596 quia
3408 1523 3550 1580 foras
3579 1515 3753 1582 missus
3773 1542 3834 1593 es,

2286 1618 2409 1694 ideo
2442 1619 2604 1674 miser
2627 1635 2686 1675 es
2717 1637 2730 1671 :
2755 1609 2866 1672 redi
2891 1618 3174 1688 aliquando
3197 1660 3211 1683 ,
3247 1627 3306 1674 et
3333 1618 3442 1672 noli
3467 1617 3698 1690 gloriari.
3727 1620 3834 1675 Audi

2288 1709 2416 1780 quid
2444 1710 2587 1765 dicat
2616 1711 2900 1780 Apostolus
2932 1727 2946 1761 :
2980 1710 3042 1764 Si
3069 1711 3375 1765 distribuero
3397 1711 3569 1765 omnia
3596 1728 3699 1766 mea
3731 1730 3835 1786 pati-

2291 1801 2512 1873 peribus,
2545 1810 2592 1855 et
2623 1800 2878 1855 tradidero
2899 1817 3082 1870 corpus
3107 1817 3270 1854 meum
3295 1810 3350 1854 ut
3373 1799 3582 1856 ardeam
3600 1841 3615 1866 ,
3655 1802 3837 1856 charita-

2290 1900 2386 1946 tem
2417 1902 2581 1945 autem
2610 1907 2708 1945 non
2735 1891 2962 1944 habeam.
2996 1891 3132 1947 Ecce
3154 1891 3295 1961 quod
3327 1904 3435 1945 non
3465 1889 3647 1947 habes.
3689 1881 3744 1947 Si
3763 1901 3837 1947 tra-

2295 1983 2470 2036 didero
2489 2023 2503 2046 ,
2535 1983 2736 2052 inquit,
2765 1998 2947 2052 corpus
2969 1999 3130 2036 meum
3159 1991 3212 2035 ut
3236 1981 3486 2043 ardeant;
3506 1989 3560 2037 ct
3582 1982 3747 2053 utique
3764 1997 3836 2052 pro

2291 2074 2508 2128 nomine
2544 2061 2740 2127 Christi
2779 2071 2915 2127 :sed
2955 2074 3076 2141 quia
3118 2081 3243 2127 sunt
3286 2071 3443 2127 multi
3490 2072 3578 2143 qui
3617 2071 3838 2143 jactanler

2291 2165 2419 2221 illud
2445 2165 2677 2230 faciunt,
2702 2179 2807 2219 non
2838 2181 2959 2240 eum
2988 2164 3280 2226 charitate,
3314 2164 3470 2232 ideo,
3519 2163 3582 2224 Si
3624 2165 3837 2220 tradidero

2291 2272 2474 2326 corpus
2501 2272 2660 2308 meum
2684 2265 2736 2309 ut
2757 2256 2982 2322 ardeam,
3010 2257 3306 2310 charitatem
3333 2267 3500 2310 autem
3521 2273 3618 2310 non
3633 2255 3833 2324 habeant,

2290 2348 2419 2402 nihil
2435 2349 2556 2402 mihi
2583 2349 2782 2418 prodest
2808 2343 3001 2419 (lCor.
3028 2364 3140 2414 xm,
3162 2349 3217 2413 2,
3247 2351 3330 2418 3).
3358 2347 3628 2405 Cliaritate
3644 2347 3839 2404 fecerunt

2291 2452 2553 2514 martyres
2591 2441 2664 2495 illi
2686 2442 2772 2511 qui
2797 2442 2847 2495 in
2887 2453 3128 2510 tempore
3155 2444 3544 2513 persecutionis
3564 2444 3693 2514 passi
3715 2451 3837 2506 sunt;

2291 2533 2552 2591 charitate
2582 2533 2819 2589 fecerunt
2849 2551 2862 2588 :
2895 2535 2977 2588 isti
2999 2543 3176 2589 autem
3203 2534 3276 2590 de
3299 2546 3508 2592 tumore
3532 2545 3584 2590 et
3607 2535 3667 2590 de
3689 2549 3839 2605 super-

2292 2626 2377 2680 bia
2409 2626 2604 2679 faciunt
2626 2641 2640 2691 ;
2664 2641 2784 2680 nam
2807 2641 2927 2681 cum
2955 2636 3265 2696 persecutor
3292 2627 3454 2695 desit,
3475 2628 3669 2699 seipsos
3688 2628 3839 2698 pracci-

2291 2719 2484 2790 pitant.
2517 2718 2648 2774 Veni
2675 2735 2822 2791 ergo,
2851 2729 2910 2773 ut
2938 2719 3137 2775 habeas
3161 2719 3502 2777 charitatem.
3530 2720 3630 2776 Sed
3656 2735 3740 2774 nos
3764 2718 3838 2772 ha-

2292 2809 2481 2865 bemus
2509 2817 2788 2879 martyres.
2821 2809 2964 2876 Quos
2987 2821 3246 2883 martyres
3263 2809 3291 2864 ‘i
3316 2810 3434 2866 Non
3461 2820 3582 2865 sunt
3602 2807 3837 2872 columbae,

2292 2898 2414 2954 ideo
2439 2900 2619 2954 volare
2641 2900 2816 2953 conati
2839 2909 2980 2962 sunt,
3008 2908 3063 2956 et
3084 2899 3148 2955 de
3182 2911 3334 2971 petra
3360 2901 3677 2957 ceciderunt.

2361 2991 2452 3046 24.
2493 2990 2679 3046 Omnia
2709 3007 2857 3062 ergo,
2888 2992 3077 3048 fratres
3101 2995 3224 3057 mei,
3251 2994 3475 3061 videtis,
3504 2994 3621 3063 quia
3647 2992 3840 3047 clamant

2292 3082 2550 3139 adversus
2575 3084 2715 3151 illos,
2753 3100 2940 3139 omnes
2963 3085 3163 3154 paginae
3192 3085 3390 3141 divinae
3409 3127 3423 3151 ,
3449 3086 3619 3141 omnis
3643 3082 3837 3156 prophe-

2295 3176 2401 3239 tia,
2429 3184 2596 3230 totum
2630 3176 3002 3246 Evangelium,
3043 3193 3230 3232 omnes
3286 3177 3592 3249 apostolicae
3635 3176 3831 3234 litterae,

2293 3269 2472 3324 omnis
2498 3269 2727 3339 gemitus
2751 3271 3043 3332 columbae;
3073 3280 3128 3326 et
3152 3273 3389 3327 nondum
3419 3273 3666 3344 evigilant
3686 3312 3700 3336 ,
3735 3285 3840 3323 non-

2293 3359 2420 3416 dum
2442 3361 2898 3430 expergiscuutur.
2915 3361 3018 3416 Sed
3040 3362 3082 3416 si
3099 3362 3347 3417 columba
3365 3378 3564 3427 sumus,
3589 3373 3838 3431 gemamus,

2295 3452 2601 3516 toleremus,
2629 3467 2938 3522 speremus;
2969 3452 3140 3508 aderit
3169 3455 3534 3510 misericordia
3569 3451 3657 3508 Dei
3675 3493 3687 3517 ,
3713 3459 3762 3504 ut
3777 3445 3840 3502 el-

2294 3545 2498 3601 ferveat
2525 3545 2663 3615 ignis
2690 3546 2917 3616 Spiritus
2944 3547 3109 3601 sancti
3136 3546 3190 3602 in
3224 3547 3563 3618 simplicitate
3583 3555 3771 3608 vestra;
3801 3548 3842 3596 et

2295 3637 2534 3694 venient.
2564 3637 2676 3691 Non
2707 3646 2788 3693 est
2809 3637 3234 3708 desperandum;
3265 3650 3441 3706 orate,
3468 3627 3753 3711 praedicate,
3777 3631 3839 3688 dio

2226 3801 2229 3804 _
2296 3727 2478 3799 ligite;
2509 3745 2726 3798 prorsus
2753 3742 2940 3800 potens
2963 3739 3046 3786 est
3069 3731 3346 3787 Dominus.
3365 3731 3480 3789 Jam
3507 3735 3760 3810 coeperunt
3778 3739 3841 3779 ω·

2295 3833 2554 3889 gnoscere
2590 3817 2818 3874 frontem
2863 3835 3014 3875 suam
3067 3837 3079 3873 :
3128 3821 3280 3877 multi
3317 3827 3694 3894 cognoverunt,
3720 3811 3838 3871 mulli

2297 3910 2659 3988 erubuerunt;
2691 3912 2859 3967 aderit
2883 3911 3146 3980 Christus,
3176 3921 3233 3968 ut
3259 3919 3584 3986 cognoscant
3601 3919 3650 3966 et
3676 3903 3837 3962 caeleri.

2299 4001 2370 4058 Et
2395 4012 2562 4067 certe,
2591 4001 2784 4058 fratres
2810 4004 2949 4072 mei,
2978 4005 3063 4060 vel
3106 4006 3254 4075 palea
3301 4007 3417 4064 sola
3462 4005 3530 4060 ibi
3573 4003 3837 4060 remaneat.

2302 4095 2482 4170 omnia
2509 4110 2673 4165 grana
2703 4097 3021 4168 colligantur
3053 4115 3066 4149 a
3099 4097 3356 4169 quidquid
3401 4099 3470 4154 ibi
3513 4087 3838 4152 fructificavit.

2300 4184 2486 4240 redeat
2505 4185 2570 4239 ad
2601 4201 2777 4241 arcam
2809 4201 2904 4256 per
2920 4187 3245 4243 columbam.

2370 4275 2460 4332 25.
2492 4276 2648 4331 Modo
2683 4277 2991 4333 deﬁcientes
3027 4278 3256 4348 ubique,
3306 4278 3431 4351 quid
3485 4275 3630 4350 nobis
3677 4282 3838 4345 propo-

2302 4374 2452 4431 nunt,
2483 4382 2588 4420 non
2626 4368 2960 4424 invenientes
2987 4369 3113 4440 quid
3142 4370 3357 4427 dicant?
3385 4361 3546 4425 Villas
3570 4376 3757 4422 nostras
3775 4371 3839 4415 tu-

2302 4460 2496 4523 lerunt,
2527 4458 2716 4514 fundos
2741 4470 2953 4516 nostros
2981 4463 3234 4518 tulerunt.
3266 4461 3550 4518 Proferunt
3568 4457 3837 4515 testamenta

2303 4549 2596 4606 hominum.
2624 4551 2761 4608 Ecce
2785 4552 2870 4606 ubi
2895 4550 3060 4608 Caius
3087 4552 3240 4608 Seius
3264 4552 3483 4609 donavit
3519 4549 3718 4606 fundum
3753 4543 3836 4598 Ec-

2302 4640 2502 4703 clesiae,
2533 4641 2616 4695 cui
2646 4651 2872 4712 prmerat
2902 4641 3206 4698 Faustinus.
3249 4643 3412 4714 Cujus
3447 4643 3708 4713 episcopus
3746 4636 3838 4686 erat

2303 4729 2582 4787 Faustinus
2627 4731 2920 4788 Ecclesiae?
2964 4734 3089 4802 quid
3141 4743 3224 4791 est
3271 4733 3540 4806 Ecclesia?
3575 4723 3834 4794 Ecclesiae.

2305 4821 2461 4885 dixit,
2491 4825 2573 4879 cui
2603 4834 2828 4893 praeerat
2859 4824 3146 4882 Faustinus
3175 4845 3189 4882 :
3216 4815 3310 4884 sed
3335 4844 3439 4888 non
3471 4805 3703 4904 Ecclesia:
3729 4828 3837 4887 Ρη-

2301 4924 2416 4972 erat
2451 4915 2765 4983 Faustinus,
2797 4917 2890 4973 sed
2937 4919 3072 4990 parti
3119 4911 3363 4989 praeerat.
3408 4907 3652 4976 Columba
3686 4917 3833 4965 autem

2302 5007 2536 5064 Ecclesia
2559 5017 2661 5064 est.
2694 5005 2829 5078 Quid
2857 5010 3096 5078 clamas?
3124 5005 3237 5067 Non
3275 5009 3638 5067 devoravimus
3676 4998 3836 5059 villas.

2301 5098 2543 5155 columba
2574 5099 2691 5155 illas
2712 5100 2938 5156 habeat:
2970 5111 3238 5172 quaeratur
3265 5119 3384 5174 quae
3412 5100 3478 5154 sit
3511 5091 3762 5156 columba,
3797 5095 3834 5141 9'

2302 5190 2415 5262 ipsa
2429 5190 2636 5246 habeat.
2652 5191 2782 5246 Nam
2804 5193 2991 5260 nostis,
3006 5193 3197 5250 fratres
3212 5193 3335 5259 mei,
3351 5192 3470 5265 quia
3485 5188 3617 5245 villa:
3633 5185 3734 5242 istae
3751 5192 3835 5236 non

2302 5291 2426 5338 sunt
2453 5283 2730 5354 Augustini
2754 5294 2838 5341 :et
2862 5285 2904 5340 si
2923 5300 3028 5340 non
3054 5286 3242 5355 nostis,
3265 5301 3317 5342 et
3336 5283 3527 5356 putatis
3546 5271 3838 5348 megalldel‘e

2303 5371 2356 5427 in
2378 5372 2713 5440 possessione
2735 5374 2977 5429 villarum
2994 5417 3010 5442 ,
3035 5375 3172 5430 Deus
3193 5377 3363 5441 novit,
3387 5375 3496 5444 ipse
3515 5371 3610 5426 scit
3626 5361 3739 5438 quid
3757 5371 3835 5427 €80

2302 5459 2370 5518 dc
2390 5463 2492 5518 illis
2515 5463 2653 5520 villis
2672 5467 2917 5533 sentiam,
2941 5467 3023 5522 vel
3049 5468 3173 5538 quid
3204 5469 3272 5524 ibi
3300 5467 3574 5529 sufferam;
3603 5457 3734 5515 ηονῖι
3760 5465 3834 5520 εο-

2303 5557 2463 5612 mitus
2487 5572 2655 5623 meos,
2673 5559 2718 5613 si
2752 5559 2879 5614 mihi
2903 5560 3096 5630 aliquid
3130 5561 3196 5618 de
3221 5559 3462 5617 columba
3502 5547 3746 5624 impertire
3771 5539 3832 5630 di:

2303 5655 2492 5717 gnatus
2515 5656 2616 5702 est.
2644 5647 2784 5705 Ecce
2803 5660 2927 5704 sunt
2951 5625 3126 5706 villae:
3157 5667 3262 5722 quo
3284 5651 3402 5722 jure
3427 5641 3652 5702 defendis
3680 5625 3834 5726 villas?

2305 5738 2489 5794 divino
2512 5751 2578 5793 an
2597 5738 2830 5797 humano
2848 5742 2872 5796 ?
2888 5721 3260 5813 Respondeant
3280 5721 3296 5795 εί
3313 5739 3546 5797 Divinum
3556 5733 3637 5804 lus
3656 5727 3702 5782 in
3713 5721 3828 5780 Scri-
