4036 6388
184 424 305 489 ιιιτ

183 541 338 618 pluris
354 535 624 598 habemus,
648 529 941 586 humanum
957 520 1045 595 jus
1066 521 1118 577 in
1133 518 1340 591 legibus
1350 530 1556 588 regum.
1579 511 1735 568 linde

187 609 388 704 illisque
409 627 640 704 possidet
659 625 804 698 quod
833 619 1099 697 possidet?
1120 631 1297 674 nonne
1313 615 1432 686 jure
1463 609 1734 668 humano?

247 703 431 800 ninia
453 717 628 779 divino
645 762 662 786 ,
691 717 903 775 Domini
941 717 1022 771 est
1049 703 1190 800 teira
1218 717 1275 767 et
1305 706 1578 779 plenitudo
1619 704 1734 774 ejus

181 795 338 900 (Mill
357 819 502 885 iam,
529 811 616 882 li:
645 817 904 886 μυρενεε
930 807 986 865 et
1001 795 1194 863 divites
1225 805 1365 857 Deus
1387 799 1456 891 de
1481 809 1586 851 uno
1609 795 1735 900 lituo

183 885 312 980 ibat,
336 915 390 970 ει
412 903 670 983 pauperes
694 913 744 961 et
773 902 963 958 divites
995 907 1098 954 una
1129 901 1269 952 terra
1287 887 1582 964 supponat.
1605 885 1733 944 iure

184 997 340 1066 mea
361 997 586 1060 Humano
605 997 771 1065 dicit,
799 996 923 1052 Haec
949 985 1074 1049 villa
1101 999 1218 1047 inea
1246 999 1358 1054 est,
1387 985 1503 1042 haec
1542 985 1734 1040 domus

181 1087 410 1169 gallie
434 1099 616 1152 servus
641 1101 790 1148 meus
818 1097 919 1145 est.
960 1085 1084 1142 iure
1125 1091 1254 1153 ergo
1302 1071 1566 1144 humano,
1616 1077 1735 1144 jure

183 1183 558 1266 Merit-orum.
580 1182 795 1254 quaret
815 1181 956 1266 quis;
977 1180 1090 1250 ipsa
1107 1177 1224 1246 jura
1256 1173 1482 1229 humana
1507 1181 1603 1240 per
1631 1168 1734 1222 im-

183 1257 435 1358 βιοτᾷ
459 1277 516 1333 εί
534 1259 689 1348 reges
712 1273 889 1329 seculi
916 1257 1058 1325 Deus
1097 1264 1365 1322 distribuit
1398 1259 1578 1332 generi
1632 1258 1733 1312 hu-

187 1349 343 1433 lliilnb'.
373 1355 541 1427 Vultis
562 1369 803 1438 legamus
831 1363 976 1430 leges
1004 1361 1415 1428 imperatorum,
1451 1359 1506 1406 et
1539 1349 1732 1404 seettn-

185 1461 454 1535 σιωιρςξς
471 1465 688 1532 agamus
715 1457 782 1512 de
822 1452 992 1509 villis?
1036 1450 1092 1506 Si
1132 1451 1251 1519 jure
1296 1446 1532 1500 humano
1573 1440 1734 1494 vultis

493 1552 778 1608 recitemus
810 1548 956 1617 leges
983 1541 1359 1610 imperatorum
1403 1553 1415 1590 :
1460 1533 1734 1587 videamus

187 1623 230 1707 it
249 1637 516 1705 voluerunt
539 1642 740 1713 alanna
764 1629 829 1694 ab
859 1635 1125 1692 haereticis
1151 1627 1429 1703 possideri.
1465 1625 1571 1682 Sed
1610 1623 1734 1694 quid

187 1725 300 1798 mihi
327 1739 407 1796 est
435 1732 766 1806 imperator?
811 1727 1114 1786 Secundum
1152 1724 1242 1795 jus
1285 1720 1449 1792 ipsius
1490 1716 1736 1788 possides

188 1835 379 1889 turam.
408 1829 509 1883 Aut
546 1825 691 1880 tolle
703 1825 822 1893 jura
862 1820 1274 1888 imperatorum,
1310 1820 1366 1868 et
1410 1810 1529 1880 quis
1575 1807 1736 1862 audet

186 1921 344 1982 dicere
369 1929 384 1976 :'
408 1921 518 1977 lica
546 1924 631 1974 est
657 1917 742 1971 illa
770 1913 922 1975 villa,
952 1918 1044 1964 aut
1082 1922 1234 1962 meus
1274 1911 1358 1960 est
1382 1903 1472 1957 ille
1514 1907 1732 1966 servus,

186 2015 455 2072 “donius
480 2009 592 2065 bare
620 2015 739 2063 mea
765 2005 889 2061 est?
915 2002 971 2058 Si
1007 2009 1184 2056 autem
1225 2005 1284 2052 ut
1322 2002 1600 2050 teneantur
1638 1990 1736 2045 ista

191 2090 256 2168 ﬂ
276 2111 570 2174 hominibus,
593 2107 716 2178 jura
745 2107 1066 2171 acceperunt
1090 2108 1271 2165 regum
1289 2134 1302 2158 ,
1335 2091 1501 2146 vultis
1541 2087 1735 2142 recite-

190 2199 300 2260 di'us
324 2204 473 2274 leges,
503 2205 558 2255 ut
580 2197 854 2270 gaudeatis
878 2193 997 2263 quia
1025 2189 1110 2245 vel
1132 2191 1292 2243 unum
1334 2184 1545 2237 hortum
1577 2179 1738 2233 babe-

187 2289 252 2352 (Β
264 2293 342 2362 ,‘et
475 2290 745 2361 impu'tetis
765 2287 864 2342 nisi
883 2279 1271 2340 mansuetudini
1297 2274 1558 2332 columbae
1571 2313 1588 2339 ,
1614 2271 1739 2342 quia

186 2371 258 2444 Μ
294 2385 362 2442 ibi
390 2381 540 2440 vobis
568 2374 886 2454 permittitur
913 2370 1261 2446 permanere?
1301 2367 1567 2437 Leguntur
1595 2362 1739 2418 enim

187 2477 310 2551 lges
324 2453 630 2537 maniféstte.
653 2472 742 2527 ubi
763 2473 1132 2542 praceperunt
1147 2463 1514 2532 imperatores.
1536 2468 1629 2511 eos
1648 2453 1738 2523 qui

189 2545 353 2639 μίξεσι
367 2567 612 2623 Ecclesite
624 2561 894 2619 catholica:
911 2554 1339 2614 communionem
1363 2555 1614 2618 usurpant
1639 2545 1739 2600 sibi

373 2651 734 2714 Christianum
755 2694 770 2720 ,
801 2665 898 2706 nec.
941 2650 1127 2703 volunt
1150 2647 1200 2701 in
1226 2644 1353 2713 pace
1381 2642 1558 2697 colere
1594 2639 1741 2709 pacis

189 2745 421 2806 timorem
439 2789 456 2817 ,
489 2747 624 2802 nihil
670 2746 884 2800 nomine
909 2738 1164 2796 Ecclesia:
1191 2734 1422 2790 audeant
1443 2729 1738 2803 possidere.

243 2837 321 2900 ΞΒ.
355 2843 458 2900 Sed
477 2831 612 2912 quid
637 2839 791 2894 nobis
810 2845 861 2892 et
883 2831 1189 2904 imperatori
1207 2829 1229 2883 ?
1247 2827 1354 2884 Sed
1374 2827 1482 2895 jam
1512 2823 1641 2884 dixi,
1672 2823 1740 2876 de

188 2935 284 3009 ιιπε
307 2922 738 3006 humanosguu‘r.
759 2931 826 2986 Et
849 2937 1026 2984 tamen
1049 2923 1334 2996 Apostolus
1362 2919 1529 2974 voluit
1552 2916 1740 2972 serviri

189 3015 388 3100 litibus,
413 3028 586 3083 voluit
614 3025 862 3080 honorari
891 3035 1064 3085 reges,
1093 3025 1148 3073 et
1169 3015 1304 3071 dixit
1343 3031 1357 3069 :
1386 3011 1575 3082 Regem
1599 3024 1736 3063 reve-

189 3099 401 3190 miu'etp
441 3117 585 3172 Pelr'.
633 3131 692 3182 ιι,
733 3115 845 3184 17).
877 3109 995 3166 Noli
1036 3108 1215 3162 dicere
1267 3123 1281 3158 ε
1325 3102 1460 3170 Quid
1512 3099 1640 3155 mihi
1687 3107 1742 3152 et

191 3205 312 3282 regii
331 3211 460 3279 Quid
491 3211 585 3266 tibi
614 3223 744 3279 ergo
770 3217 824 3261 et
861 3199 1221 3275 possessioni?
1249 3199 1351 3253 Per
1382 3197 1502 3267 jura
1554 3207 1739 3262 regum

193 3299 499 3370 piissidentur
523 3299 904 3373 possessiones.
939 3293 1147 3359 Dixisti,
1176 3288 1312 3356 Quid
1341 3287 1470 3342 mihi
1514 3293 1569 3340 et
1593 3282 1741 3352 regi?

193 3387 286 3472 noli
303 3395 464 3449 dicere
504 3391 867 3464 possessiones
889 3397 1047 3449 tuas;
1089 3387 1211 3454 quia
1232 3380 1298 3435 ad
1326 3380 1439 3450 ipsa
1475 3376 1593 3448 jura
1639 3374 1741 3428 hu-

193 3468 319 3540 ii‘t‘iiia'
349 3483 683 3547 rciiuntiasti,
732 3480 925 3551 quibus
967 3474 1304 3547 possidentur
1342 3465 1738 3541 possessiones.

193 3573 354 3634 ωε
371 3577 553 3633 divino
570 3577 691 3645 jure
719 3587 839 3642 ago,
879 3569 970 3624 ait.
1002 3569 1141 3638 Ergo
1181 3561 1522 3632 Evang‘elium
1551 3557 1743 3612 recite-

194 3671 317 3738 tn'us;
338 3670 610 3725 videatuus
637 3678 745 3737 quo
770 3677 936 3734 usque
967 3659 1204 3716 Ecclesia
1241 3653 1503 3711 catholica
1541 3650 1742 3706 Christi

197 3757 280 3831 el,
299 3761 440 3832 super
462 3773 626 3832 quem
650 3756 794 3811 venit
816 3753 1091 3813 columba,
1122 3763 1242 3820 qua:
1285 3745 1504 3808 docuit,
1541 3740 1638 3795 Hic
1669 3747 1743 3793 est

199 3853 270 3925 tisi
290 3831 508 3924 baptisat.
542 3849 825 3918 Quomodo
840 3859 968 3916 ergo
984 3844 1103 3914 jure
1129 3841 1308 3895 divino
1340 3834 1625 3908 possideat.
1649 3831 1739 3902 qui

200 3941 319 4014 dicit,
343 3935 444 4020 Ego
463 3946 707 4017 baptizlo;
744 3957 864 3996 cum
903 3939 1046 3994 dicat
1072 3932 1346 3996 columba,
1406 3928 1507 3983 Hic
1547 3935 1616 3981 est
1657 3925 1744 3997 qui

167 4106 173 4116 Ι
201 4019 413 4111 inputat,-
436 4055 560 4096 cum
605 4037 749 4092 dicat
774 4032 1044 4101 Scriptura
1069 4071 1084 4089 .
1116 4026 1230 4083 Una
1259 4033 1329 4079 est
1352 4019 1584 4078 columba
1607 4035 1738 4083 mea,

201 4135 283 4185 rita
303 4143 365 4186 est
392 4132 538 4187 matri
579 4128 724 4184 suae?
751 4126 928 4196 Quare
975 4120 1211 4176 laniastis
1260 4111 1601 4171 columbam?
1631 4111 1744 4164 imo

203 4221 402 4279 hniastis
426 4225 634 4279 viscera
657 4223 828 4275 vestra
863 4233 878 4271 :
909 4225 1031 4270 nam
1063 4212 1212 4268 vobis
1239 4207 1470 4274 laniatis,
1496 4202 1742 4260 columba

204 4313 371 4392 integra
397 4319 720 4386 perseverat.
747 4311 910 4380 Ergo,
941 4309 1130 4361 fratres
1154 4301 1255 4357 mei
1282 4342 1298 4367 ,
1330 4300 1372 4353 si
1404 4297 1602 4366 ubique
1636 4308 1744 4347 non

205 4389 369 4462 habent
405 4406 545 4478 quod
587 4405 801 4468 dicant,
827 4407 926 4471 ego
946 4399 1067 4454 dico
1093 4393 1232 4466 quod
1260 4391 1454 4447 faciant
1487 4407 1500 4442 :
1529 4388 1745 4442 veniant

204 4495 262 4554 ad
290 4501 601 4557 Catholicam
626 4540 642 4565 ,
699 4505 754 4551 et
799 4493 1073 4549 nobiscum
1126 4486 1392 4541 habebunt
1445 4497 1551 4535 non
1571 4479 1743 4534 solum

207 4585 384 4657 iéi't'am,
428 4592 522 4648 sed
565 4590 724 4645 etiam
761 4586 906 4639 illum
937 4582 1024 4652 qui
1055 4579 1180 4634 fecit
1217 4575 1411 4631 cmlum
1441 4580 1498 4628 et
1525 4580 1741 4626 terram.

675 4668 1086 4734 TRACTATUS
1121 4668 1232 4723 Vll.

212 4763 475 4848 difﬁbun
499 4761 742 4846 scriptum
768 4778 861 4832 est,
887 4769 953 4822 Et
979 4779 1079 4837 ego
1123 4759 1252 4826 vidi,
1291 4764 1349 4812 et
1381 4751 1746 4809 testimonium

263 4845 477 4940 perhibui
506 4845 631 4940 quia
662 4863 747 4920 me
773 4871 854 4919 est
871 4858 1042 4916 Filius
1067 4855 1188 4923 Del,
1205 4866 1359 4922 usque
1381 4847 1450 4902 ad
1472 4845 1545 4909 id,
1570 4846 1745 4900 Arnen

264 4937 558 5025 dieu‘vubis.
581 4955 828 5015 videbitis
867 4953 1059 5010 coelum
1084 4955 1368 5018 apertum.
1412 4951 1467 4998 et
1509 4937 1744 5006 Angelos

264 5035 585 5110 Mensas
627 5057 683 5106 et
714 5041 1098 5104 descendentes
1135 5051 1296 5108 super
1333 5031 1528 5089 Filium
1567 5026 1744 5084 homi-

267 5143 353 5202 ns.
376 5144 497 5215 Cap.
522 5159 560 5211 ι,
605 5144 642 5214 γ
667 5182 681 5196 .
710 5139 901 5198 34-51.

269 5233 313 5291 l.
349 5211 746 5310 Congaudemus
813 5225 1120 5298 frequentiae
1174 5227 1402 5281 vestrae,
1438 5214 1562 5286 quia
1609 5211 1745 5267 ultra

217 5329 348 5397 ιιιιιι·
375 5303 585 5400 sperare
637 5323 922 5396 potuimus,
969 5315 1217 5373 alacriter
1253 5304 1600 5366 convenistis.
1639 5303 1750 5357 lloc

441 5435 536 5478 nos
553 5395 808 5480 laetificat,
836 5424 890 5469 et
915 5407 1220 5467 consolatur
1243 5403 1298 5458 in
1321 5399 1569 5455 omnibus
1598 5395 1750 5450 labo-

219 5488 354 5577 Μ.
379 5523 430 5570 et
451 5509 699 5586 periculis
720 5509 844 5565 vitae
870 5504 1058 5574 hujus,
1091 5513 1242 5554 amor
1269 5503 1445 5550 vester
1477 5491 1533 5544 in
1564 5488 1748 5552 Deum,

220 5597 406 5675 Glitium
441 5579 710 5670 studium,
757 5609 812 5656 et
835 5605 979 5653 certa
1007 5607 1150 5664 spes,
1198 5597 1255 5644 et
1296 5584 1475 5641 fervor
1511 5579 1749 5650 spiritus.

225 5695 424 5782 metu
448 5717 562 5759 cum
593 5697 836 5755 Psalmus
881 5692 1168 5762 legeretur,
1214 5680 1335 5754 quia
1365 5678 1519 5746 inops
1538 5681 1752 5782 et

227 5772 492 5860 ﬁculna!
516 5793 581 5850 ad
605 5793 774 5848 Deum
803 5788 854 5842 in
876 5785 978 5839 hoc
1007 5777 1202 5836 saeculo
1232 5771 1384 5843 (Psaf
1431 5781 1612 5860 usta,
1632 5763 1749 5860 ει).

230 5855 322 5957 is:
334 5885 462 5942 enim
481 5893 594 5955 est,
622 5890 684 5941 ut
709 5880 902 5952 sapius
925 5872 1148 5934 audistis
1166 5909 1185 5941 ,
1229 5875 1284 5923 et
1319 5859 1623 5920 meminisse
1655 5855 1751 5912 de--

1321 395 1732 456 TRACTATUS
1793 395 1905 453 νη.
1940 395 2171 454 CAPUT
2206 392 2252 452 l.

3285 394 3414 452 145⁸5

1841 509 2010 576 betis,
2035 526 2139 565 non
2165 510 2324 584 unius
2359 507 2591 576 hominis
2609 549 2625 573 ,
2653 513 2709 564 et
2755 516 2930 564 tamen
2960 507 3116 562 unius
3141 507 3370 562 hominis
3398 527 3415 564 :

1841 617 1948 662 non
1976 603 2166 685 unius,
2196 600 2317 671 quia
2353 599 2537 654 fideles
2563 597 2747 664 multi;
2774 599 2935 669 multa
2967 613 3130 668 grana
3159 598 3297 674 inter
3327 615 3420 668 ρει-

1840 693 1954 749 leas
1990 682 2276 764 gementia,
2299 688 2486 744 diffusa
2515 697 2628 743 toto
2657 687 2787 743 orbe
2828 674 3086 742 terrarum
3110 704 3122 741 :
3151 687 3307 760 unius
3329 704 3420 741 au-

1840 792 1947 839 tem
1968 825 1983 849 ,
2015 782 2133 853 quia
2165 781 2401 853 membra
2428 779 2622 854 Christi
2654 763 2869 850 omnes;
2911 793 2974 834 ac
2999 767 3092 848 per
3127 755 3228 833 hoc
3256 795 3418 832 unum

1839 890 2051 946 corpus.
2079 873 2338 946 isteergo
2363 871 2590 944 pupulas
2616 871 2769 954 ineps
2797 875 2851 926 et
2881 885 3099 939 pauper,
3132 885 3236 925 non
3270 872 3418 924 novit

1836 966 2069 1038 gaudere
2088 963 2156 1019 de
2183 963 2378 1018 saeculo
2402 979 2416 1040 _:
2446 969 2501 1018 et
2523 960 2677 1044 dolor
2703 959 2815 1031 ejus
2843 959 2985 1014 intus
3032 970 3113 1014 est
3133 1001 3146 1022 ,
3187 969 3243 1015 et
3285 976 3419 1030 gau-

1839 1057 1984 1122 dium
2010 1057 2127 1126 ejus
2154 1055 2298 1110 intus
2328 1062 2410 1109 est
2429 1094 2445 1117 .
2487 1053 2574 1108 ubi
2603 1069 2708 1108 non
2736 1051 2880 1107 videt
2910 1051 3008 1106 nisi
3037 1052 3122 1106 ille
3143 1052 3231 1120 qui
3262 1067 3420 1106 exau-

1837 1148 1916 1205 dit
1941 1156 2260 1221 gementem,
2287 1154 2342 1201 ct
2365 1153 2585 1200 curonat
2609 1153 2930 1214 sperantem.
2977 1139 3180 1197 Laetitia
3218 1142 3421 1208 saeculi,

1838 1241 2060 1315 vanitas.
2085 1239 2215 1294 Cum
2239 1227 2425 1308 magna
2453 1236 2855 1307 exspectatione
2873 1243 3118 1306 speratur
3142 1244 3199 1290 ut
3217 1236 3414 1299 veniat,

1837 1313 1892 1392 et
1917 1345 2020 1385 non
2065 1337 2239 1399 potest
2267 1328 2432 1382 teucri
2476 1343 2596 1381 cum
2627 1327 2847 1382 venerit.
2891 1313 2996 1381 iste
3021 1327 3162 1380 enim
3194 1325 3308 1382 dies
3332 1331 3422 1397 qui

1838 1424 1992 1479 laetus
2018 1430 2100 1476 est
2123 1419 2344 1490 perditis
2376 1417 2532 1472 hodie
2561 1417 2612 1471 in
2659 1418 2758 1473 ista
2805 1417 3040 1482 civitate,
3072 1432 3192 1472 cras
3234 1417 3422 1488 utique

1838 1530 1944 1571 non
1974 1512 2076 1569 erit
2102 1528 2116 1565 :
2144 1527 2243 1568 nec
2269 1510 2426 1564 iidem
2462 1503 2564 1580 ipsi
2584 1525 2702 1563 cras
2746 1507 2847 1563 hoc
2873 1517 3029 1562 erunt
3076 1507 3216 1577 quod
3265 1509 3424 1564 hodie

1839 1612 1984 1684 sunt.
2013 1604 2076 1658 Et
2107 1611 2382 1656 transeunt
2410 1589 2586 1655 omnia
2605 1641 2620 1664 ,
2644 1607 2699 1654 et
2727 1598 2938 1652 evolant
2977 1599 3176 1662 omnia,
3201 1607 3255 1653 et
3285 1598 3424 1654 sicut

1840 1697 2014 1751 fumus
2034 1703 2358 1749 vanescunt:
2388 1702 2440 1747 ct
2473 1707 2552 1745 vce
2577 1691 2664 1762 qui
2686 1700 2865 1745 amant
2886 1689 3037 1744 talia!
3062 1691 3247 1746 Omnis
3276 1693 3420 1748 enim

1839 1789 2014 1844 anima
2070 1787 2312 1855 sequitur
2357 1784 2496 1856 quod
2528 1794 2690 1838 amat.
2717 1781 2900 1838 Omnis
2941 1798 3066 1838 caro
3102 1781 3279 1838 fenum
3304 1823 3321 1851 ,
3369 1797 3424 1840 et

1840 1881 2018 1936 omnis
2051 1880 2419 1960 honor'carnis
2456 1877 2605 1948 quasi
2637 1875 2734 1930 llos
2765 1875 2898 1941 feni;
2927 1861 3103 1931 fenum
3133 1877 3292 1941 aruit,
3323 1876 3424 1934 ﬂos

1841 1974 2037 2031 decidit
2070 1951 2344 2029 :Verbum
2388 1947 2566 2027 autem
2611 1971 2814 2025 Domini
2850 1980 3030 2027 manet
3066 1970 3118 2024 in
3163 1947 3421 2027 tcternum

1842 2065 1994 2139 (hui.
2022 2083 2110 2131 xc,
2142 2064 2281 2137 6-8).
2311 2065 2450 2119 Ecce
2494 2050 2638 2133 quod
2683 2077 2850 2125 ames,
2882 2061 2925 2115 si
2974 2062 3050 2116 vis
3095 2047 3311 2138 manere
3364 2062 3416 2116 in

1841 2135 2119 2216 aeternum.
2150 2135 2254 2214 Sed
2282 2155 2462 2240 dicere
2492 2154 2723 2209 habebas
2755 2171 2767 2206 :
2795 2151 2946 2210 Unde
2976 2169 3191 2224 possum
3227 2135 3420 2224 appre-

1843 2249 2079 2306 hendere
2127 2248 2356 2303 Verbum
2407 2237 2538 2300 Dei?
2580 2244 2810 2300 Verbum
2837 2259 2962 2298 caro
3000 2241 3194 2298 factum
3229 2251 3340 2312 est,
3371 2233 3428 2299 et

1844 2342 2106 2398 habitavit
2135 2342 2187 2397 in
2220 2340 2371 2396 nobis
2395 2339 2574 2408 (Joau.
2608 2355 2642 2402 I,
2678 2339 2788 2407 Μ).

1912 2436 1966 2490 ‘2.
1994 2435 2348 2506 Quapropter,
2380 2430 2677 2506 charissimi
2698 2471 2712 2497 ,
2741 2429 2805 2483 ad
2838 2428 3067 2500 inopiam
3100 2402 3333 2482 nostram
3371 2435 3428 2481 et

1844 2535 2206 2599 paupertatem
2238 2533 2472 2580 nostram
2505 2524 2764 2592 pertineat
2790 2531 2843 2576 et
2872 2521 3008 2592 quod
3033 2521 3154 2576 illos
3179 2518 3422 2576 dolemus

1843 2621 1932 2693 qui
1961 2619 2061 2674 sibi
2101 2617 2370 2673 abundare
2405 2616 2669 2674 videntur.
2717 2614 2977 2670 Gaudium
3005 2614 3146 2668 enim
3176 2612 3410 2681 ipsorum

1843 2712 1991 2785 quasi
2016 2711 2444 2782 phreneticorum
2467 2716 2568 2762 est.
2592 2699 2869 2773 Quomodo
2885 2713 3059 2758 autem
3085 2702 3424 2774 phreneticus

1843 2803 2037 2879 gaudet
2080 2803 2131 2856 in
2162 2801 2364 2856 insania
2407 2800 2750 2869 plerumque,
2796 2805 2849 2851 et
2899 2793 3069 2858 ridet;
3124 2802 3179 2849 et
3225 2792 3427 2864 plangit

1845 2896 1994 2952 illum
2021 2895 2108 2964 qui
2130 2907 2291 2948 sanus
2317 2901 2398 2947 est
2430 2908 2443 2943 :
2475 2890 2550 2944 sic
2577 2896 2629 2943 et
2659 2903 2791 2951 nos,
2830 2883 3127 2941 charissimi
3149 2925 3163 2950 ,
3201 2883 3244 2939 si
3271 2899 3426 2939 rece-

1845 2986 2018 3057 pimus
2063 2984 2376 3039 medicinam
2421 2981 2488 3036 de
2517 2979 2656 3056 coelo
2701 2979 3033 3042 venientem,
3075 2976 3197 3045 quia
3241 2973 3301 3029 et
3325 2988 3423 3028 nos

1844 3090 2034 3158 omnes
2079 3072 2374 3143 phrenetici
2402 3085 2612 3126 eramus
2633 3111 2646 3133 ,
2695 3077 2942 3137 tanquam
2969 3067 3097 3120 salvi
3130 3063 3272 3132 facti,
3296 3061 3423 3135 quia

1845 3155 1907 3234 ea
1956 3181 2076 3236 qua:
2131 3163 2479 3234 diligehamus
2524 3176 2626 3215 non
2674 3158 2973 3229 diligimus,
3029 3170 3307 3229 gemamus
3354 3155 3422 3210 ad

1847 3261 2011 3316 Deum
2055 3259 2123 3314 de
2170 3259 2234 3312 iis
2266 3256 2353 3330 qui
2390 3255 2563 3309 adhuc
2613 3238 2900 3308 insaniunt.
2934 3251 3129 3306 Potens
3170 3258 3253 3305 est
3279 3249 3425 3304 enim

1847 3361 1904 3406 ut
1963 3358 2018 3405 et
2072 3351 2214 3419 ipsos
2268 3348 2446 3402 salvos
2501 3343 2675 3400 faciat.
2734 3343 2802 3398 Et
2865 3359 2998 3414 opus
3053 3350 3135 3397 est
3203 3345 3259 3396 ut
3332 3335 3424 3397 re-

1846 3443 2074 3519 spiciant
2111 3457 2168 3496 se
2190 3481 2205 3506 ,
2237 3448 2290 3494 et
2316 3439 2627 3507 displiceant
2660 3437 2780 3492 sibi.
2807 3435 3060 3504 Spectare
3097 3432 3339 3500 volunt',
3370 3440 3428 3488 et

1846 3543 2088 3614 spectare
2116 3549 2174 3588 se
2203 3546 2307 3587 non
2354 3538 2635 3585 noverunt.
2678 3527 2810 3582 Nam
2854 3527 2899 3582 si
2921 3526 3269 3595 'aliquantum
3296 3539 3430 3578 ocu-

1848 3628 1930 3685 los
1981 3626 2047 3682 ad
2097 3641 2154 3681 se
2206 3631 2550 3687 convertant,
2599 3620 2780 3675 vident
2839 3617 3205 3676 confusionem
3250 3629 3425 3672 suam.

1846 3719 1998 3790 Quod
2030 3718 2204 3800 donec
2233 3715 2342 3780 ﬁat,
2392 3715 2492 3768 alia
2547 3711 2656 3767 sint
2705 3709 2878 3765 studia
2932 3717 3133 3772 nostra,
3175 3705 3278 3761 alia
3318 3703 3427 3760 sint

1847 3799 2186 3890 avocamenta
2217 3809 2406 3861 animai
2444 3813 2659 3860 nostrae.
2694 3801 2824 3857 Plus’
2865 3800 3005 3855 valet
3025 3799 3180 3853 dolor
3221 3803 3426 3863 uester,

1846 3883 2006 3976 quam
2034 3901 2282 3974 gaudium
2312 3898 2540 3953 illorum.
2573 3881 2836 3962 Quantum
2882 3891 3109 3962 pertinet
3148 3890 3213 3944 ad
3244 3904 3431 3945 nume-

1847 4009 1965 4050 rum
1995 3994 2212 4047 fratrnm
2229 4031 2244 4056 ,
2269 3988 2486 4045 difficile
2512 3997 2592 4042 est
2613 3994 2667 4039 nt
2691 3985 2972 4056 quisquam
3003 3983 3089 4036 illa
3115 3980 3428 4037 celebritate

1847 4096 2030 4156 raptus
2070 4084 2224 4139 fuerit
2263 4097 2332 4136 ex
2363 4080 2491 4134 viris
2525 4079 2818 4147 :q'uantum
2845 4082 3021 4128 autem
3065 4073 3131 4126 ad
3176 4087 3421 4126 sororum

1847 4192 2161 4240 numerum,
2204 4174 2479 4230 contristat
2526 4185 2642 4230 nos,
2674 4177 2728 4223 et
2769 4168 2869 4221 hoc
2916 4166 3083 4234 magis
3132 4159 3418 4218 dolendum

1848 4277 1950 4338 est,
1975 4271 2096 4340 quia
2115 4284 2219 4323 non
2248 4268 2374 4336 ipsm
2404 4263 2579 4337 potius
2609 4257 2680 4316 ad
2709 4258 3005 4314 Ecclesium
3028 4264 3265 4317 currunt,
3294 4269 3426 4325 quas

1848 4363 2031 4420 debuit
2053 4362 2095 4415 si
2129 4376 2233 4414 non
2267 4359 2443 4418 timor,
2478 4362 2623 4410 certe
2648 4348 2965 4406 verecundia
2992 4347 3061 4403 de
3102 4344 3309 4416 publico
3336 4357 3425 4399 re-

1848 4468 2060 4508 vocare.
2098 4450 2297 4505 Viderit
2323 4447 2424 4501 hoc
2450 4444 2539 4516 qui
2573 4442 2756 4507 videt,
2783 4448 2837 4495 et
2864 4437 3035 4493 aderit
3065 4433 3426 4491 misericordia

1849 4548 1998 4619 ejus,
2032 4553 2087 4598 ut
2123 4550 2277 4597 sanet
2323 4554 2528 4594 omnes.
2560 4535 2668 4591 Nos
2697 4543 2873 4587 autem
2912 4530 3000 4601 qui
3042 4529 3428 4593 convenimus,

1849 4653 2128 4714 pascamur
2147 4633 2316 4705 epulis
2345 4631 2466 4695 Dei,
2496 4637 2549 4685 et
2574 4631 2644 4682 sit
2668 4623 2917 4698 gaudium
2956 4634 3193 4676 nostrum
3242 4633 3426 4674 sermo

1851 4730 2036 4804 ipsius.
2078 4719 2321 4782 Invitavit
2362 4722 2504 4778 enim
2541 4733 2640 4775 nos
2666 4717 2731 4772 ad
2764 4714 3106 4785 Evangelium
3141 4715 3296 4765 suum
3333 4726 3346 4762 :
3377 4716 3437 4764 et

1853 4799 1964 4896 ipse
1983 4805 2134 4876 cibus
2163 4827 2346 4873 noster
2382 4822 2492 4876 est,
2519 4820 2625 4882 quo
2655 4807 2785 4863 nihil
2820 4805 3029 4861 dulcius
3053 4820 3068 4869 ;
3114 4801 3206 4858 sed
3234 4801 3279 4857 si
3308 4799 3428 4872 quis

1853 4912 2013 4971 habet
2040 4912 2270 4984 palatum
2303 4915 2489 4962 sanum
2517 4904 2570 4960 in
2610 4901 2790 4958 Corde.

1922 4993 1976 5061 3'.
2015 4975 2157 5059 B-ene
2191 5005 2372 5055 autem
2397 4997 2625 5051 arbitror
2659 4987 2964 5047 meminisse
2985 4986 3311 5044 Charitatem
3337 4975 3430 5040 ve-

1853 5097 2016 5156 stram
2040 5096 2142 5152 hoc
2177 5091 2518 5163 Evangelium
2539 5085 2851 5143 lectionibus
2879 5079 3128 5151 congruis
3151 5094 3214 5134 ex
3241 5077 3432 5134 ordine

1853 5189 2103 5248 recitari:
2127 5195 2177 5242 et
2218 5194 2345 5257 puto
2395 5180 2547 5236 vobis
2582 5192 2686 5232 non
2726 5173 2986 5231 excidisse
3027 5185 3146 5242 qua:
3189 5170 3298 5238 jam
3328 5176 3438 5224 tra-

1854 5292 1992 5338 ctata
2020 5285 2162 5343 sunt,
2190 5274 2420 5330 maxime
2450 5267 2747 5326 recentiora
2769 5263 2836 5320 de
2862 5259 3069 5320 Joanne
3089 5269 3143 5316 et
3161 5259 3430 5316 columba.

1856 5375 1932 5430 De
1981 5367 2184 5426 Joanne
2230 5367 2470 5429 scilicet,
2508 5358 2637 5432 quid
2684 5371 2876 5413 novum
2930 5352 3176 5410 didicerit
3219 5351 3269 5404 in
3327 5350 3431 5403 Do-

1858 5464 2001 5521 mino
2027 5468 2125 5532 per”
2149 5456 2486 5522 columbam,
2519 5452 2605 5524 qui
2627 5451 2736 5520 jam
2775 5451 2996 5503 noverat
3032 5441 3333 5498 Dominum.
3367 5437 3435 5492 Et

1859 5557 1961 5612 hoc
1990 5525 2262 5608 inventum
2293 5556 2377 5602 est
2421 5545 2713 5615 inspirante
2751 5538 2948 5608 Spiritu
2979 5534 3105 5598 Dei,
3146 5525 3287 5600 quod
3321 5527 3433 5598 jam

1860 5644 2072 5720 quidem
2116 5641 2349 5698 Joannes
2377 5642 2598 5692 noverat
2642 5630 2960 5692 Dominum;
2999 5621 3094 5678 sed
3129 5617 3272 5720 quod
3320 5618 3438 5689 ipse

1861 5711 2120 5797 Dominus
2146 5736 2214 5790 ita
2255 5739 2399 5790 esset
2439 5727 2818 5799 baptizaturus,
2851 5725 2911 5775 ut
2942 5711 3243 5789 baptizandi
3284 5719 3440 5799 pota-

1929 5857 1944 5888 ι
1972 5833 2098 5912 uss,
2115 5827 2326 5913 spectari
2339 5841 2513 5898 υοιωιι.
