4036 6386
655 386 798 448 ιιδθ

652 509 845 560 statem
871 516 900 557 a
922 514 981 556 se
1004 499 1057 556 in
1091 499 1357 556 neminem
1385 496 1798 561 transfunderet,
1822 496 1925 553 hoc
1938 493 2124 550 didicit
2141 508 2237 563 per

653 593 954 651 columbam
977 633 994 659 ,
1022 592 1144 662 quia
1183 591 1382 646 dictum
1414 606 1464 646 et
1503 600 1651 655 erat,
1682 588 1851 660 Super
1877 604 2021 660 quem
2058 586 2241 641 uideris

653 686 905 755 Spiritum
948 683 1325 737 descendentem
1350 681 1482 735 velut
1529 679 1833 743 columbam,
1868 688 1915 733 et
1956 686 2241 732 manentem

652 795 802 849 super
828 793 963 842 cum,
996 776 1078 830 hic
1101 786 1173 830 est
1196 776 1285 848 qui
1311 774 1535 844 baptisat
1555 774 1608 827 in
1634 773 1833 844 Spiritu
1863 782 2038 826 sancto
2058 770 2235 841 (Joan.

649 889 691 937 ι,
723 868 838 940 55).
877 866 1016 936 Quid
1045 876 1159 932 est,
1192 868 1273 921 llic
1296 867 1409 922 est?
1448 865 1562 920 Non
1590 865 1725 920 alius
1746 906 1760 929 ,
1791 863 1891 920 etsi
1933 879 2029 934 per
2052 862 2235 917 alium.

650 961 828 1031 Quare
853 971 1029 1016 autem
1060 976 1156 1031 per
1194 959 1535 1015 columbam?
1565 958 1725 1013 Multa
1763 957 1902 1013 dicta
1953 965 2099 1020 sunt,
2138 970 2240 1012 nec

653 1068 891 1122 possum,
910 1067 1009 1108 nec
1024 1067 1159 1124 opus
1176 1060 1260 1108 est
1274 1051 1451 1107 omnia
1471 1060 1711 1107 retexere
1736 1069 1748 1105 :
1771 1048 2038 1121 prmcipue
2060 1040 2239 1104 tamen

653 1155 874 1219 propter
895 1160 1075 1216 pacem
1097 1161 1112 1210 ;
1130 1145 1252 1216 quia
1274 1154 1327 1199 et
1348 1144 1484 1215 ligna
1510 1160 1629 1215 qute
1650 1144 1914 1216 baptizata
1935 1151 2060 1198 sunt
2085 1141 2235 1211 foris,

652 1239 773 1309 quia
803 1237 1031 1293 fructum
1052 1238 1102 1292 in
1130 1236 1208 1292 eis
1233 1237 1430 1292 invenit
1456 1235 1804 1301 columba,ad
1821 1250 1998 1290 arcam
2025 1235 2235 1291 attulit:

653 1329 791 1384 sicut
820 1328 1135 1384 meministis
1171 1329 1471 1383 columbam
1498 1329 1749 1382 emissam
1783 1343 1815 1382 a
1857 1326 1968 1382 Noe
1993 1326 2061 1382 de
2090 1342 2235 1396 arca,

653 1439 774 1495 qum
818 1422 1019 1478 diluvio
1064 1422 1297 1485 natabat,
1330 1430 1385 1477 et
1423 1422 1688 1492 baptismo
1738 1420 2078 1488 abluebatur,
2131 1436 2236 1476 non

651 1514 1008 1586 mergebatur.
1033 1513 1165 1570 Cum
1194 1530 1321 1586 ergo
1365 1523 1506 1569 esset
1546 1514 1762 1576 emissa,
1811 1513 1986 1568 attulit
2028 1528 2237 1569 ramum

650 1606 805 1662 oliva:
831 1623 845 1659 :
878 1604 972 1661 sed
1000 1620 1104 1660 non
1128 1606 1241 1660 sola
1269 1606 1392 1659 folia
1420 1604 1667 1671 habebat,
1691 1604 1919 1660 habebat
1941 1604 2238 1662 etfructum

655 1696 806 1770 (Gen.
846 1714 957 1762 vnt,
1003 1698 1179 1766 8-H).
1207 1696 1390 1768 Itaque
1418 1696 1518 1752 hoc
1543 1696 1831 1767 optandum
1876 1705 1959 1752 est
1989 1695 2239 1752 fratribus

651 1788 849 1846 nostris
873 1789 965 1860 qui
1022 1790 1149 1845 foris
1197 1789 1550 1859 baptizanlur,
1600 1798 1658 1843 ut
1700 1788 1933 1844 habeant
1963 1789 2235 1846 fructum:

651 1895 757 1936 non
798 1879 917 1934 illus
946 1880 1087 1935 sinet
1115 1880 1361 1934 columba
1392 1878 1544 1946 foris,
1578 1879 1677 1933 nisi
1701 1879 1768 1934 ad
1791 1894 1969 1934 arcam
2002 1880 2233 1936 reduxe-

650 1971 741 2028 rit.
780 1969 1007 2026 Fructus
1045 1980 1222 2025 autem
1252 1979 1336 2025 est
1366 1979 1506 2025 totus
1543 1969 1797 2032 cbaritas,
1828 1971 1944 2025 sine
1976 1986 2077 2041 qua
2107 1971 2239 2026 nihil

652 2072 736 2120 est
777 2063 954 2128 homo,
998 2062 1252 2133 quidquid
1274 2062 1414 2116 aliud
1445 2061 1709 2117 habuerit.
1751 2062 1816 2116 Et
1846 2061 1948 2117 hnc
1972 2061 2240 2118 uberrime

652 2156 722 2212 ab
748 2154 1004 2226 Apostnlo
1054 2154 1251 2208 dictmn
1300 2156 1842 2209 commemoravimus
1870 2164 1924 2208 et
1966 2154 2239 2209 recensui-

652 2263 792 2305 mns.
826 2247 914 2303 Ait
940 2247 1081 2303 euitn
1111 2265 1124 2300 :
1157 2267 1174 2300 t
1201 2247 1255 2303 Si
1280 2246 1471 2318 linguis
1501 2246 1775 2301 hominum
1810 2246 1999 2318 loquar
2040 2255 2095 2303 et
2122 2247 2237 2301 An-

648 2341 921 2414 gelornm,
952 2340 1264 2395 charitatem
1297 2347 1473 2394 autem
1503 2354 1607 2393 non
1643 2339 1864 2393 habeam
1884 2382 1897 2401 ,
1930 2337 2102 2394 factus
2121 2355 2240 2394 sum

651 2432 797 2487 velut
816 2442 1163 2486 mramentum
1191 2447 1408 2495 sonans,
1441 2440 1534 2486 aut
1559 2432 1860 2504 cymbalum
1883 2431 2115 2487 tinniens
2144 2448 2157 2485 :
2187 2440 2243 2487 et

651 2524 697 2581 si
719 2522 954 2579 habuero
983 2540 1197 2579 omnem
1237 2524 1539 2590 scientiam,
1577 2533 1631 2579 et
1665 2526 1827 2580 sciam
1858 2524 2036 2580 omnia
2064 2539 2241 2579 sacra-

651 2626 941 2679 menta,et
982 2616 1203 2672 habeam
1253 2630 1467 2672 omnem
1521 2615 1959 2685 prophetiam,ct
2007 2614 2241 2670 habuero

649 2730 861 2771 omnem
886 2712 1097 2777 fidem,o
1119 2710 1299 2780 (fidem
1328 2719 1503 2763 autem
1531 2708 1799 2778 quomodo
1820 2707 1953 2761 dixit
1977 2708 2241 2778 omnem?)

656 2825 675 2860 ι
688 2816 744 2862 ιιι
764 2816 971 2862 montes
994 2802 1332 2867 transferam,
1352 2800 1665 2855 charitatem
1681 2807 1857 2854 autem
1874 2814 1977 2853 non
1994 2798 2238 2867 habeam,

650 2900 785 2957 nihil
816 2915 955 2955 sum.
986 2898 1053 2952 Et
1080 2897 1123 2951 si
1152 2894 1474 2951 distribuere
1514 2893 1690 2974 omnia
1732 2908 1849 2947 mea
1884 2893 2203 2963 pauperibus
2224 2934 2239 2960 ,

651 2995 771 3049 etsi
802 2991 1070 3047 tradidero
1110 3003 1305 3059 corpus
1332 3003 1508 3043 meum
1552 2996 1608 3042 ut
1651 2986 1905 3053 ardeam,
1928 2986 2241 3043 cbaritatem

650 3095 828 3142 autem
853 3100 957 3140 non
990 3084 1242 3148 habeant,
1276 3082 1406 3137 nihil
1432 3080 1558 3137 mibi
1591 3080 1833 3151 prodest:
1862 3078 1920 3151 (Ι
1962 3080 2079 3136 Cor.
2110 3097 2239 3149 xm,

652 3176 793 3248 1-5).
825 3174 976 3231 Nullo
1024 3174 1180 3230 modo
1231 3183 1409 3229 autem
1458 3181 1678 3242 possunt
1718 3172 1896 3227 dicere
1938 3187 1996 3227 se
2041 3172 2241 3229 habere

650 3267 992 3330 eharitatem,
1016 3266 1103 3337 qui
1137 3264 1380 3320 dividunt
1420 3264 1694 3319 unitatem.
1740 3262 1865 3318 Haec
1901 3262 2041 3318 dicta
2070 3272 2192 3318 sunt
2224 3280 2237 3318 :

649 3358 925 3429 sequentia
952 3357 1246 3412 videamus.

720 3452 774 3507 4.
801 3449 1076 3506 Pcrhibuit
1097 3448 1331 3519 Joannes
1353 3445 1873 3514 testimonium,quia
1895 3444 2045 3500 vidit.
2073 3446 2241 3514 Quale

652 3542 1012 3601 testimonium
1040 3540 1335 3613 perhibuit?
1363 3539 1495 3606 Quia
1520 3540 1629 3611 ipse
1648 3548 1719 3595 est
1740 3537 1912 3594 Filius
1934 3538 2047 3595 Dei.
2072 3540 2243 3611 Opor-

652 3635 797 3692 tebat
821 3652 950 3704 ergo
978 3642 1035 3688 ut
1059 3633 1146 3688 ille
1168 3631 1461 3702 baptizaret
1487 3632 1574 3700 qui
1598 3640 1682 3685 est
1713 3629 1877 3686 Filius
1907 3631 1998 3685 Dei
2028 3632 2236 3699 unicus,

648 3743 756 3784 non
791 3727 1091 3797 adaptatus.
1138 3723 1384 3794 Adopluli
1430 3723 1521 3778 lilii
1547 3769 1560 3790 ,
1606 3724 1835 3779 ministri
1873 3733 1997 3779 sunt
2040 3724 2236 3781 Unici:

650 3819 853 3878 Unicus
875 3819 1031 3874 habet
1061 3825 1401 3888 potestatem,
1428 3816 1663 3886 adoptati
1687 3817 2059 3872 ministerium.
2089 3816 2241 3873 Licet

649 3911 884 3983 baptizet
913 3910 1156 3966 minister
1199 3924 1304 3964 non
1361 3910 1630 3980 pertinens
1674 3908 1740 3963 ad
1786 3923 2063 3964 numerum
2097 3909 2236 3964 lilio-

647 4020 801 4067 rum,
834 4003 956 4075 quia
986 4003 1124 4058 male
1153 4002 1281 4056 vivit
1310 4010 1366 4057 et
1392 4001 1531 4056 male
1550 4001 1690 4071 agit,
1722 3998 1847 4071 quid
1875 4014 1973 4055 nos
1992 4000 2240 4057 consola-

646 4096 773 4153 tur?
803 4095 901 4150 llic
920 4105 993 4151 est
1017 4096 1103 4167 qui
1126 4095 1367 4168 baptizat.

718 4189 773 4246 5.
815 4188 990 4244 Altera
1015 4188 1098 4243 die
1122 4189 1304 4243 iterum
1339 4187 1504 4242 stabat
1534 4185 1785 4249 Joannes,
1811 4195 1856 4241 et
1879 4204 1942 4241 ea:
1974 4187 2237 4258 discipulis

647 4284 756 4355 ejus
781 4280 915 4347 duo,
944 4291 990 4335 et
1018 4281 1288 4352 respiciens
1332 4278 1509 4334 Iesum
1552 4278 1891 4334 ambulantem
1920 4279 2076 4346 dicit,
2109 4277 2241 4335 Ecce

647 4375 824 4446 Agnus
868 4373 981 4429 Dei.
1026 4372 1219 4444 Utique
1262 4372 1603 4441 singulariter
1644 4374 1745 4426 iste
1787 4372 2005 4441 Agnus:
2036 4388 2157 4426 nam
2184 4381 2239 4429 et

646 4466 895 4537 discipuli
937 4465 1065 4520 dicti
1110 4473 1235 4520 sunt
1288 4464 1440 4535 agni,
1473 4463 1606 4518 Ecce
1653 4481 1743 4534 ego
1794 4465 1935 4518 mitto
1984 4480 2069 4519 vos
2112 4467 2239 4521 sicut

656 4574 816 4630 agnos
839 4558 893 4612 in
929 4557 1092 4612 medio
1133 4556 1363 4627 luporum
1394 4554 1607 4629 (Matth.
1637 4572 1665 4609 x
1684 4597 1699 4620 ,
1730 4555 1840 4625 16).
1874 4556 2005 4611 Dicti
2037 4566 2162 4612 sunt
2185 4566 2240 4614 et

650 4650 754 4722 ipsi
782 4650 981 4707 .lumen
1003 4692 1019 4716 ,
1056 4649 1158 4705 Vos
1184 4650 1303 4705 estis
1341 4649 1508 4704 lumen
1545 4649 1721 4703 mundi
1756 4648 1867 4723 (Id.
1900 4665 1956 4713 v,
1989 4649 2077 4723 14)
2107 4651 2237 4708 :sed

648 4744 809 4801 aliter
832 4743 922 4800 ille
949 4742 1017 4798 de
1036 4758 1143 4814 quo
1168 4742 1367 4799 dictum
1398 4750 1481 4799 est
1498 4784 1513 4809 ,
1543 4740 1675 4796 Erat
1696 4743 1865 4798 lumen
1890 4759 2080 4808 verum,
2102 4743 2238 4815 quod

648 4835 904 4892 illuminat
929 4851 1127 4889 omnem
1165 4835 1417 4890 hominem
1452 4835 1727 4889 uenientem
1754 4836 1806 4890 in
1836 4835 1970 4891 [tunc
1993 4837 2238 4892 mundum

650 4927 832 4997 (Joan.
864 4944 901 4995 ι,
930 4927 1006 5000 9).
1031 4928 1119 4984 Sic
1142 4938 1196 4983 ct
1217 4929 1396 4999 Agnus
1424 4929 1784 4997 singulariter,
1815 4929 1958 4984 solus
1983 4931 2098 4988 sine
2124 4947 2239 4987 ma~

649 5021 793 5089 cnla,
821 5022 936 5077 sine
964 5032 1221 5092 peccato;
1247 5036 1352 5076 non
1379 5021 1530 5092 cujus
1563 5022 1784 5077 maculae
1811 5023 2067 5080 abstersa:
2094 5023 2200 5079 sint
2218 5066 2233 5092 ,

649 5114 745 5170 sed
775 5112 926 5184 cujus
951 5114 1155 5169 macula
1182 5113 1322 5167 nulla
1350 5113 1528 5169 fuerit.
1560 5113 1697 5181 Quid
1734 5114 1917 5168 enim?
1945 5114 2067 5185 quia
2095 5113 2237 5169 dice-

650 5204 743 5263 bat
758 5205 990 5262 Joannes
1027 5205 1094 5261 de
1120 5205 1343 5261 Domino
1363 5247 1376 5270 ,
1410 5204 1538 5261 Ecce
1570 5206 1744 5278 Agnus
1771 5204 1902 5270 Dei,
1935 5206 2047 5274 ipse
2075 5205 2238 5261 Joan-

648 5315 746 5357 nes
770 5314 876 5356 non
901 5309 1017 5356 erat
1061 5301 1263 5371 agnus?
1292 5317 1396 5355 non
1425 5307 1542 5355 erat
1581 5299 1663 5354 vir
1700 5300 1955 5356 sanctus?
1981 5316 2087 5355 non
2121 5310 2239 5356 erat

649 5393 856 5450 amicus
880 5392 1104 5463 SpODSi?
1137 5392 1276 5463 Ergo
1316 5392 1654 5465 singulariter
1680 5393 1770 5449 ille
1792 5434 1807 5459 ,
1836 5392 1933 5449 llic
1953 5401 2036 5448 est
2053 5392 2237 5463 Agnus

650 5483 786 5551 Dei;
818 5484 942 5557 quia
967 5484 1306 5557 singulariter
1335 5483 1490 5554 hujus
1518 5483 1657 5556 Agni
1697 5484 1955 5555 sanguine
1995 5483 2112 5538 solo
2142 5482 2240 5539 ho-

652 5577 829 5634 mines
856 5575 1049 5633 redimi
1077 5584 1382 5647 potuerunt.

608 5663 631 5732 ἒ
726 5671 782 5727 6.
823 5669 1041 5728 Fratres
1075 5671 1216 5741 mei,
1247 5670 1292 5726 si
1336 5672 1670 5742 agnoscimus
1719 5669 1947 5739 pretium
1996 5677 2240 5727 nostrum

658 5763 781 5835 quia
812 5765 1026 5836 sanguis
1066 5772 1148 5821 est
1191 5765 1358 5836 Agni;
1384 5765 1474 5836 qui
1520 5772 1642 5819 sunt
1682 5764 1753 5818 illi
1783 5750 1872 5834 qui
1918 5763 2077 5821 hodie
2100 5766 2241 5822 cclc-

658 5857 818 5914 brant
860 5856 1196 5914 chtivitatem
1241 5855 1548 5926 sanguinis,
1575 5856 1756 5912 nescio
1779 5854 1930 5925 cujus
1960 5856 2235 5916 mulieris?

1599 382 1666 440 IN
1699 380 1975 441 JOANNIS
2010 371 2479 444 EVANGELIUM,
2517 375 2578 436 S.
2615 376 2984 435 AUGUSTINI

3772 386 3876 449 illo

2348 496 2404 544 et
2444 504 2603 561 quam
2632 491 2824 562 ingrati
2866 492 3028 549 sunt?
3056 492 3288 567 Raptum
3332 502 3418 553 est
3458 510 3673 564 aurum.
3698 498 3873 576 dicunt,

2347 580 2416 636 de
2443 596 2573 637 aure
2596 583 2866 650 mulieris,
2892 596 2947 641 et
2972 589 3206 644 cucurrit
3231 591 3487 662 sanguis,
3513 599 3570 648 et
3593 593 3793 664 positum
3815 608 3878 658 est

2345 685 2533 727 aurum
2560 673 2614 729 in
2642 676 2836 731 trutina
2864 677 2949 733 vel
2987 688 3182 737 statera
3201 723 3219 749 ,
3249 692 3309 739 et
3343 683 3876 754 prasponderavitmul-

2348 770 2459 819 tum
2480 763 2546 820 de
2565 768 2842 839 sanguine.
2863 768 2920 826 Si
2938 770 3144 841 pondus
3157 772 3225 829 ad
3246 772 3609 832 inclinandum
3628 793 3794 837 aurum
3806 781 3878 840 ha-

2345 854 2461 911 buit
2474 860 2687 929 sanguis
2704 862 2964 932 mulieris,
2988 865 3144 935 quale
3170 865 3385 936 pondus
3405 865 3566 923 habet
3584 868 3648 925 ad
3668 870 3879 931 inclinan-

2344 947 2470 1004 dum
2491 951 2753 1007 mundum
2765 955 2983 1025 sanguis
3007 957 3160 1027 Agni,
3179 972 3277 1028 per
3294 974 3457 1030 quem
3483 959 3648 1017 lactus
3660 972 3736 1019 est
3752 979 3873 1023 mun-

2344 1040 2485 1097 dus?
2510 1042 2575 1099 Et
2600 1044 2815 1115 quidem
2842 1046 2932 1102 ille
2952 1048 3169 1119 spiritus
3193 1050 3382 1107 nescio
3410 1052 3531 1123 quis
3548 1093 3565 1118 ,
3592 1063 3644 1107 ut
3666 1068 3879 1125 premeret

2345 1135 2572 1205 pondus,
2591 1138 2830 1209 placatus
2844 1152 2926 1197 est
2943 1143 3218 1215 sanguine.
3245 1144 3513 1202 lmmundi
3534 1146 3735 1218 spiritus
3748 1165 3877 1209 novo-

2345 1240 2465 1283 rant
2501 1239 2782 1288 venturum
2817 1233 3000 1290 Jesum
3044 1235 3317 1294 Christum
3339 1280 3357 1307 ,
3384 1240 3662 1297 audierant
3699 1242 3759 1297 ab
3796 1244 3879 1301 Διι-

2342 1320 2507 1391 gelis,
2555 1323 2832 1381 audierant
2883 1342 2950 1383 ex
2996 1327 3313 1400 Prophetis,
3362 1340 3420 1388 et
3482 1332 3754 1403 sperabant
3787 1352 3878 1393 etuti

2343 1420 2647 1469 venturum.
2673 1415 2805 1473 Nam
2827 1418 2871 1473 si
2896 1434 3002 1474 non
3028 1421 3318 1491 sperabant
3335 1465 3352 1490 ,
3381 1424 3526 1481 unde
3548 1425 3877 1494 clamaveruut.

2347 1504 2485 1571 Quid
2509 1507 2711 1563 nobiset
2740 1510 2829 1565 tibi
2850 1514 2960 1568 est?
2977 1514 3152 1569 uenisti
3178 1525 3301 1570 ante
3327 1525 3531 1588 tempus
3558 1518 3749 1588 perdere
3780 1520 3878 1576 nos!

2343 1598 2531 1654 scimus
2558 1600 2645 1670 qui
2672 1601 2743 1657 sis
2760 1642 2777 1669 ,
2808 1603 3027 1661 Sanctus
3055 1604 3147 1660 Dei
3168 1605 3367 1676 (Marc.
3400 1623 3455 1676 ι,
3481 1608 3595 1680 24).
3628 1609 3873 1668 Venturum

2343 1691 2601 1758 sciebant,
2641 1694 2739 1750 sed
2782 1703 2992 1767 tempus
3018 1698 3356 1769 ignorabant.
3403 1700 3511 1757 Sed
3547 1701 3669 1772 quid
3698 1702 3874 1760 audistis

2344 1782 2398 1838 in
2442 1784 2653 1841 Psalmo
2678 1786 2747 1842 de
2771 1786 3107 1845 Jerusalem?
3136 1791 3394 1857 Quoniam
3438 1792 3782 1865 beneplacitunt
3811 1796 3878 1849 Iut-

2344 1875 2556 1932 buerunt
2579 1880 2707 1933 servi
2747 1881 2819 1934 tui
2848 1882 3043 1953 lapides
3067 1886 3206 1955 ejus,
3233 1894 3284 1940 et
3320 1885 3545 1955 pulueris
3569 1888 3672 1959 ejus
3711 1887 3873 1943 iniure-

2345 1968 2530 2024 buutur
2551 1988 2570 2025 :
2599 1982 2652 2026 tu
2678 1990 2979 2046 exsurgens,
3008 1976 3212 2047 inquit,
3256 1980 3571 2035 misereberis
3613 1980 3761 2046 Sion,
3784 1997 3875 2051 quo-

2345 2065 2481 2117 niam
2508 2064 2640 2119 venit
2666 2074 2861 2136 tempus
2885 2076 2941 2121 ut
2961 2052 3243 2124 miserearis
3269 2071 3384 2141 ejus
3408 2070 3579 2139 (Psal.
3604 2087 3671 2139 Cl,
3695 2071 3771 2135 15.
3792 2070 3873 2138 Ν).

2344 2155 2567 2223 Quando
2616 2159 2768 2214 venit
2803 2167 3011 2230 tempus
3054 2170 3113 2216 ut
3166 2163 3520 2219 misereretur
3570 2162 3731 2229 Deus,
3772 2162 3877 2218 venit

2345 2248 2546 2319 Agnus.
2569 2248 2753 2316 Qualis
2781 2254 2963 2322 Agnus
2990 2268 3149 2325 quem
3177 2254 3290 2325 lupi
3309 2256 3533 2312 timent?
3557 2256 3719 2328 qualis
3738 2256 3875 2325 Agnus

2345 2349 2428 2393 est
2455 2339 2543 2409 qui
2588 2340 2794 2396 leonem
2825 2342 3035 2399 occisus
3060 2345 3295 2401 occidit?
3323 2347 3507 2403 Dictus
3531 2356 3613 2404 est
3644 2345 3769 2402 enim
3790 2342 3876 2400 dia-

2345 2430 2500 2487 bolus
2531 2433 2613 2488 leo
2637 2433 2958 2492 circumiens
2983 2445 3039 2493 et
3076 2439 3296 2509 rugiens
3313 2482 3331 2509 ,
3356 2456 3603 2511 qumrens
3642 2455 3783 2512 quem
3804 2437 3875 2494 de-

2346 2532 2498 2577 voret
2528 2522 2584 2596 (Ι
2617 2523 2760 2579 Petr.
2789 2542 2844 2594 ν,
2872 2526 2942 2600 8)
2970 2531 3264 2600 :sanguine
3307 2532 3450 2602 Λειιί
3494 2533 3659 2589 victus
3698 2538 3771 2587 est
3799 2531 3876 2588 leo.

2346 2614 2487 2670 Ecce
2515 2616 2816 2685 spectacula
2842 2618 3287 2676 Christianorum.
3321 2622 3394 2679 Et
3417 2622 3558 2694 quod
3580 2633 3662 2680 est
3680 2621 3873 2693 amplius,

2347 2708 2421 2764 illi
2462 2709 2633 2765 oculis
2667 2712 2843 2767 carnis
2884 2712 3065 2769 vident
3090 2715 3381 2773 vanitatem
3402 2757 3418 2781 ,
3447 2731 3546 2773 nos
3567 2716 3731 2774 cordis
3754 2712 3878 2772 oculis

2346 2800 2643 2855 veritatem.
2676 2800 2753 2857 Ne
2779 2803 3007 2870 putetis,
3038 2802 3265 2874 fratres,
3298 2806 3444 2879 quod
3473 2809 3589 2864 sine
3621 2803 3879 2879 spectaculis

2346 2905 2447 2945 nos
2469 2890 2671 2947 dimisit
2706 2894 2962 2950 Dominus
2990 2895 3130 2952 Deus
3167 2907 3356 2955 noster
3380 2918 3394 2955 :
3420 2915 3545 2956 nam
3572 2900 3615 2956 si
3637 2899 3767 2956 nulla
3787 2903 3879 2955 sunt

2348 2985 2650 3054 Spectacula
2674 3028 2688 3052 ,
2717 3001 2813 3042 cur
2856 2987 3014 3044 hodie
3039 2991 3410 3048 convenistis?
3439 2993 3578 3050 Ecce
3613 2992 3743 3065 quod
3773 2988 3878 3046 dixi-

2348 3091 2467 3130 mus
2487 3118 2502 3143 ,
2535 3077 2741 3133 vidistis
2760 3120 2775 3146 ,
2804 3086 2861 3134 et
2883 3081 3258 3138 exclamastis:
3290 3099 3399 3140 non
3428 3084 3788 3148 exclamaretis,
3806 3080 3878 3136 uisi

2347 3161 2637 3223 vidissctis.
2669 3169 2738 3224 Et
2780 3186 3029 3242 magnum
3068 3183 3153 3229 est
3196 3175 3303 3231 hoc
3341 3186 3583 3248 spectare
3624 3191 3712 3246 per
3754 3182 3878 3229 totum

2348 3258 2532 3313 orbem
2589 3269 2885 3326 terrarum,
2934 3262 3130 3318 vietum
3185 3264 3403 3323 leonem
3459 3266 3704 3338 sanguine
3748 3259 3876 3335 Agni.

2347 3347 2537 3403 educta
2565 3348 2632 3405 de
2677 3350 2926 3407 dentibus
2953 3353 3168 3408 leonum
3213 3356 3457 3412 membra
3483 3356 3703 3420 Christi,
3727 3362 3774 3409 et
3805 3348 3877 3407 atl-

2341 3440 2527 3509 juncta
2543 3442 2755 3511 corpori
2783 3440 2999 3498 Christi.
3029 3445 3169 3516 Ergo
3195 3446 3384 3504 nescio
3408 3449 3532 3519 quid
3559 3446 3721 3503 simile
3742 3442 3878 3500 ἰιιιὶιι⁸

2348 3540 2433 3588 tus
2450 3542 2536 3590 est
2556 3534 2768 3605 quidam
2789 3535 3027 3607 spiritus,
3054 3546 3111 3593 ut
3133 3541 3397 3611 sanguine
3419 3540 3742 3597 simulacrum
3760 3546 3878 3593 suum

2346 3628 2451 3681 emi
2482 3627 2674 3694 vellet,
2708 3629 2831 3699 quia
2878 3639 3099 3687 noverat
3129 3632 3367 3702 pretioso
3409 3634 3659 3705 sanguine
3683 3625 3878 3701 quando.

2345 3731 2574 3789 cumque
2603 3719 2969 3776 redimendum
2996 3737 3118 3778 esse
3159 3738 3333 3793 genus
3360 3727 3661 3781 humanum.
3697 3721 3878 3790 Fingunt

2345 3810 2487 3865 enim
2528 3810 2747 3880 spiritus
2773 3811 2894 3866 mali
2920 3813 3133 3870 umbras
3161 3816 3423 3885 quasdam
3452 3815 3660 3870 honoris
3682 3809 3878 3869 sibimet-

2347 3902 2504 3974 ipsis,
2534 3910 2594 3958 ut
2641 3904 2719 3961 sic
2741 3904 3008 3975 decipiant
3049 3922 3143 3964 eos
3188 3909 3278 3979 qui
3306 3919 3601 3982 sequuntur
3635 3904 3875 3962 Christum.

2348 3994 2528 4067 Usque
2551 3996 2710 4063 adeo,
2734 3996 2926 4054 fratres
2954 3999 3079 4063 mei,
3121 4009 3179 4056 ut
3204 4000 3281 4055 illi
3311 4001 3414 4073 ipsi
3443 4001 3533 4073 qui
3560 3999 3793 4055 seducunt
3809 4002 3878 4062 per

2346 4087 2599 4159 ligaturas
2621 4130 2638 4156 ,
2681 4104 2779 4162 per
2839 4092 3278 4161 prmcantationes
3299 4120 3345 4162 ,ο
3368 4109 3465 4165 per
3510 4089 3878 4148 machinamenta

2345 4180 2566 4248 inimici,
2582 4182 2838 4239 misceant
2858 4187 3360 4254 preccantationibus
3372 4188 3483 4243 suis
3497 4198 3681 4242 nomen
3695 4170 3875 4236 Christi:

2345 4274 2469 4342 quia
2490 4274 2599 4344 jam
2642 4291 2747 4331 non
2776 4286 3001 4348 possunt
3041 4278 3299 4336 seducere
3324 4279 3678 4341 Christianos,
3707 4280 3758 4327 ut
3779 4267 3879 4323 dent

2346 4380 2633 4433 venenum,
2652 4367 2854 4423 addunt
2878 4370 3051 4425 mellis
3077 4370 3300 4442 aliquid,
3331 4380 3388 4428 ut
3416 4386 3510 4443 per
3529 4369 3580 4425 id
3607 4362 3736 4439 quod
3757 4356 3879 4415 dulce

2344 4467 2425 4512 est
2450 4500 2465 4524 ,
2507 4457 2669 4513 lateat
2703 4459 2845 4531 quod
2873 4477 3113 4518 amarum
3162 4472 3280 4530 est,
3307 4472 3365 4521 et
3407 4463 3613 4519 bibatur
3634 4455 3696 4517 ad
3734 4443 3878 4524 Ρθηιίο

2346 4548 2502 4605 ciem.
2536 4549 2714 4622 Usque
2741 4552 2877 4607 adeo
2919 4563 2976 4609 ut
3011 4569 3112 4625 ego
3138 4556 3378 4611 noverim
3404 4555 3580 4626 aliquo
3603 4554 3813 4616 tempore
3829 4535 3876 4594 ίῙ⁴

2346 4639 2449 4696 lius
2485 4641 2692 4697 Pilleati
2737 4644 3071 4702 sacerdotem
3114 4646 3290 4702 solere
3337 4646 3514 4703 dicere
3535 4684 3549 4711 ,
3580 4641 3645 4698 Et
3670 4639 3769 4708 ipse
3789 4627 3874 4687 Pil-

2344 4732 2515 4790 leatus
2532 4733 2856 4791 christianos
2885 4744 2989 4792 est.
3022 4736 3092 4793 Ut
3109 4737 3236 4808 quid
3262 4737 3364 4795 hoc
3384 4779 3399 4803 ,
3417 4735 3607 4792 fratres
3627 4771 3642 4799 ,
3667 4724 3757 4784 nisi
3774 4716 3872 4794 qui!

2342 4826 2499 4883 aliter
2528 4843 2632 4884 non
2661 4838 2883 4900 possunt
2913 4828 3096 4885 seduci
3119 4829 3450 4887 Christiani?

2414 4921 2468 4976 7.
2505 4919 2585 4976 Ne
2625 4919 2875 4992 quieratis
2900 4936 3029 4993 ergo
3067 4922 3193 4978 alibi
3234 4920 3528 4988 Christum,
3556 4927 3704 4990 quam
3735 4904 3871 5001 υδί-ξθ

2342 5011 2496 5067 vobis
2522 5010 2692 5066 voluit
2735 5012 3010 5082 praedicari
3052 5010 3337 5081 Christus;
3376 5020 3434 5069 et
3466 5003 3721 5083 quomodo
3755 4993 3874 5053 vobis

2342 5106 2513 5162 voluit
2542 5105 2837 5176 prmdicari,
2868 5107 2946 5163 sic
2971 5107 3120 5164 illum
3149 5118 3345 5179 tenete,
3375 5108 3528 5166 sicin
3556 5100 3706 5161 corde
3731 5095 3873 5149 νοείτο

2344 5198 2581 5255 scribite.
2612 5198 2790 5254 Murus
2818 5211 2900 5256 est
2926 5201 3183 5259 adversus
3205 5218 3393 5259 omnes
3412 5203 3635 5271 impetus
3653 5182 3875 5259 etadver—

2344 5305 2436 5346 sus
2459 5305 2647 5347 omnes
2675 5292 2893 5349 insidias
2929 5293 3149 5351 inimici.
3196 5296 3369 5353 Nolite
3396 5294 3598 5358 timere,
3626 5275 3873 5343 ιιθοιευίδί

2345 5385 2453 5452 ille,
2478 5385 2581 5441 nisi
2611 5387 2904 5458 permissus
2930 5387 3092 5445 fuerit
3120 5406 3137 5447 :
3166 5399 3374 5447 constat
3404 5389 3545 5446 illum
3570 5378 3690 5440 nihil
3710 5373 3871 5431 ίηοθΐθν

2346 5480 2448 5537 nisi
2489 5482 2781 5553 permissus
2824 5481 2983 5538 fuerit
3023 5492 3116 5540 aut
3152 5485 3367 5542 missus.
3413 5481 3628 5540 Mittitur
3663 5468 3868 5535 θηριων

2346 5575 2564 5645 angelus
2603 5574 2773 5631 malus
2810 5590 2839 5630 a
2872 5584 3133 5647 potestate
3170 5578 3512 5639 dominante;
3556 5558 3867 5657 permillilll’:

2346 5666 2558 5738 quando
2585 5666 2784 5737 aliquid
2814 5646 2946 5739 petit
2973 5688 2985 5724 :
3016 5671 3219 5737 ethoc,
3261 5671 3468 5731 fratres,
3489 5678 3588 5720 non
3615 5658 3687 5721 tit,
3715 5646 3803 5707 nisi
3825 5646 3869 5739 ιιξ

2348 5727 2641 5831 probentur
2662 5727 2829 5832 iusﬁ;
2848 5763 3133 5834 puniantur
3175 5727 3377 5836 iniusti.
3422 5727 3556 5827 Quid
3575 5760 3692 5820 ειῖο
3712 5727 3872 5836 ῧωῗθῖ

2350 5824 2573 5912 ltmbula
2622 5824 2681 5912 in
2706 5824 2931 5913 nos}...
2976 5856 3087 5914 Deo
3129 5824 3246 5926 ωοξ
3285 5824 3481 5918 eorm;
3516 5852 3624 5907 esto
3649 5858 3662 5895 τ
3686 5824 3806 5908 quod
3839 5829 3880 5875 ιο
