4036 6384
142 371 261 444 tttt

143 514 234 552 non
267 495 377 549 vult
407 493 540 564 pati,
574 508 676 548 non
717 491 951 562 pateris;
977 490 1116 561 quod
1145 499 1195 546 te
1225 492 1520 560 permiserit
1565 491 1704 560 pati,

143 587 385 659 ﬂagellum
418 585 740 654 corrigentis
789 595 888 650 est,
930 600 1032 638 non
1077 598 1228 650 pmna
1257 582 1578 636 damnantis.
1625 580 1706 634 Ad

141 678 488 733 Ιιςιτυιιὶιιιιθῐη
522 677 902 747 sempiternam
933 675 1224 748 erudimur,
1252 682 1306 729 et
1329 673 1584 744 ﬂagellari
1607 671 1706 727 de-

141 768 437 840 dignamur!
491 767 703 821 Fratres
731 766 857 832 mei,
903 767 944 820 si
974 775 1241 821 t'ecu5aret
1268 766 1544 835 quisquam
1578 780 1707 834 puer

138 861 350 929 Colaphis
372 869 465 912 aut
493 858 713 928 ﬂagellis
741 857 871 913 ca-di
898 874 925 911 a
947 867 1097 928 patre
1123 874 1240 923 suo,
1266 858 1532 929 quomodo
1558 858 1705 912 diee-

138 961 269 1005 retar
311 947 598 1017 superbus,
628 948 954 1017 desperatus,
992 949 1224 1017 ingratus
1268 957 1501 1018 paterna:
1543 949 1706 1003 disci-

138 1039 316 1107 plinre?
345 1039 407 1092 Et
436 1036 624 1107 utquid
654 1037 826 1092 erudit
851 1047 998 1106 pater
1025 1036 1184 1091 homo
1215 1036 1378 1090 ﬁlium
1404 1037 1706 1091 hominem?

140 1130 197 1186 Ut
225 1131 381 1201 possit
408 1146 515 1183 non
552 1128 773 1198 perdere
801 1129 1105 1198 temporalia
1136 1144 1252 1198 qua:
1284 1129 1357 1182 illi
1387 1129 1704 1198 acquisivit,

139 1239 242 1293 qua:
266 1222 334 1275 illi
359 1221 599 1290 collegit,
623 1236 741 1290 quae
772 1237 874 1274 non
899 1220 1011 1274 vult
1037 1236 1158 1275 eum
1183 1221 1428 1289 perdere,
1457 1238 1572 1290 qua:
1593 1222 1706 1291 ipse

140 1314 214 1383 qni
238 1313 503 1382 relinquit,
539 1327 647 1365 non
671 1314 838 1381 potuit
867 1312 917 1366 in
947 1313 1329 1382 sempiternum
1360 1322 1558 1367 tenere.
1589 1313 1704 1367 Non

138 1402 274 1456 docet
297 1402 459 1456 liliutn
481 1415 606 1454 cmn
636 1417 739 1470 quo
763 1402 1049 1470 possideat,
1069 1402 1159 1456 sed
1183 1403 1269 1472 qui
1294 1411 1411 1471 post
1435 1418 1555 1457 eum
1585 1419 1706 1472 pos-

139 1492 305 1547 sideat.
333 1491 552 1546 Fratres
577 1491 700 1555 mei,
726 1493 767 1545 si
793 1493 954 1544 lilium
974 1491 1128 1545 docet
1147 1501 1296 1561 pater
1317 1507 1703 1558 successorem,

139 1592 185 1636 et
205 1597 355 1651 quem
378 1580 537 1636 docet
564 1590 618 1636 et
647 1581 813 1650 ipsum
836 1581 1082 1635 similiter
1103 1597 1194 1650 per
1219 1581 1307 1634 illa
1330 1581 1504 1633 omnia
1531 1591 1704 1634 trans-

142 1675 334 1739 iturum,
382 1689 488 1744 qua
544 1683 600 1726 et
646 1672 734 1726 ille
775 1672 863 1741 qui
911 1672 1162 1726 monebat
1210 1673 1528 1726 transiturus
1574 1681 1702 1738 est;

142 1764 383 1836 quomodo
425 1764 589 1818 vultis
628 1763 835 1818 erudiat
879 1779 976 1818 nos
1020 1763 1176 1817 Pater
1226 1772 1425 1825 noster,
1471 1763 1556 1816 cui
1599 1779 1706 1817 non

142 1856 432 1921 successuri,
465 1855 562 1909 sed
589 1853 657 1908 ad
680 1870 836 1923 quem
864 1855 1127 1907 accessnri
1158 1870 1362 1919 sumus,
1391 1862 1580 1908 etcum
1600 1870 1706 1922 quo

142 1946 440 2000 inmteruum
459 1945 698 1998 mansuri
724 1944 774 1997 in
798 1943 1124 2009 haereditate,
1142 1960 1259 2014 qua:
1282 1962 1385 1998 non
1405 1947 1702 2014 marcescit,

141 2051 231 2091 nec
256 2039 484 2101 moritur,
521 2051 622 2090 nec
669 2035 977 2106 grandinem
1010 2035 1190 2090 novit?
1223 2037 1285 2090 Et
1325 2037 1436 2106 ipse
1480 2037 1706 2092 Incredi-

143 2138 218 2183 tas
243 2137 295 2184 et
332 2129 438 2198 ipse
466 2128 620 2182 Pater
649 2137 754 2183 est.
789 2127 939 2182 Ilnne
987 2128 1391 2198 possidebimus,
1423 2140 1476 2184 et
1506 2129 1708 2184 erudiri

143 2235 240 2275 non
285 2221 565 2276 debemus?
606 2219 937 2276 Sulleramns
979 2235 1105 2290 ergo
1134 2222 1483 2276 eruditionem
1515 2223 1704 2276 Patris.

146 2312 249 2368 Non
274 2312 474 2382 quando
504 2313 660 2366 nobis
695 2312 840 2367 dolet
864 2322 1039 2382 caput,
1067 2328 1341 2366 curramus
1367 2313 1433 2366 ad
1475 2330 1709 2381 prtccan-

149 2413 324 2458 latores
353 2405 389 2469 ³,
421 2403 486 2458 ad
523 2404 807 2473 sortilegos
837 2413 887 2458 et
921 2403 1153 2458 remedia
1184 2404 1448 2457 vanitatis.
1497 2403 1711 2458 Fratres

151 2499 256 2563 mei,
284 2513 378 2553 non
405 2513 502 2551 vos
526 2496 808 2567 plangam?
837 2495 1083 2564 Quotidie
1105 2497 1315 2550 invenio
1343 2497 1438 2551 ista
1466 2513 1480 2560 ;
1508 2508 1560 2550 et
1586 2496 1712 2566 quid

152 2588 356 2644 faciam?
402 2590 650 2645 Nondum
707 2589 1000 2660 persuadeo
1044 2588 1361 2645 Christianis
1401 2590 1452 2643 in
1498 2589 1713 2644 Christo

154 2695 277 2752 spem
304 2697 416 2736 esse
448 2679 790 2751 ponendam?
817 2681 976 2746 Ecce,
1008 2680 1052 2734 si
1078 2681 1163 2734 cui
1195 2681 1386 2734 laetum
1417 2691 1497 2734 est
1537 2696 1708 2735 reme-

154 2771 295 2836 dium,
324 2773 603 2837 moriatur,
651 2771 844 2841 (qnam
891 2771 1040 2824 multi
1094 2771 1234 2824 enim
1286 2785 1405 2824 cum
1466 2772 1714 2826 remediis

156 2862 319 2916 mortui
347 2875 465 2916 sunt
488 2863 516 2915 ?
541 2873 594 2916 et
610 2878 769 2932 quam
798 2861 945 2916 multi
972 2862 1088 2916 sine
1129 2861 1383 2924 remediis
1413 2862 1711 2934 vixerunt?)

157 2968 238 3023 qua
263 2953 427 3010 fronte
472 2957 608 3010 exiit
655 2956 831 3010 anima
862 2955 928 3009 ad
978 2956 1182 3010 Deum?
1229 2956 1464 3011 Perdidit
1508 2957 1714 3027 signum

160 3047 344 3111 Christi,
373 3050 580 3118 accepit
618 3049 826 3119 signant
854 3049 1067 3104 diaboli.
1121 3051 1201 3104 An
1232 3050 1365 3104 forte
1391 3049 1531 3104 dicat
1557 3067 1570 3104 :
1603 3050 1716 3104 Non

162 3138 333 3207 perdidi
360 3143 570 3210 signum
601 3138 847 3195 Christi?
879 3140 1016 3210 Ergo
1046 3141 1254 3210 signum
1282 3141 1475 3195 Citriin
1507 3157 1623 3195 cum
1647 3142 1719 3196 si-

161 3229 436 3299 gnodiaboli
461 3230 714 3285 habuisti.
743 3231 856 3284 Non
879 3233 986 3284 vult
1004 3232 1245 3285 Christus
1264 3233 1716 3300 communionem,

164 3320 241 3374 sed
277 3323 412 3377 solus
454 3327 572 3378 vult
616 3325 889 3394 possidere
931 3325 1070 3395 quod
1113 3326 1259 3379 emit.
1293 3325 1445 3379 Tanti
1491 3328 1619 3381 emit
1664 3337 1721 3381 ut

165 3411 289 3468 solus
316 3416 581 3485 possideat
613 3433 624 3468 :
657 3425 710 3470 tu
751 3416 878 3470 lacis
905 3417 952 3471 ei
981 3425 1282 3471 consortem
1310 3417 1600 3479 diabolum,
1628 3419 1719 3473 cui

167 3513 210 3559 te
232 3522 314 3575 per
338 3519 611 3578 peceatum
639 3508 973 3564 vendideras.
1003 3509 1092 3563 Va:
1118 3510 1311 3578 duplici
1340 3510 1502 3566 corde
1535 3510 1717 3580 (Eccli.

168 3609 216 3661 ιι,
240 3597 354 3668 ll)!
384 3601 470 3671 qui
506 3600 558 3653 in
584 3598 746 3656 corde
775 3614 870 3654 suo
900 3614 1102 3670 partem
1133 3599 1331 3654 faciunt
1357 3601 1485 3667 Deo,
1517 3614 1719 3670 partem

171 3684 587 3746 laciuutdiabolo.
619 3691 788 3745 Iratus
821 3691 977 3752 Dens,
1005 3691 1125 3761 quia
1151 3693 1211 3745 lit
1235 3692 1303 3746 ibi
1339 3707 1460 3760 pars
1487 3692 1717 3760 diabolo,

171 3777 379 3848 discedit,
421 3795 479 3841 et
526 3794 694 3840 totmn
739 3785 981 3840 diabolus
1014 3786 1320 3854 possidebit.
1363 3785 1477 3839 Non
1526 3785 1721 3841 frustra

171 3871 322 3940 itaque
364 3878 651 3946 Apostolus
691 3876 819 3932 dicit
855 3895 868 3931 :
915 3875 1092 3944 Neque
1139 3878 1264 3931 detis
1308 3879 1472 3932 locum
1520 3878 1720 3933 diabolo

172 3961 357 4033 (Ephes.
387 3983 459 4032 IV,
488 3967 601 4035 27).
644 3967 1041 4037 Cognoscamus
1068 3984 1195 4038 ergo
1224 3969 1454 4038 Agnnm,
1489 3968 1679 4024 fratres
1703 4013 1718 4033 ,

172 4065 524 4124 cognoscamus
551 4061 774 4129 pretium
806 4068 1064 4114 nostrum.

230 4144 274 4199 8.
313 4146 484 4203 Stabat
511 4149 756 4216 Joannes,
802 4161 847 4203 et
872 4167 934 4205 ea:
975 4151 1236 4221 discipulis
1278 4152 1385 4222 ejus
1414 4153 1532 4206 duo.
1585 4154 1723 4209 Ecce

174 4229 264 4291 duo
297 4237 358 4292 de
399 4240 670 4312 discipulis
712 4241 928 4296 Joannis
970 4260 982 4296 :
1020 4245 1138 4312 quia
1185 4244 1302 4296 talis
1349 4254 1463 4299 erat
1491 4245 1724 4314 Joannes

177 4325 346 4382 amicus
369 4332 568 4400 sponsi,
599 4347 703 4386 non
730 4332 998 4402 quaerebat
1017 4334 1239 4404 gloriam
1261 4351 1433 4400 suam,
1463 4337 1554 4392 sed
1586 4339 1722 4392 testi-

179 4417 379 4474 monium
421 4421 739 4492 perhibebat
788 4425 1033 4491 veritati;
1068 4428 1322 4496 nun'iquid
1373 4429 1539 4483 voluit
1582 4431 1721 4501 apud

180 4516 499 4568 teretnanere
526 4513 818 4584 discipulos
842 4531 988 4584 suos,
1023 4527 1078 4572 ιιι
1107 4535 1210 4573 non
1241 4532 1591 4590 sequerentur
1620 4523 1724 4579 Do-

181 4597 391 4657 minam?
412 4605 573 4677 Magis
601 4607 715 4677 ipse
743 4610 974 4664 ostendit
998 4611 1272 4680 discipulis
1314 4613 1424 4667 suis
1453 4631 1610 4684 quem
1641 4631 1724 4671 se-

182 4701 451 4757 querentur.
479 4697 912 4754 llabcbantenim
942 4702 1090 4756 illum
1119 4712 1364 4774 tanquam
1384 4707 1596 4777 Agnum
1627 4727 1639 4762 :
1670 4719 1725 4764 et

185 4777 272 4843 ille,
295 4784 416 4852 Quid
441 4805 529 4845 me
553 4790 859 4846 attenditis!
901 4808 1001 4864 ego
1047 4812 1150 4848 non
1179 4811 1295 4850 sum
1342 4800 1524 4867 Agnus
1549 4817 1562 4865 ;
1595 4800 1726 4856 Ecce

187 4871 329 4962 dgnus
353 4877 434 4934 Dei
457 4901 476 4936 :
500 4882 569 4937 de
589 4884 866 4953 quoetiam
891 4888 1135 4955 superius
1161 4889 1384 4951 dixerat,
1411 4890 1539 4944 Ecce
1551 4892 1725 4962 Agnus

187 4959 279 5019 Dei.
305 4967 364 5023 Et
383 4973 500 5042 quid
541 4975 696 5028 nobis
725 4975 943 5045 prodest
967 4981 1147 5048 Agnus
1179 4981 1308 5035 Dei?
1340 4980 1488 5046 Ecce,
1516 4959 1614 5050 ait,
1640 4986 1723 5054 qui

189 5057 291 5146 tellit
312 5077 554 5132 peccatum
590 5069 992 5146 mundi.‘Secuti
1033 5081 1155 5126 sunt
1181 5073 1347 5139 illum,
1381 5075 1482 5130 hoc
1505 5077 1720 5146 audito,

189 5143 270 5205 duo
289 5155 367 5226 qui
389 5168 534 5213 erant
561 5175 681 5216 cum
709 5143 930 5218 Joanne.

244 5243 290 5300 9.
325 5247 593 5309 Videamus
617 5257 912 5324 sequentia.
940 5256 1068 5311 Ecce
1090 5258 1264 5330 Agnus
1293 5259 1422 5314 Dei:
1444 5261 1542 5317 hoc
1563 5263 1725 5318 Joan-

195 5349 283 5393 nes.
313 5360 331 5395 ι
362 5343 419 5400 Et
441 5348 718 5404 audierunt
754 5366 876 5404 eum
902 5351 1006 5405 duo
1034 5351 1277 5422 discipuli
1317 5354 1639 5423 loquentem,
1670 5367 1723 5413 et

193 5433 328 5488 secuti
353 5449 463 5494 sunt
487 5439 688 5497 Iesum.
720 5442 1018 5497 Conversus
1046 5453 1221 5498 autem
1249 5445 1424 5513 Jesus,
1456 5458 1509 5502 et
1538 5449 1722 5504 videns

194 5531 268 5577 €03
287 5539 542 5598 sequentes
571 5549 651 5600 se,
678 5534 804 5588 dicit
827 5535 942 5589 eis:
971 5535 1104 5603 Quid
1134 5539 1413 5607 qumrilis?
1443 5540 1540 5606 Qui
1571 5540 1723 5597 dixe-

195 5625 294 5708 τιιιιι
314 5637 328 5675 :
355 5621 506 5683 Rabhi
549 5628 720 5701 (quod
763 5629 955 5685 dicitur
980 5631 1376 5702 interpretatum
1403 5635 1682 5708 Magister)
1703 5677 1720 5703 ,

195 5702 265 5762 tibi
285 5708 507 5773 habitas?
543 5739 562 5775 ι
593 5719 710 5777 Non
747 5722 824 5778 sic
851 5723 999 5778 illum
1039 5727 1396 5797 sequebantur
1435 5702 1588 5804 quasi
1608 5702 1722 5804 jam

243 5820 325 5879 ἰη
342 5827 572 5907 Plerisque
595 5843 724 5902 uss,
747 5839 1154 5907 precatum.

1284 376 1695 435 TRACTATUS
1730 370 1843 432 VII.
1886 375 2110 435 CAPUT
2145 376 2186 434 Ῑ.

3250 385 3392 448 ms

1817 497 1874 542 ut
1919 488 2239 544 inluererent
2277 490 2348 544 illi
2385 506 2397 543 :
2428 505 2549 544 nam
2598 489 2932 545 manifestum
2961 502 3044 548 est
3083 498 3294 567 quando
3322 502 3398 558 illi

1816 578 2162 647 inhaeserant,
2209 581 2330 651 quia
2359 581 2427 637 de
2467 581 2583 637 navi
2629 599 2722 638 eos
2763 585 2986 639 vocavit.
3033 586 3086 641 In
3131 587 3215 643 his
3256 593 3397 648 enim

1815 670 2024 726 duobus
2061 683 2172 726 erat
2203 673 2464 738 Andreas,
2510 675 2645 729 sicut
2688 676 2844 731 modo
2883 677 3134 743 audistis;
3163 680 3400 737 Andreas

1815 772 1990 816 autem
2039 762 2202 818 frater
2249 764 2388 818 Petri
2435 776 2550 820 erat
2582 784 2594 820 :
2625 776 2679 820 et
2728 768 2973 823 novimus
3017 770 3068 823 in
3115 770 3398 843 Evangelia

1815 855 1954 924 quod
1983 856 2195 909 Petrum
2235 867 2288 911 et
2317 857 2582 913 Andream
2626 859 2879 913 Dominus
2907 861 2974 914 de
3001 861 3119 915 navi
3151 864 3395 931 vocavit,

1815 944 2016 1012 dicens,
2056 945 2225 1000 Venite
2250 958 2362 1018 post
2393 965 2491 1012 me,
2521 958 2566 1002 et
2598 949 2780 1020 faciam
2809 967 2895 1004 vos
2934 952 3203 1021 piscatores
3229 954 3394 1009 homi-

1815 1053 1936 1089 num
1964 1036 2174 1106 (illatt/i.
2207 1054 2278 1104 tv,
2304 1039 2411 1109 l9).
2441 1040 2505 1093 Et
2533 1057 2598 1094 ex
2624 1041 2712 1094 illo
2732 1042 2839 1108 jam
2868 1042 3193 1099 inhaeserant
3218 1046 3312 1112 illi,
3338 1057 3395 1102 ut

1814 1143 1920 1182 non
1951 1129 2279 1184 recederent.
2313 1130 2467 1184 Modo
2493 1147 2622 1199 ergo
2651 1135 2790 1202 quod
2822 1133 2968 1188 illum
2996 1146 3285 1206 sequuntur
3311 1138 3396 1193 isti

1812 1219 1935 1285 duo,
1971 1237 2076 1275 non
2105 1223 2252 1291 quasi
2286 1239 2390 1276 non
2422 1225 2682 1278 recessuri
2714 1236 3043 1294 sequuntur;
3091 1229 3184 1283 sed
3216 1229 3397 1286 videre

1813 1311 2088 1366 voluerunt
2122 1313 2207 1366 ubi
2236 1312 2516 1374 habitaret,
2549 1327 2602 1369 et
2633 1315 2806 1370 facere
2834 1319 2972 1386 quod
3004 1323 3262 1388 scriptum
3285 1333 3390 1389 est,

1811 1399 1987 1455 Limen
2025 1405 2260 1457 Ostiorum
2289 1405 2398 1473 ejus
2426 1415 2613 1459 exterat
2655 1424 2741 1477 pes
2783 1420 2934 1472 tuus;
2963 1427 3110 1479 surge
3145 1411 3214 1465 ad
3249 1413 3397 1466 illum

1812 1493 1976 1544 venire
2001 1493 2200 1548 assidue
2233 1504 2278 1547 et
2311 1497 2508 1548 erudire
2535 1499 2796 1566 prceceptis
2833 1499 2943 1570 ejus
2972 1499 3161 1566 (Ecclt'.
3207 1518 3279 1566 vt,
3305 1505 3393 1569 36,

1813 1581 1922 1649 '57).
1953 1581 2194 1636 Ostendit
2228 1585 2306 1638 eis
2335 1585 2420 1639 ille
2450 1586 2535 1639 uhi
2566 1596 2804 1642 maneret
2834 1591 3146 1645 :‘venerunt
3181 1602 3235 1646 et
3278 1593 3395 1649 fue-

1812 1681 1933 1725 runt
1962 1687 2080 1726 eum
2125 1673 2235 1728 illo.
2283 1676 2450 1742 Quam
2495 1676 2702 1731 beatum
2743 1678 2882 1732 diem
2912 1681 3192 1750 duxerunt,
3234 1700 3394 1752 qttatn

1813 1761 2022 1817 beatam
2051 1767 2290 1820 noctem!
2326 1766 2454 1832 Quis
2481 1777 2562 1822 est
2589 1769 2677 1838 qui
2723 1770 2873 1825 nobis
2899 1771 3039 1826 dicat
3063 1790 3180 1844 quae
3208 1775 3396 1831 audieo

1812 1855 1919 1909 rint
1948 1857 2068 1911 illia
2093 1858 2348 1912 Domino?
2377 1858 2726 1916 IEdilicemus
2751 1873 2802 1917 et
2825 1865 3131 1935 nosmetipsi
3159 1867 3210 1921 in
3236 1869 3399 1924 corde

1813 1960 2017 2017 nostro,
2050 1961 2103 2006 et
2133 1952 2386 2008 faciamus
2421 1954 2636 2008 deruunt
2663 1972 2766 2026 quo
2792 1958 2966 2012 veniat
2993 1958 3098 2025 ille,
3127 1969 3180 2014 et
3207 1960 3396 2017 doceat

1814 2059 1910 2098 nos
1934 2060 1948 2109 ;
1980 2044 2314 2114 colloquatur
2342 2047 2513 2101 nobis.

1885 2137 1972 2192 10.
2018 2157 2036 2188 ι
2064 2139 2198 2206 Quid
2225 2127 2498 2209 qua-ritis?
2521 2141 2619 2208 Qui
2644 2142 2953 2199 dixeruntei
2978 2163 2991 2199 :
3012 2145 3198 2210 Rabbi,
3228 2147 3390 2219 (quod

1814 2229 2213 2301 interpretatum
2259 2233 2451 2288 dicitur
2497 2235 2810 2307 Magister),
2843 2238 2927 2291 ubi
2977 2238 3220 2294 habitas?
3266 2241 3398 2297 Dicit

1814 2324 1891 2378 eis
1920 2342 1931 2377 :
1965 2324 2170 2391 Venite,
2218 2335 2272 2380 et
2303 2327 2498 2382 videte.
2534 2328 2598 2382 Et
2625 2338 2900 2395 venerunt,
2933 2339 2986 2384 et
3023 2331 3263 2386 viderunt
3307 2334 3395 2390 ubi

1815 2426 2076 2482 numeret,
2102 2427 2155 2475 et
2175 2419 2310 2490 apud
2333 2435 2453 2477 eum
2475 2428 2778 2475 manserunt
2801 2421 2887 2474 die
2911 2421 3002 2474 illo
3034 2441 3046 2474 :
3077 2422 3203 2477 hora
3223 2433 3397 2479 autem

1816 2523 1930 2565 erat
1969 2515 2116 2583 quasi
2157 2515 2380 2569 decima.
2417 2535 2436 2568 ›
2485 2512 2694 2570 Nihihte
2737 2513 3057 2568 arbitramur
3088 2517 3401 2583 pertinuisse

1817 2605 1882 2658 ad
1904 2606 2308 2675 Evangelislam,
2334 2608 2513 2663 dicere
2540 2609 2690 2663 nobis
2707 2615 2860 2679 quota
2887 2606 3012 2660 hora
3040 2607 3191 2660 erat?
3217 2607 3400 2664 Potest

1820 2696 1931 2748 tieri
1966 2706 2021 2749 ut
2065 2697 2192 2749 nihil
2233 2699 2301 2752 ibi
2349 2714 2444 2753 nos
2495 2695 2958 2766 animadvertere,
2989 2697 3116 2748 nihil
3162 2713 3400 2768 qua-rere

1820 2785 2084 2839 voluerit?
2117 2787 2326 2841 Decima
2356 2799 2468 2842 erat
2495 2791 2642 2843 hora.
2689 2790 2950 2844 Numerus
2982 2791 3081 2846 iste
3125 2793 3294 2863 legem
3324 2794 3400 2848 si-

1819 2876 2053 2944 gniﬁcat,
2085 2879 2204 2945 quia
2234 2878 2286 2930 in
2310 2878 2493 2933 decem
2525 2881 2800 2949 praeceptis
2825 2880 2943 2935 data
2977 2892 3056 2936 est
3084 2882 3187 2937 lex.
3226 2883 3397 2939 Vene-

1821 2977 1904 3022 rat
1930 2977 2104 3022 autem
2140 2978 2347 3039 tempus
2375 2979 2430 3023 ut
2459 2971 2765 3041 impleretur
2795 2973 2877 3027 lex
2910 2989 3005 3042 per
3033 2973 3401 3041 dilectionem;

1821 3060 1941 3130 quia
1968 3078 1996 3112 a
2017 3059 2214 3115 Judaeis
2241 3078 2342 3114 non
2372 3071 2574 3130 poterat
2605 3063 2808 3132 impleri
2837 3079 2932 3133 per
2957 3064 3225 3120 timorem.
3251 3064 3405 3122 Unde

1824 3151 2076 3207 Dominus
2113 3153 2281 3207 dicit:
2317 3152 2436 3208 Non
2477 3156 2586 3208 veni
2626 3156 2815 3208 solvere
2855 3156 3032 3226 legem,
3074 3157 3162 3210 sed
3198 3158 3408 3229 implere

1824 3243 2034 3310 (Matth.
2077 3261 2131 3310 ι’,
2179 3245 2288 3316 l7).
2321 3245 2504 3299 Merito
2529 3261 2656 3315 ergo
2683 3246 2885 3300 decima
2922 3247 3050 3301 hora
3077 3263 3199 3302 eum
3241 3250 3408 3305 secuti

1825 3346 1945 3388 sunt
1973 3335 2037 3388 ad
2063 3336 2420 3389 testin’iouium
2448 3337 2600 3390 amici
2631 3337 2810 3404 sponsi
2839 3335 2944 3392 duo
2970 3338 3052 3391 isti
3084 3357 3097 3393 :
3124 3350 3176 3393 et
3199 3340 3408 3395 decima

1827 3426 1954 3481 hora
1984 3428 2200 3492 audivit,
2256 3428 2437 3493 Rabbi,
2469 3428 2605 3498 quod
2637 3427 3011 3498 interpretatur
3051 3430 3316 3499 Magister.
3350 3433 3408 3490 Si

1824 3519 2027 3573 decima
2067 3519 2196 3573 hora
2231 3519 2386 3574 Βιώὸὶ
2414 3520 2668 3574 Dominus
2694 3522 2910 3586 ιιιιώνὶι,
2953 3531 3007 3576 et
3044 3521 3281 3579 decimus
3305 3540 3408 3580 nu-

1826 3627 2003 3666 merus
2030 3612 2094 3664 ad
2119 3612 2286 3682 legem
2333 3613 2594 3682 pertinet;
2630 3615 2879 3684 magister
2907 3614 3036 3683 legis
3078 3623 3283 3670 nonest
3308 3618 3409 3675 nisi

1826 3707 1979 3762 dator
1996 3708 2140 3778 legis.
2171 3707 2337 3761 Nemo
2354 3707 2632 3778 dicatquia
2651 3708 2786 3762 alius
2811 3707 2959 3762 dedit
2986 3709 3177 3778 legem,
3205 3709 3409 3768 etalius

1826 3799 1983 3854 docet
2001 3799 2174 3870 legem
2205 3821 2215 3855 :
2248 3801 2360 3869 ipse
2380 3799 2520 3852 illaut
2548 3798 2704 3853 docet
2724 3799 2812 3868 qui
2837 3799 2976 3853 illam
2997 3799 3173 3864 dedit;
3207 3799 3411 3870 ipseest

1828 3892 2078 3961 magister
2092 3891 2222 3962 legis
2251 3907 2382 3956 sum,
2402 3901 2454 3944 ct
2481 3889 2639 3945 docet
2664 3891 2825 3944 illam.
2851 3890 2916 3944 Et
2942 3891 3304 3946 misericordia
3325 3902 3411 3948 est

1827 3982 1878 4036 in
1907 3982 2077 4052 lingua
2109 3983 2292 4050 ipsius,
2318 3982 2436 4036 ideo
2464 3981 2875 4036 misericorditer
2899 3980 3054 4034 docet
3083 3981 3274 4051 legent,
3300 3983 3408 4038 sic-

1828 4080 1886 4124 ut
1913 4073 2109 4125 dietmu
2141 4082 2221 4126 est
2244 4071 2310 4125 de
2336 4071 2615 4140 sapientia,
2648 4069 2832 4140 Legem
2860 4081 3024 4123 autent
3049 4080 3095 4125 et
3125 4073 3410 4128 misericor-

1828 4167 1964 4218 diam
1987 4167 2038 4218 in
2059 4165 2230 4235 lingua
2251 4173 2416 4233 portat
2442 4161 2623 4233 (Prov.
2651 4179 2796 4225 χχχι,
2824 4163 2936 4233 26).
2969 4162 3085 4216 Noli
3110 4163 3318 4229 timere,
3340 4181 3408 4221 ne

1829 4256 2049 4326 implere
2079 4258 2243 4324 legem
2276 4271 2378 4309 non
2409 4255 2600 4323 possis,
2647 4255 2765 4324 lnge
2794 4253 2858 4307 ad
2886 4253 3323 4310 misericordiam.
3352 4257 3410 4318 Si

1829 4348 2048 4401 multum
2081 4356 2162 4399 est
2199 4344 2265 4398 ad
2297 4329 2346 4398 te
2391 4344 2559 4414 legem
2609 4344 2849 4412 implere,
2897 4353 3046 4399 utere
3092 4352 3245 4412 pacto
3274 4345 3364 4400 illo
3390 4386 3408 4413 ,

1828 4449 1978 4493 utere
2002 4437 2372 4507 chirographo,
2405 4447 2556 4491 utere
2584 4436 2826 4505 precibus
2853 4450 2985 4506 quas
3015 4435 3106 4491 tibi
3136 4437 3410 4495 constituit

1829 4541 1882 4587 et
1907 4533 2204 4601 composuit
2222 4531 2560 4600 jurisperitus
2587 4530 2837 4585 cmlestis.

1902 4625 1986 4678 ll.
2028 4623 2126 4691 Qui
2153 4624 2293 4677 enim
2326 4623 2520 4676 habent
2553 4636 2783 4684 causnm,
2818 4630 2872 4677 et
2898 4621 3084 4678 volunt
3111 4624 3410 4695 supplicare

1831 4715 2156 4785 imperatori,
2197 4723 2439 4783 quaerunt
2464 4714 2690 4782 aliquem
2732 4711 3104 4769 scholasticam
3129 4715 3411 4786 jnrisperi~

1830 4815 1962 4874 tmn,
1991 4822 2020 4860 a
2047 4820 2152 4876 quo
2177 4805 2276 4859 sibi
2316 4819 2499 4874 preces
2527 4813 2948 4872 componantur;
2981 4820 3048 4858 ne
3075 4803 3210 4860 forte
3234 4807 3278 4860 si
3309 4809 3410 4861 ali-

1832 4908 1914 4952 ter
1941 4898 2191 4967 petierint
2217 4912 2374 4966 quam
2402 4905 2630 4964 oportet,
2661 4909 2764 4949 non
2795 4895 2964 4949 solum
2992 4911 3098 4950 non
3125 4897 3414 4968 impetrent

1829 4991 1966 5061 quod
1991 4999 2197 5062 petunt,
2226 4989 2317 5044 sed
2345 5001 2398 5044 et
2425 5004 2630 5060 poenam
2660 5005 2758 5060 pro
2782 4989 3040 5046 beneﬁcio
3069 5006 3412 5064 consequan-

1830 5095 1915 5140 tur
1937 5086 1974 5138 ι.
2007 5083 2137 5139 Cum
2159 5099 2285 5153 ergo
2311 5092 2611 5154 qua-rerent
2634 5083 2933 5153 supplicare
2953 5084 3212 5154 Apostoll,
3227 5095 3282 5141 et
3306 5102 3415 5144 non

1831 5179 2126 5234 invenirent
2158 5177 2426 5248 quomodo
2449 5177 2654 5232 adirent
2698 5178 3070 5247 imperatorem
3109 5180 3296 5249 Deum,
3333 5182 3418 5237 di-

1829 5279 2023 5326 xerunt
2058 5268 2291 5336 Christo,
2327 5267 2557 5332 Domine,
2585 5267 2708 5323 doce
2731 5285 2822 5323 nos
2851 5286 2997 5324 orare
3017 5286 3035 5324 :
3057 5270 3158 5326 hoc
3182 5281 3285 5337 est,
3317 5271 3414 5328 Ju—

1829 5363 2074 5433 risperite
2100 5371 2296 5420 noster.
2317 5376 2577 5428 assessor,
2593 5361 2700 5416 imo
2719 5376 3000 5417 consessor
3020 5361 3134 5430 Dei,
3152 5379 3414 5434 compone

1829 5457 1983 5512 nobis
2019 5469 2224 5526 preces.
2281 5454 2348 5509 Et
2389 5454 2567 5509 docuit
2596 5455 2847 5508 Dominus
2871 5455 2938 5509 de
2967 5454 3101 5508 libro
3131 5455 3266 5524 juris
3295 5471 3409 5512 etn-

1831 5549 2000 5615 lestis,
2019 5548 2196 5602 docuit
2210 5546 2477 5616 quomodo
2492 5556 2706 5602 orarent
2733 5555 2830 5601 :ct
2858 5547 2907 5599 in
2926 5547 3039 5615 ipso
3050 5545 3188 5614 quod
3208 5547 3405 5614 docuit,

1833 5642 2004 5713 posuit
2025 5642 2304 5711 quamdam
2317 5640 2670 5695 conditionem
2701 5657 2714 5693 :
2743 5637 2951 5691 Dimitte
2968 5637 3108 5689 nobis
3123 5636 3288 5691 debita
3311 5655 3407 5693 no-

1830 5744 1956 5798 stra,
1981 5734 2106 5788 sicut
2127 5744 2171 5788 et
2198 5749 2286 5788 nos
2304 5733 2602 5786 dimittimus
2625 5727 2926 5786 debitoribus
2949 5728 3136 5788 nostris
3159 5727 3309 5807 (Luc.
3331 5747 3386 5793 ιι

1897 5848 1916 5886 ⁸
1937 5845 2162 5916 Plerique
2181 5854 2313 5911 Mss...
2334 5852 2624 5900 merentur.

2210 5946 2299 5978 ρ..
