  <div class='ocr_page' id='page_1' title='image "/cluster/home/n/w/nwhite01/storage/ocr_20150623/35/uva.x000827104/075.png"; bbox 0 0 4036 6384; ppageno 0'>
   <div class='ocr_carea' id='block_1_1' title="bbox 620 357 757 420">
    <p class='ocr_par' dir='ltr' id='par_1_1' title="bbox 620 357 757 420">
     <span class='ocr_line' id='line_1_1' title="bbox 620 357 757 420; baseline -0.029 1"><span class='ocrx_word' id='word_1_1' title='bbox 620 357 757 420; x_wconf 67' lang='grc' dir='ltr'><strong>ΝΠ</strong></span> 
     </span>
    </p>
   </div>
   <div class='ocr_carea' id='block_1_2' title="bbox 621 468 2194 539">
    <p class='ocr_par' dir='ltr' id='par_1_2' title="bbox 621 468 2194 539">
     <span class='ocr_line' id='line_1_2' title="bbox 621 468 2194 539; baseline -0.006 -4"><span class='ocrx_word' id='word_1_2' title='bbox 621 478 712 535; x_wconf 87' lang='lat' dir='ltr'><strong>illo</strong></span> <span class='ocrx_word' id='word_1_3' title='bbox 741 490 846 530; x_wconf 88' lang='lat' dir='ltr'><strong>non</strong></span> <span class='ocrx_word' id='word_1_4' title='bbox 873 480 1004 528; x_wconf 84' lang='lat' dir='ltr'><strong>eral.</strong></span> <span class='ocrx_word' id='word_1_5' title='bbox 1033 468 1312 539; x_wconf 76' lang='lat' dir='ltr'><strong>Quomodo</strong></span> <span class='ocrx_word' id='word_1_6' title='bbox 1355 469 1509 524; x_wconf 89' lang='lat' dir='ltr'><strong>dolus</strong></span> <span class='ocrx_word' id='word_1_7' title='bbox 1561 469 1614 524; x_wconf 92' lang='lat' dir='ltr'><strong>in</strong></span> <span class='ocrx_word' id='word_1_8' title='bbox 1663 471 1752 524; x_wconf 93' lang='lat' dir='ltr'><strong>illo</strong></span> <span class='ocrx_word' id='word_1_9' title='bbox 1802 486 1905 526; x_wconf 90' lang='lat' dir='ltr'><strong>non</strong></span> <span class='ocrx_word' id='word_1_10' title='bbox 1947 473 2093 526; x_wconf 85' lang='lat' dir='ltr'><strong>erat?</strong></span> <span class='ocrx_word' id='word_1_11' title='bbox 2136 471 2194 527; x_wconf 90' lang='lat' dir='ltr'><strong>Si</strong></span> 
     </span>
    </p>
   </div>
   <div class='ocr_carea' id='block_1_3' title="bbox 623 563 2198 641">
    <p class='ocr_par' dir='ltr' id='par_1_3' title="bbox 623 563 2198 641">
     <span class='ocr_line' id='line_1_3' title="bbox 623 563 2198 641; baseline -0.003 -18"><span class='ocrx_word' id='word_1_12' title='bbox 623 577 867 641; x_wconf 74' lang='lat' dir='ltr'><strong>peccator</strong></span> <span class='ocrx_word' id='word_1_13' title='bbox 891 575 992 628; x_wconf 91' lang='lat' dir='ltr'><strong>est,</strong></span> <span class='ocrx_word' id='word_1_14' title='bbox 1025 563 1215 618; x_wconf 82' lang='lat' dir='ltr'><strong>fatetur</strong></span> <span class='ocrx_word' id='word_1_15' title='bbox 1241 579 1298 618; x_wconf 80' lang='lat' dir='ltr'><strong>se</strong></span> <span class='ocrx_word' id='word_1_16' title='bbox 1321 573 1673 632; x_wconf 72' lang='lat' dir='ltr'><strong>precatorem.</strong></span> <span class='ocrx_word' id='word_1_17' title='bbox 1704 563 1758 618; x_wconf 92' lang='lat' dir='ltr'><strong>Si</strong></span> <span class='ocrx_word' id='word_1_18' title='bbox 1783 565 1926 618; x_wconf 91' lang='lat' dir='ltr'><strong>enim</strong></span> <span class='ocrx_word' id='word_1_19' title='bbox 1951 575 2198 633; x_wconf 77' lang='lat' dir='ltr'><strong>peccator</strong></span> 
     </span>
    </p>
   </div>
   <div class='ocr_carea' id='block_1_4' title="bbox 617 655 2202 726">
    <p class='ocr_par' dir='ltr' id='par_1_4' title="bbox 617 655 2202 726">
     <span class='ocr_line' id='line_1_4' title="bbox 617 655 2202 726; baseline -0.001 -14"><span class='ocrx_word' id='word_1_20' title='bbox 617 669 721 724; x_wconf 89' lang='lat' dir='ltr'><strong>est,</strong></span> <span class='ocrx_word' id='word_1_21' title='bbox 753 669 805 712; x_wconf 88' lang='lat' dir='ltr'><strong>et</strong></span> <span class='ocrx_word' id='word_1_22' title='bbox 830 666 1032 725; x_wconf 74' lang='lat' dir='ltr'><strong>pistum</strong></span> <span class='ocrx_word' id='word_1_23' title='bbox 1064 671 1121 710; x_wconf 83' lang='lat' dir='ltr'><strong>se</strong></span> <span class='ocrx_word' id='word_1_24' title='bbox 1148 655 1308 718; x_wconf 88' lang='lat' dir='ltr'><strong>dicit;</strong></span> <span class='ocrx_word' id='word_1_25' title='bbox 1339 656 1492 708; x_wconf 87' lang='lat' dir='ltr'><strong>dolus</strong></span> <span class='ocrx_word' id='word_1_26' title='bbox 1517 666 1598 710; x_wconf 89' lang='lat' dir='ltr'><strong>est</strong></span> <span class='ocrx_word' id='word_1_27' title='bbox 1641 655 1690 709; x_wconf 94' lang='lat' dir='ltr'><strong>in</strong></span> <span class='ocrx_word' id='word_1_28' title='bbox 1723 672 1816 710; x_wconf 90' lang='lat' dir='ltr'><strong>ore</strong></span> <span class='ocrx_word' id='word_1_29' title='bbox 1847 657 2030 726; x_wconf 78' lang='lat' dir='ltr'><strong>ipsius.</strong></span> <span class='ocrx_word' id='word_1_30' title='bbox 2064 658 2202 726; x_wconf 80' lang='lat' dir='ltr'><strong>Ergo</strong></span> 
     </span>
    </p>
   </div>
   <div class='ocr_carea' id='block_1_5' title="bbox 618 747 2200 820">
    <p class='ocr_par' dir='ltr' id='par_1_5' title="bbox 618 747 2200 820">
     <span class='ocr_line' id='line_1_5' title="bbox 618 747 2200 820; baseline -0.001 -13"><span class='ocrx_word' id='word_1_31' title='bbox 618 752 672 807; x_wconf 91' lang='lat' dir='ltr'><strong>in</strong></span> <span class='ocrx_word' id='word_1_32' title='bbox 705 750 1026 806; x_wconf 83' lang='lat' dir='ltr'><strong>Nathanaele</strong></span> <span class='ocrx_word' id='word_1_33' title='bbox 1053 747 1264 804; x_wconf 77' lang='lat' dir='ltr'><strong>confess</strong></span> <span class='ocrx_word' id='word_1_34' title='bbox 1284 763 1440 802; x_wconf 85' lang='lat' dir='ltr'><strong>onem</strong></span> <span class='ocrx_word' id='word_1_35' title='bbox 1469 749 1670 818; x_wconf 89' lang='lat' dir='ltr'><strong>peccati</strong></span> <span class='ocrx_word' id='word_1_36' title='bbox 1699 748 1955 813; x_wconf 81' lang='lat' dir='ltr'><strong>laudavit,</strong></span> <span class='ocrx_word' id='word_1_37' title='bbox 1983 765 2089 805; x_wconf 89' lang='lat' dir='ltr'><strong>non</strong></span> <span class='ocrx_word' id='word_1_38' title='bbox 2111 749 2200 820; x_wconf 86' lang='lat' dir='ltr'><strong>ju-</strong></span> 
     </span>
    </p>
   </div>
   <div class='ocr_carea' id='block_1_6' title="bbox 615 843 1470 911">
    <p class='ocr_par' dir='ltr' id='par_1_6' title="bbox 615 843 1470 911">
     <span class='ocr_line' id='line_1_6' title="bbox 615 843 1470 911; baseline -0.007 -12"><span class='ocrx_word' id='word_1_39' title='bbox 615 843 813 900; x_wconf 90' lang='lat' dir='ltr'><strong>dicavit</strong></span> <span class='ocrx_word' id='word_1_40' title='bbox 843 859 946 898; x_wconf 76' lang='lat' dir='ltr'><strong>non</strong></span> <span class='ocrx_word' id='word_1_41' title='bbox 971 857 1090 897; x_wconf 82' lang='lat' dir='ltr'><strong>CSse</strong></span> <span class='ocrx_word' id='word_1_42' title='bbox 1118 851 1470 911; x_wconf 84' lang='lat' dir='ltr'><strong>peccatorettt.</strong></span> 
     </span>
    </p>
   </div>
   <div class='ocr_carea' id='block_1_7' title="bbox 690 931 2206 1004">
    <p class='ocr_par' dir='ltr' id='par_1_7' title="bbox 690 931 2206 1004">
     <span class='ocr_line' id='line_1_7' title="bbox 690 931 2206 1004; baseline -0.001 -15"><span class='ocrx_word' id='word_1_43' title='bbox 690 934 778 990; x_wconf 66' lang='lat'><strong>19.</strong></span> <span class='ocrx_word' id='word_1_44' title='bbox 822 933 1105 1002; x_wconf 88' lang='lat' dir='ltr'><strong>Propterea</strong></span> <span class='ocrx_word' id='word_1_45' title='bbox 1145 948 1265 986; x_wconf 88' lang='lat' dir='ltr'><strong>cum</strong></span> <span class='ocrx_word' id='word_1_46' title='bbox 1309 931 1562 986; x_wconf 61' lang='lat' dir='ltr'><strong>Pharisaei</strong></span> <span class='ocrx_word' id='word_1_47' title='bbox 1611 932 1698 1004; x_wconf 86' lang='lat' dir='ltr'><strong>qui</strong></span> <span class='ocrx_word' id='word_1_48' title='bbox 1737 933 1839 988; x_wconf 88' lang='lat' dir='ltr'><strong>sibi</strong></span> <span class='ocrx_word' id='word_1_49' title='bbox 1886 932 2206 988; x_wconf 72' lang='lat' dir='ltr'><strong>videbantur</strong></span> 
     </span>
    </p>
   </div>
   <div class='ocr_carea' id='block_1_8' title="bbox 615 1024 2205 1097">
    <p class='ocr_par' dir='ltr' id='par_1_8' title="bbox 615 1024 2205 1097">
     <span class='ocr_line' id='line_1_8' title="bbox 615 1024 2205 1097; baseline -0.003 -15"><span class='ocrx_word' id='word_1_50' title='bbox 615 1027 782 1097; x_wconf 85' lang='lat' dir='ltr'><strong>justi,</strong></span> <span class='ocrx_word' id='word_1_51' title='bbox 839 1024 1298 1094; x_wconf 76' lang='lat' dir='ltr'><strong>reprehenderent</strong></span> <span class='ocrx_word' id='word_1_52' title='bbox 1351 1024 1630 1078; x_wconf 91' lang='lat' dir='ltr'><strong>Dominum</strong></span> <span class='ocrx_word' id='word_1_53' title='bbox 1697 1025 1819 1095; x_wconf 87' lang='lat' dir='ltr'><strong>quia</strong></span> <span class='ocrx_word' id='word_1_54' title='bbox 1881 1024 2205 1079; x_wconf 82' lang='lat' dir='ltr'><strong>miscebatur</strong></span> 
     </span>
    </p>
   </div>
   <div class='ocr_carea' id='block_1_9' title="bbox 620 1115 2205 1190">
    <p class='ocr_par' dir='ltr' id='par_1_9' title="bbox 620 1115 2205 1190">
     <span class='ocr_line' id='line_1_9' title="bbox 620 1115 2205 1190; baseline -0.005 -15"><span class='ocrx_word' id='word_1_55' title='bbox 620 1119 834 1190; x_wconf 67' lang='lat' dir='ltr'><strong>mgrotis</strong></span> <span class='ocrx_word' id='word_1_56' title='bbox 865 1116 1100 1171; x_wconf 88' lang='lat' dir='ltr'><strong>medicus</strong></span> <span class='ocrx_word' id='word_1_57' title='bbox 1119 1158 1134 1182; x_wconf 96' lang='lat'><strong>,</strong></span> <span class='ocrx_word' id='word_1_58' title='bbox 1158 1126 1210 1170; x_wconf 94' lang='lat' dir='ltr'><strong>et</strong></span> <span class='ocrx_word' id='word_1_59' title='bbox 1239 1115 1507 1181; x_wconf 84' lang='lat' dir='ltr'><strong>dicerent,</strong></span> <span class='ocrx_word' id='word_1_60' title='bbox 1541 1115 1672 1169; x_wconf 85' lang='lat' dir='ltr'><strong>Ecce</strong></span> <span class='ocrx_word' id='word_1_61' title='bbox 1697 1132 1809 1170; x_wconf 87' lang='lat' dir='ltr'><strong>cum</strong></span> <span class='ocrx_word' id='word_1_62' title='bbox 1839 1115 2020 1183; x_wconf 87' lang='lat' dir='ltr'><strong>quibus</strong></span> <span class='ocrx_word' id='word_1_63' title='bbox 2056 1131 2205 1168; x_wconf 84' lang='lat' dir='ltr'><strong>utan-</strong></span> 
     </span>
    </p>
   </div>
   <div class='ocr_carea' id='block_1_10' title="bbox 621 1207 2204 1277">
    <p class='ocr_par' dir='ltr' id='par_1_10' title="bbox 621 1207 2204 1277">
     <span class='ocr_line' id='line_1_10' title="bbox 621 1207 2204 1277; baseline -0.003 -13"><span class='ocrx_word' id='word_1_64' title='bbox 621 1212 772 1264; x_wconf 86' lang='lat' dir='ltr'><strong>ducat</strong></span> <span class='ocrx_word' id='word_1_65' title='bbox 797 1251 813 1274; x_wconf 92' lang='lat'><strong>,</strong></span> <span class='ocrx_word' id='word_1_66' title='bbox 841 1226 954 1263; x_wconf 93' lang='lat' dir='ltr'><strong>cum</strong></span> <span class='ocrx_word' id='word_1_67' title='bbox 985 1208 1263 1277; x_wconf 81' lang='lat' dir='ltr'><strong>publicanis</strong></span> <span class='ocrx_word' id='word_1_68' title='bbox 1292 1216 1338 1260; x_wconf 92' lang='lat' dir='ltr'><strong>et</strong></span> <span class='ocrx_word' id='word_1_69' title='bbox 1378 1207 1717 1276; x_wconf 77' lang='lat' dir='ltr'><strong>peccatoribus</strong></span> <span class='ocrx_word' id='word_1_70' title='bbox 1741 1223 1759 1270; x_wconf 88' lang='lat'><strong><em>;</em></strong></span> <span class='ocrx_word' id='word_1_71' title='bbox 1786 1207 2059 1276; x_wconf 89' lang='lat' dir='ltr'><strong>respondit</strong></span> <span class='ocrx_word' id='word_1_72' title='bbox 2089 1221 2204 1260; x_wconf 89' lang='lat' dir='ltr'><strong>mc-</strong></span> 
     </span>
    </p>
   </div>
   <div class='ocr_carea' id='block_1_11' title="bbox 622 1297 2206 1369">
    <p class='ocr_par' dir='ltr' id='par_1_11' title="bbox 622 1297 2206 1369">
     <span class='ocr_line' id='line_1_11' title="bbox 622 1297 2206 1369; baseline -0.003 -14"><span class='ocrx_word' id='word_1_73' title='bbox 622 1301 772 1355; x_wconf 86' lang='lat' dir='ltr'><strong>dicus</strong></span> <span class='ocrx_word' id='word_1_74' title='bbox 816 1299 1170 1369; x_wconf 88' lang='lat' dir='ltr'><strong>phreneticis,</strong></span> <span class='ocrx_word' id='word_1_75' title='bbox 1213 1297 1329 1351; x_wconf 76' lang='lat' dir='ltr'><strong>Non</strong></span> <span class='ocrx_word' id='word_1_76' title='bbox 1377 1308 1448 1352; x_wconf 88' lang='lat' dir='ltr'><strong>est</strong></span> <span class='ocrx_word' id='word_1_77' title='bbox 1492 1315 1617 1369; x_wconf 87' lang='lat' dir='ltr'><strong>apns</strong></span> <span class='ocrx_word' id='word_1_78' title='bbox 1663 1300 1800 1351; x_wconf 89' lang='lat' dir='ltr'><strong>sanis</strong></span> <span class='ocrx_word' id='word_1_79' title='bbox 1839 1298 2090 1363; x_wconf 83' lang='lat' dir='ltr'><strong>medicus,</strong></span> <span class='ocrx_word' id='word_1_80' title='bbox 2117 1297 2206 1352; x_wconf 88' lang='lat' dir='ltr'><strong>sed</strong></span> 
     </span>
    </p>
   </div>
   <div class='ocr_carea' id='block_1_12' title="bbox 623 1391 2204 1463">
    <p class='ocr_par' dir='ltr' id='par_1_12' title="bbox 623 1391 2204 1463">
     <span class='ocr_line' id='line_1_12' title="bbox 623 1391 2204 1463; baseline -0.003 -17"><span class='ocrx_word' id='word_1_81' title='bbox 623 1393 756 1446; x_wconf 89' lang='lat' dir='ltr'><strong>male</strong></span> <span class='ocrx_word' id='word_1_82' title='bbox 797 1392 1086 1445; x_wconf 77' lang='lat' dir='ltr'><strong>habentibus</strong></span> <span class='ocrx_word' id='word_1_83' title='bbox 1111 1406 1128 1444; x_wconf 91' lang='lat'><strong><em>:</em></strong></span> <span class='ocrx_word' id='word_1_84' title='bbox 1149 1407 1246 1444; x_wconf 89' lang='lat' dir='ltr'><strong>non</strong></span> <span class='ocrx_word' id='word_1_85' title='bbox 1274 1391 1384 1445; x_wconf 86' lang='lat' dir='ltr'><strong>reni</strong></span> <span class='ocrx_word' id='word_1_86' title='bbox 1424 1407 1600 1444; x_wconf 85' lang='lat' dir='ltr'><strong>vocare</strong></span> <span class='ocrx_word' id='word_1_87' title='bbox 1632 1391 1820 1463; x_wconf 81' lang='lat' dir='ltr'><strong>justas,</strong></span> <span class='ocrx_word' id='word_1_88' title='bbox 1853 1391 1941 1443; x_wconf 88' lang='lat' dir='ltr'><strong>sed</strong></span> <span class='ocrx_word' id='word_1_89' title='bbox 1971 1400 2204 1458; x_wconf 83' lang='lat' dir='ltr'><strong>peccato-</strong></span> 
     </span>
    </p>
   </div>
   <div class='ocr_carea' id='block_1_13' title="bbox 622 1480 2207 1554">
    <p class='ocr_par' dir='ltr' id='par_1_13' title="bbox 622 1480 2207 1554">
     <span class='ocr_line' id='line_1_13' title="bbox 622 1480 2207 1554; baseline -0.003 -16"><span class='ocrx_word' id='word_1_90' title='bbox 622 1501 701 1538; x_wconf 89' lang='lat' dir='ltr'><strong>res</strong></span> <span class='ocrx_word' id='word_1_91' title='bbox 729 1481 940 1554; x_wconf 81' lang='lat' dir='ltr'><strong>(Matth.</strong></span> <span class='ocrx_word' id='word_1_92' title='bbox 973 1497 1042 1543; x_wconf 79' lang='lat' dir='ltr'><strong>tv,</strong></span> <span class='ocrx_word' id='word_1_93' title='bbox 1071 1483 1283 1552; x_wconf 78' lang='grc'><strong>11-15).</strong></span> <span class='ocrx_word' id='word_1_94' title='bbox 1316 1482 1427 1537; x_wconf 89' lang='lat' dir='ltr'><strong>lloc</strong></span> <span class='ocrx_word' id='word_1_95' title='bbox 1446 1492 1528 1537; x_wconf 89' lang='lat' dir='ltr'><strong>cst</strong></span> <span class='ocrx_word' id='word_1_96' title='bbox 1548 1482 1747 1546; x_wconf 89' lang='lat' dir='ltr'><strong>dicere,</strong></span> <span class='ocrx_word' id='word_1_97' title='bbox 1763 1480 1895 1548; x_wconf 86' lang='lat' dir='ltr'><strong>Quia</strong></span> <span class='ocrx_word' id='word_1_98' title='bbox 1919 1495 2013 1534; x_wconf 87' lang='lat' dir='ltr'><strong>vos</strong></span> <span class='ocrx_word' id='word_1_99' title='bbox 2033 1480 2207 1548; x_wconf 86' lang='lat' dir='ltr'><strong>justas</strong></span> 
     </span>
    </p>
   </div>
   <div class='ocr_carea' id='block_1_14' title="bbox 622 1570 2202 1640">
    <p class='ocr_par' dir='ltr' id='par_1_14' title="bbox 622 1570 2202 1640">
     <span class='ocr_line' id='line_1_14' title="bbox 622 1570 2202 1640; baseline -0.003 -11"><span class='ocrx_word' id='word_1_100' title='bbox 622 1575 834 1639; x_wconf 81' lang='lat' dir='ltr'><strong>dicitis,</strong></span> <span class='ocrx_word' id='word_1_101' title='bbox 861 1589 982 1627; x_wconf 89' lang='lat' dir='ltr'><strong>cum</strong></span> <span class='ocrx_word' id='word_1_102' title='bbox 1025 1572 1144 1626; x_wconf 80' lang='lat' dir='ltr'><strong>sitis</strong></span> <span class='ocrx_word' id='word_1_103' title='bbox 1185 1580 1521 1640; x_wconf 86' lang='lat' dir='ltr'><strong>peccatores,</strong></span> <span class='ocrx_word' id='word_1_104' title='bbox 1558 1587 1718 1625; x_wconf 88' lang='lat' dir='ltr'><strong>sanos</strong></span> <span class='ocrx_word' id='word_1_105' title='bbox 1757 1587 1850 1625; x_wconf 89' lang='lat' dir='ltr'><strong>vos</strong></span> <span class='ocrx_word' id='word_1_106' title='bbox 1893 1570 2202 1638; x_wconf 71' lang='lat' dir='ltr'><strong>jttdicatis‘,</strong></span> 
     </span>
    </p>
   </div>
   <div class='ocr_carea' id='block_1_15' title="bbox 623 1663 2206 1736">
    <p class='ocr_par' dir='ltr' id='par_1_15' title="bbox 623 1663 2206 1736">
     <span class='ocr_line' id='line_1_15' title="bbox 623 1663 2206 1736; baseline -0.004 -12"><span class='ocrx_word' id='word_1_107' title='bbox 623 1684 744 1724; x_wconf 85' lang='lat' dir='ltr'><strong>cunt</strong></span> <span class='ocrx_word' id='word_1_108' title='bbox 769 1666 1059 1736; x_wconf 82' lang='lat' dir='ltr'><strong>langueatis</strong></span> <span class='ocrx_word' id='word_1_109' title='bbox 1079 1705 1095 1728; x_wconf 95' lang='lat'><strong>,</strong></span> <span class='ocrx_word' id='word_1_110' title='bbox 1123 1665 1437 1719; x_wconf 84' lang='lat' dir='ltr'><strong>tttrdicittatn</strong></span> <span class='ocrx_word' id='word_1_111' title='bbox 1469 1665 1755 1733; x_wconf 76' lang='lat' dir='ltr'><strong>repellitis,</strong></span> <span class='ocrx_word' id='word_1_112' title='bbox 1789 1679 1894 1718; x_wconf 88' lang='lat' dir='ltr'><strong>non</strong></span> <span class='ocrx_word' id='word_1_113' title='bbox 1923 1663 2206 1718; x_wconf 78' lang='lat' dir='ltr'><strong>sanitatem</strong></span> 
     </span>
    </p>
   </div>
   <div class='ocr_carea' id='block_1_16' title="bbox 627 1754 2206 1824">
    <p class='ocr_par' dir='ltr' id='par_1_16' title="bbox 627 1754 2206 1824">
     <span class='ocr_line' id='line_1_16' title="bbox 627 1754 2206 1824; baseline -0.005 -10"><span class='ocrx_word' id='word_1_114' title='bbox 627 1759 838 1814; x_wconf 87' lang='lat' dir='ltr'><strong>tenetis.</strong></span> <span class='ocrx_word' id='word_1_115' title='bbox 874 1755 1023 1812; x_wconf 83' lang='lat' dir='ltr'><strong>Unde</strong></span> <span class='ocrx_word' id='word_1_116' title='bbox 1051 1755 1140 1808; x_wconf 88' lang='lat' dir='ltr'><strong>ille</strong></span> <span class='ocrx_word' id='word_1_117' title='bbox 1179 1755 1472 1824; x_wconf 67' lang='lat' dir='ltr'><strong>pharisasns</strong></span> <span class='ocrx_word' id='word_1_118' title='bbox 1499 1754 1585 1822; x_wconf 92' lang='lat' dir='ltr'><strong>qtti</strong></span> <span class='ocrx_word' id='word_1_119' title='bbox 1619 1764 1900 1808; x_wconf 85' lang='lat' dir='ltr'><strong>vocaverat</strong></span> <span class='ocrx_word' id='word_1_120' title='bbox 1927 1754 2206 1808; x_wconf 86' lang='lat' dir='ltr'><strong>Dominum</strong></span> 
     </span>
    </p>
   </div>
   <div class='ocr_carea' id='block_1_17' title="bbox 625 1845 2208 1922">
    <p class='ocr_par' dir='ltr' id='par_1_17' title="bbox 625 1845 2208 1922">
     <span class='ocr_line' id='line_1_17' title="bbox 625 1845 2208 1922; baseline -0.006 -14"><span class='ocrx_word' id='word_1_121' title='bbox 625 1852 692 1908; x_wconf 87' lang='lat' dir='ltr'><strong>ad</strong></span> <span class='ocrx_word' id='word_1_122' title='bbox 742 1849 1054 1922; x_wconf 85' lang='lat' dir='ltr'><strong>prandium,</strong></span> <span class='ocrx_word' id='word_1_123' title='bbox 1087 1861 1248 1899; x_wconf 90' lang='lat' dir='ltr'><strong>sanus</strong></span> <span class='ocrx_word' id='word_1_124' title='bbox 1291 1846 1388 1898; x_wconf 86' lang='lat' dir='ltr'><strong>sibi</strong></span> <span class='ocrx_word' id='word_1_125' title='bbox 1441 1845 1754 1899; x_wconf 90' lang='lat' dir='ltr'><strong>videbatur:</strong></span> <span class='ocrx_word' id='word_1_126' title='bbox 1784 1854 1978 1914; x_wconf 49' lang='lat' dir='ltr'><strong>a‘grota</strong></span> <span class='ocrx_word' id='word_1_127' title='bbox 2028 1852 2208 1898; x_wconf 89' lang='lat' dir='ltr'><strong>autem</strong></span> 
     </span>
    </p>
   </div>
   <div class='ocr_carea' id='block_1_18' title="bbox 625 1937 2204 2008">
    <p class='ocr_par' dir='ltr' id='par_1_18' title="bbox 625 1937 2204 2008">
     <span class='ocr_line' id='line_1_18' title="bbox 625 1937 2204 2008; baseline -0.006 -8"><span class='ocrx_word' id='word_1_128' title='bbox 625 1945 710 2000; x_wconf 83' lang='lat' dir='ltr'><strong>illa</strong></span> <span class='ocrx_word' id='word_1_129' title='bbox 761 1943 947 1997; x_wconf 88' lang='lat' dir='ltr'><strong>tnttlicr</strong></span> <span class='ocrx_word' id='word_1_130' title='bbox 1002 1939 1187 2008; x_wconf 87' lang='lat' dir='ltr'><strong>irrupit</strong></span> <span class='ocrx_word' id='word_1_131' title='bbox 1235 1940 1284 1992; x_wconf 89' lang='lat' dir='ltr'><strong>itt</strong></span> <span class='ocrx_word' id='word_1_132' title='bbox 1330 1938 1580 1999; x_wconf 84' lang='lat' dir='ltr'><strong>domum,</strong></span> <span class='ocrx_word' id='word_1_133' title='bbox 1609 1953 1714 2007; x_wconf 91' lang='lat' dir='ltr'><strong>quo</strong></span> <span class='ocrx_word' id='word_1_134' title='bbox 1761 1954 1866 1993; x_wconf 84' lang='lat' dir='ltr'><strong>non</strong></span> <span class='ocrx_word' id='word_1_135' title='bbox 1905 1947 2020 1994; x_wconf 87' lang='lat' dir='ltr'><strong>erat</strong></span> <span class='ocrx_word' id='word_1_136' title='bbox 2070 1937 2204 1991; x_wconf 85' lang='lat' dir='ltr'><strong>invi-</strong></span> 
     </span>
    </p>
   </div>
   <div class='ocr_carea' id='block_1_19' title="bbox 627 2026 2206 2099">
    <p class='ocr_par' dir='ltr' id='par_1_19' title="bbox 627 2026 2206 2099">
     <span class='ocr_line' id='line_1_19' title="bbox 627 2026 2206 2099; baseline -0.006 -10"><span class='ocrx_word' id='word_1_137' title='bbox 627 2044 766 2099; x_wconf 86' lang='lat' dir='ltr'><strong>tata,</strong></span> <span class='ocrx_word' id='word_1_138' title='bbox 799 2044 852 2088; x_wconf 92' lang='lat' dir='ltr'><strong>et</strong></span> <span class='ocrx_word' id='word_1_139' title='bbox 895 2030 1159 2087; x_wconf 85' lang='lat' dir='ltr'><strong>desiderio</strong></span> <span class='ocrx_word' id='word_1_140' title='bbox 1205 2029 1392 2084; x_wconf 85' lang='lat' dir='ltr'><strong>salutis</strong></span> <span class='ocrx_word' id='word_1_141' title='bbox 1441 2028 1577 2083; x_wconf 85' lang='lat' dir='ltr'><strong>facta</strong></span> <span class='ocrx_word' id='word_1_142' title='bbox 1609 2029 1920 2098; x_wconf 88' lang='lat' dir='ltr'><strong>impudens,</strong></span> <span class='ocrx_word' id='word_1_143' title='bbox 1950 2026 2206 2093; x_wconf 87' lang='lat' dir='ltr'><strong>accessit,</strong></span> 
     </span>
    </p>
   </div>
   <div class='ocr_carea' id='block_1_20' title="bbox 626 2115 2205 2192">
    <p class='ocr_par' dir='ltr' id='par_1_20' title="bbox 626 2115 2205 2192">
     <span class='ocr_line' id='line_1_20' title="bbox 626 2115 2205 2192; baseline -0.007 -11"><span class='ocrx_word' id='word_1_144' title='bbox 626 2123 819 2182; x_wconf 89' lang='lat' dir='ltr'><strong>nonad</strong></span> <span class='ocrx_word' id='word_1_145' title='bbox 854 2134 1005 2192; x_wconf 88' lang='lat' dir='ltr'><strong>caput</strong></span> <span class='ocrx_word' id='word_1_146' title='bbox 1052 2120 1294 2184; x_wconf 90' lang='lat' dir='ltr'><strong>Domini,</strong></span> <span class='ocrx_word' id='word_1_147' title='bbox 1326 2135 1430 2173; x_wconf 93' lang='lat' dir='ltr'><strong>non</strong></span> <span class='ocrx_word' id='word_1_148' title='bbox 1461 2119 1526 2172; x_wconf 88' lang='lat' dir='ltr'><strong>ad</strong></span> <span class='ocrx_word' id='word_1_149' title='bbox 1555 2135 1770 2182; x_wconf 81' lang='lat' dir='ltr'><strong>manus,</strong></span> <span class='ocrx_word' id='word_1_150' title='bbox 1797 2118 1889 2172; x_wconf 88' lang='lat' dir='ltr'><strong>sed</strong></span> <span class='ocrx_word' id='word_1_151' title='bbox 1919 2117 1984 2172; x_wconf 88' lang='lat' dir='ltr'><strong>ad</strong></span> <span class='ocrx_word' id='word_1_152' title='bbox 2015 2115 2205 2186; x_wconf 80' lang='lat' dir='ltr'><strong>pedes;</strong></span> 
     </span>
    </p>
   </div>
   <div class='ocr_carea' id='block_1_21' title="bbox 626 2212 2207 2286">
    <p class='ocr_par' dir='ltr' id='par_1_21' title="bbox 626 2212 2207 2286">
     <span class='ocr_line' id='line_1_21' title="bbox 626 2212 2207 2286; baseline -0.008 -12"><span class='ocrx_word' id='word_1_153' title='bbox 626 2219 868 2274; x_wconf 89' lang='lat' dir='ltr'><strong>laviteos</strong></span> <span class='ocrx_word' id='word_1_154' title='bbox 907 2215 1152 2286; x_wconf 81' lang='lat' dir='ltr'><strong>lacrymis</strong></span> <span class='ocrx_word' id='word_1_155' title='bbox 1177 2256 1190 2277; x_wconf 92' lang='lat'><strong>,</strong></span> <span class='ocrx_word' id='word_1_156' title='bbox 1223 2218 1371 2268; x_wconf 72' lang='lat' dir='ltr'><strong>tersit</strong></span> <span class='ocrx_word' id='word_1_157' title='bbox 1409 2213 1652 2282; x_wconf 84' lang='lat' dir='ltr'><strong>capillis,</strong></span> <span class='ocrx_word' id='word_1_158' title='bbox 1685 2212 1918 2265; x_wconf 88' lang='lat' dir='ltr'><strong>osculata</strong></span> <span class='ocrx_word' id='word_1_159' title='bbox 1963 2220 2043 2263; x_wconf 82' lang='lat' dir='ltr'><strong>est</strong></span> <span class='ocrx_word' id='word_1_160' title='bbox 2081 2224 2207 2274; x_wconf 82' lang='lat' dir='ltr'><strong>eos,</strong></span> 
     </span>
    </p>
   </div>
   <div class='ocr_carea' id='block_1_22' title="bbox 625 2300 2210 2377">
    <p class='ocr_par' dir='ltr' id='par_1_22' title="bbox 625 2300 2210 2377">
     <span class='ocr_line' id='line_1_22' title="bbox 625 2300 2210 2377; baseline -0.007 -12"><span class='ocrx_word' id='word_1_161' title='bbox 625 2312 775 2366; x_wconf 65' lang='lat' dir='ltr'><strong>misit</strong></span> <span class='ocrx_word' id='word_1_162' title='bbox 825 2319 1118 2377; x_wconf 81' lang='lat' dir='ltr'><strong>unguento,</strong></span> <span class='ocrx_word' id='word_1_163' title='bbox 1163 2323 1344 2376; x_wconf 86' lang='lat' dir='ltr'><strong>pacem</strong></span> <span class='ocrx_word' id='word_1_164' title='bbox 1393 2306 1517 2360; x_wconf 81' lang='lat' dir='ltr'><strong>fecit</strong></span> <span class='ocrx_word' id='word_1_165' title='bbox 1563 2321 1684 2359; x_wconf 90' lang='lat' dir='ltr'><strong>cum</strong></span> <span class='ocrx_word' id='word_1_166' title='bbox 1727 2302 1963 2372; x_wconf 78' lang='lat' dir='ltr'><strong>vestigiis</strong></span> <span class='ocrx_word' id='word_1_167' title='bbox 2004 2300 2210 2355; x_wconf 87' lang='lat' dir='ltr'><strong>Domini</strong></span> 
     </span>
    </p>
   </div>
   <div class='ocr_carea' id='block_1_23' title="bbox 629 2394 2209 2474">
    <p class='ocr_par' dir='ltr' id='par_1_23' title="bbox 629 2394 2209 2474">
     <span class='ocr_line' id='line_1_23' title="bbox 629 2394 2209 2474; baseline -0.008 -17"><span class='ocrx_word' id='word_1_168' title='bbox 629 2403 918 2474; x_wconf 79' lang='lat' dir='ltr'><strong>peccatrix.</strong></span> <span class='ocrx_word' id='word_1_169' title='bbox 951 2399 1311 2467; x_wconf 79' lang='lat' dir='ltr'><strong>llcprehcndit</strong></span> <span class='ocrx_word' id='word_1_170' title='bbox 1339 2397 1429 2452; x_wconf 91' lang='lat' dir='ltr'><strong>ille</strong></span> <span class='ocrx_word' id='word_1_171' title='bbox 1459 2406 1706 2466; x_wconf 80' lang='lat' dir='ltr'><strong>tanquam</strong></span> <span class='ocrx_word' id='word_1_172' title='bbox 1730 2410 1891 2448; x_wconf 88' lang='lat' dir='ltr'><strong>sanus</strong></span> <span class='ocrx_word' id='word_1_173' title='bbox 1922 2394 2209 2459; x_wconf 89' lang='lat' dir='ltr'><strong>medicmn,</strong></span> 
     </span>
    </p>
   </div>
   <div class='ocr_carea' id='block_1_24' title="bbox 629 2487 2210 2562">
    <p class='ocr_par' dir='ltr' id='par_1_24' title="bbox 629 2487 2210 2562">
     <span class='ocr_line' id='line_1_24' title="bbox 629 2487 2210 2562; baseline -0.006 -14"><span class='ocrx_word' id='word_1_174' title='bbox 629 2496 717 2549; x_wconf 77' lang='lat' dir='ltr'><strong>ille</strong></span> <span class='ocrx_word' id='word_1_175' title='bbox 750 2492 1038 2562; x_wconf 69' lang='lat' dir='ltr'><strong>pharismus</strong></span> <span class='ocrx_word' id='word_1_176' title='bbox 1063 2490 1152 2560; x_wconf 90' lang='lat' dir='ltr'><strong>qni</strong></span> <span class='ocrx_word' id='word_1_177' title='bbox 1190 2491 1296 2544; x_wconf 91' lang='lat' dir='ltr'><strong>illic</strong></span> <span class='ocrx_word' id='word_1_178' title='bbox 1321 2489 1714 2550; x_wconf 88' lang='lat' dir='ltr'><strong>discumbebat;</strong></span> <span class='ocrx_word' id='word_1_179' title='bbox 1751 2497 1806 2542; x_wconf 92' lang='lat' dir='ltr'><strong>et</strong></span> <span class='ocrx_word' id='word_1_180' title='bbox 1835 2487 1908 2541; x_wconf 90' lang='lat' dir='ltr'><strong>ait</strong></span> <span class='ocrx_word' id='word_1_181' title='bbox 1945 2487 2084 2557; x_wconf 89' lang='lat' dir='ltr'><strong>apud</strong></span> <span class='ocrx_word' id='word_1_182' title='bbox 2113 2500 2210 2540; x_wconf 89' lang='lat' dir='ltr'><strong>se:</strong></span> 
     </span>
    </p>
   </div>
   <div class='ocr_carea' id='block_1_25' title="bbox 635 2576 2215 2651">
    <p class='ocr_par' dir='ltr' id='par_1_25' title="bbox 635 2576 2215 2651">
     <span class='ocr_line' id='line_1_25' title="bbox 635 2576 2215 2651; baseline -0.006 -13"><span class='ocrx_word' id='word_1_183' title='bbox 635 2584 732 2639; x_wconf 82' lang='lat' dir='ltr'><strong>llic</strong></span> <span class='ocrx_word' id='word_1_184' title='bbox 763 2585 805 2638; x_wconf 88' lang='lat' dir='ltr'><strong>si</strong></span> <span class='ocrx_word' id='word_1_185' title='bbox 847 2592 967 2636; x_wconf 77' lang='lat' dir='ltr'><strong>esset</strong></span> <span class='ocrx_word' id='word_1_186' title='bbox 999 2583 1239 2651; x_wconf 85' lang='lat' dir='ltr'><strong>propheta</strong></span> <span class='ocrx_word' id='word_1_187' title='bbox 1263 2623 1278 2646; x_wconf 95' lang='lat'><strong>,</strong></span> <span class='ocrx_word' id='word_1_188' title='bbox 1310 2581 1456 2634; x_wconf 78' lang='lat' dir='ltr'><strong>sciret</strong></span> <span class='ocrx_word' id='word_1_189' title='bbox 1485 2596 1598 2649; x_wconf 77' lang='lat' dir='ltr'><strong>qua:</strong></span> <span class='ocrx_word' id='word_1_190' title='bbox 1621 2579 1803 2632; x_wconf 81' lang='lat' dir='ltr'><strong>mulier</strong></span> <span class='ocrx_word' id='word_1_191' title='bbox 1827 2579 1904 2631; x_wconf 86' lang='lat' dir='ltr'><strong>illi</strong></span> <span class='ocrx_word' id='word_1_192' title='bbox 1932 2578 2083 2630; x_wconf 76' lang='lat' dir='ltr'><strong>aedes</strong></span> <span class='ocrx_word' id='word_1_193' title='bbox 2104 2576 2215 2630; x_wconf 87' lang='lat' dir='ltr'><strong>teti-</strong></span> 
     </span>
    </p>
   </div>
   <div class='ocr_carea' id='block_1_26' title="bbox 625 2668 2214 2749">
    <p class='ocr_par' dir='ltr' id='par_1_26' title="bbox 625 2668 2214 2749">
     <span class='ocr_line' id='line_1_26' title="bbox 625 2668 2214 2749; baseline -0.006 -19"><span class='ocrx_word' id='word_1_194' title='bbox 625 2678 795 2749; x_wconf 86' lang='lat' dir='ltr'><strong>gisset.</strong></span> <span class='ocrx_word' id='word_1_195' title='bbox 829 2675 950 2730; x_wconf 92' lang='lat' dir='ltr'><strong>Ideo</strong></span> <span class='ocrx_word' id='word_1_196' title='bbox 969 2683 1144 2728; x_wconf 89' lang='lat' dir='ltr'><strong>autem</strong></span> <span class='ocrx_word' id='word_1_197' title='bbox 1177 2673 1475 2742; x_wconf 72' lang='lat' dir='ltr'><strong>suspicatus</strong></span> <span class='ocrx_word' id='word_1_198' title='bbox 1495 2682 1604 2725; x_wconf 90' lang='lat' dir='ltr'><strong>erat</strong></span> <span class='ocrx_word' id='word_1_199' title='bbox 1628 2687 1748 2724; x_wconf 87' lang='lat' dir='ltr'><strong>eum</strong></span> <span class='ocrx_word' id='word_1_200' title='bbox 1777 2671 2070 2740; x_wconf 65' lang='lat' dir='ltr'><strong>ignorasse,</strong></span> <span class='ocrx_word' id='word_1_201' title='bbox 2093 2668 2214 2737; x_wconf 90' lang='lat' dir='ltr'><strong>quia</strong></span> 
     </span>
    </p>
   </div>
   <div class='ocr_carea' id='block_1_27' title="bbox 628 2763 2212 2838">
    <p class='ocr_par' dir='ltr' id='par_1_27' title="bbox 628 2763 2212 2838">
     <span class='ocr_line' id='line_1_27' title="bbox 628 2763 2212 2838; baseline -0.01 -11"><span class='ocrx_word' id='word_1_202' title='bbox 628 2789 734 2827; x_wconf 87' lang='lat' dir='ltr'><strong>non</strong></span> <span class='ocrx_word' id='word_1_203' title='bbox 767 2771 909 2825; x_wconf 82' lang='lat' dir='ltr'><strong>illam</strong></span> <span class='ocrx_word' id='word_1_204' title='bbox 941 2768 1171 2838; x_wconf 87' lang='lat' dir='ltr'><strong>repulit,</strong></span> <span class='ocrx_word' id='word_1_205' title='bbox 1200 2767 1350 2836; x_wconf 89' lang='lat' dir='ltr'><strong>quasi</strong></span> <span class='ocrx_word' id='word_1_206' title='bbox 1397 2780 1464 2819; x_wconf 90' lang='lat' dir='ltr'><strong>ne</strong></span> <span class='ocrx_word' id='word_1_207' title='bbox 1492 2764 1778 2818; x_wconf 82' lang='lat' dir='ltr'><strong>immundis</strong></span> <span class='ocrx_word' id='word_1_208' title='bbox 1810 2763 2052 2816; x_wconf 78' lang='lat' dir='ltr'><strong>inanibus</strong></span> <span class='ocrx_word' id='word_1_209' title='bbox 2094 2771 2212 2814; x_wconf 86' lang='lat' dir='ltr'><strong>tan-</strong></span> 
     </span>
    </p>
   </div>
   <div class='ocr_carea' id='block_1_28' title="bbox 627 2851 2216 2934">
    <p class='ocr_par' dir='ltr' id='par_1_28' title="bbox 627 2851 2216 2934">
     <span class='ocr_line' id='line_1_28' title="bbox 627 2851 2216 2934; baseline -0.008 -17"><span class='ocrx_word' id='word_1_210' title='bbox 627 2873 842 2934; x_wconf 79' lang='lat' dir='ltr'><strong>geretur</strong></span> <span class='ocrx_word' id='word_1_211' title='bbox 867 2880 879 2914; x_wconf 90' lang='lat'><strong>:</strong></span> <span class='ocrx_word' id='word_1_212' title='bbox 904 2868 1126 2914; x_wconf 85' lang='lat' dir='ltr'><strong>noverat</strong></span> <span class='ocrx_word' id='word_1_213' title='bbox 1164 2867 1340 2911; x_wconf 89' lang='lat' dir='ltr'><strong>autem</strong></span> <span class='ocrx_word' id='word_1_214' title='bbox 1392 2855 1516 2920; x_wconf 90' lang='lat' dir='ltr'><strong>ille,</strong></span> <span class='ocrx_word' id='word_1_215' title='bbox 1561 2852 1802 2924; x_wconf 69' lang='lat' dir='ltr'><strong>permisit</strong></span> <span class='ocrx_word' id='word_1_216' title='bbox 1843 2867 1902 2906; x_wconf 82' lang='lat' dir='ltr'><strong>se</strong></span> <span class='ocrx_word' id='word_1_217' title='bbox 1950 2851 2127 2922; x_wconf 83' lang='lat' dir='ltr'><strong>tangi,</strong></span> <span class='ocrx_word' id='word_1_218' title='bbox 2159 2859 2216 2905; x_wconf 91' lang='grc' dir='ltr'><strong>ιιι</strong></span> 
     </span>
    </p>
   </div>
   <div class='ocr_carea' id='block_1_29' title="bbox 629 2943 2209 3021">
    <p class='ocr_par' dir='ltr' id='par_1_29' title="bbox 629 2943 2209 3021">
     <span class='ocr_line' id='line_1_29' title="bbox 629 2943 2209 3021; baseline -0.008 -13"><span class='ocrx_word' id='word_1_219' title='bbox 629 2964 800 3010; x_wconf 88' lang='lat' dir='ltr'><strong>tactus</strong></span> <span class='ocrx_word' id='word_1_220' title='bbox 842 2955 956 3021; x_wconf 70' lang='lat' dir='ltr'><strong>ipse</strong></span> <span class='ocrx_word' id='word_1_221' title='bbox 994 2956 1225 3004; x_wconf 64' lang='lat' dir='ltr'><strong>sinaret.</strong></span> <span class='ocrx_word' id='word_1_222' title='bbox 1274 2947 1528 3000; x_wconf 89' lang='lat' dir='ltr'><strong>Dominus</strong></span> <span class='ocrx_word' id='word_1_223' title='bbox 1573 2945 1760 2998; x_wconf 90' lang='lat' dir='ltr'><strong>videns</strong></span> <span class='ocrx_word' id='word_1_224' title='bbox 1797 2960 1892 2997; x_wconf 90' lang='lat' dir='ltr'><strong>cor</strong></span> <span class='ocrx_word' id='word_1_225' title='bbox 1923 2943 2209 3007; x_wconf 63' lang='lat' dir='ltr'><strong>Pharisaei,</strong></span> 
     </span>
    </p>
   </div>
   <div class='ocr_carea' id='block_1_30' title="bbox 631 3034 2210 3115">
    <p class='ocr_par' dir='ltr' id='par_1_30' title="bbox 631 3034 2210 3115">
     <span class='ocr_line' id='line_1_30' title="bbox 631 3034 2210 3115; baseline -0.006 -17"><span class='ocrx_word' id='word_1_226' title='bbox 631 3043 903 3115; x_wconf 87' lang='lat' dir='ltr'><strong>proposuit</strong></span> <span class='ocrx_word' id='word_1_227' title='bbox 932 3039 1368 3095; x_wconf 82' lang='lat' dir='ltr'><strong>similitudinem:</strong></span> <span class='ocrx_word' id='word_1_228' title='bbox 1403 3057 1420 3088; x_wconf 80' lang='grc' dir='ltr'><strong>ι</strong></span> <span class='ocrx_word' id='word_1_229' title='bbox 1469 3039 1580 3091; x_wconf 86' lang='lat' dir='ltr'><strong>Duo</strong></span> <span class='ocrx_word' id='word_1_230' title='bbox 1607 3035 1876 3092; x_wconf 85' lang='lat' dir='ltr'><strong>debitores</strong></span> <span class='ocrx_word' id='word_1_231' title='bbox 1911 3044 2063 3089; x_wconf 87' lang='lat' dir='ltr'><strong>erant</strong></span> <span class='ocrx_word' id='word_1_232' title='bbox 2098 3034 2210 3089; x_wconf 89' lang='lat' dir='ltr'><strong>cui-</strong></span> 
     </span>
    </p>
   </div>
   <div class='ocr_carea' id='block_1_31' title="bbox 631 3126 2214 3198">
    <p class='ocr_par' dir='ltr' id='par_1_31' title="bbox 631 3126 2214 3198">
     <span class='ocr_line' id='line_1_31' title="bbox 631 3126 2214 3198; baseline -0.008 -8"><span class='ocrx_word' id='word_1_233' title='bbox 631 3135 756 3190; x_wconf 86' lang='lat' dir='ltr'><strong>dam</strong></span> <span class='ocrx_word' id='word_1_234' title='bbox 796 3132 1114 3195; x_wconf 79' lang='lat' dir='ltr'><strong>feneratori;</strong></span> <span class='ocrx_word' id='word_1_235' title='bbox 1146 3146 1280 3184; x_wconf 90' lang='lat' dir='ltr'><strong>untts</strong></span> <span class='ocrx_word' id='word_1_236' title='bbox 1307 3130 1354 3184; x_wconf 88' lang='lat' dir='ltr'><strong>ei</strong></span> <span class='ocrx_word' id='word_1_237' title='bbox 1386 3129 1613 3184; x_wconf 86' lang='lat' dir='ltr'><strong>debebat</strong></span> <span class='ocrx_word' id='word_1_238' title='bbox 1643 3129 2017 3198; x_wconf 76' lang='lat' dir='ltr'><strong>quinquaginta</strong></span> <span class='ocrx_word' id='word_1_239' title='bbox 2048 3126 2214 3180; x_wconf 88' lang='lat' dir='ltr'><strong>dena-</strong></span> 
     </span>
    </p>
   </div>
   <div class='ocr_carea' id='block_1_32' title="bbox 637 3217 2213 3293">
    <p class='ocr_par' dir='ltr' id='par_1_32' title="bbox 637 3217 2213 3293">
     <span class='ocr_line' id='line_1_32' title="bbox 637 3217 2213 3293; baseline -0.008 -8"><span class='ocrx_word' id='word_1_240' title='bbox 637 3232 771 3290; x_wconf 73' lang='lat' dir='ltr'><strong>ri0s,</strong></span> <span class='ocrx_word' id='word_1_241' title='bbox 794 3226 929 3279; x_wconf 86' lang='lat' dir='ltr'><strong>alter</strong></span> <span class='ocrx_word' id='word_1_242' title='bbox 953 3224 1306 3293; x_wconf 74' lang='lat' dir='ltr'><strong>quingentos:</strong></span> <span class='ocrx_word' id='word_1_243' title='bbox 1331 3237 1453 3276; x_wconf 91' lang='lat' dir='ltr'><strong>cum</strong></span> <span class='ocrx_word' id='word_1_244' title='bbox 1482 3238 1583 3274; x_wconf 92' lang='lat' dir='ltr'><strong>non</strong></span> <span class='ocrx_word' id='word_1_245' title='bbox 1633 3220 1889 3275; x_wconf 84' lang='lat' dir='ltr'><strong>haberent</strong></span> <span class='ocrx_word' id='word_1_246' title='bbox 1925 3219 2062 3273; x_wconf 89' lang='lat' dir='ltr'><strong>unde</strong></span> <span class='ocrx_word' id='word_1_247' title='bbox 2090 3217 2213 3273; x_wconf 80' lang='lat' dir='ltr'><strong>red-</strong></span> 
     </span>
    </p>
   </div>
   <div class='ocr_carea' id='block_1_33' title="bbox 631 3309 2217 3381">
    <p class='ocr_par' dir='ltr' id='par_1_33' title="bbox 631 3309 2217 3381">
     <span class='ocr_line' id='line_1_33' title="bbox 631 3309 2217 3381; baseline -0.006 -9"><span class='ocrx_word' id='word_1_248' title='bbox 631 3327 850 3379; x_wconf 63' lang='lat' dir='ltr'><strong>durent,</strong></span> <span class='ocrx_word' id='word_1_249' title='bbox 875 3316 1093 3369; x_wconf 61' lang='lat' dir='ltr'><strong>donavit</strong></span> <span class='ocrx_word' id='word_1_250' title='bbox 1135 3313 1423 3376; x_wconf 86' lang='lat' dir='ltr'><strong>ambobus;</strong></span> <span class='ocrx_word' id='word_1_251' title='bbox 1455 3312 1572 3381; x_wconf 86' lang='lat' dir='ltr'><strong>quis</strong></span> <span class='ocrx_word' id='word_1_252' title='bbox 1599 3327 1719 3366; x_wconf 89' lang='lat' dir='ltr'><strong>cum</strong></span> <span class='ocrx_word' id='word_1_253' title='bbox 1765 3311 1882 3380; x_wconf 87' lang='lat' dir='ltr'><strong>plus</strong></span> <span class='ocrx_word' id='word_1_254' title='bbox 1907 3309 2125 3364; x_wconf 79' lang='lat' dir='ltr'><strong>dilexit?</strong></span> <span class='ocrx_word' id='word_1_255' title='bbox 2155 3310 2217 3364; x_wconf 77' lang='lat' dir='ltr'><strong>Et</strong></span> 
     </span>
    </p>
   </div>
   <div class='ocr_carea' id='block_1_34' title="bbox 633 3405 2214 3475">
    <p class='ocr_par' dir='ltr' id='par_1_34' title="bbox 633 3405 2214 3475">
     <span class='ocr_line' id='line_1_34' title="bbox 633 3405 2214 3475; baseline -0.004 -9"><span class='ocrx_word' id='word_1_256' title='bbox 633 3412 727 3467; x_wconf 86' lang='lat' dir='ltr'><strong>ille</strong></span> <span class='ocrx_word' id='word_1_257' title='bbox 753 3410 961 3465; x_wconf 81' lang='lat' dir='ltr'><strong>:Credo</strong></span> <span class='ocrx_word' id='word_1_258' title='bbox 981 3451 996 3475; x_wconf 94' lang='lat'><strong>,</strong></span> <span class='ocrx_word' id='word_1_259' title='bbox 1031 3408 1280 3468; x_wconf 87' lang='lat' dir='ltr'><strong>Domine,</strong></span> <span class='ocrx_word' id='word_1_260' title='bbox 1317 3407 1401 3460; x_wconf 88' lang='lat' dir='ltr'><strong>cui</strong></span> <span class='ocrx_word' id='word_1_261' title='bbox 1431 3408 1544 3471; x_wconf 87' lang='lat' dir='ltr'><strong>plus</strong></span> <span class='ocrx_word' id='word_1_262' title='bbox 1571 3405 1806 3460; x_wconf 87' lang='lat' dir='ltr'><strong>donavit.</strong></span> <span class='ocrx_word' id='word_1_263' title='bbox 1836 3405 1903 3458; x_wconf 80' lang='lat' dir='ltr'><strong>Et</strong></span> <span class='ocrx_word' id='word_1_264' title='bbox 1927 3419 2214 3466; x_wconf 72' lang='lat' dir='ltr'><strong>conversus</strong></span> 
     </span>
    </p>
   </div>
   <div class='ocr_carea' id='block_1_35' title="bbox 632 3495 2217 3560">
    <p class='ocr_par' dir='ltr' id='par_1_35' title="bbox 632 3495 2217 3560">
     <span class='ocr_line' id='line_1_35' title="bbox 632 3495 2217 3560; baseline -0.006 -3"><span class='ocrx_word' id='word_1_265' title='bbox 632 3503 699 3557; x_wconf 81' lang='lat' dir='ltr'><strong>ad</strong></span> <span class='ocrx_word' id='word_1_266' title='bbox 727 3501 1035 3560; x_wconf 79' lang='lat' dir='ltr'><strong>mulierem,</strong></span> <span class='ocrx_word' id='word_1_267' title='bbox 1069 3499 1198 3551; x_wconf 75' lang='lat' dir='ltr'><strong>dixit</strong></span> <span class='ocrx_word' id='word_1_268' title='bbox 1243 3498 1445 3551; x_wconf 83' lang='lat' dir='ltr'><strong>Simoni</strong></span> <span class='ocrx_word' id='word_1_269' title='bbox 1473 3515 1485 3549; x_wconf 88' lang='lat'><strong>:</strong></span> <span class='ocrx_word' id='word_1_270' title='bbox 1516 3496 1672 3549; x_wconf 68' lang='lat' dir='ltr'><strong>\‘idcs</strong></span> <span class='ocrx_word' id='word_1_271' title='bbox 1712 3497 1866 3550; x_wconf 87' lang='lat' dir='ltr'><strong>istam</strong></span> <span class='ocrx_word' id='word_1_272' title='bbox 1897 3495 2217 3549; x_wconf 84' lang='lat' dir='ltr'><strong>mulierem?</strong></span> 
     </span>
    </p>
   </div>
   <div class='ocr_carea' id='block_1_36' title="bbox 637 3589 2214 3660">
    <p class='ocr_par' dir='ltr' id='par_1_36' title="bbox 637 3589 2214 3660">
     <span class='ocr_line' id='line_1_36' title="bbox 637 3589 2214 3660; baseline -0.004 -10"><span class='ocrx_word' id='word_1_273' title='bbox 637 3596 828 3650; x_wconf 82' lang='lat' dir='ltr'><strong>intravi</strong></span> <span class='ocrx_word' id='word_1_274' title='bbox 861 3595 912 3647; x_wconf 91' lang='lat' dir='ltr'><strong>in</strong></span> <span class='ocrx_word' id='word_1_275' title='bbox 945 3592 1161 3647; x_wconf 87' lang='lat' dir='ltr'><strong>domum</strong></span> <span class='ocrx_word' id='word_1_276' title='bbox 1190 3601 1362 3651; x_wconf 89' lang='lat' dir='ltr'><strong>tuam,</strong></span> <span class='ocrx_word' id='word_1_277' title='bbox 1389 3606 1580 3660; x_wconf 83' lang='lat' dir='ltr'><strong>aquam</strong></span> <span class='ocrx_word' id='word_1_278' title='bbox 1623 3590 1750 3644; x_wconf 91' lang='lat' dir='ltr'><strong>mihi</strong></span> <span class='ocrx_word' id='word_1_279' title='bbox 1792 3589 1857 3643; x_wconf 90' lang='lat' dir='ltr'><strong>ad</strong></span> <span class='ocrx_word' id='word_1_280' title='bbox 1906 3589 2066 3659; x_wconf 84' lang='lat' dir='ltr'><strong>pedes</strong></span> <span class='ocrx_word' id='word_1_281' title='bbox 2109 3605 2214 3643; x_wconf 89' lang='lat' dir='ltr'><strong>non</strong></span> 
     </span>
    </p>
   </div>
   <div class='ocr_carea' id='block_1_37' title="bbox 642 3682 2218 3756">
    <p class='ocr_par' dir='ltr' id='par_1_37' title="bbox 642 3682 2218 3756">
     <span class='ocr_line' id='line_1_37' title="bbox 642 3682 2218 3756; baseline -0.006 -14"><span class='ocrx_word' id='word_1_282' title='bbox 642 3686 855 3754; x_wconf 69' lang='lat' dir='ltr'><strong>ardtsti;</strong></span> <span class='ocrx_word' id='word_1_283' title='bbox 887 3687 970 3742; x_wconf 91' lang='lat' dir='ltr'><strong>illa</strong></span> <span class='ocrx_word' id='word_1_284' title='bbox 1002 3697 1177 3741; x_wconf 91' lang='lat' dir='ltr'><strong>antetn</strong></span> <span class='ocrx_word' id='word_1_285' title='bbox 1208 3684 1455 3756; x_wconf 76' lang='lat' dir='ltr'><strong>lacrymis</strong></span> <span class='ocrx_word' id='word_1_286' title='bbox 1483 3682 1605 3734; x_wconf 70' lang='lat' dir='ltr'><strong>lavit</strong></span> <span class='ocrx_word' id='word_1_287' title='bbox 1644 3682 1806 3751; x_wconf 87' lang='lat' dir='ltr'><strong>pedes</strong></span> <span class='ocrx_word' id='word_1_288' title='bbox 1837 3696 2020 3746; x_wconf 88' lang='lat' dir='ltr'><strong>meos,</strong></span> <span class='ocrx_word' id='word_1_289' title='bbox 2052 3689 2105 3736; x_wconf 90' lang='lat' dir='ltr'><strong>et</strong></span> <span class='ocrx_word' id='word_1_290' title='bbox 2129 3694 2218 3734; x_wconf 86' lang='lat' dir='ltr'><strong>ca-</strong></span> 
     </span>
    </p>
   </div>
   <div class='ocr_carea' id='block_1_38' title="bbox 634 3773 2214 3852">
    <p class='ocr_par' dir='ltr' id='par_1_38' title="bbox 634 3773 2214 3852">
     <span class='ocr_line' id='line_1_38' title="bbox 634 3773 2214 3852; baseline -0.005 -16"><span class='ocrx_word' id='word_1_291' title='bbox 634 3781 781 3852; x_wconf 60' lang='lat' dir='ltr'><strong>pulis</strong></span> <span class='ocrx_word' id='word_1_292' title='bbox 807 3781 918 3833; x_wconf 82' lang='lat' dir='ltr'><strong>suis</strong></span> <span class='ocrx_word' id='word_1_293' title='bbox 949 3779 1096 3834; x_wconf 71' lang='lat' dir='ltr'><strong>tersit</strong></span> <span class='ocrx_word' id='word_1_294' title='bbox 1123 3779 1397 3832; x_wconf 87' lang='lat' dir='ltr'><strong>:oseulnm</strong></span> <span class='ocrx_word' id='word_1_295' title='bbox 1442 3773 1568 3828; x_wconf 90' lang='lat' dir='ltr'><strong>mibi</strong></span> <span class='ocrx_word' id='word_1_296' title='bbox 1598 3790 1700 3828; x_wconf 92' lang='lat' dir='ltr'><strong>non</strong></span> <span class='ocrx_word' id='word_1_297' title='bbox 1734 3775 1953 3834; x_wconf 86' lang='lat' dir='ltr'><strong>dedisti;</strong></span> <span class='ocrx_word' id='word_1_298' title='bbox 1984 3773 2070 3828; x_wconf 91' lang='lat' dir='ltr'><strong>illa</strong></span> <span class='ocrx_word' id='word_1_299' title='bbox 2111 3788 2214 3839; x_wconf 71' lang='lat' dir='ltr'><strong>non</strong></span> 
     </span>
    </p>
   </div>
   <div class='ocr_carea' id='block_1_39' title="bbox 635 3865 2212 3944">
    <p class='ocr_par' dir='ltr' id='par_1_39' title="bbox 635 3865 2212 3944">
     <span class='ocr_line' id='line_1_39' title="bbox 635 3865 2212 3944; baseline -0.006 -14"><span class='ocrx_word' id='word_1_300' title='bbox 635 3873 834 3930; x_wconf 88' lang='lat' dir='ltr'><strong>destitit</strong></span> <span class='ocrx_word' id='word_1_301' title='bbox 856 3872 1019 3944; x_wconf 83' lang='lat' dir='ltr'><strong>pedes</strong></span> <span class='ocrx_word' id='word_1_302' title='bbox 1047 3885 1194 3924; x_wconf 86' lang='lat' dir='ltr'><strong>meos</strong></span> <span class='ocrx_word' id='word_1_303' title='bbox 1219 3869 1445 3924; x_wconf 85' lang='lat' dir='ltr'><strong>osculari</strong></span> <span class='ocrx_word' id='word_1_304' title='bbox 1468 3887 1480 3922; x_wconf 94' lang='lat'>:</span> <span class='ocrx_word' id='word_1_305' title='bbox 1501 3868 1552 3921; x_wconf 94' lang='lat' dir='ltr'><strong>ol</strong></span> <span class='ocrx_word' id='word_1_306' title='bbox 1587 3884 1676 3922; x_wconf 88' lang='lat' dir='ltr'><strong>um</strong></span> <span class='ocrx_word' id='word_1_307' title='bbox 1706 3867 1830 3920; x_wconf 88' lang='lat' dir='ltr'><strong>mihi</strong></span> <span class='ocrx_word' id='word_1_308' title='bbox 1858 3881 1962 3922; x_wconf 92' lang='lat' dir='ltr'><strong>non</strong></span> <span class='ocrx_word' id='word_1_309' title='bbox 1990 3865 2212 3934; x_wconf 84' lang='lat' dir='ltr'><strong>dedisti;</strong></span> 
     </span>
    </p>
   </div>
   <div class='ocr_carea' id='block_1_40' title="bbox 633 3961 2212 4038">
    <p class='ocr_par' dir='ltr' id='par_1_40' title="bbox 633 3961 2212 4038">
     <span class='ocr_line' id='line_1_40' title="bbox 633 3961 2212 4038; baseline -0.006 -13"><span class='ocrx_word' id='word_1_310' title='bbox 633 3971 722 4025; x_wconf 89' lang='lat' dir='ltr'><strong>illa</strong></span> <span class='ocrx_word' id='word_1_311' title='bbox 753 3967 916 4038; x_wconf 80' lang='lat' dir='ltr'><strong>pedes</strong></span> <span class='ocrx_word' id='word_1_312' title='bbox 935 3980 1086 4020; x_wconf 91' lang='lat' dir='ltr'><strong>meos</strong></span> <span class='ocrx_word' id='word_1_313' title='bbox 1113 3964 1263 4018; x_wconf 82' lang='lat' dir='ltr'><strong>unxit</strong></span> <span class='ocrx_word' id='word_1_314' title='bbox 1287 3971 1572 4032; x_wconf 83' lang='lat' dir='ltr'><strong>unguento.</strong></span> <span class='ocrx_word' id='word_1_315' title='bbox 1616 3961 1902 4030; x_wconf 88' lang='lat' dir='ltr'><strong>Propterea</strong></span> <span class='ocrx_word' id='word_1_316' title='bbox 1933 3961 2054 4016; x_wconf 87' lang='lat' dir='ltr'><strong>dico</strong></span> <span class='ocrx_word' id='word_1_317' title='bbox 2081 3961 2212 4027; x_wconf 91' lang='lat' dir='ltr'><strong>tibi;</strong></span> 
     </span>
    </p>
   </div>
   <div class='ocr_carea' id='block_1_41' title="bbox 631 4053 2216 4128">
    <p class='ocr_par' dir='ltr' id='par_1_41' title="bbox 631 4053 2216 4128">
     <span class='ocr_line' id='line_1_41' title="bbox 631 4053 2216 4128; baseline -0.006 -13"><span class='ocrx_word' id='word_1_318' title='bbox 631 4061 972 4115; x_wconf 77' lang='lat' dir='ltr'><strong>dimittuntur</strong></span> <span class='ocrx_word' id='word_1_319' title='bbox 995 4058 1043 4112; x_wconf 91' lang='lat' dir='ltr'><strong>ei</strong></span> <span class='ocrx_word' id='word_1_320' title='bbox 1074 4066 1288 4128; x_wconf 86' lang='lat' dir='ltr'><strong>peccata</strong></span> <span class='ocrx_word' id='word_1_321' title='bbox 1333 4057 1527 4120; x_wconf 88' lang='lat' dir='ltr'><strong>multa,</strong></span> <span class='ocrx_word' id='word_1_322' title='bbox 1560 4056 1808 4123; x_wconf 90' lang='lat' dir='ltr'><strong>quoniam</strong></span> <span class='ocrx_word' id='word_1_323' title='bbox 1848 4053 2032 4109; x_wconf 72' lang='lat' dir='ltr'><strong>dilexit</strong></span> <span class='ocrx_word' id='word_1_324' title='bbox 2080 4054 2216 4107; x_wconf 87' lang='lat' dir='ltr'><strong>tnui-</strong></span> 
     </span>
    </p>
   </div>
   <div class='ocr_carea' id='block_1_42' title="bbox 633 4145 2219 4208">
    <p class='ocr_par' dir='ltr' id='par_1_42' title="bbox 633 4145 2219 4208">
     <span class='ocr_line' id='line_1_42' title="bbox 633 4145 2219 4208; baseline -0.006 0"><span class='ocrx_word' id='word_1_325' title='bbox 633 4163 743 4208; x_wconf 90' lang='lat' dir='ltr'><strong>tutn</strong></span> <span class='ocrx_word' id='word_1_326' title='bbox 773 4169 787 4206; x_wconf 89' lang='lat'><strong>:</strong></span> <span class='ocrx_word' id='word_1_327' title='bbox 816 4151 900 4205; x_wconf 91' lang='lat' dir='ltr'><strong>cui</strong></span> <span class='ocrx_word' id='word_1_328' title='bbox 942 4158 1118 4202; x_wconf 86' lang='lat' dir='ltr'><strong>autem</strong></span> <span class='ocrx_word' id='word_1_329' title='bbox 1149 4148 1414 4202; x_wconf 89' lang='lat' dir='ltr'><strong>modicum</strong></span> <span class='ocrx_word' id='word_1_330' title='bbox 1441 4147 1743 4201; x_wconf 88' lang='lat' dir='ltr'><strong>dimittitur.</strong></span> <span class='ocrx_word' id='word_1_331' title='bbox 1792 4145 2054 4200; x_wconf 90' lang='lat' dir='ltr'><strong>modicum</strong></span> <span class='ocrx_word' id='word_1_332' title='bbox 2097 4145 2219 4199; x_wconf 88' lang='lat' dir='ltr'><strong>dili-</strong></span> 
     </span>
    </p>
   </div>
   <div class='ocr_carea' id='block_1_43' title="bbox 632 4236 2214 4317">
    <p class='ocr_par' dir='ltr' id='par_1_43' title="bbox 632 4236 2214 4317">
     <span class='ocr_line' id='line_1_43' title="bbox 632 4236 2214 4317; baseline -0.006 -17"><span class='ocrx_word' id='word_1_333' title='bbox 632 4246 710 4317; x_wconf 74' lang='lat' dir='ltr'><strong>git</strong></span> <span class='ocrx_word' id='word_1_334' title='bbox 732 4262 751 4297; x_wconf 76' lang='grc' dir='ltr'><strong>ι</strong></span> <span class='ocrx_word' id='word_1_335' title='bbox 785 4242 931 4314; x_wconf 88' lang='lat' dir='ltr'><strong>(Luc.</strong></span> <span class='ocrx_word' id='word_1_336' title='bbox 964 4258 1058 4307; x_wconf 86' lang='lat' dir='ltr'><strong>vn,</strong></span> <span class='ocrx_word' id='word_1_337' title='bbox 1077 4238 1284 4312; x_wconf 63' lang='lat'><strong>56-47).</strong></span> <span class='ocrx_word' id='word_1_338' title='bbox 1321 4240 1430 4292; x_wconf 88' lang='lat' dir='ltr'><strong>Iloc</strong></span> <span class='ocrx_word' id='word_1_339' title='bbox 1458 4249 1540 4294; x_wconf 90' lang='lat' dir='ltr'><strong>est</strong></span> <span class='ocrx_word' id='word_1_340' title='bbox 1562 4239 1740 4293; x_wconf 86' lang='lat' dir='ltr'><strong>dicere</strong></span> <span class='ocrx_word' id='word_1_341' title='bbox 1764 4279 1779 4299; x_wconf 93' lang='lat'><strong>,</strong></span> <span class='ocrx_word' id='word_1_342' title='bbox 1813 4236 1934 4290; x_wconf 84' lang='lat' dir='ltr'><strong>Plus</strong></span> <span class='ocrx_word' id='word_1_343' title='bbox 1956 4245 2179 4306; x_wconf 77' lang='lat' dir='ltr'><strong>a-grotas</strong></span> <span class='ocrx_word' id='word_1_344' title='bbox 2198 4276 2214 4300; x_wconf 92' lang='lat'><strong>,</strong></span> 
     </span>
    </p>
   </div>
   <div class='ocr_carea' id='block_1_44' title="bbox 633 4327 2213 4403">
    <p class='ocr_par' dir='ltr' id='par_1_44' title="bbox 633 4327 2213 4403">
     <span class='ocr_line' id='line_1_44' title="bbox 633 4327 2213 4403; baseline -0.009 -10"><span class='ocrx_word' id='word_1_345' title='bbox 633 4337 728 4393; x_wconf 86' lang='lat' dir='ltr'><strong>sed</strong></span> <span class='ocrx_word' id='word_1_346' title='bbox 754 4350 940 4389; x_wconf 88' lang='lat' dir='ltr'><strong>sanum</strong></span> <span class='ocrx_word' id='word_1_347' title='bbox 967 4343 1018 4388; x_wconf 90' lang='lat' dir='ltr'><strong>te</strong></span> <span class='ocrx_word' id='word_1_348' title='bbox 1045 4341 1199 4403; x_wconf 85' lang='lat' dir='ltr'><strong>putas</strong></span> <span class='ocrx_word' id='word_1_349' title='bbox 1224 4349 1235 4382; x_wconf 93' lang='lat'><strong>:</strong></span> <span class='ocrx_word' id='word_1_350' title='bbox 1263 4331 1527 4386; x_wconf 89' lang='lat' dir='ltr'><strong>modicum</strong></span> <span class='ocrx_word' id='word_1_351' title='bbox 1554 4343 1704 4399; x_wconf 81' lang='lat' dir='ltr'><strong>putas</strong></span> <span class='ocrx_word' id='word_1_352' title='bbox 1736 4328 1826 4381; x_wconf 89' lang='lat' dir='ltr'><strong>tibi</strong></span> <span class='ocrx_word' id='word_1_353' title='bbox 1848 4327 2058 4389; x_wconf 90' lang='lat' dir='ltr'><strong>dimitti,</strong></span> <span class='ocrx_word' id='word_1_354' title='bbox 2093 4342 2213 4381; x_wconf 90' lang='lat' dir='ltr'><strong>cum</strong></span> 
     </span>
    </p>
   </div>
   <div class='ocr_carea' id='block_1_45' title="bbox 640 4417 2215 4497">
    <p class='ocr_par' dir='ltr' id='par_1_45' title="bbox 640 4417 2215 4497">
     <span class='ocr_line' id='line_1_45' title="bbox 640 4417 2215 4497; baseline -0.006 -18"><span class='ocrx_word' id='word_1_355' title='bbox 640 4429 760 4497; x_wconf 85' lang='lat' dir='ltr'><strong>plus</strong></span> <span class='ocrx_word' id='word_1_356' title='bbox 795 4426 1003 4478; x_wconf 88' lang='lat' dir='ltr'><strong>debitor</strong></span> <span class='ocrx_word' id='word_1_357' title='bbox 1045 4423 1139 4476; x_wconf 85' lang='lat' dir='ltr'><strong>sis.</strong></span> <span class='ocrx_word' id='word_1_358' title='bbox 1188 4422 1330 4476; x_wconf 82' lang='lat' dir='ltr'><strong>Bene</strong></span> <span class='ocrx_word' id='word_1_359' title='bbox 1374 4423 1469 4474; x_wconf 89' lang='lat' dir='ltr'><strong>ista</strong></span> <span class='ocrx_word' id='word_1_360' title='bbox 1492 4462 1504 4481; x_wconf 90' lang='lat'><strong>,</strong></span> <span class='ocrx_word' id='word_1_361' title='bbox 1537 4420 1657 4488; x_wconf 87' lang='lat' dir='ltr'><strong>quia</strong></span> <span class='ocrx_word' id='word_1_362' title='bbox 1688 4419 1842 4473; x_wconf 87' lang='lat' dir='ltr'><strong>dolus</strong></span> <span class='ocrx_word' id='word_1_363' title='bbox 1887 4417 1937 4470; x_wconf 95' lang='lat' dir='ltr'><strong>in</strong></span> <span class='ocrx_word' id='word_1_364' title='bbox 1994 4417 2082 4471; x_wconf 87' lang='lat' dir='ltr'><strong>illa</strong></span> <span class='ocrx_word' id='word_1_365' title='bbox 2113 4433 2215 4470; x_wconf 89' lang='lat' dir='ltr'><strong>non</strong></span> 
     </span>
    </p>
   </div>
   <div class='ocr_carea' id='block_1_46' title="bbox 635 4508 2216 4582">
    <p class='ocr_par' dir='ltr' id='par_1_46' title="bbox 635 4508 2216 4582">
     <span class='ocr_line' id='line_1_46' title="bbox 635 4508 2216 4582; baseline -0.007 -8"><span class='ocrx_word' id='word_1_366' title='bbox 635 4527 784 4582; x_wconf 89' lang='lat' dir='ltr'><strong>erat,</strong></span> <span class='ocrx_word' id='word_1_367' title='bbox 818 4516 1011 4571; x_wconf 80' lang='lat' dir='ltr'><strong>meruit</strong></span> <span class='ocrx_word' id='word_1_368' title='bbox 1041 4515 1373 4568; x_wconf 89' lang='lat' dir='ltr'><strong>medicinam.</strong></span> <span class='ocrx_word' id='word_1_369' title='bbox 1409 4511 1542 4578; x_wconf 85' lang='lat' dir='ltr'><strong>Quid</strong></span> <span class='ocrx_word' id='word_1_370' title='bbox 1580 4519 1662 4564; x_wconf 88' lang='lat' dir='ltr'><strong>est</strong></span> <span class='ocrx_word' id='word_1_371' title='bbox 1683 4551 1699 4574; x_wconf 93' lang='lat'><strong>,</strong></span> <span class='ocrx_word' id='word_1_372' title='bbox 1728 4510 1880 4563; x_wconf 89' lang='lat' dir='ltr'><strong>dolus</strong></span> <span class='ocrx_word' id='word_1_373' title='bbox 1911 4510 1962 4562; x_wconf 91' lang='lat' dir='ltr'><strong>in</strong></span> <span class='ocrx_word' id='word_1_374' title='bbox 1995 4508 2081 4561; x_wconf 92' lang='lat' dir='ltr'><strong>illa</strong></span> <span class='ocrx_word' id='word_1_375' title='bbox 2112 4524 2216 4563; x_wconf 89' lang='lat' dir='ltr'><strong>non</strong></span> 
     </span>
    </p>
   </div>
   <div class='ocr_carea' id='block_1_47' title="bbox 634 4600 2216 4674">
    <p class='ocr_par' dir='ltr' id='par_1_47' title="bbox 634 4600 2216 4674">
     <span class='ocr_line' id='line_1_47' title="bbox 634 4600 2216 4674; baseline -0.008 -8"><span class='ocrx_word' id='word_1_376' title='bbox 634 4608 782 4666; x_wconf 86' lang='lat' dir='ltr'><strong>erat?</strong></span> <span class='ocrx_word' id='word_1_377' title='bbox 810 4607 1174 4663; x_wconf 88' lang='lat' dir='ltr'><strong>Conlitebatur</strong></span> <span class='ocrx_word' id='word_1_378' title='bbox 1221 4613 1454 4674; x_wconf 87' lang='lat' dir='ltr'><strong>peccata.</strong></span> <span class='ocrx_word' id='word_1_379' title='bbox 1489 4603 1598 4656; x_wconf 87' lang='lat' dir='ltr'><strong>Hoc</strong></span> <span class='ocrx_word' id='word_1_380' title='bbox 1637 4612 1690 4655; x_wconf 80' lang='lat' dir='ltr'><strong>ct</strong></span> <span class='ocrx_word' id='word_1_381' title='bbox 1722 4600 1898 4654; x_wconf 91' lang='lat' dir='ltr'><strong>laudat</strong></span> <span class='ocrx_word' id='word_1_382' title='bbox 1939 4601 1988 4654; x_wconf 92' lang='lat' dir='ltr'><strong>in</strong></span> <span class='ocrx_word' id='word_1_383' title='bbox 2021 4600 2216 4654; x_wconf 80' lang='lat' dir='ltr'><strong>Natha-</strong></span> 
     </span>
    </p>
   </div>
   <div class='ocr_carea' id='block_1_48' title="bbox 641 4693 2221 4770">
    <p class='ocr_par' dir='ltr' id='par_1_48' title="bbox 641 4693 2221 4770">
     <span class='ocr_line' id='line_1_48' title="bbox 641 4693 2221 4770; baseline -0.008 -12"><span class='ocrx_word' id='word_1_384' title='bbox 641 4701 827 4764; x_wconf 88' lang='lat' dir='ltr'><strong>naelc,</strong></span> <span class='ocrx_word' id='word_1_385' title='bbox 851 4697 992 4770; x_wconf 89' lang='lat' dir='ltr'><strong>qttod</strong></span> <span class='ocrx_word' id='word_1_386' title='bbox 1025 4697 1179 4752; x_wconf 86' lang='lat' dir='ltr'><strong>dolus</strong></span> <span class='ocrx_word' id='word_1_387' title='bbox 1210 4697 1260 4749; x_wconf 91' lang='lat' dir='ltr'><strong>in</strong></span> <span class='ocrx_word' id='word_1_388' title='bbox 1305 4695 1396 4750; x_wconf 90' lang='lat' dir='ltr'><strong>illo</strong></span> <span class='ocrx_word' id='word_1_389' title='bbox 1423 4710 1526 4750; x_wconf 89' lang='lat' dir='ltr'><strong>non</strong></span> <span class='ocrx_word' id='word_1_390' title='bbox 1558 4704 1707 4750; x_wconf 89' lang='lat' dir='ltr'><strong>erat:</strong></span> <span class='ocrx_word' id='word_1_391' title='bbox 1739 4694 1858 4760; x_wconf 88' lang='lat' dir='ltr'><strong>quia</strong></span> <span class='ocrx_word' id='word_1_392' title='bbox 1903 4693 2054 4746; x_wconf 89' lang='lat' dir='ltr'><strong>mttlti</strong></span> <span class='ocrx_word' id='word_1_393' title='bbox 2091 4693 2221 4763; x_wconf 85' lang='lat' dir='ltr'><strong>pha-</strong></span> 
     </span>
    </p>
   </div>
   <div class='ocr_carea' id='block_1_49' title="bbox 637 4784 2212 4861">
    <p class='ocr_par' dir='ltr' id='par_1_49' title="bbox 637 4784 2212 4861">
     <span class='ocr_line' id='line_1_49' title="bbox 637 4784 2212 4861; baseline -0.007 -13"><span class='ocrx_word' id='word_1_394' title='bbox 637 4792 775 4848; x_wconf 64' lang='lat' dir='ltr'><strong>risaai</strong></span> <span class='ocrx_word' id='word_1_395' title='bbox 822 4789 912 4861; x_wconf 91' lang='lat' dir='ltr'><strong>qtti</strong></span> <span class='ocrx_word' id='word_1_396' title='bbox 959 4787 1297 4842; x_wconf 86' lang='lat' dir='ltr'><strong>abundabant</strong></span> <span class='ocrx_word' id='word_1_397' title='bbox 1343 4785 1601 4854; x_wconf 79' lang='lat' dir='ltr'><strong>peccatis,</strong></span> <span class='ocrx_word' id='word_1_398' title='bbox 1629 4785 1799 4853; x_wconf 61' lang='lat' dir='ltr'><strong>justus</strong></span> <span class='ocrx_word' id='word_1_399' title='bbox 1849 4799 1906 4838; x_wconf 85' lang='lat' dir='ltr'><strong>se</strong></span> <span class='ocrx_word' id='word_1_400' title='bbox 1935 4784 2212 4850; x_wconf 88' lang='lat' dir='ltr'><strong>dicebant,</strong></span> 
     </span>
    </p>
   </div>
   <div class='ocr_carea' id='block_1_50' title="bbox 635 4873 2216 4946">
    <p class='ocr_par' dir='ltr' id='par_1_50' title="bbox 635 4873 2216 4946">
     <span class='ocr_line' id='line_1_50' title="bbox 635 4873 2216 4946; baseline -0.006 -7"><span class='ocrx_word' id='word_1_401' title='bbox 635 4892 694 4940; x_wconf 90' lang='lat' dir='ltr'><strong>et</strong></span> <span class='ocrx_word' id='word_1_402' title='bbox 738 4882 918 4937; x_wconf 88' lang='lat' dir='ltr'><strong>dolum</strong></span> <span class='ocrx_word' id='word_1_403' title='bbox 972 4877 1294 4940; x_wconf 68' lang='lat' dir='ltr'><strong>adurebant,</strong></span> <span class='ocrx_word' id='word_1_404' title='bbox 1328 4892 1421 4946; x_wconf 89' lang='lat' dir='ltr'><strong>per</strong></span> <span class='ocrx_word' id='word_1_405' title='bbox 1475 4891 1630 4945; x_wconf 87' lang='lat' dir='ltr'><strong>quem</strong></span> <span class='ocrx_word' id='word_1_406' title='bbox 1681 4873 1857 4930; x_wconf 77' lang='lat' dir='ltr'><strong>sanari</strong></span> <span class='ocrx_word' id='word_1_407' title='bbox 1906 4889 2012 4928; x_wconf 93' lang='lat' dir='ltr'><strong>non</strong></span> <span class='ocrx_word' id='word_1_408' title='bbox 2065 4883 2216 4945; x_wconf 78' lang='lat' dir='ltr'><strong>pote-</strong></span> 
     </span>
    </p>
   </div>
   <div class='ocr_carea' id='block_1_51' title="bbox 639 4985 781 5032">
    <p class='ocr_par' dir='ltr' id='par_1_51' title="bbox 639 4985 781 5032">
     <span class='ocr_line' id='line_1_51' title="bbox 639 4985 781 5032; baseline -0.021 0"><span class='ocrx_word' id='word_1_409' title='bbox 639 4985 781 5032; x_wconf 89' lang='lat' dir='ltr'><strong>rant.</strong></span> 
     </span>
    </p>
   </div>
   <div class='ocr_carea' id='block_1_52' title="bbox 708 5060 2218 5134">
    <p class='ocr_par' dir='ltr' id='par_1_52' title="bbox 708 5060 2218 5134">
     <span class='ocr_line' id='line_1_52' title="bbox 708 5060 2218 5134; baseline -0.003 -12"><span class='ocrx_word' id='word_1_410' title='bbox 708 5068 798 5123; x_wconf 73' lang='lat'><strong>20.</strong></span> <span class='ocrx_word' id='word_1_411' title='bbox 846 5065 986 5121; x_wconf 75' lang='lat' dir='ltr'><strong>Vidit</strong></span> <span class='ocrx_word' id='word_1_412' title='bbox 1010 5081 1138 5134; x_wconf 77' lang='lat' dir='ltr'><strong>ergo</strong></span> <span class='ocrx_word' id='word_1_413' title='bbox 1160 5063 1266 5134; x_wconf 85' lang='lat' dir='ltr'><strong>jam</strong></span> <span class='ocrx_word' id='word_1_414' title='bbox 1291 5063 1448 5118; x_wconf 89' lang='lat' dir='ltr'><strong>istum</strong></span> <span class='ocrx_word' id='word_1_415' title='bbox 1473 5061 1523 5115; x_wconf 93' lang='lat' dir='ltr'><strong>in</strong></span> <span class='ocrx_word' id='word_1_416' title='bbox 1553 5077 1658 5131; x_wconf 90' lang='lat' dir='ltr'><strong>quo</strong></span> <span class='ocrx_word' id='word_1_417' title='bbox 1683 5060 1834 5114; x_wconf 89' lang='lat' dir='ltr'><strong>dolus</strong></span> <span class='ocrx_word' id='word_1_418' title='bbox 1860 5078 1964 5117; x_wconf 93' lang='lat' dir='ltr'><strong>non</strong></span> <span class='ocrx_word' id='word_1_419' title='bbox 1996 5071 2140 5127; x_wconf 84' lang='lat' dir='ltr'><strong>erat,</strong></span> <span class='ocrx_word' id='word_1_420' title='bbox 2165 5073 2218 5118; x_wconf 89' lang='lat' dir='ltr'><strong>et</strong></span> 
     </span>
    </p>
   </div>
   <div class='ocr_carea' id='block_1_53' title="bbox 639 5156 2220 5227">
    <p class='ocr_par' dir='ltr' id='par_1_53' title="bbox 639 5156 2220 5227">
     <span class='ocr_line' id='line_1_53' title="bbox 639 5156 2220 5227; baseline -0.003 -13"><span class='ocrx_word' id='word_1_421' title='bbox 639 5162 712 5215; x_wconf 86' lang='lat' dir='ltr'><strong>ait</strong></span> <span class='ocrx_word' id='word_1_422' title='bbox 738 5177 752 5215; x_wconf 90' lang='lat'><strong>:</strong></span> <span class='ocrx_word' id='word_1_423' title='bbox 779 5157 911 5214; x_wconf 81' lang='lat' dir='ltr'><strong>Ecce</strong></span> <span class='ocrx_word' id='word_1_424' title='bbox 929 5175 1040 5213; x_wconf 70' lang='lat' dir='ltr'><strong>rere</strong></span> <span class='ocrx_word' id='word_1_425' title='bbox 1080 5157 1335 5216; x_wconf 80' lang='lat' dir='ltr'><strong>Israelita.</strong></span> <span class='ocrx_word' id='word_1_426' title='bbox 1367 5157 1418 5210; x_wconf 91' lang='lat' dir='ltr'><strong>in</strong></span> <span class='ocrx_word' id='word_1_427' title='bbox 1447 5172 1545 5227; x_wconf 89' lang='lat' dir='ltr'><strong>quo</strong></span> <span class='ocrx_word' id='word_1_428' title='bbox 1585 5156 1731 5209; x_wconf 89' lang='lat' dir='ltr'><strong>dolus</strong></span> <span class='ocrx_word' id='word_1_429' title='bbox 1759 5173 1857 5208; x_wconf 90' lang='lat' dir='ltr'><strong>non</strong></span> <span class='ocrx_word' id='word_1_430' title='bbox 1891 5167 1980 5210; x_wconf 80' lang='lat' dir='ltr'><strong>est.</strong></span> <span class='ocrx_word' id='word_1_431' title='bbox 2016 5156 2150 5210; x_wconf 84' lang='lat' dir='ltr'><strong>Dicit</strong></span> <span class='ocrx_word' id='word_1_432' title='bbox 2175 5157 2220 5211; x_wconf 89' lang='lat' dir='ltr'><strong>ei</strong></span> 
     </span>
    </p>
   </div>
   <div class='ocr_carea' id='block_1_54' title="bbox 642 5247 2219 5318">
    <p class='ocr_par' dir='ltr' id='par_1_54' title="bbox 642 5247 2219 5318">
     <span class='ocr_line' id='line_1_54' title="bbox 642 5247 2219 5318; baseline -0.003 -10"><span class='ocrx_word' id='word_1_433' title='bbox 642 5251 934 5308; x_wconf 76' lang='lat' dir='ltr'><strong>Nathanael</strong></span> <span class='ocrx_word' id='word_1_434' title='bbox 957 5267 974 5306; x_wconf 92' lang='lat'><strong><em>:</em></strong></span> <span class='ocrx_word' id='word_1_435' title='bbox 999 5249 1143 5306; x_wconf 83' lang='lat' dir='ltr'><strong>Uuac</strong></span> <span class='ocrx_word' id='word_1_436' title='bbox 1170 5267 1246 5303; x_wconf 89' lang='lat' dir='ltr'><strong>me</strong></span> <span class='ocrx_word' id='word_1_437' title='bbox 1274 5251 1443 5304; x_wconf 78' lang='lat' dir='ltr'><strong>nosti?</strong></span> <span class='ocrx_word' id='word_1_438' title='bbox 1477 5249 1749 5318; x_wconf 68' lang='lat' dir='ltr'><strong>Respondit</strong></span> <span class='ocrx_word' id='word_1_439' title='bbox 1777 5247 1948 5312; x_wconf 71' lang='lat' dir='ltr'><strong>Iesus,</strong></span> <span class='ocrx_word' id='word_1_440' title='bbox 1979 5259 2023 5303; x_wconf 90' lang='lat' dir='ltr'><strong>et</strong></span> <span class='ocrx_word' id='word_1_441' title='bbox 2051 5250 2219 5303; x_wconf 74' lang='lat' dir='ltr'><strong>dixit:</strong></span> 
     </span>
    </p>
   </div>
   <div class='ocr_carea' id='block_1_55' title="bbox 642 5342 2217 5414">
    <p class='ocr_par' dir='ltr' id='par_1_55' title="bbox 642 5342 2217 5414">
     <span class='ocr_line' id='line_1_55' title="bbox 642 5342 2217 5414; baseline -0.004 -13"><span class='ocrx_word' id='word_1_442' title='bbox 642 5345 946 5414; x_wconf 82' lang='lat' dir='ltr'><strong>Priusquam</strong></span> <span class='ocrx_word' id='word_1_443' title='bbox 979 5353 1024 5397; x_wconf 88' lang='lat' dir='ltr'><strong>te</strong></span> <span class='ocrx_word' id='word_1_444' title='bbox 1057 5342 1325 5413; x_wconf 74' lang='lat' dir='ltr'><strong>Philippus</strong></span> <span class='ocrx_word' id='word_1_445' title='bbox 1353 5351 1544 5396; x_wconf 82' lang='lat' dir='ltr'><strong>vocaret</strong></span> <span class='ocrx_word' id='word_1_446' title='bbox 1567 5385 1580 5404; x_wconf 91' lang='lat'><strong>,</strong></span> <span class='ocrx_word' id='word_1_447' title='bbox 1609 5358 1719 5394; x_wconf 85' lang='lat' dir='ltr'><strong>cum</strong></span> <span class='ocrx_word' id='word_1_448' title='bbox 1767 5358 1898 5396; x_wconf 83' lang='lat' dir='ltr'><strong>esses</strong></span> <span class='ocrx_word' id='word_1_449' title='bbox 1946 5343 2038 5396; x_wconf 86' lang='lat' dir='ltr'><strong>sub</strong></span> <span class='ocrx_word' id='word_1_450' title='bbox 2083 5343 2182 5409; x_wconf 75' lang='lat' dir='ltr'><strong>[ica</strong></span> <span class='ocrx_word' id='word_1_451' title='bbox 2202 5383 2217 5408; x_wconf 95' lang='lat'><strong>,</strong></span> 
     </span>
    </p>
   </div>
   <div class='ocr_carea' id='block_1_56' title="bbox 638 5433 2220 5502">
    <p class='ocr_par' dir='ltr' id='par_1_56' title="bbox 638 5433 2220 5502">
     <span class='ocr_line' id='line_1_56' title="bbox 638 5433 2220 5502; baseline -0.004 -9"><span class='ocrx_word' id='word_1_452' title='bbox 638 5439 741 5494; x_wconf 71' lang='lat' dir='ltr'><strong>ridi</strong></span> <span class='ocrx_word' id='word_1_453' title='bbox 767 5449 844 5501; x_wconf 86' lang='lat' dir='ltr'><strong>te;</strong></span> <span class='ocrx_word' id='word_1_454' title='bbox 872 5437 921 5491; x_wconf 90' lang='lat' dir='ltr'><strong>id</strong></span> <span class='ocrx_word' id='word_1_455' title='bbox 949 5444 1072 5499; x_wconf 82' lang='lat' dir='ltr'><strong>est,</strong></span> <span class='ocrx_word' id='word_1_456' title='bbox 1107 5436 1205 5488; x_wconf 87' lang='lat' dir='ltr'><strong>sub</strong></span> <span class='ocrx_word' id='word_1_457' title='bbox 1247 5438 1438 5489; x_wconf 86' lang='lat' dir='ltr'><strong>arbore</strong></span> <span class='ocrx_word' id='word_1_458' title='bbox 1479 5436 1582 5490; x_wconf 90' lang='lat' dir='ltr'><strong>lici.</strong></span> <span class='ocrx_word' id='word_1_459' title='bbox 1632 5433 1905 5502; x_wconf 81' lang='lat' dir='ltr'><strong>Respondit</strong></span> <span class='ocrx_word' id='word_1_460' title='bbox 1935 5435 1979 5488; x_wconf 88' lang='lat' dir='ltr'><strong>ei</strong></span> <span class='ocrx_word' id='word_1_461' title='bbox 2018 5433 2220 5488; x_wconf 85' lang='lat' dir='ltr'><strong>Natha-</strong></span> 
     </span>
    </p>
   </div>
   <div class='ocr_carea' id='block_1_57' title="bbox 641 5524 2219 5593">
    <p class='ocr_par' dir='ltr' id='par_1_57' title="bbox 641 5524 2219 5593">
     <span class='ocr_line' id='line_1_57' title="bbox 641 5524 2219 5593; baseline -0.002 -8"><span class='ocrx_word' id='word_1_462' title='bbox 641 5531 786 5593; x_wconf 84' lang='lat' dir='ltr'><strong>nael,</strong></span> <span class='ocrx_word' id='word_1_463' title='bbox 811 5540 858 5584; x_wconf 90' lang='lat' dir='ltr'><strong>et</strong></span> <span class='ocrx_word' id='word_1_464' title='bbox 885 5530 953 5582; x_wconf 90' lang='lat' dir='ltr'><strong>ait</strong></span> <span class='ocrx_word' id='word_1_465' title='bbox 983 5545 1001 5582; x_wconf 89' lang='lat'><strong><em>:</em></strong></span> <span class='ocrx_word' id='word_1_466' title='bbox 1028 5527 1184 5583; x_wconf 83' lang='lat' dir='ltr'><strong>Ilubbi</strong></span> <span class='ocrx_word' id='word_1_467' title='bbox 1209 5568 1223 5591; x_wconf 93' lang='lat'><strong>,</strong></span> <span class='ocrx_word' id='word_1_468' title='bbox 1253 5537 1303 5579; x_wconf 85' lang='lat' dir='ltr'><strong>tu</strong></span> <span class='ocrx_word' id='word_1_469' title='bbox 1334 5544 1384 5580; x_wconf 80' lang='lat' dir='ltr'><strong>es</strong></span> <span class='ocrx_word' id='word_1_470' title='bbox 1414 5525 1578 5579; x_wconf 83' lang='lat' dir='ltr'><strong>Filius</strong></span> <span class='ocrx_word' id='word_1_471' title='bbox 1607 5525 1732 5588; x_wconf 88' lang='lat' dir='ltr'><strong>Dei,</strong></span> <span class='ocrx_word' id='word_1_472' title='bbox 1765 5535 1819 5579; x_wconf 86' lang='lat' dir='ltr'><strong>tu</strong></span> <span class='ocrx_word' id='word_1_473' title='bbox 1839 5543 1891 5579; x_wconf 79' lang='lat' dir='ltr'><strong>es</strong></span> <span class='ocrx_word' id='word_1_474' title='bbox 1923 5542 2010 5579; x_wconf 72' lang='lat' dir='ltr'><strong>rex</strong></span> <span class='ocrx_word' id='word_1_475' title='bbox 2035 5524 2219 5581; x_wconf 78' lang='lat' dir='ltr'><strong>Israel.</strong></span> 
     </span>
    </p>
   </div>
   <div class='ocr_carea' id='block_1_58' title="bbox 641 5618 2222 5692">
    <p class='ocr_par' dir='ltr' id='par_1_58' title="bbox 641 5618 2222 5692">
     <span class='ocr_line' id='line_1_58' title="bbox 641 5618 2222 5692; baseline -0.003 -14"><span class='ocrx_word' id='word_1_476' title='bbox 641 5621 848 5692; x_wconf 73' lang='lat' dir='ltr'><strong>Aliquid</strong></span> <span class='ocrx_word' id='word_1_477' title='bbox 883 5637 1129 5691; x_wconf 78' lang='lat' dir='ltr'><strong>magnum</strong></span> <span class='ocrx_word' id='word_1_478' title='bbox 1161 5622 1326 5688; x_wconf 85' lang='lat' dir='ltr'><strong>potuit</strong></span> <span class='ocrx_word' id='word_1_479' title='bbox 1359 5618 1642 5672; x_wconf 64' lang='lat' dir='ltr'><strong>Nathanael</strong></span> <span class='ocrx_word' id='word_1_480' title='bbox 1677 5623 1775 5673; x_wconf 88' lang='lat' dir='ltr'><strong>iste</strong></span> <span class='ocrx_word' id='word_1_481' title='bbox 1802 5619 2101 5688; x_wconf 81' lang='lat' dir='ltr'><strong>intelligere</strong></span> <span class='ocrx_word' id='word_1_482' title='bbox 2123 5661 2138 5683; x_wconf 94' lang='lat'><strong>,</strong></span> <span class='ocrx_word' id='word_1_483' title='bbox 2171 5619 2222 5673; x_wconf 89' lang='lat' dir='ltr'><strong>itt</strong></span> 
     </span>
    </p>
   </div>
   <div class='ocr_carea' id='block_1_59' title="bbox 643 5710 2222 5782">
    <p class='ocr_par' dir='ltr' id='par_1_59' title="bbox 643 5710 2222 5782">
     <span class='ocr_line' id='line_1_59' title="bbox 643 5710 2222 5782; baseline 0.002 -18"><span class='ocrx_word' id='word_1_484' title='bbox 643 5727 710 5771; x_wconf 75' lang='lat' dir='ltr'><strong>eo</strong></span> <span class='ocrx_word' id='word_1_485' title='bbox 735 5714 876 5782; x_wconf 90' lang='lat' dir='ltr'><strong>quod</strong></span> <span class='ocrx_word' id='word_1_486' title='bbox 907 5713 1102 5767; x_wconf 88' lang='lat' dir='ltr'><strong>dictum</strong></span> <span class='ocrx_word' id='word_1_487' title='bbox 1133 5721 1214 5766; x_wconf 84' lang='lat' dir='ltr'><strong>est</strong></span> <span class='ocrx_word' id='word_1_488' title='bbox 1235 5753 1250 5779; x_wconf 94' lang='lat'><strong>,</strong></span> <span class='ocrx_word' id='word_1_489' title='bbox 1279 5711 1406 5767; x_wconf 84' lang='lat' dir='ltr'><strong>Cum</strong></span> <span class='ocrx_word' id='word_1_490' title='bbox 1429 5726 1561 5765; x_wconf 87' lang='lat' dir='ltr'><strong>esses</strong></span> <span class='ocrx_word' id='word_1_491' title='bbox 1578 5711 1667 5765; x_wconf 89' lang='lat' dir='ltr'><strong>sub</strong></span> <span class='ocrx_word' id='word_1_492' title='bbox 1695 5711 1778 5780; x_wconf 73' lang='lat' dir='ltr'><strong>[ta</strong></span> <span class='ocrx_word' id='word_1_493' title='bbox 1802 5710 1999 5778; x_wconf 72' lang='lat' dir='ltr'><strong>arbore,</strong></span> <span class='ocrx_word' id='word_1_494' title='bbox 2029 5710 2132 5766; x_wconf 77' lang='lat' dir='ltr'><strong>uidi</strong></span> <span class='ocrx_word' id='word_1_495' title='bbox 2154 5721 2222 5780; x_wconf 84' lang='lat' dir='ltr'><strong>te,</strong></span> 
     </span>
    </p>
   </div>
   <div class='ocr_carea' id='block_1_60' title="bbox 710 5824 1192 5886">
    <p class='ocr_par' dir='ltr' id='par_1_60' title="bbox 710 5824 1192 5886">
     <span class='ocr_line' id='line_1_60' title="bbox 710 5824 1192 5886; baseline -0.004 -10"><span class='ocrx_word' id='word_1_496' title='bbox 710 5825 730 5866; x_wconf 74' lang='grc' dir='ltr'><strong>ι</strong></span> <span class='ocrx_word' id='word_1_497' title='bbox 752 5830 880 5886; x_wconf 65' lang='grc' dir='ltr'>ιω..</span> <span class='ocrx_word' id='word_1_498' title='bbox 901 5824 1192 5879; x_wconf 75' lang='lat' dir='ltr'><strong>ortedicatis.</strong></span> 
     </span>
    </p>
   </div>
   <div class='ocr_carea' id='block_1_61' title="bbox 1590 350 2979 421">
    <p class='ocr_par' dir='ltr' id='par_1_61' title="bbox 1590 350 2979 421">
     <span class='ocr_line' id='line_1_61' title="bbox 1590 350 2979 421; baseline 0.002 -11"><span class='ocrx_word' id='word_1_499' title='bbox 1590 350 1656 412; x_wconf 80' lang='lat' dir='ltr'><strong>IN</strong></span> <span class='ocrx_word' id='word_1_500' title='bbox 1693 350 1972 414; x_wconf 78' lang='lat' dir='ltr'><strong>JOANNIS</strong></span> <span class='ocrx_word' id='word_1_501' title='bbox 2007 353 2470 421; x_wconf 72' lang='lat' dir='ltr'><strong>EVANGELIUM,</strong></span> <span class='ocrx_word' id='word_1_502' title='bbox 2512 357 2569 414; x_wconf 92' lang='lat' dir='ltr'><strong>S.</strong></span> <span class='ocrx_word' id='word_1_503' title='bbox 2612 351 2979 416; x_wconf 81' lang='lat' dir='ltr'><strong>AUGUSTINI</strong></span> 
     </span>
    </p>
   </div>
   <div class='ocr_carea' id='block_1_62' title="bbox 2309 469 3870 542">
    <p class='ocr_par' dir='ltr' id='par_1_62' title="bbox 2309 469 3870 542">
     <span class='ocr_line' id='line_1_62' title="bbox 2309 469 3870 542; baseline 0.007 -18"><span class='ocrx_word' id='word_1_504' title='bbox 2309 472 2602 542; x_wconf 85' lang='lat' dir='ltr'><strong>priusquam</strong></span> <span class='ocrx_word' id='word_1_505' title='bbox 2653 481 2698 525; x_wconf 90' lang='lat' dir='ltr'><strong>te</strong></span> <span class='ocrx_word' id='word_1_506' title='bbox 2753 470 3024 541; x_wconf 87' lang='lat' dir='ltr'><strong>Philippus</strong></span> <span class='ocrx_word' id='word_1_507' title='bbox 3068 480 3285 528; x_wconf 82' lang='lat' dir='ltr'><strong>uocaret.</strong></span> <span class='ocrx_word' id='word_1_508' title='bbox 3331 469 3470 529; x_wconf 83' lang='lat' dir='ltr'><strong>Nam</strong></span> <span class='ocrx_word' id='word_1_509' title='bbox 3517 473 3674 532; x_wconf 85' lang='lat' dir='ltr'><strong>talem</strong></span> <span class='ocrx_word' id='word_1_510' title='bbox 3715 493 3870 540; x_wconf 85' lang='lat' dir='ltr'><strong>vocem</strong></span> 
     </span>
    </p>
   </div>
   <div class='ocr_carea' id='block_1_63' title="bbox 2308 561 3870 639">
    <p class='ocr_par' dir='ltr' id='par_1_63' title="bbox 2308 561 3870 639">
     <span class='ocr_line' id='line_1_63' title="bbox 2308 561 3870 639; baseline 0.007 -25"><span class='ocrx_word' id='word_1_511' title='bbox 2308 563 2564 632; x_wconf 77' lang='lat' dir='ltr'><strong>protulit,</strong></span> <span class='ocrx_word' id='word_1_512' title='bbox 2597 561 2676 615; x_wconf 86' lang='lat' dir='ltr'><strong>Tu</strong></span> <span class='ocrx_word' id='word_1_513' title='bbox 2711 579 2763 616; x_wconf 89' lang='lat' dir='ltr'><strong>es</strong></span> <span class='ocrx_word' id='word_1_514' title='bbox 2794 561 2841 615; x_wconf 82' lang='lat' dir='ltr'><em>F</em></span> <span class='ocrx_word' id='word_1_515' title='bbox 2843 564 2960 616; x_wconf 88' lang='lat' dir='ltr'><strong>ilius</strong></span> <span class='ocrx_word' id='word_1_516' title='bbox 3007 561 3130 624; x_wconf 88' lang='lat' dir='ltr'><strong>Dei,</strong></span> <span class='ocrx_word' id='word_1_517' title='bbox 3160 575 3210 616; x_wconf 88' lang='lat' dir='ltr'><strong>tu</strong></span> <span class='ocrx_word' id='word_1_518' title='bbox 3255 581 3311 618; x_wconf 90' lang='lat' dir='ltr'><strong>es</strong></span> <span class='ocrx_word' id='word_1_519' title='bbox 3355 581 3450 619; x_wconf 70' lang='lat' dir='ltr'><strong>rex</strong></span> <span class='ocrx_word' id='word_1_520' title='bbox 3476 562 3671 630; x_wconf 80' lang='lat' dir='ltr'><strong>Israel;</strong></span> <span class='ocrx_word' id='word_1_521' title='bbox 3691 571 3870 639; x_wconf 84' lang='lat' dir='ltr'><strong>qualem</strong></span> 
     </span>
    </p>
   </div>
   <div class='ocr_carea' id='block_1_64' title="bbox 2317 653 3870 724">
    <p class='ocr_par' dir='ltr' id='par_1_64' title="bbox 2317 653 3870 724">
     <span class='ocr_line' id='line_1_64' title="bbox 2317 653 3870 724; baseline 0.007 -18"><span class='ocrx_word' id='word_1_522' title='bbox 2317 662 2464 707; x_wconf 86' lang='lat' dir='ltr'><strong>tanto</strong></span> <span class='ocrx_word' id='word_1_523' title='bbox 2509 663 2629 722; x_wconf 86' lang='lat' dir='ltr'><strong>post</strong></span> <span class='ocrx_word' id='word_1_524' title='bbox 2657 653 2876 720; x_wconf 85' lang='lat' dir='ltr'><strong>Petrus,</strong></span> <span class='ocrx_word' id='word_1_525' title='bbox 2900 655 3114 724; x_wconf 87' lang='lat' dir='ltr'><strong>quando</strong></span> <span class='ocrx_word' id='word_1_526' title='bbox 3139 656 3186 709; x_wconf 83' lang='lat' dir='ltr'><strong>ei</strong></span> <span class='ocrx_word' id='word_1_527' title='bbox 3219 656 3482 712; x_wconf 84' lang='lat' dir='ltr'><strong>Dominus</strong></span> <span class='ocrx_word' id='word_1_528' title='bbox 3509 658 3616 723; x_wconf 90' lang='lat' dir='ltr'><strong>ait,</strong></span> <span class='ocrx_word' id='word_1_529' title='bbox 3646 658 3812 717; x_wconf 73' lang='lat' dir='ltr'><strong>Beatus</strong></span> <span class='ocrx_word' id='word_1_530' title='bbox 3831 681 3870 720; x_wconf 88' lang='lat' dir='ltr'><strong>es</strong></span> 
     </span>
    </p>
   </div>
   <div class='ocr_carea' id='block_1_65' title="bbox 2309 743 3866 825">
    <p class='ocr_par' dir='ltr' id='par_1_65' title="bbox 2309 743 3866 825">
     <span class='ocr_line' id='line_1_65' title="bbox 2309 743 3866 825; baseline 0.006 -27"><span class='ocrx_word' id='word_1_531' title='bbox 2309 743 2491 798; x_wconf 86' lang='lat' dir='ltr'><strong>Simon</strong></span> <span class='ocrx_word' id='word_1_532' title='bbox 2515 744 2620 798; x_wconf 86' lang='lat' dir='ltr'><strong>Bar</strong></span> <span class='ocrx_word' id='word_1_533' title='bbox 2645 744 2808 812; x_wconf 75' lang='lat' dir='ltr'><strong>Iona,</strong></span> <span class='ocrx_word' id='word_1_534' title='bbox 2829 747 2948 817; x_wconf 88' lang='lat' dir='ltr'><strong>quia</strong></span> <span class='ocrx_word' id='word_1_535' title='bbox 2970 763 3070 801; x_wconf 91' lang='lat' dir='ltr'><strong>non</strong></span> <span class='ocrx_word' id='word_1_536' title='bbox 3093 747 3180 800; x_wconf 89' lang='lat' dir='ltr'><strong>tibi</strong></span> <span class='ocrx_word' id='word_1_537' title='bbox 3198 748 3442 802; x_wconf 71' lang='lat' dir='ltr'><strong>reuelauit</strong></span> <span class='ocrx_word' id='word_1_538' title='bbox 3470 766 3592 804; x_wconf 88' lang='lat' dir='ltr'><strong>caro</strong></span> <span class='ocrx_word' id='word_1_539' title='bbox 3609 762 3654 805; x_wconf 90' lang='lat' dir='ltr'><strong>et</strong></span> <span class='ocrx_word' id='word_1_540' title='bbox 3669 758 3866 825; x_wconf 76' lang='lat' dir='ltr'><strong>sanguis,</strong></span> 
     </span>
    </p>
   </div>
   <div class='ocr_carea' id='block_1_66' title="bbox 2307 833 3872 906">
    <p class='ocr_par' dir='ltr' id='par_1_66' title="bbox 2307 833 3872 906">
     <span class='ocr_line' id='line_1_66' title="bbox 2307 833 3872 906; baseline 0.009 -19"><span class='ocrx_word' id='word_1_541' title='bbox 2307 834 2396 888; x_wconf 87' lang='lat' dir='ltr'><strong>sed</strong></span> <span class='ocrx_word' id='word_1_542' title='bbox 2431 833 2584 888; x_wconf 89' lang='lat' dir='ltr'><strong>Pater</strong></span> <span class='ocrx_word' id='word_1_543' title='bbox 2611 853 2749 890; x_wconf 83' lang='lat' dir='ltr'><strong>metis</strong></span> <span class='ocrx_word' id='word_1_544' title='bbox 2765 837 2851 905; x_wconf 87' lang='lat' dir='ltr'><strong>qui</strong></span> <span class='ocrx_word' id='word_1_545' title='bbox 2881 847 2952 891; x_wconf 83' lang='lat' dir='ltr'><strong>est</strong></span> <span class='ocrx_word' id='word_1_546' title='bbox 2983 837 3179 892; x_wconf 76' lang='lat' dir='ltr'><strong>irrctelo</strong></span> <span class='ocrx_word' id='word_1_547' title='bbox 3199 837 3424 906; x_wconf 77' lang='lat' dir='ltr'><strong>(Matth.</strong></span> <span class='ocrx_word' id='word_1_548' title='bbox 3456 855 3571 903; x_wconf 76' lang='lat' dir='ltr'><strong>xv&#39;t,</strong></span> <span class='ocrx_word' id='word_1_549' title='bbox 3609 842 3714 901; x_wconf 71' lang='grc' dir='ltr'><strong>ΓΗ.</strong></span> <span class='ocrx_word' id='word_1_550' title='bbox 3744 845 3802 900; x_wconf 83' lang='lat' dir='ltr'><strong>Et</strong></span> <span class='ocrx_word' id='word_1_551' title='bbox 3817 847 3872 902; x_wconf 88' lang='lat' dir='ltr'><strong>ibi</strong></span> 
     </span>
    </p>
   </div>
   <div class='ocr_carea' id='block_1_67' title="bbox 2311 927 3872 997">
    <p class='ocr_par' dir='ltr' id='par_1_67' title="bbox 2311 927 3872 997">
     <span class='ocr_line' id='line_1_67' title="bbox 2311 927 3872 997; baseline 0.009 -17"><span class='ocrx_word' id='word_1_552' title='bbox 2311 927 2603 981; x_wconf 90' lang='lat' dir='ltr'><strong>nominavit</strong></span> <span class='ocrx_word' id='word_1_553' title='bbox 2629 941 2855 997; x_wconf 88' lang='lat' dir='ltr'><strong>petram,</strong></span> <span class='ocrx_word' id='word_1_554' title='bbox 2888 938 2940 984; x_wconf 80' lang='lat' dir='ltr'><strong>et</strong></span> <span class='ocrx_word' id='word_1_555' title='bbox 2967 930 3195 984; x_wconf 90' lang='lat' dir='ltr'><strong>laudavit</strong></span> <span class='ocrx_word' id='word_1_556' title='bbox 3225 931 3630 988; x_wconf 87' lang='lat' dir='ltr'><strong>lirmamentum</strong></span> <span class='ocrx_word' id='word_1_557' title='bbox 3663 935 3872 994; x_wconf 62' lang='lat' dir='ltr'><strong>Eecleda</strong></span> 
     </span>
    </p>
   </div>
   <div class='ocr_carea' id='block_1_68' title="bbox 2310 1016 3870 1090">
    <p class='ocr_par' dir='ltr' id='par_1_68' title="bbox 2310 1016 3870 1090">
     <span class='ocr_line' id='line_1_68' title="bbox 2310 1016 3870 1090; baseline 0.008 -19"><span class='ocrx_word' id='word_1_558' title='bbox 2310 1016 2365 1071; x_wconf 92' lang='lat' dir='ltr'><strong>in</strong></span> <span class='ocrx_word' id='word_1_559' title='bbox 2395 1018 2646 1082; x_wconf 77' lang='lat' dir='ltr'><strong>istalide.</strong></span> <span class='ocrx_word' id='word_1_560' title='bbox 2678 1019 2774 1075; x_wconf 87' lang='lat' dir='ltr'><strong>llic</strong></span> <span class='ocrx_word' id='word_1_561' title='bbox 2796 1020 2906 1090; x_wconf 84' lang='lat' dir='ltr'><strong>jam</strong></span> <span class='ocrx_word' id='word_1_562' title='bbox 2940 1020 3096 1086; x_wconf 88' lang='lat' dir='ltr'><strong>dicit,</strong></span> <span class='ocrx_word' id='word_1_563' title='bbox 3127 1019 3202 1076; x_wconf 86' lang='lat' dir='ltr'><strong>Tu</strong></span> <span class='ocrx_word' id='word_1_564' title='bbox 3229 1037 3282 1076; x_wconf 91' lang='lat' dir='ltr'><strong>es</strong></span> <span class='ocrx_word' id='word_1_565' title='bbox 3306 1021 3484 1077; x_wconf 84' lang='lat' dir='ltr'><strong>Filius</strong></span> <span class='ocrx_word' id='word_1_566' title='bbox 3511 1021 3632 1090; x_wconf 89' lang='lat' dir='ltr'><strong>Dei,</strong></span> <span class='ocrx_word' id='word_1_567' title='bbox 3658 1035 3708 1080; x_wconf 85' lang='grc' dir='ltr'><strong>ιιι</strong></span> <span class='ocrx_word' id='word_1_568' title='bbox 3732 1043 3778 1083; x_wconf 88' lang='lat' dir='ltr'><strong>es</strong></span> <span class='ocrx_word' id='word_1_569' title='bbox 3798 1046 3870 1083; x_wconf 81' lang='lat' dir='ltr'><strong>res</strong></span> 
     </span>
    </p>
   </div>
   <div class='ocr_carea' id='block_1_69' title="bbox 2311 1103 3890 1196">
    <p class='ocr_par' dir='ltr' id='par_1_69' title="bbox 2311 1103 3890 1196">
     <span class='ocr_line' id='line_1_69' title="bbox 2311 1103 3890 1196; baseline 0.009 -34"><span class='ocrx_word' id='word_1_570' title='bbox 2311 1107 2498 1163; x_wconf 84' lang='lat' dir='ltr'><strong>Israel.</strong></span> <span class='ocrx_word' id='word_1_571' title='bbox 2533 1107 2725 1165; x_wconf 86' lang='lat' dir='ltr'><strong>Unde?</strong></span> <span class='ocrx_word' id='word_1_572' title='bbox 2755 1111 2889 1178; x_wconf 83' lang='lat' dir='ltr'><strong>Quia</strong></span> <span class='ocrx_word' id='word_1_573' title='bbox 2927 1111 3125 1167; x_wconf 91' lang='lat' dir='ltr'><strong>dictum</strong></span> <span class='ocrx_word' id='word_1_574' title='bbox 3159 1121 3244 1168; x_wconf 88' lang='lat' dir='ltr'><strong>est</strong></span> <span class='ocrx_word' id='word_1_575' title='bbox 3271 1113 3324 1169; x_wconf 89' lang='lat' dir='ltr'><strong>ei</strong></span> <span class='ocrx_word' id='word_1_576' title='bbox 3345 1154 3363 1182; x_wconf 92' lang='lat'><strong>,</strong></span> <span class='ocrx_word' id='word_1_577' title='bbox 3395 1114 3679 1186; x_wconf 78' lang='lat' dir='ltr'><strong>Antequam</strong></span> <span class='ocrx_word' id='word_1_578' title='bbox 3699 1125 3743 1174; x_wconf 88' lang='lat' dir='ltr'><strong>te</strong></span> <span class='ocrx_word' id='word_1_579' title='bbox 3767 1103 3890 1196; x_wconf 60' lang='lat' dir='ltr'><strong>Phi-i</strong></span> 
     </span>
    </p>
   </div>
   <div class='ocr_carea' id='block_1_70' title="bbox 2323 1199 3887 1273">
    <p class='ocr_par' dir='ltr' id='par_1_70' title="bbox 2323 1199 3887 1273">
     <span class='ocr_line' id='line_1_70' title="bbox 2323 1199 3887 1273; baseline 0.005 -20"><span class='ocrx_word' id='word_1_580' title='bbox 2323 1199 2498 1270; x_wconf 86' lang='lat' dir='ltr'><strong>lippus</strong></span> <span class='ocrx_word' id='word_1_581' title='bbox 2523 1212 2718 1254; x_wconf 72' lang='lat' dir='ltr'><strong>vocaret</strong></span> <span class='ocrx_word' id='word_1_582' title='bbox 2734 1242 2748 1267; x_wconf 95' lang='lat'><strong>,</strong></span> <span class='ocrx_word' id='word_1_583' title='bbox 2781 1217 2895 1254; x_wconf 86' lang='lat' dir='ltr'><strong>cum</strong></span> <span class='ocrx_word' id='word_1_584' title='bbox 2919 1219 3049 1257; x_wconf 83' lang='lat' dir='ltr'><strong>esses</strong></span> <span class='ocrx_word' id='word_1_585' title='bbox 3069 1203 3161 1258; x_wconf 87' lang='lat' dir='ltr'><strong>sub</strong></span> <span class='ocrx_word' id='word_1_586' title='bbox 3179 1203 3363 1258; x_wconf 88' lang='lat' dir='ltr'><strong>arbore</strong></span> <span class='ocrx_word' id='word_1_587' title='bbox 3385 1205 3477 1273; x_wconf 84' lang='lat' dir='ltr'><strong>ﬁci</strong></span> <span class='ocrx_word' id='word_1_588' title='bbox 3495 1246 3511 1269; x_wconf 95' lang='lat'><strong>,</strong></span> <span class='ocrx_word' id='word_1_589' title='bbox 3535 1206 3641 1260; x_wconf 76' lang='lat' dir='ltr'><strong>vidi</strong></span> <span class='ocrx_word' id='word_1_590' title='bbox 3663 1218 3725 1261; x_wconf 92' lang='lat' dir='ltr'><strong>te.</strong></span> <span class='ocrx_word' id='word_1_591' title='bbox 3881 1207 3887 1226; x_wconf 85' lang='lat'>&#39;</span> 
     </span>
    </p>
   </div>
   <div class='ocr_carea' id='block_1_71' title="bbox 2379 1293 3871 1366">
    <p class='ocr_par' dir='ltr' id='par_1_71' title="bbox 2379 1293 3871 1366">
     <span class='ocr_line' id='line_1_71' title="bbox 2379 1293 3871 1366; baseline 0.007 -19"><span class='ocrx_word' id='word_1_592' title='bbox 2379 1293 2471 1348; x_wconf 76' lang='grc'><strong>21.</strong></span> <span class='ocrx_word' id='word_1_593' title='bbox 2511 1293 2868 1360; x_wconf 76' lang='grc' dir='ltr'>Ου;ιίὀηι1ιιιιι</span> <span class='ocrx_word' id='word_1_594' title='bbox 2891 1304 3081 1359; x_wconf 86' lang='lat' dir='ltr'><strong>est,an</strong></span> <span class='ocrx_word' id='word_1_595' title='bbox 3103 1294 3303 1365; x_wconf 88' lang='lat' dir='ltr'><strong>aliquid</strong></span> <span class='ocrx_word' id='word_1_596' title='bbox 3330 1295 3601 1366; x_wconf 77' lang='lat' dir='ltr'><strong>signiticet</strong></span> <span class='ocrx_word' id='word_1_597' title='bbox 3630 1298 3726 1354; x_wconf 86' lang='lat' dir='ltr'><strong>ista</strong></span> <span class='ocrx_word' id='word_1_598' title='bbox 3743 1299 3871 1358; x_wconf 83' lang='lat' dir='ltr'><strong>arbor</strong></span> 
     </span>
    </p>
   </div>
   <div class='ocr_carea' id='block_1_72' title="bbox 2310 1382 3870 1448">
    <p class='ocr_par' dir='ltr' id='par_1_72' title="bbox 2310 1382 3870 1448">
     <span class='ocr_line' id='line_1_72' title="bbox 2310 1382 3870 1448; baseline 0.006 -10"><span class='ocrx_word' id='word_1_599' title='bbox 2310 1382 2420 1442; x_wconf 84' lang='lat' dir='ltr'><strong>ﬁci.</strong></span> <span class='ocrx_word' id='word_1_600' title='bbox 2468 1385 2660 1439; x_wconf 80' lang='lat' dir='ltr'><strong>Audite</strong></span> <span class='ocrx_word' id='word_1_601' title='bbox 2689 1383 2861 1446; x_wconf 90' lang='lat' dir='ltr'><strong>enim,</strong></span> <span class='ocrx_word' id='word_1_602' title='bbox 2897 1383 3090 1440; x_wconf 79' lang='lat' dir='ltr'><strong>fratres</strong></span> <span class='ocrx_word' id='word_1_603' title='bbox 3121 1387 3225 1442; x_wconf 92' lang='lat' dir='ltr'><strong>mei</strong></span> <span class='ocrx_word' id='word_1_604' title='bbox 3263 1405 3276 1440; x_wconf 90' lang='lat'><strong>:</strong></span> <span class='ocrx_word' id='word_1_605' title='bbox 3309 1386 3625 1444; x_wconf 86' lang='lat' dir='ltr'><strong>Invenimus</strong></span> <span class='ocrx_word' id='word_1_606' title='bbox 3661 1391 3870 1448; x_wconf 83' lang='lat' dir='ltr'><strong>arborem</strong></span> 
     </span>
    </p>
   </div>
   <div class='ocr_carea' id='block_1_73' title="bbox 2311 1476 3867 1546">
    <p class='ocr_par' dir='ltr' id='par_1_73' title="bbox 2311 1476 3867 1546">
     <span class='ocr_line' id='line_1_73' title="bbox 2311 1476 3867 1546; baseline 0.004 -16"><span class='ocrx_word' id='word_1_607' title='bbox 2311 1476 2396 1531; x_wconf 85' lang='lat' dir='ltr'><strong>lici</strong></span> <span class='ocrx_word' id='word_1_608' title='bbox 2440 1476 2773 1531; x_wconf 83' lang='lat' dir='ltr'><strong>maledictazn</strong></span> <span class='ocrx_word' id='word_1_609' title='bbox 2795 1518 2810 1540; x_wconf 94' lang='lat'><strong>,</strong></span> <span class='ocrx_word' id='word_1_610' title='bbox 2838 1478 2960 1546; x_wconf 89' lang='lat' dir='ltr'><strong>quia</strong></span> <span class='ocrx_word' id='word_1_611' title='bbox 2997 1477 3108 1531; x_wconf 89' lang='lat' dir='ltr'><strong>sola</strong></span> <span class='ocrx_word' id='word_1_612' title='bbox 3152 1477 3273 1531; x_wconf 81' lang='lat' dir='ltr'><strong>folia</strong></span> <span class='ocrx_word' id='word_1_613' title='bbox 3321 1477 3516 1534; x_wconf 83' lang='lat' dir='ltr'><strong>habuit</strong></span> <span class='ocrx_word' id='word_1_614' title='bbox 3539 1521 3552 1543; x_wconf 89' lang='lat'><strong>,</strong></span> <span class='ocrx_word' id='word_1_615' title='bbox 3579 1489 3633 1535; x_wconf 88' lang='lat' dir='ltr'><strong>et</strong></span> <span class='ocrx_word' id='word_1_616' title='bbox 3675 1481 3867 1538; x_wconf 78' lang='lat' dir='ltr'><strong>fructum</strong></span> 
     </span>
    </p>
   </div>
   <div class='ocr_carea' id='block_1_74' title="bbox 2311 1565 3870 1644">
    <p class='ocr_par' dir='ltr' id='par_1_74' title="bbox 2311 1565 3870 1644">
     <span class='ocr_line' id='line_1_74' title="bbox 2311 1565 3870 1644; baseline 0.006 -23"><span class='ocrx_word' id='word_1_617' title='bbox 2311 1583 2417 1621; x_wconf 92' lang='lat' dir='ltr'><strong>non</strong></span> <span class='ocrx_word' id='word_1_618' title='bbox 2467 1566 2648 1621; x_wconf 86' lang='lat' dir='ltr'><strong>habuit</strong></span> <span class='ocrx_word' id='word_1_619' title='bbox 2713 1565 2844 1638; x_wconf 81' lang='lat' dir='ltr'><strong>(id.</strong></span> <span class='ocrx_word' id='word_1_620' title='bbox 2879 1583 2998 1629; x_wconf 77' lang='grc' dir='ltr'>χιιι,</span> <span class='ocrx_word' id='word_1_621' title='bbox 3030 1565 3141 1638; x_wconf 84' lang='lat' dir='ltr'><strong>l9).</strong></span> <span class='ocrx_word' id='word_1_622' title='bbox 3191 1567 3246 1622; x_wconf 89' lang='lat' dir='ltr'><strong>In</strong></span> <span class='ocrx_word' id='word_1_623' title='bbox 3293 1569 3512 1640; x_wconf 74' lang='lat' dir='ltr'><strong>origine</strong></span> <span class='ocrx_word' id='word_1_624' title='bbox 3554 1570 3760 1627; x_wconf 88' lang='lat' dir='ltr'><strong>humani</strong></span> <span class='ocrx_word' id='word_1_625' title='bbox 3793 1588 3870 1644; x_wconf 75' lang='lat' dir='ltr'><strong>ge-</strong></span> 
     </span>
    </p>
   </div>
   <div class='ocr_carea' id='block_1_75' title="bbox 2314 1657 3872 1728">
    <p class='ocr_par' dir='ltr' id='par_1_75' title="bbox 2314 1657 3872 1728">
     <span class='ocr_line' id='line_1_75' title="bbox 2314 1657 3872 1728; baseline 0.004 -16"><span class='ocrx_word' id='word_1_626' title='bbox 2314 1660 2458 1714; x_wconf 91' lang='lat' dir='ltr'><strong>neris</strong></span> <span class='ocrx_word' id='word_1_627' title='bbox 2490 1658 2660 1712; x_wconf 81' lang='lat' dir='ltr'><strong>Adam</strong></span> <span class='ocrx_word' id='word_1_628' title='bbox 2709 1668 2761 1713; x_wconf 86' lang='lat' dir='ltr'><strong>et</strong></span> <span class='ocrx_word' id='word_1_629' title='bbox 2792 1657 2901 1712; x_wconf 83' lang='lat' dir='ltr'><strong>Eva</strong></span> <span class='ocrx_word' id='word_1_630' title='bbox 2930 1673 3052 1712; x_wconf 93' lang='lat' dir='ltr'><strong>cum</strong></span> <span class='ocrx_word' id='word_1_631' title='bbox 3099 1669 3454 1728; x_wconf 84' lang='lat' dir='ltr'><strong>peccassent,</strong></span> <span class='ocrx_word' id='word_1_632' title='bbox 3483 1661 3554 1716; x_wconf 90' lang='lat' dir='ltr'><strong>de</strong></span> <span class='ocrx_word' id='word_1_633' title='bbox 3597 1660 3729 1716; x_wconf 80' lang='lat' dir='ltr'><strong>foliis</strong></span> <span class='ocrx_word' id='word_1_634' title='bbox 3754 1662 3872 1718; x_wconf 79' lang='lat' dir='ltr'><strong>ﬁcul-</strong></span> 
     </span>
    </p>
   </div>
   <div class='ocr_carea' id='block_1_76' title="bbox 2315 1749 3869 1826">
    <p class='ocr_par' dir='ltr' id='par_1_76' title="bbox 2315 1749 3869 1826">
     <span class='ocr_line' id='line_1_76' title="bbox 2315 1749 3869 1826; baseline 0.004 -22"><span class='ocrx_word' id='word_1_635' title='bbox 2315 1750 2430 1805; x_wconf 90' lang='lat' dir='ltr'><strong>neis</strong></span> <span class='ocrx_word' id='word_1_636' title='bbox 2455 1749 2806 1805; x_wconf 89' lang='lat' dir='ltr'><strong>suecinctoria</strong></span> <span class='ocrx_word' id='word_1_637' title='bbox 2834 1749 2933 1805; x_wconf 83' lang='lat' dir='ltr'><strong>sibi</strong></span> <span class='ocrx_word' id='word_1_638' title='bbox 2953 1749 3195 1806; x_wconf 81' lang='lat' dir='ltr'><strong>fecerunt</strong></span> <span class='ocrx_word' id='word_1_639' title='bbox 3221 1750 3381 1822; x_wconf 77' lang='lat' dir='ltr'><strong>(Gen.</strong></span> <span class='ocrx_word' id='word_1_640' title='bbox 3415 1768 3494 1821; x_wconf 83' lang='grc' dir='ltr'>ιιι,</span> <span class='ocrx_word' id='word_1_641' title='bbox 3517 1754 3574 1824; x_wconf 80' lang='lat'><strong>7)</strong></span> <span class='ocrx_word' id='word_1_642' title='bbox 3600 1772 3615 1809; x_wconf 87' lang='lat'><strong>:</strong></span> <span class='ocrx_word' id='word_1_643' title='bbox 3637 1753 3751 1810; x_wconf 80' lang='lat' dir='ltr'><strong>folia</strong></span> <span class='ocrx_word' id='word_1_644' title='bbox 3769 1771 3869 1826; x_wconf 71' lang='lat' dir='ltr'><strong>ergo</strong></span> 
     </span>
    </p>
   </div>
   <div class='ocr_carea' id='block_1_77' title="bbox 2314 1840 3872 1914">
    <p class='ocr_par' dir='ltr' id='par_1_77' title="bbox 2314 1840 3872 1914">
     <span class='ocr_line' id='line_1_77' title="bbox 2314 1840 3872 1914; baseline 0.005 -20"><span class='ocrx_word' id='word_1_645' title='bbox 2314 1840 2538 1895; x_wconf 83' lang='lat' dir='ltr'><strong>ﬁculnea</strong></span> <span class='ocrx_word' id='word_1_646' title='bbox 2570 1843 2938 1914; x_wconf 78' lang='lat' dir='ltr'><strong>intelliguntur</strong></span> <span class='ocrx_word' id='word_1_647' title='bbox 2968 1854 3203 1912; x_wconf 78' lang='lat' dir='ltr'><strong>peccata.</strong></span> <span class='ocrx_word' id='word_1_648' title='bbox 3237 1842 3374 1898; x_wconf 86' lang='lat' dir='ltr'><strong>Erat</strong></span> <span class='ocrx_word' id='word_1_649' title='bbox 3411 1856 3593 1901; x_wconf 89' lang='lat' dir='ltr'><strong>autem</strong></span> <span class='ocrx_word' id='word_1_650' title='bbox 3621 1844 3872 1904; x_wconf 82' lang='lat' dir='ltr'><strong>Nathanael</strong></span> 
     </span>
    </p>
   </div>
   <div class='ocr_carea' id='block_1_78' title="bbox 2314 1934 3869 2006">
    <p class='ocr_par' dir='ltr' id='par_1_78' title="bbox 2314 1934 3869 2006">
     <span class='ocr_line' id='line_1_78' title="bbox 2314 1934 3869 2006; baseline 0.004 -17"><span class='ocrx_word' id='word_1_651' title='bbox 2314 1934 2414 1989; x_wconf 88' lang='lat' dir='ltr'><strong>sub</strong></span> <span class='ocrx_word' id='word_1_652' title='bbox 2438 1936 2632 1990; x_wconf 85' lang='lat' dir='ltr'><strong>arbore</strong></span> <span class='ocrx_word' id='word_1_653' title='bbox 2683 1935 2802 1997; x_wconf 87' lang='lat' dir='ltr'><strong>lici,</strong></span> <span class='ocrx_word' id='word_1_654' title='bbox 2830 1944 3081 2006; x_wconf 87' lang='lat' dir='ltr'><strong>tanquam</strong></span> <span class='ocrx_word' id='word_1_655' title='bbox 3121 1934 3222 1990; x_wconf 90' lang='lat' dir='ltr'><strong>sub</strong></span> <span class='ocrx_word' id='word_1_656' title='bbox 3271 1936 3468 1992; x_wconf 90' lang='lat' dir='ltr'><strong>umbra</strong></span> <span class='ocrx_word' id='word_1_657' title='bbox 3513 1939 3716 1994; x_wconf 90' lang='lat' dir='ltr'><strong>mortis.</strong></span> <span class='ocrx_word' id='word_1_658' title='bbox 3759 1937 3869 1995; x_wconf 74' lang='lat' dir='ltr'><strong>Vidit</strong></span> 
     </span>
    </p>
   </div>
   <div class='ocr_carea' id='block_1_79' title="bbox 2313 2027 3868 2099">
    <p class='ocr_par' dir='ltr' id='par_1_79' title="bbox 2313 2027 3868 2099">
     <span class='ocr_line' id='line_1_79' title="bbox 2313 2027 3868 2099; baseline 0.003 -17"><span class='ocrx_word' id='word_1_659' title='bbox 2313 2042 2436 2082; x_wconf 89' lang='lat' dir='ltr'><strong>eum</strong></span> <span class='ocrx_word' id='word_1_660' title='bbox 2484 2028 2767 2096; x_wconf 89' lang='lat' dir='ltr'><strong>Dominus,</strong></span> <span class='ocrx_word' id='word_1_661' title='bbox 2797 2027 2864 2084; x_wconf 88' lang='lat' dir='ltr'><strong>de</strong></span> <span class='ocrx_word' id='word_1_662' title='bbox 2909 2044 3017 2099; x_wconf 92' lang='lat' dir='ltr'><strong>quo</strong></span> <span class='ocrx_word' id='word_1_663' title='bbox 3044 2027 3242 2083; x_wconf 91' lang='lat' dir='ltr'><strong>dictum</strong></span> <span class='ocrx_word' id='word_1_664' title='bbox 3271 2039 3394 2097; x_wconf 88' lang='lat' dir='ltr'><strong>est,</strong></span> <span class='ocrx_word' id='word_1_665' title='bbox 3427 2029 3531 2094; x_wconf 85' lang='lat' dir='ltr'><strong>Qui</strong></span> <span class='ocrx_word' id='word_1_666' title='bbox 3549 2030 3770 2086; x_wconf 83' lang='lat' dir='ltr'><strong>sedebant</strong></span> <span class='ocrx_word' id='word_1_667' title='bbox 3797 2033 3868 2087; x_wconf 65' lang='lat' dir='ltr'><strong>sub</strong></span> 
     </span>
    </p>
   </div>
   <div class='ocr_carea' id='block_1_80' title="bbox 2315 2119 3868 2196">
    <p class='ocr_par' dir='ltr' id='par_1_80' title="bbox 2315 2119 3868 2196">
     <span class='ocr_line' id='line_1_80' title="bbox 2315 2119 3868 2196; baseline 0.005 -24"><span class='ocrx_word' id='word_1_668' title='bbox 2315 2119 2492 2173; x_wconf 85' lang='lat' dir='ltr'><strong>umbra</strong></span> <span class='ocrx_word' id='word_1_669' title='bbox 2517 2121 2691 2174; x_wconf 87' lang='lat' dir='ltr'><strong>ntortis</strong></span> <span class='ocrx_word' id='word_1_670' title='bbox 2711 2163 2726 2186; x_wconf 92' lang='lat'><strong>,</strong></span> <span class='ocrx_word' id='word_1_671' title='bbox 2756 2122 2924 2174; x_wconf 85' lang='lat' dir='ltr'><strong>lumen</strong></span> <span class='ocrx_word' id='word_1_672' title='bbox 2949 2131 3116 2175; x_wconf 89' lang='lat' dir='ltr'><strong>ortum</strong></span> <span class='ocrx_word' id='word_1_673' title='bbox 3154 2130 3228 2175; x_wconf 86' lang='lat' dir='ltr'><strong>est</strong></span> <span class='ocrx_word' id='word_1_674' title='bbox 3267 2121 3343 2176; x_wconf 79' lang='lat' dir='ltr'><strong>eis</strong></span> <span class='ocrx_word' id='word_1_675' title='bbox 3366 2120 3522 2196; x_wconf 87' lang='lat' dir='ltr'><strong>(Isai.</strong></span> <span class='ocrx_word' id='word_1_676' title='bbox 3558 2140 3604 2178; x_wconf 75' lang='grc' dir='ltr'><strong>ιι</strong></span> <span class='ocrx_word' id='word_1_677' title='bbox 3621 2164 3638 2191; x_wconf 87' lang='grc'><em>,</em></span> <span class='ocrx_word' id='word_1_678' title='bbox 3664 2122 3738 2196; x_wconf 73' lang='lat'><strong>2).</strong></span> <span class='ocrx_word' id='word_1_679' title='bbox 3762 2123 3868 2193; x_wconf 84' lang='lat' dir='ltr'><strong>Quid</strong></span> 
     </span>
    </p>
   </div>
   <div class='ocr_carea' id='block_1_81' title="bbox 2315 2211 3866 2284">
    <p class='ocr_par' dir='ltr' id='par_1_81' title="bbox 2315 2211 3866 2284">
     <span class='ocr_line' id='line_1_81' title="bbox 2315 2211 3866 2284; baseline 0.005 -19"><span class='ocrx_word' id='word_1_680' title='bbox 2315 2224 2443 2280; x_wconf 76' lang='lat' dir='ltr'><strong>ergo</strong></span> <span class='ocrx_word' id='word_1_681' title='bbox 2471 2211 2670 2265; x_wconf 89' lang='lat' dir='ltr'><strong>dictum</strong></span> <span class='ocrx_word' id='word_1_682' title='bbox 2691 2222 2771 2266; x_wconf 68' lang='lat' dir='ltr'><strong>est</strong></span> <span class='ocrx_word' id='word_1_683' title='bbox 2799 2211 3146 2268; x_wconf 84' lang='lat' dir='ltr'><strong>Nathanacli?</strong></span> <span class='ocrx_word' id='word_1_684' title='bbox 3169 2215 3314 2269; x_wconf 89' lang='lat' dir='ltr'><strong>Dicis</strong></span> <span class='ocrx_word' id='word_1_685' title='bbox 3343 2215 3508 2284; x_wconf 91' lang='lat' dir='ltr'><strong>mihi,</strong></span> <span class='ocrx_word' id='word_1_686' title='bbox 3536 2230 3571 2270; x_wconf 90' lang='grc' dir='ltr'>ο</span> <span class='ocrx_word' id='word_1_687' title='bbox 3595 2215 3866 2282; x_wconf 86' lang='lat' dir='ltr'><strong>Nathanael,</strong></span> 
     </span>
    </p>
   </div>
   <div class='ocr_carea' id='block_1_82' title="bbox 2323 2303 3870 2379">
    <p class='ocr_par' dir='ltr' id='par_1_82' title="bbox 2323 2303 3870 2379">
     <span class='ocr_line' id='line_1_82' title="bbox 2323 2303 3870 2379; baseline 0.005 -21"><span class='ocrx_word' id='word_1_688' title='bbox 2323 2303 2470 2359; x_wconf 84' lang='lat' dir='ltr'><strong>Unde</strong></span> <span class='ocrx_word' id='word_1_689' title='bbox 2500 2321 2579 2358; x_wconf 87' lang='lat' dir='ltr'><strong>me</strong></span> <span class='ocrx_word' id='word_1_690' title='bbox 2609 2305 2775 2359; x_wconf 86' lang='lat' dir='ltr'><strong>nosti?</strong></span> <span class='ocrx_word' id='word_1_691' title='bbox 2805 2304 2961 2360; x_wconf 86' lang='lat' dir='ltr'><strong>Modo</strong></span> <span class='ocrx_word' id='word_1_692' title='bbox 2983 2305 3092 2375; x_wconf 87' lang='lat' dir='ltr'><strong>jam</strong></span> <span class='ocrx_word' id='word_1_693' title='bbox 3136 2307 3379 2378; x_wconf 87' lang='lat' dir='ltr'><strong>loqueris</strong></span> <span class='ocrx_word' id='word_1_694' title='bbox 3405 2325 3645 2373; x_wconf 91' lang='lat' dir='ltr'><strong>mecum,</strong></span> <span class='ocrx_word' id='word_1_695' title='bbox 3667 2310 3778 2379; x_wconf 83' lang='lat' dir='ltr'><strong>quia</strong></span> <span class='ocrx_word' id='word_1_696' title='bbox 3797 2325 3870 2366; x_wconf 85' lang='lat' dir='ltr'><strong>vo-</strong></span> 
     </span>
    </p>
   </div>
   <div class='ocr_carea' id='block_1_83' title="bbox 2317 2395 3864 2470">
    <p class='ocr_par' dir='ltr' id='par_1_83' title="bbox 2317 2395 3864 2470">
     <span class='ocr_line' id='line_1_83' title="bbox 2317 2395 3864 2470; baseline 0.003 -19"><span class='ocrx_word' id='word_1_697' title='bbox 2317 2398 2455 2451; x_wconf 83' lang='lat' dir='ltr'><strong>cavit</strong></span> <span class='ocrx_word' id='word_1_698' title='bbox 2484 2407 2534 2451; x_wconf 93' lang='lat' dir='ltr'><strong>te</strong></span> <span class='ocrx_word' id='word_1_699' title='bbox 2561 2396 2852 2466; x_wconf 90' lang='lat' dir='ltr'><strong>Philippus.</strong></span> <span class='ocrx_word' id='word_1_700' title='bbox 2884 2395 3000 2452; x_wconf 82' lang='lat' dir='ltr'><strong>Jam</strong></span> <span class='ocrx_word' id='word_1_701' title='bbox 3027 2412 3184 2467; x_wconf 91' lang='lat' dir='ltr'><strong>quem</strong></span> <span class='ocrx_word' id='word_1_702' title='bbox 3209 2401 3426 2454; x_wconf 87' lang='lat' dir='ltr'><strong>vocavit</strong></span> <span class='ocrx_word' id='word_1_703' title='bbox 3456 2415 3552 2470; x_wconf 88' lang='lat' dir='ltr'><strong>per</strong></span> <span class='ocrx_word' id='word_1_704' title='bbox 3579 2401 3864 2469; x_wconf 76' lang='lat' dir='ltr'><strong>apostolo,</strong></span> 
     </span>
    </p>
   </div>
   <div class='ocr_carea' id='block_1_84' title="bbox 2317 2487 3868 2558">
    <p class='ocr_par' dir='ltr' id='par_1_84' title="bbox 2317 2487 3868 2558">
     <span class='ocr_line' id='line_1_84' title="bbox 2317 2487 3868 2558; baseline 0.004 -18"><span class='ocrx_word' id='word_1_705' title='bbox 2317 2487 2384 2541; x_wconf 92' lang='lat' dir='ltr'><strong>ad</strong></span> <span class='ocrx_word' id='word_1_706' title='bbox 2428 2487 2718 2542; x_wconf 84' lang='lat' dir='ltr'><strong>Ecclesiam</strong></span> <span class='ocrx_word' id='word_1_707' title='bbox 2747 2503 2899 2542; x_wconf 90' lang='lat' dir='ltr'><strong>suam</strong></span> <span class='ocrx_word' id='word_1_708' title='bbox 2929 2487 3057 2542; x_wconf 86' lang='lat' dir='ltr'><strong>vidit</strong></span> <span class='ocrx_word' id='word_1_709' title='bbox 3092 2491 3385 2558; x_wconf 87' lang='lat' dir='ltr'><strong>pertinere.</strong></span> <span class='ocrx_word' id='word_1_710' title='bbox 3415 2489 3462 2546; x_wconf 92' lang='grc' dir='ltr'>Ο</span> <span class='ocrx_word' id='word_1_711' title='bbox 3487 2502 3542 2545; x_wconf 89' lang='grc' dir='ltr'><strong>ιιι</strong></span> <span class='ocrx_word' id='word_1_712' title='bbox 3577 2490 3820 2557; x_wconf 81' lang='lat' dir='ltr'><strong>Ecclesia,</strong></span> <span class='ocrx_word' id='word_1_713' title='bbox 3841 2505 3868 2546; x_wconf 90' lang='lat' dir='ltr'><strong>o</strong></span> 
     </span>
    </p>
   </div>
   <div class='ocr_carea' id='block_1_85' title="bbox 2321 2578 3868 2652">
    <p class='ocr_par' dir='ltr' id='par_1_85' title="bbox 2321 2578 3868 2652">
     <span class='ocr_line' id='line_1_85' title="bbox 2321 2578 3868 2652; baseline 0.001 -19"><span class='ocrx_word' id='word_1_714' title='bbox 2321 2589 2374 2633; x_wconf 91' lang='lat' dir='ltr'><strong>tu</strong></span> <span class='ocrx_word' id='word_1_715' title='bbox 2407 2579 2594 2644; x_wconf 89' lang='lat' dir='ltr'><strong>Israel,</strong></span> <span class='ocrx_word' id='word_1_716' title='bbox 2624 2579 2674 2633; x_wconf 94' lang='lat' dir='ltr'><strong>iu</strong></span> <span class='ocrx_word' id='word_1_717' title='bbox 2696 2594 2801 2649; x_wconf 92' lang='lat' dir='ltr'><strong>quo</strong></span> <span class='ocrx_word' id='word_1_718' title='bbox 2826 2578 2980 2634; x_wconf 90' lang='lat' dir='ltr'><strong>dolus</strong></span> <span class='ocrx_word' id='word_1_719' title='bbox 3005 2595 3110 2634; x_wconf 89' lang='lat' dir='ltr'><strong>non</strong></span> <span class='ocrx_word' id='word_1_720' title='bbox 3137 2590 3254 2646; x_wconf 79' lang='lat' dir='ltr'><strong>est;</strong></span> <span class='ocrx_word' id='word_1_721' title='bbox 3287 2581 3423 2636; x_wconf 88' lang='lat' dir='ltr'><strong>sies</strong></span> <span class='ocrx_word' id='word_1_722' title='bbox 3480 2581 3702 2652; x_wconf 83' lang='lat' dir='ltr'><strong>populus</strong></span> <span class='ocrx_word' id='word_1_723' title='bbox 3739 2579 3868 2636; x_wconf 76' lang='lat' dir='ltr'><strong>istae!</strong></span> 
     </span>
    </p>
   </div>
   <div class='ocr_carea' id='block_1_86' title="bbox 2319 2671 3866 2744">
    <p class='ocr_par' dir='ltr' id='par_1_86' title="bbox 2319 2671 3866 2744">
     <span class='ocr_line' id='line_1_86' title="bbox 2319 2671 3866 2744; baseline 0.001 -20"><span class='ocrx_word' id='word_1_724' title='bbox 2319 2671 2372 2724; x_wconf 94' lang='lat' dir='ltr'><strong>in</strong></span> <span class='ocrx_word' id='word_1_725' title='bbox 2402 2685 2508 2741; x_wconf 92' lang='lat' dir='ltr'><strong>quo</strong></span> <span class='ocrx_word' id='word_1_726' title='bbox 2537 2671 2690 2725; x_wconf 89' lang='lat' dir='ltr'><strong>dolus</strong></span> <span class='ocrx_word' id='word_1_727' title='bbox 2717 2686 2824 2726; x_wconf 91' lang='lat' dir='ltr'><strong>non</strong></span> <span class='ocrx_word' id='word_1_728' title='bbox 2848 2679 2962 2735; x_wconf 90' lang='lat' dir='ltr'><strong>est,</strong></span> <span class='ocrx_word' id='word_1_729' title='bbox 2998 2671 3155 2727; x_wconf 89' lang='lat' dir='ltr'><strong>modo</strong></span> <span class='ocrx_word' id='word_1_730' title='bbox 3174 2672 3285 2742; x_wconf 88' lang='lat' dir='ltr'><strong>jam</strong></span> <span class='ocrx_word' id='word_1_731' title='bbox 3312 2674 3610 2744; x_wconf 75' lang='lat' dir='ltr'><strong>cognovisti</strong></span> <span class='ocrx_word' id='word_1_732' title='bbox 3638 2673 3866 2729; x_wconf 80' lang='lat' dir='ltr'><strong>Christum</strong></span> 
     </span>
    </p>
   </div>
   <div class='ocr_carea' id='block_1_87' title="bbox 2319 2761 3867 2836">
    <p class='ocr_par' dir='ltr' id='par_1_87' title="bbox 2319 2761 3867 2836">
     <span class='ocr_line' id='line_1_87' title="bbox 2319 2761 3867 2836; baseline 0 -20"><span class='ocrx_word' id='word_1_733' title='bbox 2319 2779 2415 2834; x_wconf 88' lang='lat' dir='ltr'><strong>per</strong></span> <span class='ocrx_word' id='word_1_734' title='bbox 2435 2762 2736 2832; x_wconf 79' lang='lat' dir='ltr'><strong>Apostolos,</strong></span> <span class='ocrx_word' id='word_1_735' title='bbox 2761 2762 3029 2833; x_wconf 91' lang='lat' dir='ltr'><strong>quomodo</strong></span> <span class='ocrx_word' id='word_1_736' title='bbox 3048 2761 3347 2820; x_wconf 83' lang='lat' dir='ltr'><strong>Nathanael</strong></span> <span class='ocrx_word' id='word_1_737' title='bbox 3373 2765 3624 2836; x_wconf 83' lang='lat' dir='ltr'><strong>cognovit</strong></span> <span class='ocrx_word' id='word_1_738' title='bbox 3641 2763 3867 2820; x_wconf 84' lang='lat' dir='ltr'><strong>Christum</strong></span> 
     </span>
    </p>
   </div>
   <div class='ocr_carea' id='block_1_88' title="bbox 2318 2852 3864 2924">
    <p class='ocr_par' dir='ltr' id='par_1_88' title="bbox 2318 2852 3864 2924">
     <span class='ocr_line' id='line_1_88' title="bbox 2318 2852 3864 2924; baseline 0.001 -17"><span class='ocrx_word' id='word_1_739' title='bbox 2318 2869 2414 2924; x_wconf 92' lang='lat' dir='ltr'><strong>per</strong></span> <span class='ocrx_word' id='word_1_740' title='bbox 2444 2854 2764 2924; x_wconf 89' lang='lat' dir='ltr'><strong>Philippum.</strong></span> <span class='ocrx_word' id='word_1_741' title='bbox 2794 2853 2901 2910; x_wconf 89' lang='lat' dir='ltr'><strong>Sed</strong></span> <span class='ocrx_word' id='word_1_742' title='bbox 2951 2855 3318 2910; x_wconf 89' lang='lat' dir='ltr'><strong>misericordia</strong></span> <span class='ocrx_word' id='word_1_743' title='bbox 3363 2871 3459 2911; x_wconf 91' lang='lat' dir='ltr'><strong>sua</strong></span> <span class='ocrx_word' id='word_1_744' title='bbox 3504 2864 3627 2912; x_wconf 88' lang='lat' dir='ltr'><strong>ante</strong></span> <span class='ocrx_word' id='word_1_745' title='bbox 3666 2865 3714 2911; x_wconf 89' lang='lat' dir='ltr'><strong>te</strong></span> <span class='ocrx_word' id='word_1_746' title='bbox 3738 2852 3864 2920; x_wconf 86' lang='lat' dir='ltr'><strong>vidit,</strong></span> 
     </span>
    </p>
   </div>
   <div class='ocr_carea' id='block_1_89' title="bbox 2319 2945 3864 3016">
    <p class='ocr_par' dir='ltr' id='par_1_89' title="bbox 2319 2945 3864 3016">
     <span class='ocr_line' id='line_1_89' title="bbox 2319 2945 3864 3016; baseline 0.001 -18"><span class='ocrx_word' id='word_1_747' title='bbox 2319 2960 2474 3016; x_wconf 88' lang='lat' dir='ltr'><strong>quam</strong></span> <span class='ocrx_word' id='word_1_748' title='bbox 2505 2954 2558 2999; x_wconf 92' lang='lat' dir='ltr'><strong>tu</strong></span> <span class='ocrx_word' id='word_1_749' title='bbox 2589 2961 2709 3000; x_wconf 88' lang='lat' dir='ltr'><strong>eum</strong></span> <span class='ocrx_word' id='word_1_750' title='bbox 2733 2960 3082 3016; x_wconf 78' lang='lat' dir='ltr'><strong>cognosceres</strong></span> <span class='ocrx_word' id='word_1_751' title='bbox 3102 2946 3141 3011; x_wconf 84' lang='grc'><strong>¹,</strong></span> <span class='ocrx_word' id='word_1_752' title='bbox 3159 2960 3280 3002; x_wconf 90' lang='lat' dir='ltr'><strong>cum</strong></span> <span class='ocrx_word' id='word_1_753' title='bbox 3310 2947 3412 3002; x_wconf 88' lang='lat' dir='ltr'><strong>sub</strong></span> <span class='ocrx_word' id='word_1_754' title='bbox 3439 2957 3656 3016; x_wconf 88' lang='lat' dir='ltr'><strong>peccato</strong></span> <span class='ocrx_word' id='word_1_755' title='bbox 3675 2945 3864 3016; x_wconf 74' lang='lat' dir='ltr'><strong>iaceres.</strong></span> 
     </span>
    </p>
   </div>
   <div class='ocr_carea' id='block_1_90' title="bbox 2320 3036 3867 3108">
    <p class='ocr_par' dir='ltr' id='par_1_90' title="bbox 2320 3036 3867 3108">
     <span class='ocr_line' id='line_1_90' title="bbox 2320 3036 3867 3108; baseline -0.003 -16"><span class='ocrx_word' id='word_1_756' title='bbox 2320 3036 2587 3106; x_wconf 86' lang='lat' dir='ltr'><strong>Numquid</strong></span> <span class='ocrx_word' id='word_1_757' title='bbox 2630 3037 2772 3091; x_wconf 87' lang='lat' dir='ltr'><strong>enim</strong></span> <span class='ocrx_word' id='word_1_758' title='bbox 2821 3053 2918 3092; x_wconf 92' lang='lat' dir='ltr'><strong>nos</strong></span> <span class='ocrx_word' id='word_1_759' title='bbox 2951 3037 3095 3106; x_wconf 87' lang='lat' dir='ltr'><strong>prius</strong></span> <span class='ocrx_word' id='word_1_760' title='bbox 3135 3039 3486 3108; x_wconf 68' lang='lat' dir='ltr'><strong>quaesivimus</strong></span> <span class='ocrx_word' id='word_1_761' title='bbox 3527 3037 3867 3098; x_wconf 82' lang='lat' dir='ltr'><strong>Christum,et</strong></span> 
     </span>
    </p>
   </div>
   <div class='ocr_carea' id='block_1_91' title="bbox 2322 3124 3866 3200">
    <p class='ocr_par' dir='ltr' id='par_1_91' title="bbox 2322 3124 3866 3200">
     <span class='ocr_line' id='line_1_91' title="bbox 2322 3124 3866 3200; baseline -0.003 -16"><span class='ocrx_word' id='word_1_762' title='bbox 2322 3144 2430 3185; x_wconf 87' lang='lat' dir='ltr'><strong>non</strong></span> <span class='ocrx_word' id='word_1_763' title='bbox 2458 3130 2548 3184; x_wconf 86' lang='lat' dir='ltr'><strong>ille</strong></span> <span class='ocrx_word' id='word_1_764' title='bbox 2591 3144 2691 3184; x_wconf 87' lang='lat' dir='ltr'><strong>nos</strong></span> <span class='ocrx_word' id='word_1_765' title='bbox 2724 3128 3006 3199; x_wconf 58' lang='lat' dir='ltr'><strong>quaesivit?</strong></span> <span class='ocrx_word' id='word_1_766' title='bbox 3031 3129 3300 3200; x_wconf 84' lang='lat' dir='ltr'><strong>Numquid</strong></span> <span class='ocrx_word' id='word_1_767' title='bbox 3330 3145 3432 3185; x_wconf 90' lang='lat' dir='ltr'><strong>nos</strong></span> <span class='ocrx_word' id='word_1_768' title='bbox 3459 3130 3694 3186; x_wconf 86' lang='lat' dir='ltr'><strong>venimus</strong></span> <span class='ocrx_word' id='word_1_769' title='bbox 3717 3124 3866 3197; x_wconf 62' lang='grc' dir='ltr'><strong>εει-ι)ιὶ</strong></span> 
     </span>
    </p>
   </div>
   <div class='ocr_carea' id='block_1_92' title="bbox 2318 3216 3865 3294">
    <p class='ocr_par' dir='ltr' id='par_1_92' title="bbox 2318 3216 3865 3294">
     <span class='ocr_line' id='line_1_92' title="bbox 2318 3216 3865 3294; baseline -0.005 -18"><span class='ocrx_word' id='word_1_770' title='bbox 2318 3222 2384 3276; x_wconf 89' lang='lat' dir='ltr'><strong>ad</strong></span> <span class='ocrx_word' id='word_1_771' title='bbox 2416 3221 2712 3286; x_wconf 90' lang='lat' dir='ltr'><strong>medicum,</strong></span> <span class='ocrx_word' id='word_1_772' title='bbox 2734 3229 2914 3276; x_wconf 90' lang='lat' dir='ltr'><strong>etnon</strong></span> <span class='ocrx_word' id='word_1_773' title='bbox 2943 3221 3180 3275; x_wconf 83' lang='lat' dir='ltr'><strong>medicus</strong></span> <span class='ocrx_word' id='word_1_774' title='bbox 3208 3221 3274 3275; x_wconf 88' lang='lat' dir='ltr'><strong>ad</strong></span> <span class='ocrx_word' id='word_1_775' title='bbox 3301 3221 3569 3294; x_wconf 72' lang='lat' dir='ltr'><strong>aegrotos?</strong></span> <span class='ocrx_word' id='word_1_776' title='bbox 3587 3219 3758 3276; x_wconf 83' lang='lat' dir='ltr'><strong>Nonne</strong></span> <span class='ocrx_word' id='word_1_777' title='bbox 3776 3216 3865 3272; x_wconf 83' lang='lat' dir='ltr'><strong>ovis</strong></span> 
     </span>
    </p>
   </div>
   <div class='ocr_carea' id='block_1_93' title="bbox 2320 3313 3866 3385">
    <p class='ocr_par' dir='ltr' id='par_1_93' title="bbox 2320 3313 3866 3385">
     <span class='ocr_line' id='line_1_93' title="bbox 2320 3313 3866 3385; baseline -0.003 -17"><span class='ocrx_word' id='word_1_778' title='bbox 2320 3315 2405 3368; x_wconf 89' lang='lat' dir='ltr'><strong>illa</strong></span> <span class='ocrx_word' id='word_1_779' title='bbox 2433 3315 2694 3385; x_wconf 87' lang='lat' dir='ltr'><strong>perierat.</strong></span> <span class='ocrx_word' id='word_1_780' title='bbox 2728 3322 2780 3368; x_wconf 91' lang='lat' dir='ltr'><strong>et</strong></span> <span class='ocrx_word' id='word_1_781' title='bbox 2809 3313 3006 3368; x_wconf 90' lang='lat' dir='ltr'><strong>relictis</strong></span> <span class='ocrx_word' id='word_1_782' title='bbox 3035 3313 3321 3383; x_wconf 79' lang='lat' dir='ltr'><strong>nonaginta</strong></span> <span class='ocrx_word' id='word_1_783' title='bbox 3351 3330 3544 3371; x_wconf 88' lang='lat' dir='ltr'><strong>novent</strong></span> <span class='ocrx_word' id='word_1_784' title='bbox 3567 3321 3738 3385; x_wconf 86' lang='lat' dir='ltr'><strong>pastor</strong></span> <span class='ocrx_word' id='word_1_785' title='bbox 3751 3323 3866 3381; x_wconf 68' lang='lat' dir='ltr'><strong>quat-</strong></span> 
     </span>
    </p>
   </div>
   <div class='ocr_carea' id='block_1_94' title="bbox 2320 3398 3864 3470">
    <p class='ocr_par' dir='ltr' id='par_1_94' title="bbox 2320 3398 3864 3470">
     <span class='ocr_line' id='line_1_94' title="bbox 2320 3398 3864 3470; baseline -0.001 -16"><span class='ocrx_word' id='word_1_786' title='bbox 2320 3401 2443 3456; x_wconf 91' lang='lat' dir='ltr'><strong>sivit</strong></span> <span class='ocrx_word' id='word_1_787' title='bbox 2463 3401 2602 3454; x_wconf 84' lang='lat' dir='ltr'><strong>illam</strong></span> <span class='ocrx_word' id='word_1_788' title='bbox 2633 3409 2687 3454; x_wconf 91' lang='lat' dir='ltr'><strong>et</strong></span> <span class='ocrx_word' id='word_1_789' title='bbox 2711 3399 2942 3465; x_wconf 88' lang='lat' dir='ltr'><strong>invenit,</strong></span> <span class='ocrx_word' id='word_1_790' title='bbox 2977 3415 3136 3470; x_wconf 89' lang='lat' dir='ltr'><strong>quam</strong></span> <span class='ocrx_word' id='word_1_791' title='bbox 3167 3400 3327 3456; x_wconf 68' lang='lat' dir='ltr'><strong>[artus</strong></span> <span class='ocrx_word' id='word_1_792' title='bbox 3367 3401 3418 3455; x_wconf 88' lang='lat' dir='ltr'><strong>in</strong></span> <span class='ocrx_word' id='word_1_793' title='bbox 3449 3398 3680 3455; x_wconf 86' lang='lat' dir='ltr'><strong>humeris</strong></span> <span class='ocrx_word' id='word_1_794' title='bbox 3716 3409 3864 3467; x_wconf 81' lang='lat' dir='ltr'><strong>repor-</strong></span> 
     </span>
    </p>
   </div>
   <div class='ocr_carea' id='block_1_95' title="bbox 2322 3488 3866 3563">
    <p class='ocr_par' dir='ltr' id='par_1_95' title="bbox 2322 3488 3866 3563">
     <span class='ocr_line' id='line_1_95' title="bbox 2322 3488 3866 3563; baseline -0.005 -15"><span class='ocrx_word' id='word_1_795' title='bbox 2322 3495 2487 3549; x_wconf 80' lang='lat' dir='ltr'><strong>tavit?</strong></span> <span class='ocrx_word' id='word_1_796' title='bbox 2514 3494 2698 3548; x_wconf 88' lang='lat' dir='ltr'><strong>Nonne</strong></span> <span class='ocrx_word' id='word_1_797' title='bbox 2721 3493 2949 3563; x_wconf 90' lang='lat' dir='ltr'><strong>perierat</strong></span> <span class='ocrx_word' id='word_1_798' title='bbox 2971 3492 3224 3548; x_wconf 87' lang='lat' dir='ltr'><strong>drachma</strong></span> <span class='ocrx_word' id='word_1_799' title='bbox 3244 3494 3356 3561; x_wconf 89' lang='lat' dir='ltr'><strong>illa,</strong></span> <span class='ocrx_word' id='word_1_800' title='bbox 3379 3503 3436 3550; x_wconf 88' lang='lat' dir='ltr'><strong>et</strong></span> <span class='ocrx_word' id='word_1_801' title='bbox 3452 3491 3687 3549; x_wconf 89' lang='lat' dir='ltr'><strong>accendit</strong></span> <span class='ocrx_word' id='word_1_802' title='bbox 3709 3488 3866 3545; x_wconf 87' lang='lat' dir='ltr'><strong>mulier</strong></span> 
     </span>
    </p>
   </div>
   <div class='ocr_carea' id='block_1_96' title="bbox 2322 3578 3864 3656">
    <p class='ocr_par' dir='ltr' id='par_1_96' title="bbox 2322 3578 3864 3656">
     <span class='ocr_line' id='line_1_96' title="bbox 2322 3578 3864 3656; baseline -0.006 -16"><span class='ocrx_word' id='word_1_803' title='bbox 2322 3582 2612 3654; x_wconf 63' lang='lat' dir='ltr'><strong>lucernam,</strong></span> <span class='ocrx_word' id='word_1_804' title='bbox 2633 3586 2945 3656; x_wconf 64' lang='lat' dir='ltr'><strong>etqua&#39;sivit</strong></span> <span class='ocrx_word' id='word_1_805' title='bbox 2967 3586 3020 3640; x_wconf 92' lang='lat' dir='ltr'><strong>in</strong></span> <span class='ocrx_word' id='word_1_806' title='bbox 3043 3595 3148 3640; x_wconf 91' lang='lat' dir='ltr'><strong>tota</strong></span> <span class='ocrx_word' id='word_1_807' title='bbox 3170 3586 3333 3642; x_wconf 88' lang='lat' dir='ltr'><strong>domo</strong></span> <span class='ocrx_word' id='word_1_808' title='bbox 3354 3602 3452 3642; x_wconf 89' lang='lat' dir='ltr'><strong>sua</strong></span> <span class='ocrx_word' id='word_1_809' title='bbox 3477 3585 3645 3641; x_wconf 89' lang='lat' dir='ltr'><strong>donec</strong></span> <span class='ocrx_word' id='word_1_810' title='bbox 3667 3578 3864 3638; x_wconf 81' lang='lat' dir='ltr'><strong>invenit?</strong></span> 
     </span>
    </p>
   </div>
   <div class='ocr_carea' id='block_1_97' title="bbox 2321 3670 3861 3745">
    <p class='ocr_par' dir='ltr' id='par_1_97' title="bbox 2321 3670 3861 3745">
     <span class='ocr_line' id='line_1_97' title="bbox 2321 3670 3861 3745; baseline -0.005 -12"><span class='ocrx_word' id='word_1_811' title='bbox 2321 3679 2529 3733; x_wconf 86' lang='lat' dir='ltr'><strong>Etcum</strong></span> <span class='ocrx_word' id='word_1_812' title='bbox 2558 3679 2869 3742; x_wconf 90' lang='lat' dir='ltr'><strong>invenisset,</strong></span> <span class='ocrx_word' id='word_1_813' title='bbox 2911 3676 3250 3733; x_wconf 72' lang='lat' dir='ltr'><strong>Collartamini</strong></span> <span class='ocrx_word' id='word_1_814' title='bbox 3277 3679 3426 3745; x_wconf 86' lang='lat' dir='ltr'><strong>mihi,</strong></span> <span class='ocrx_word' id='word_1_815' title='bbox 3469 3678 3543 3734; x_wconf 85' lang='lat' dir='ltr'><strong>ait</strong></span> <span class='ocrx_word' id='word_1_816' title='bbox 3566 3675 3740 3735; x_wconf 87' lang='lat' dir='ltr'><strong>vicinis</strong></span> <span class='ocrx_word' id='word_1_817' title='bbox 3756 3670 3861 3736; x_wconf 79' lang='lat' dir='ltr'><strong>suis,</strong></span> 
     </span>
    </p>
   </div>
   <div class='ocr_carea' id='block_1_98' title="bbox 2319 3761 3862 3841">
    <p class='ocr_par' dir='ltr' id='par_1_98' title="bbox 2319 3761 3862 3841">
     <span class='ocr_line' id='line_1_98' title="bbox 2319 3761 3862 3841; baseline -0.003 -19"><span class='ocrx_word' id='word_1_818' title='bbox 2319 3770 2438 3841; x_wconf 89' lang='lat' dir='ltr'><strong>quia</strong></span> <span class='ocrx_word' id='word_1_819' title='bbox 2465 3770 2632 3824; x_wconf 74' lang='lat' dir='ltr'><strong>inveni</strong></span> <span class='ocrx_word' id='word_1_820' title='bbox 2668 3769 2962 3822; x_wconf 87' lang='lat' dir='ltr'><strong>drachmam</strong></span> <span class='ocrx_word' id='word_1_821' title='bbox 2989 3786 3143 3838; x_wconf 88' lang='lat' dir='ltr'><strong>quant</strong></span> <span class='ocrx_word' id='word_1_822' title='bbox 3189 3771 3513 3838; x_wconf 83' lang='lat' dir='ltr'><strong>perdideram</strong></span> <span class='ocrx_word' id='word_1_823' title='bbox 3551 3767 3692 3840; x_wconf 80' lang='lat' dir='ltr'><strong>(Luc.</strong></span> <span class='ocrx_word' id='word_1_824' title='bbox 3718 3779 3794 3830; x_wconf 78' lang='lat' dir='ltr'><strong>xv,</strong></span> <span class='ocrx_word' id='word_1_825' title='bbox 3814 3761 3862 3816; x_wconf 81' lang='grc' dir='ltr'>ι-</span> 
     </span>
    </p>
   </div>
   <div class='ocr_carea' id='block_1_99' title="bbox 2321 3853 3862 3936">
    <p class='ocr_par' dir='ltr' id='par_1_99' title="bbox 2321 3853 3862 3936">
     <span class='ocr_line' id='line_1_99' title="bbox 2321 3853 3862 3936; baseline -0.006 -18"><span class='ocrx_word' id='word_1_826' title='bbox 2321 3861 2432 3936; x_wconf 73' lang='lat' dir='ltr'><strong>iti).</strong></span> <span class='ocrx_word' id='word_1_827' title='bbox 2458 3861 2548 3918; x_wconf 90' lang='lat' dir='ltr'><strong>Sic</strong></span> <span class='ocrx_word' id='word_1_828' title='bbox 2574 3871 2630 3917; x_wconf 91' lang='lat' dir='ltr'><strong>ct</strong></span> <span class='ocrx_word' id='word_1_829' title='bbox 2668 3876 2765 3917; x_wconf 89' lang='lat' dir='ltr'><strong>nos</strong></span> <span class='ocrx_word' id='word_1_830' title='bbox 2790 3859 2927 3916; x_wconf 90' lang='lat' dir='ltr'><strong>sicut</strong></span> <span class='ocrx_word' id='word_1_831' title='bbox 2952 3861 3066 3916; x_wconf 83' lang='lat' dir='ltr'><strong>ovis</strong></span> <span class='ocrx_word' id='word_1_832' title='bbox 3093 3862 3444 3932; x_wconf 89' lang='lat' dir='ltr'><strong>perieramus,</strong></span> <span class='ocrx_word' id='word_1_833' title='bbox 3478 3870 3534 3918; x_wconf 91' lang='lat' dir='ltr'><strong>et</strong></span> <span class='ocrx_word' id='word_1_834' title='bbox 3552 3861 3682 3916; x_wconf 90' lang='lat' dir='ltr'><strong>sicut</strong></span> <span class='ocrx_word' id='word_1_835' title='bbox 3702 3853 3862 3912; x_wconf 80' lang='lat' dir='ltr'><strong>drach-</strong></span> 
     </span>
    </p>
   </div>
   <div class='ocr_carea' id='block_1_100' title="bbox 2319 3941 3862 4026">
    <p class='ocr_par' dir='ltr' id='par_1_100' title="bbox 2319 3941 3862 4026">
     <span class='ocr_line' id='line_1_100' title="bbox 2319 3941 3862 4026; baseline -0.005 -14"><span class='ocrx_word' id='word_1_836' title='bbox 2319 3971 2405 4012; x_wconf 89' lang='lat' dir='ltr'><strong>ma</strong></span> <span class='ocrx_word' id='word_1_837' title='bbox 2448 3956 2773 4026; x_wconf 88' lang='lat' dir='ltr'><strong>perieramns</strong></span> <span class='ocrx_word' id='word_1_838' title='bbox 2802 3971 2814 4006; x_wconf 91' lang='lat'><strong>:</strong></span> <span class='ocrx_word' id='word_1_839' title='bbox 2843 3963 2897 4008; x_wconf 88' lang='lat' dir='ltr'><strong>et</strong></span> <span class='ocrx_word' id='word_1_840' title='bbox 2952 3963 3134 4024; x_wconf 87' lang='lat' dir='ltr'><strong>pastor</strong></span> <span class='ocrx_word' id='word_1_841' title='bbox 3182 3964 3368 4010; x_wconf 87' lang='lat' dir='ltr'><strong>noster</strong></span> <span class='ocrx_word' id='word_1_842' title='bbox 3397 3953 3598 4010; x_wconf 90' lang='lat' dir='ltr'><strong>invenit</strong></span> <span class='ocrx_word' id='word_1_843' title='bbox 3619 3941 3862 4010; x_wconf 60' lang='lat' dir='ltr'><strong>«caused</strong></span> 
     </span>
    </p>
   </div>
   <div class='ocr_carea' id='block_1_101' title="bbox 2319 4037 3864 4119">
    <p class='ocr_par' dir='ltr' id='par_1_101' title="bbox 2319 4037 3864 4119">
     <span class='ocr_line' id='line_1_101' title="bbox 2319 4037 3864 4119; baseline -0.007 -18"><span class='ocrx_word' id='word_1_844' title='bbox 2319 4047 2564 4119; x_wconf 77' lang='lat' dir='ltr'><strong>qtuesivit</strong></span> <span class='ocrx_word' id='word_1_845' title='bbox 2588 4059 2741 4100; x_wconf 86' lang='lat' dir='ltr'><strong>ovem</strong></span> <span class='ocrx_word' id='word_1_846' title='bbox 2767 4060 2782 4108; x_wconf 88' lang='lat'><strong>;</strong></span> <span class='ocrx_word' id='word_1_847' title='bbox 2808 4045 2998 4099; x_wconf 88' lang='lat' dir='ltr'><strong>mulier</strong></span> <span class='ocrx_word' id='word_1_848' title='bbox 3040 4044 3240 4098; x_wconf 86' lang='lat' dir='ltr'><strong>invenit</strong></span> <span class='ocrx_word' id='word_1_849' title='bbox 3272 4044 3610 4105; x_wconf 89' lang='lat' dir='ltr'><strong>drachmam,</strong></span> <span class='ocrx_word' id='word_1_850' title='bbox 3641 4037 3727 4094; x_wconf 85' lang='lat' dir='ltr'><strong>sed</strong></span> <span class='ocrx_word' id='word_1_851' title='bbox 3747 4037 3864 4106; x_wconf 65' lang='lat' dir='ltr'><strong>qua:-</strong></span> 
     </span>
    </p>
   </div>
   <div class='ocr_carea' id='block_1_102' title="bbox 2319 4129 3865 4202">
    <p class='ocr_par' dir='ltr' id='par_1_102' title="bbox 2319 4129 3865 4202">
     <span class='ocr_line' id='line_1_102' title="bbox 2319 4129 3865 4202; baseline -0.01 -8"><span class='ocrx_word' id='word_1_852' title='bbox 2319 4139 2444 4194; x_wconf 90' lang='lat' dir='ltr'><strong>sivit</strong></span> <span class='ocrx_word' id='word_1_853' title='bbox 2459 4137 2789 4193; x_wconf 87' lang='lat' dir='ltr'><strong>drachmam.</strong></span> <span class='ocrx_word' id='word_1_854' title='bbox 2807 4135 2937 4202; x_wconf 75' lang='lat' dir='ltr'><strong>Qua:</strong></span> <span class='ocrx_word' id='word_1_855' title='bbox 2951 4144 3033 4191; x_wconf 89' lang='lat' dir='ltr'><strong>est</strong></span> <span class='ocrx_word' id='word_1_856' title='bbox 3058 4133 3280 4189; x_wconf 88' lang='lat' dir='ltr'><strong>mulier?</strong></span> <span class='ocrx_word' id='word_1_857' title='bbox 3295 4135 3439 4190; x_wconf 86' lang='lat' dir='ltr'><strong>Caro</strong></span> <span class='ocrx_word' id='word_1_858' title='bbox 3454 4132 3664 4189; x_wconf 83' lang='lat' dir='ltr'><strong>Christi.</strong></span> <span class='ocrx_word' id='word_1_859' title='bbox 3679 4129 3865 4196; x_wconf 74' lang='lat' dir='ltr'><strong>Qtueest</strong></span> 
     </span>
    </p>
   </div>
   <div class='ocr_carea' id='block_1_103' title="bbox 2322 4213 3860 4297">
    <p class='ocr_par' dir='ltr' id='par_1_103' title="bbox 2322 4213 3860 4297">
     <span class='ocr_line' id='line_1_103' title="bbox 2322 4213 3860 4297; baseline -0.012 -11"><span class='ocrx_word' id='word_1_860' title='bbox 2322 4228 2574 4285; x_wconf 87' lang='lat' dir='ltr'><strong>lucerna?</strong></span> <span class='ocrx_word' id='word_1_861' title='bbox 2592 4227 2778 4282; x_wconf 82' lang='lat' dir='ltr'><strong>Paravi</strong></span> <span class='ocrx_word' id='word_1_862' title='bbox 2793 4227 3050 4281; x_wconf 88' lang='lat' dir='ltr'><strong>lucernam</strong></span> <span class='ocrx_word' id='word_1_863' title='bbox 3065 4226 3265 4280; x_wconf 81' lang='lat' dir='ltr'><strong>Christo</strong></span> <span class='ocrx_word' id='word_1_864' title='bbox 3279 4243 3393 4280; x_wconf 85' lang='lat' dir='ltr'><strong>meo</strong></span> <span class='ocrx_word' id='word_1_865' title='bbox 3409 4223 3578 4297; x_wconf 86' lang='lat' dir='ltr'><strong>(Psal.</strong></span> <span class='ocrx_word' id='word_1_866' title='bbox 3595 4234 3756 4278; x_wconf 68' lang='lat' dir='ltr'><strong>cassi.</strong></span> <span class='ocrx_word' id='word_1_867' title='bbox 3774 4213 3860 4282; x_wconf 79' lang='grc'><strong>17).</strong></span> 
     </span>
    </p>
   </div>
   <div class='ocr_carea' id='block_1_104' title="bbox 2323 4309 3862 4391">
    <p class='ocr_par' dir='ltr' id='par_1_104' title="bbox 2323 4309 3862 4391">
     <span class='ocr_line' id='line_1_104' title="bbox 2323 4309 3862 4391; baseline -0.008 -15"><span class='ocrx_word' id='word_1_868' title='bbox 2323 4320 2676 4391; x_wconf 66' lang='grc' dir='ltr'><strong>Ετεοιιυωεὶιὶ</strong></span> <span class='ocrx_word' id='word_1_869' title='bbox 2690 4335 2893 4386; x_wconf 88' lang='lat' dir='ltr'><strong>sumus,</strong></span> <span class='ocrx_word' id='word_1_870' title='bbox 2909 4327 2966 4373; x_wconf 88' lang='lat' dir='ltr'><strong>ttt</strong></span> <span class='ocrx_word' id='word_1_871' title='bbox 2985 4319 3367 4385; x_wconf 88' lang='lat' dir='ltr'><strong>inveniremur;</strong></span> <span class='ocrx_word' id='word_1_872' title='bbox 3393 4318 3590 4374; x_wconf 87' lang='lat' dir='ltr'><strong>inventi</strong></span> <span class='ocrx_word' id='word_1_873' title='bbox 3619 4309 3862 4383; x_wconf 63' lang='lat' dir='ltr'><strong>loquimur.</strong></span> 
     </span>
    </p>
   </div>
   <div class='ocr_carea' id='block_1_105' title="bbox 2321 4396 3862 4482">
    <p class='ocr_par' dir='ltr' id='par_1_105' title="bbox 2321 4396 3862 4482">
     <span class='ocr_line' id='line_1_105' title="bbox 2321 4396 3862 4482; baseline -0.006 -15"><span class='ocrx_word' id='word_1_874' title='bbox 2321 4413 2435 4467; x_wconf 89' lang='lat' dir='ltr'><strong>Non</strong></span> <span class='ocrx_word' id='word_1_875' title='bbox 2460 4411 2848 4482; x_wconf 87' lang='lat' dir='ltr'><strong>superbiamus,</strong></span> <span class='ocrx_word' id='word_1_876' title='bbox 2871 4411 2992 4482; x_wconf 86' lang='lat' dir='ltr'><strong>quia</strong></span> <span class='ocrx_word' id='word_1_877' title='bbox 3020 4420 3301 4481; x_wconf 87' lang='lat' dir='ltr'><strong>antequam</strong></span> <span class='ocrx_word' id='word_1_878' title='bbox 3324 4409 3695 4469; x_wconf 88' lang='lat' dir='ltr'><strong>invenirentur,</strong></span> <span class='ocrx_word' id='word_1_879' title='bbox 3721 4396 3862 4472; x_wconf 73' lang='lat' dir='ltr'><strong>perie-</strong></span> 
     </span>
    </p>
   </div>
   <div class='ocr_carea' id='block_1_106' title="bbox 2320 4496 3861 4573">
    <p class='ocr_par' dir='ltr' id='par_1_106' title="bbox 2320 4496 3861 4573">
     <span class='ocr_line' id='line_1_106' title="bbox 2320 4496 3861 4573; baseline -0.008 -15"><span class='ocrx_word' id='word_1_880' title='bbox 2320 4520 2519 4570; x_wconf 88' lang='lat' dir='ltr'><strong>ratnns,</strong></span> <span class='ocrx_word' id='word_1_881' title='bbox 2536 4503 2580 4557; x_wconf 85' lang='lat' dir='ltr'><strong>si</strong></span> <span class='ocrx_word' id='word_1_882' title='bbox 2603 4519 2706 4558; x_wconf 92' lang='lat' dir='ltr'><strong>non</strong></span> <span class='ocrx_word' id='word_1_883' title='bbox 2727 4517 3104 4573; x_wconf 72' lang='lat' dir='ltr'><strong>quatreremur.</strong></span> <span class='ocrx_word' id='word_1_884' title='bbox 3120 4500 3233 4556; x_wconf 88' lang='lat' dir='ltr'><strong>Non</strong></span> <span class='ocrx_word' id='word_1_885' title='bbox 3251 4516 3384 4572; x_wconf 75' lang='lat' dir='ltr'><strong>ergo</strong></span> <span class='ocrx_word' id='word_1_886' title='bbox 3410 4500 3561 4556; x_wconf 89' lang='lat' dir='ltr'><strong>nobis</strong></span> <span class='ocrx_word' id='word_1_887' title='bbox 3573 4496 3740 4552; x_wconf 83' lang='lat' dir='ltr'><strong>dicant</strong></span> <span class='ocrx_word' id='word_1_888' title='bbox 3754 4499 3861 4560; x_wconf 73' lang='lat' dir='ltr'><strong>quos</strong></span> 
     </span>
    </p>
   </div>
   <div class='ocr_carea' id='block_1_107' title="bbox 2322 4584 3854 4667">
    <p class='ocr_par' dir='ltr' id='par_1_107' title="bbox 2322 4584 3854 4667">
     <span class='ocr_line' id='line_1_107' title="bbox 2322 4584 3854 4667; baseline -0.012 -15"><span class='ocrx_word' id='word_1_889' title='bbox 2322 4613 2582 4664; x_wconf 90' lang='lat' dir='ltr'><strong>amamus,</strong></span> <span class='ocrx_word' id='word_1_890' title='bbox 2605 4605 2659 4652; x_wconf 90' lang='lat' dir='ltr'><strong>et</strong></span> <span class='ocrx_word' id='word_1_891' title='bbox 2682 4597 2923 4651; x_wconf 92' lang='lat' dir='ltr'><strong>volumus</strong></span> <span class='ocrx_word' id='word_1_892' title='bbox 2950 4595 3140 4650; x_wconf 88' lang='lat' dir='ltr'><strong>lucrari</strong></span> <span class='ocrx_word' id='word_1_893' title='bbox 3167 4595 3282 4667; x_wconf 84' lang='lat' dir='ltr'><strong>paci</strong></span> <span class='ocrx_word' id='word_1_894' title='bbox 3311 4594 3566 4651; x_wconf 76' lang='lat' dir='ltr'><strong>Ecclesia:</strong></span> <span class='ocrx_word' id='word_1_895' title='bbox 3587 4584 3854 4645; x_wconf 68' lang='lat' dir='ltr'><strong>catholica:</strong></span> 
     </span>
    </p>
   </div>
   <div class='ocr_carea' id='block_1_108' title="bbox 2323 4670 3859 4760">
    <p class='ocr_par' dir='ltr' id='par_1_108' title="bbox 2323 4670 3859 4760">
     <span class='ocr_line' id='line_1_108' title="bbox 2323 4670 3859 4760; baseline -0.012 -16"><span class='ocrx_word' id='word_1_896' title='bbox 2323 4690 2456 4758; x_wconf 89' lang='lat' dir='ltr'><strong>Quid</strong></span> <span class='ocrx_word' id='word_1_897' title='bbox 2475 4705 2572 4744; x_wconf 85' lang='lat' dir='ltr'><strong>nos</strong></span> <span class='ocrx_word' id='word_1_898' title='bbox 2585 4689 2767 4744; x_wconf 82' lang='lat' dir='ltr'><strong>vultis?</strong></span> <span class='ocrx_word' id='word_1_899' title='bbox 2780 4689 2904 4760; x_wconf 91' lang='lat' dir='ltr'><strong>quid</strong></span> <span class='ocrx_word' id='word_1_900' title='bbox 2918 4702 3014 4743; x_wconf 91' lang='lat' dir='ltr'><strong>nos</strong></span> <span class='ocrx_word' id='word_1_901' title='bbox 3025 4687 3280 4759; x_wconf 71' lang='lat' dir='ltr'><strong>quaeritis,</strong></span> <span class='ocrx_word' id='word_1_902' title='bbox 3299 4689 3343 4743; x_wconf 89' lang='lat' dir='ltr'><strong>si</strong></span> <span class='ocrx_word' id='word_1_903' title='bbox 3367 4694 3663 4757; x_wconf 85' lang='lat' dir='ltr'><strong>peccatores</strong></span> <span class='ocrx_word' id='word_1_904' title='bbox 3675 4670 3859 4734; x_wconf 78' lang='lat' dir='ltr'><strong>sumus?</strong></span> 
     </span>
    </p>
   </div>
   <div class='ocr_carea' id='block_1_109' title="bbox 2327 4770 3858 4854">
    <p class='ocr_par' dir='ltr' id='par_1_109' title="bbox 2327 4770 3858 4854">
     <span class='ocr_line' id='line_1_109' title="bbox 2327 4770 3858 4854; baseline -0.011 -17"><span class='ocrx_word' id='word_1_905' title='bbox 2327 4782 2448 4838; x_wconf 81' lang='lat' dir='ltr'><strong>ideo</strong></span> <span class='ocrx_word' id='word_1_906' title='bbox 2461 4798 2558 4839; x_wconf 88' lang='lat' dir='ltr'><strong>vos</strong></span> <span class='ocrx_word' id='word_1_907' title='bbox 2576 4783 2886 4854; x_wconf 75' lang='lat' dir='ltr'><strong>quaerimus,</strong></span> <span class='ocrx_word' id='word_1_908' title='bbox 2910 4797 2975 4836; x_wconf 90' lang='lat' dir='ltr'><strong>ne</strong></span> <span class='ocrx_word' id='word_1_909' title='bbox 2998 4781 3227 4851; x_wconf 87' lang='lat' dir='ltr'><strong>pereatis</strong></span> <span class='ocrx_word' id='word_1_910' title='bbox 3253 4799 3266 4834; x_wconf 89' lang='lat'><strong>:</strong></span> <span class='ocrx_word' id='word_1_911' title='bbox 3290 4780 3594 4850; x_wconf 63' lang='lat' dir='ltr'><strong>qumrimus,</strong></span> <span class='ocrx_word' id='word_1_912' title='bbox 3614 4770 3723 4843; x_wconf 85' lang='lat' dir='ltr'><strong>quia</strong></span> <span class='ocrx_word' id='word_1_913' title='bbox 3742 4775 3858 4836; x_wconf 64' lang='lat' dir='ltr'><strong>qua?-</strong></span> 
     </span>
    </p>
   </div>
   <div class='ocr_carea' id='block_1_110' title="bbox 2323 4865 3855 4941">
    <p class='ocr_par' dir='ltr' id='par_1_110' title="bbox 2323 4865 3855 4941">
     <span class='ocr_line' id='line_1_110' title="bbox 2323 4865 3855 4941; baseline -0.016 -11"><span class='ocrx_word' id='word_1_914' title='bbox 2323 4877 2408 4931; x_wconf 92' lang='lat' dir='ltr'><strong>siti</strong></span> <span class='ocrx_word' id='word_1_915' title='bbox 2434 4890 2643 4938; x_wconf 88' lang='lat' dir='ltr'><strong>sumus;</strong></span> <span class='ocrx_word' id='word_1_916' title='bbox 2667 4875 2902 4929; x_wconf 91' lang='lat' dir='ltr'><strong>invenire</strong></span> <span class='ocrx_word' id='word_1_917' title='bbox 2918 4887 3013 4928; x_wconf 93' lang='lat' dir='ltr'><strong>vos</strong></span> <span class='ocrx_word' id='word_1_918' title='bbox 3035 4872 3300 4929; x_wconf 89' lang='lat' dir='ltr'><strong>volumus.</strong></span> <span class='ocrx_word' id='word_1_919' title='bbox 3318 4873 3441 4941; x_wconf 89' lang='lat' dir='ltr'><strong>quia</strong></span> <span class='ocrx_word' id='word_1_920' title='bbox 3469 4865 3658 4924; x_wconf 89' lang='lat' dir='ltr'><strong>inventi</strong></span> <span class='ocrx_word' id='word_1_921' title='bbox 3685 4866 3855 4941; x_wconf 68' lang='lat' dir='ltr'><strong>sumus.</strong></span> 
     </span>
    </p>
   </div>
   <div class='ocr_carea' id='block_1_111' title="bbox 2393 4939 3853 5035">
    <p class='ocr_par' dir='ltr' id='par_1_111' title="bbox 2393 4939 3853 5035">
     <span class='ocr_line' id='line_1_111' title="bbox 2393 4939 3853 5035; baseline -0.015 -15"><span class='ocrx_word' id='word_1_922' title='bbox 2393 4966 2485 5020; x_wconf 75' lang='lat'><strong>29..</strong></span> <span class='ocrx_word' id='word_1_923' title='bbox 2518 4966 2698 5035; x_wconf 86' lang='lat' dir='ltr'><strong>itaque</strong></span> <span class='ocrx_word' id='word_1_924' title='bbox 2722 4964 3010 5019; x_wconf 88' lang='lat' dir='ltr'><strong>Nathanael</strong></span> <span class='ocrx_word' id='word_1_925' title='bbox 3039 4979 3160 5018; x_wconf 91' lang='lat' dir='ltr'><strong>cum</strong></span> <span class='ocrx_word' id='word_1_926' title='bbox 3190 4939 3435 5027; x_wconf 64' lang='lat' dir='ltr'><strong>dixisset,</strong></span> <span class='ocrx_word' id='word_1_927' title='bbox 3466 4957 3610 5016; x_wconf 83' lang='lat' dir='ltr'><strong>Unde</strong></span> <span class='ocrx_word' id='word_1_928' title='bbox 3626 4967 3699 5007; x_wconf 84' lang='lat' dir='ltr'><strong>me</strong></span> <span class='ocrx_word' id='word_1_929' title='bbox 3715 4939 3853 5002; x_wconf 72' lang='lat' dir='ltr'><strong>nosti?</strong></span> 
     </span>
    </p>
   </div>
   <div class='ocr_carea' id='block_1_112' title="bbox 2324 5045 3855 5124">
    <p class='ocr_par' dir='ltr' id='par_1_112' title="bbox 2324 5045 3855 5124">
     <span class='ocr_line' id='line_1_112' title="bbox 2324 5045 3855 5124; baseline -0.012 -10"><span class='ocrx_word' id='word_1_930' title='bbox 2324 5060 2397 5114; x_wconf 90' lang='lat' dir='ltr'><strong>ait</strong></span> <span class='ocrx_word' id='word_1_931' title='bbox 2423 5059 2495 5112; x_wconf 92' lang='lat' dir='ltr'><strong>illi</strong></span> <span class='ocrx_word' id='word_1_932' title='bbox 2529 5059 2781 5112; x_wconf 86' lang='lat' dir='ltr'><strong>Dominus</strong></span> <span class='ocrx_word' id='word_1_933' title='bbox 2798 5099 2812 5124; x_wconf 92' lang='lat'><strong>,</strong></span> <span class='ocrx_word' id='word_1_934' title='bbox 2838 5056 3146 5124; x_wconf 86' lang='lat' dir='ltr'><strong>Priusquam</strong></span> <span class='ocrx_word' id='word_1_935' title='bbox 3167 5065 3216 5108; x_wconf 90' lang='lat' dir='ltr'><strong>te</strong></span> <span class='ocrx_word' id='word_1_936' title='bbox 3243 5062 3438 5108; x_wconf 77' lang='lat' dir='ltr'><strong>vocaret</strong></span> <span class='ocrx_word' id='word_1_937' title='bbox 3469 5048 3741 5117; x_wconf 75' lang='lat' dir='ltr'><strong>Philippus,</strong></span> <span class='ocrx_word' id='word_1_938' title='bbox 3763 5045 3855 5090; x_wconf 69' lang='lat' dir='ltr'><strong>cm</strong></span> 
     </span>
    </p>
   </div>
   <div class='ocr_carea' id='block_1_113' title="bbox 2325 5125 3853 5218">
    <p class='ocr_par' dir='ltr' id='par_1_113' title="bbox 2325 5125 3853 5218">
     <span class='ocr_line' id='line_1_113' title="bbox 2325 5125 3853 5218; baseline -0.014 -12"><span class='ocrx_word' id='word_1_939' title='bbox 2325 5168 2456 5206; x_wconf 86' lang='lat' dir='ltr'><strong>esses</strong></span> <span class='ocrx_word' id='word_1_940' title='bbox 2483 5151 2572 5204; x_wconf 85' lang='lat' dir='ltr'><strong>sub</strong></span> <span class='ocrx_word' id='word_1_941' title='bbox 2596 5151 2774 5203; x_wconf 87' lang='lat' dir='ltr'><strong>arbore</strong></span> <span class='ocrx_word' id='word_1_942' title='bbox 2826 5149 2930 5218; x_wconf 75' lang='lat' dir='ltr'><strong>fici,</strong></span> <span class='ocrx_word' id='word_1_943' title='bbox 2976 5149 3078 5201; x_wconf 79' lang='lat' dir='ltr'><strong>vidi</strong></span> <span class='ocrx_word' id='word_1_944' title='bbox 3111 5158 3176 5201; x_wconf 91' lang='lat' dir='ltr'><strong>te.</strong></span> <span class='ocrx_word' id='word_1_945' title='bbox 3228 5146 3273 5203; x_wconf 92' lang='grc' dir='ltr'>Ο</span> <span class='ocrx_word' id='word_1_946' title='bbox 3314 5158 3367 5202; x_wconf 86' lang='grc' dir='ltr'><strong>ιιι</strong></span> <span class='ocrx_word' id='word_1_947' title='bbox 3414 5140 3570 5200; x_wconf 88' lang='lat' dir='ltr'><strong>Israel</strong></span> <span class='ocrx_word' id='word_1_948' title='bbox 3609 5137 3715 5191; x_wconf 87' lang='lat' dir='ltr'><strong>sine</strong></span> <span class='ocrx_word' id='word_1_949' title='bbox 3737 5125 3853 5185; x_wconf 70' lang='lat' dir='ltr'><strong>dolo.</strong></span> 
     </span>
    </p>
   </div>
   <div class='ocr_carea' id='block_1_114' title="bbox 2325 5228 3858 5316">
    <p class='ocr_par' dir='ltr' id='par_1_114' title="bbox 2325 5228 3858 5316">
     <span class='ocr_line' id='line_1_114' title="bbox 2325 5228 3858 5316; baseline -0.007 -17"><span class='ocrx_word' id='word_1_950' title='bbox 2325 5243 2566 5316; x_wconf 80' lang='lat' dir='ltr'><strong>quisquis</strong></span> <span class='ocrx_word' id='word_1_951' title='bbox 2595 5258 2676 5309; x_wconf 91' lang='lat' dir='ltr'><strong>es,</strong></span> <span class='ocrx_word' id='word_1_952' title='bbox 2701 5260 2733 5296; x_wconf 89' lang='grc' dir='ltr'>ο</span> <span class='ocrx_word' id='word_1_953' title='bbox 2762 5243 2954 5313; x_wconf 91' lang='lat' dir='ltr'><strong>popnlc</strong></span> <span class='ocrx_word' id='word_1_954' title='bbox 2981 5242 3165 5296; x_wconf 88' lang='lat' dir='ltr'><strong>vivens</strong></span> <span class='ocrx_word' id='word_1_955' title='bbox 3191 5257 3255 5296; x_wconf 76' lang='lat' dir='ltr'><strong>ex</strong></span> <span class='ocrx_word' id='word_1_956' title='bbox 3287 5241 3409 5306; x_wconf 87' lang='lat' dir='ltr'><strong>lide,</strong></span> <span class='ocrx_word' id='word_1_957' title='bbox 3437 5243 3706 5302; x_wconf 87' lang='lat' dir='ltr'><strong>antequam</strong></span> <span class='ocrx_word' id='word_1_958' title='bbox 3727 5228 3858 5288; x_wconf 75' lang='grc' dir='ltr'>ιερετ</span> 
     </span>
    </p>
   </div>
   <div class='ocr_carea' id='block_1_115' title="bbox 2327 5321 3855 5406">
    <p class='ocr_par' dir='ltr' id='par_1_115' title="bbox 2327 5321 3855 5406">
     <span class='ocr_line' id='line_1_115' title="bbox 2327 5321 3855 5406; baseline -0.012 -14"><span class='ocrx_word' id='word_1_959' title='bbox 2327 5335 2610 5406; x_wconf 88' lang='lat' dir='ltr'><strong>Apostolos</strong></span> <span class='ocrx_word' id='word_1_960' title='bbox 2634 5350 2780 5390; x_wconf 90' lang='lat' dir='ltr'><strong>meos</strong></span> <span class='ocrx_word' id='word_1_961' title='bbox 2802 5350 3071 5395; x_wconf 77' lang='lat' dir='ltr'><strong>vocarent,</strong></span> <span class='ocrx_word' id='word_1_962' title='bbox 3100 5349 3220 5388; x_wconf 92' lang='lat' dir='ltr'><strong>cttm</strong></span> <span class='ocrx_word' id='word_1_963' title='bbox 3250 5348 3399 5389; x_wconf 88' lang='lat' dir='ltr'><strong>esses</strong></span> <span class='ocrx_word' id='word_1_964' title='bbox 3421 5329 3518 5384; x_wconf 89' lang='lat' dir='ltr'><strong>sub</strong></span> <span class='ocrx_word' id='word_1_965' title='bbox 3541 5321 3712 5380; x_wconf 77' lang='lat' dir='ltr'><strong>umbra</strong></span> <span class='ocrx_word' id='word_1_966' title='bbox 3737 5323 3855 5406; x_wconf 58' lang='grc' dir='ltr'>ιιιοις·</span> 
     </span>
    </p>
   </div>
   <div class='ocr_carea' id='block_1_116' title="bbox 2330 5397 3858 5502">
    <p class='ocr_par' dir='ltr' id='par_1_116' title="bbox 2330 5397 3858 5502">
     <span class='ocr_line' id='line_1_116' title="bbox 2330 5397 3858 5502; baseline -0.013 -20"><span class='ocrx_word' id='word_1_967' title='bbox 2330 5397 2418 5486; x_wconf 76' lang='lat' dir='ltr'><strong>tis.</strong></span> <span class='ocrx_word' id='word_1_968' title='bbox 2444 5437 2498 5482; x_wconf 89' lang='lat' dir='ltr'><strong>et</strong></span> <span class='ocrx_word' id='word_1_969' title='bbox 2519 5439 2572 5482; x_wconf 92' lang='grc' dir='ltr'><strong>ιιι</strong></span> <span class='ocrx_word' id='word_1_970' title='bbox 2591 5443 2675 5481; x_wconf 92' lang='lat' dir='ltr'><strong>me</strong></span> <span class='ocrx_word' id='word_1_971' title='bbox 2703 5443 2806 5481; x_wconf 91' lang='lat' dir='ltr'><strong>non</strong></span> <span class='ocrx_word' id='word_1_972' title='bbox 2829 5425 3056 5490; x_wconf 88' lang='lat' dir='ltr'><strong>videres,</strong></span> <span class='ocrx_word' id='word_1_973' title='bbox 3084 5440 3184 5496; x_wconf 79' lang='lat' dir='ltr'><strong>ego</strong></span> <span class='ocrx_word' id='word_1_974' title='bbox 3212 5434 3262 5479; x_wconf 90' lang='lat' dir='ltr'><strong>te</strong></span> <span class='ocrx_word' id='word_1_975' title='bbox 3284 5424 3408 5480; x_wconf 88' lang='lat' dir='ltr'><strong>vidi.</strong></span> <span class='ocrx_word' id='word_1_976' title='bbox 3438 5415 3679 5476; x_wconf 83' lang='lat' dir='ltr'><strong>Dominus</strong></span> <span class='ocrx_word' id='word_1_977' title='bbox 3699 5397 3858 5502; x_wconf 48' lang='lat' dir='ltr'><strong>deinde</strong></span> 
     </span>
    </p>
   </div>
   <div class='ocr_carea' id='block_1_117' title="bbox 2329 5497 3855 5593">
    <p class='ocr_par' dir='ltr' id='par_1_117' title="bbox 2329 5497 3855 5593">
     <span class='ocr_line' id='line_1_117' title="bbox 2329 5497 3855 5593; baseline 0 -13"><span class='ocrx_word' id='word_1_978' title='bbox 2329 5526 2456 5580; x_wconf 90' lang='lat' dir='ltr'><strong>dicit</strong></span> <span class='ocrx_word' id='word_1_979' title='bbox 2490 5526 2579 5580; x_wconf 87' lang='lat' dir='ltr'><strong>ei:</strong></span> <span class='ocrx_word' id='word_1_980' title='bbox 2618 5525 2792 5593; x_wconf 65' lang='lat' dir='ltr'><strong>«Quia</strong></span> <span class='ocrx_word' id='word_1_981' title='bbox 2821 5525 2930 5579; x_wconf 75' lang='lat' dir='ltr'><strong>dixi</strong></span> <span class='ocrx_word' id='word_1_982' title='bbox 2973 5525 3086 5591; x_wconf 91' lang='lat' dir='ltr'><strong>tibi,</strong></span> <span class='ocrx_word' id='word_1_983' title='bbox 3136 5525 3252 5580; x_wconf 78' lang='lat' dir='ltr'><strong>Vldi</strong></span> <span class='ocrx_word' id='word_1_984' title='bbox 3308 5535 3360 5581; x_wconf 83' lang='lat' dir='ltr'><strong>te</strong></span> <span class='ocrx_word' id='word_1_985' title='bbox 3401 5522 3499 5576; x_wconf 88' lang='lat' dir='ltr'><strong>sub</strong></span> <span class='ocrx_word' id='word_1_986' title='bbox 3536 5513 3712 5571; x_wconf 74' lang='lat' dir='ltr'><strong>arbore</strong></span> <span class='ocrx_word' id='word_1_987' title='bbox 3758 5497 3855 5593; x_wconf 53' lang='lat' dir='ltr'><strong>“fit</strong></span> 
     </span>
    </p>
   </div>
   <div class='ocr_carea' id='block_1_118' title="bbox 2329 5583 3858 5695">
    <p class='ocr_par' dir='ltr' id='par_1_118' title="bbox 2329 5583 3858 5695">
     <span class='ocr_line' id='line_1_118' title="bbox 2329 5583 3858 5695; baseline -0.013 -22"><span class='ocrx_word' id='word_1_988' title='bbox 2329 5619 2504 5673; x_wconf 76' lang='lat' dir='ltr'><strong>eri-dis</strong></span> <span class='ocrx_word' id='word_1_989' title='bbox 2524 5635 2536 5672; x_wconf 90' lang='lat'><strong>:</strong></span> <span class='ocrx_word' id='word_1_990' title='bbox 2557 5583 2726 5686; x_wconf 59' lang='lat' dir='ltr'><strong>majtis</strong></span> <span class='ocrx_word' id='word_1_991' title='bbox 2755 5617 2835 5672; x_wconf 87' lang='lat' dir='ltr'><strong>ltis</strong></span> <span class='ocrx_word' id='word_1_992' title='bbox 2857 5583 3085 5674; x_wconf 52' lang='lat' dir='ltr'><strong>videbis:</strong></span> <span class='ocrx_word' id='word_1_993' title='bbox 3111 5637 3130 5667; x_wconf 72' lang='grc' dir='ltr'><strong>ι</strong></span> <span class='ocrx_word' id='word_1_994' title='bbox 3161 5619 3296 5687; x_wconf 84' lang='lat' dir='ltr'><strong>Quid</strong></span> <span class='ocrx_word' id='word_1_995' title='bbox 3321 5625 3404 5674; x_wconf 78' lang='lat' dir='ltr'><strong>est</strong></span> <span class='ocrx_word' id='word_1_996' title='bbox 3433 5613 3548 5672; x_wconf 92' lang='lat' dir='ltr'><strong>hoc,</strong></span> <span class='ocrx_word' id='word_1_997' title='bbox 3575 5622 3595 5658; x_wconf 78' lang='grc' dir='ltr'><strong>ι</strong></span> <span class='ocrx_word' id='word_1_998' title='bbox 3621 5583 3858 5695; x_wconf 45' lang='lat' dir='ltr'><strong>inniti???</strong></span> 
     </span>
    </p>
   </div>
   <div class='ocr_carea' id='block_1_119' title="bbox 2333 5675 3859 5778">
    <p class='ocr_par' dir='ltr' id='par_1_119' title="bbox 2333 5675 3859 5778">
     <span class='ocr_line' id='line_1_119' title="bbox 2333 5675 3859 5778; baseline -0.017 -10"><span class='ocrx_word' id='word_1_999' title='bbox 2333 5712 2572 5768; x_wconf 77' lang='lat' dir='ltr'><strong>videbis?</strong></span> <span class='ocrx_word' id='word_1_1000' title='bbox 2601 5675 2668 5766; x_wconf 73' lang='grc' dir='ltr'>Εἰ</span> <span class='ocrx_word' id='word_1_1001' title='bbox 2686 5712 2815 5767; x_wconf 86' lang='lat' dir='ltr'><strong>dicit</strong></span> <span class='ocrx_word' id='word_1_1002' title='bbox 2842 5711 2892 5767; x_wconf 92' lang='lat' dir='ltr'><strong>ei</strong></span> <span class='ocrx_word' id='word_1_1003' title='bbox 2917 5729 2930 5765; x_wconf 89' lang='lat'><strong>:</strong></span> <span class='ocrx_word' id='word_1_1004' title='bbox 2958 5714 3150 5778; x_wconf 83' lang='lat' dir='ltr'><strong>Amen,</strong></span> <span class='ocrx_word' id='word_1_1005' title='bbox 3172 5675 3345 5768; x_wconf 49' lang='lat' dir='ltr'><strong>amen</strong></span> <span class='ocrx_word' id='word_1_1006' title='bbox 3371 5707 3489 5764; x_wconf 83' lang='lat' dir='ltr'><strong>dico</strong></span> <span class='ocrx_word' id='word_1_1007' title='bbox 3510 5695 3668 5756; x_wconf 86' lang='lat' dir='ltr'><strong>vobis,</strong></span> <span class='ocrx_word' id='word_1_1008' title='bbox 3696 5675 3859 5739; x_wconf 61' lang='lat' dir='ltr'><strong>videi?“</strong></span> 
     </span>
    </p>
   </div>
   <div class='ocr_carea' id='block_1_120' title="bbox 2397 5799 3861 5894">
    <p class='ocr_par' dir='ltr' id='par_1_120' title="bbox 2397 5799 3861 5894">
     <span class='ocr_line' id='line_1_120' title="bbox 2397 5799 3861 5894; baseline -0.003 -16"><span class='ocrx_word' id='word_1_1009' title='bbox 2397 5825 2415 5861; x_wconf 78' lang='grc'>⁸</span> <span class='ocrx_word' id='word_1_1010' title='bbox 2438 5831 2545 5878; x_wconf 82' lang='lat' dir='ltr'><strong>ttss.</strong></span> <span class='ocrx_word' id='word_1_1011' title='bbox 2569 5825 2721 5878; x_wconf 84' lang='lat' dir='ltr'><strong>nostri</strong></span> <span class='ocrx_word' id='word_1_1012' title='bbox 2741 5836 2913 5879; x_wconf 84' lang='lat' dir='ltr'><strong>omnes</strong></span> <span class='ocrx_word' id='word_1_1013' title='bbox 2932 5827 3188 5891; x_wconf 84' lang='lat' dir='ltr'><strong>omittunt,</strong></span> <span class='ocrx_word' id='word_1_1014' title='bbox 3210 5838 3355 5894; x_wconf 84' lang='lat' dir='ltr'><strong>quam</strong></span> <span class='ocrx_word' id='word_1_1015' title='bbox 3377 5830 3429 5877; x_wconf 84' lang='lat' dir='ltr'><strong>tu</strong></span> <span class='ocrx_word' id='word_1_1016' title='bbox 3447 5823 3555 5874; x_wconf 65' lang='lat' dir='ltr'><strong>eam</strong></span> <span class='ocrx_word' id='word_1_1017' title='bbox 3579 5799 3861 5884; x_wconf 50' lang='grc' dir='ltr'><strong>ωθποκσθ</strong></span> 
     </span>
    </p>
   </div>
  </div>
