4036 6390
256 343 383 409 tua
1457 358 1870 428 TRAC'I’ATUS
1905 368 2042 430 vnt.
2088 366 2312 438 CAPUT
2361 383 2426 440 ιι.

252 465 310 519 tis
328 463 513 520 coelum
539 473 811 538 apertum.
837 475 890 522 et
937 467 1166 539 Angelos
1217 473 1569 532 ascendentes
1621 489 1674 536 et
1722 481 1820 537 de-

245 556 539 611 scendentes
549 572 715 626 super
733 557 918 612 Filium
940 561 1185 616 hominis.
1201 583 1219 614 ι
1241 563 1475 634 Fratres,
1495 571 1812 643 nescioquid

245 649 397 716 majus
414 647 538 709 dixi,
560 663 726 718 quam
753 659 852 711 est.
879 654 970 706 sub
989 652 1168 708 arbore
1186 656 1270 724 ﬁci
1297 657 1399 711 vidi
1423 669 1488 713 te.
1520 659 1645 717 Plus
1662 665 1808 720 enim

238 751 308 796 est
356 739 492 809 quod
545 755 650 796 nos
704 744 956 799 Dominus
994 758 1212 819 meatus
1263 748 1591 819 justtlicavit,
1645 771 1806 827 quam

235 832 360 901 quod
387 830 512 884 vidit
530 831 782 899 jacentes
803 836 900 889 sub
927 837 1111 892 umbra
1143 842 1350 896 mOrtis.
1381 844 1518 912 Quid
1543 848 1684 903 enim
1708 865 1804 904 no-

233 922 305 977 bis
349 922 598 993 proderat
642 924 689 978 si
738 925 804 980 ibi
849 931 1314 998 remansissemus,
1365 935 1453 990 ubi
1487 952 1587 992 nos
1640 939 1809 995 vidit?

230 1013 475 1086 Numquid
496 1031 602 1070 neu
619 1015 961 1086 jaceretnus?
980 1021 1116 1089 Quid
1138 1034 1217 1079 est
1243 1025 1343 1081 hoc
1359 1028 1563 1098 majus?
1583 1030 1806 1099 Quando

228 1107 435 1164 vidimus
477 1113 719 1180 Angelos
764 1113 1114 1172 ascendentes
1151 1125 1208 1173 et
1233 1118 1620 1180 descendentes
1641 1141 1805 1198 super

231 1198 402 1253 Filium
433 1199 673 1254 hominis
689 1203 719 1257 ?‘

283 1288 366 1345 25.
403 1288 522 1344 Jam
543 1290 838 1362 aliquando
860 1293 929 1350 de
957 1293 1041 1352 his
1065 1297 1471 1356 ascendentibus
1494 1311 1549 1358 et
1572 1302 1796 1361 descen-

225 1378 454 1434 dentibus
481 1381 710 1450 Angelis
737 1382 1008 1450 dixeram;
1039 1387 1132 1442 sed
1156 1403 1223 1443 ne
1249 1388 1395 1443 obliti
1418 1389 1644 1459 fueritis,
1672 1395 1798 1450 bre-

223 1469 344 1524 viter
365 1467 487 1525 dico
509 1480 768 1542 utiquam
792 1487 1255 1532 commemorans:
1283 1479 1515 1548 pluribus
1540 1485 1686 1538 enim
1714 1485 1796 1539 di-

221 1576 378 1618 errem
405 1563 449 1616 si
481 1579 589 1617 non
615 1579 1120 1633 annnmnwrarem,
1142 1569 1234 1623 sed
1258 1570 1417 1626 modo
1443 1573 1789 1632 insinuarem.

221 1649 385 1708 Scalas
424 1652 553 1708 vidit
579 1653 756 1710 Jacob
799 1671 896 1726 per
943 1660 1236 1722 somnium.
1283 1671 1336 1717 et
1379 1662 1431 1717 in
1471 1663 1602 1734 ipsis
1629 1669 1792 1724 scalis

221 1745 337 1800 vidit
372 1747 604 1816 Angelos
634 1749 991 1805 ascendentes
1018 1761 1071 1804 et
1112 1751 1531 1821 descendentes;
1562 1768 1618 1813 et
1655 1759 1789 1831 lapi-

217 1837 324 1902 dem
345 1855 498 1909 quetn
518 1840 624 1896 sibi
658 1853 907 1912 posuerat
935 1844 1001 1897 ad
1027 1857 1206 1914 caput,
1230 1848 1379 1902 unxit
1413 1848 1563 1917 (Gen.
1595 1867 1784 1918 xxvnt,

222 1933 406 2003 ιιι-ιε).
436 1934 680 1991 Audistis
722 1935 846 2004 quia
875 1934 1094 1991 Messias
1122 1937 1367 1994 Christus
1410 1952 1511 2005 est,
1565 1944 1789 2000 audistis

219 2027 332 2099 quia
354 2038 532 2082 unctus
565 2025 820 2082 Christus
867 2037 970 2082 est.
1003 2026 1118 2083 Non
1149 2030 1288 2083 enim
1339 2031 1415 2087 sic
1444 2035 1617 2102 posuit
1645 2035 1782 2105 lapi-

223 2116 336 2173 dctn
358 2126 578 2184 unctum,
615 2129 672 2173 ut
695 2117 899 2173 veniret
945 2127 999 2173 et
1039 2118 1283 2176 adoraret
1308 2138 1322 2177 :
1351 2123 1582 2193 alioquin
1613 2126 1784 2182 idolo—

220 2207 357 2264 latria
393 2219 550 2271 esset.
586 2224 701 2265 non
741 2209 1059 2280 signiﬁcatio
1102 2211 1318 2266 Christi.
1349 2211 1504 2269 Facta
1535 2225 1618 2270 est
1654 2233 1784 2289 ergo

1932 495 2017 542 tes
2041 503 2243 558 smnus,
2273 496 2422 553 vobis
2449 517 2468 551 ι
2496 500 2566 570 (ll
2590 503 2706 562 Cor.
2733 524 2786 572 ν,
2826 512 2937 579 I3).
2983 517 3120 587 Quid
3147 531 3248 592 est,
3278 546 3298 580 ι
3326 545 3514 595 mente

1927 583 2275 646 excrssitnus.
2299 587 2469 643 Deo?»
2500 593 2566 649 Ut
2587 596 2672 651 illa
2689 599 2962 661 videamus
2989 627 3136 680 «quae
3153 632 3257 670 non
3275 621 3396 678 licet
3412 624 3513 682 ho-

1925 668 2052 723 miui
2089 671 2251 744 loqui.
2282 695 2303 730 υ
2333 679 2470 749 Quid
2510 695 2611 747 est.
2643 706 2662 739 ς
2699 668 3056 765 temperantes
3085 718 3288 775 sumus,
3325 715 3513 774 vobis!

1920 758 2184 835 Numquid
2205 769 2439 839 judicavi
2464 794 2548 834 me
2571 782 2768 853 aliquid
2799 790 2937 846 scire
2965 796 3102 850 inter
3129 813 3243 863 vos.
3287 807 3385 862 nisi
3421 808 3508 868 Je-

1917 867 2036 910 sum
2074 859 2368 931 Chi-istum,
2414 878 2467 923 et
2501 870 2641 928 hunc
2682 879 2992 938 crncilisnm
3024 906 3042 937 ι
3073 888 3094 958 (
3113 887 3129 942 Ι
3162 859 3280 946 (lor.
3311 859 3384 961 n,
3408 859 3508 972 23'!

1918 944 1973 972 αι
2006 947 2114 972 2ης..
2165 953 2233 972 ιι.-
2301 955 2312 968 ο
2636 964 2667 972 ,,
2840 970 2849 972 ,
3014 964 3033 970 -

1918 944 1975 1000 Si
2005 947 2117 1017 ipse
2165 953 2420 1012 Dominus
2453 964 2694 1020 ascendit
2722 977 2780 1023 et
2819 944 3137 1044 descendit;
3162 944 3504 1049 manifestum

1914 1049 1997 1094 est
2021 1043 2140 1111 quia
2170 1055 2224 1100 et
2255 1051 2632 1116 praedicatores
2661 1059 2826 1129 ipsius
2847 1043 3144 1128 ascendunt
3170 1074 3503 1151 imitatione,

1917 1128 2037 1151 Α---
2080 1150 2084 1151 ν
2131 1133 2143 1151 ι
2227 1147 2237 1151 -
2399 1141 2430 1151 --
2526 1147 2536 1151 -

1911 1128 2244 1190 descendunt
2271 1141 2646 1207 praedicitione
2659 1188 2674 1202 .

1980 1222 2069 1276 24.
2113 1226 2178 1279 Et
2209 1228 2253 1280 si
2291 1230 2559 1302 aliquanto
2602 1254 2697 1294 vos
2735 1243 2934 1302 diutius
2962 1253 3252 1325 tenuimus,
3280 1266 3502 1324 consilii

1908 1311 2006 1367 fuit
2048 1326 2106 1371 ιιι
2155 1320 2468 1392 importuna:
2500 1329 2643 1387 hora:
2673 1339 2959 1397 transirent
2999 1349 3364 1411 :arhitramur
3383 1358 3497 1428 jam

1909 1400 2160 1428 :II....l—-
2208 1413 2274 1428 μ’
2499 1419 2511 1428 ⁸

1907 1400 2027 1457 illos
2055 1407 2070 1437 ¹
2101 1413 2366 1480 [ιιξιῡείεδο
2395 1419 2676 1476 vanitatem
2704 1442 2874 1482 suam.
2904 1432 3010 1487 Nos
3036 1449 3212 1496 autem
3232 1483 3250 1510 ,
3282 1400 3499 1520 [ηιξεῇ

1907 1497 2114 1520 ι........Ι-
2166 1505 2295 1520 _-_.-
2660 1514 2689 1520 ,Α

1904 1497 2119 1564 quando
2164 1505 2297 1570 pasti
2342 1521 2526 1563 sumus
2552 1514 2722 1581 epulis
2745 1519 3098 1592 salutaribus,
3131 1545 3249 1600 quae
3293 1497 3498 1599 restant

1901 1599 2142 1656 agamus,
2173 1602 2228 1646 ιιι
2252 1593 2392 1651 diem
2420 1598 2740 1658 dominicum
2770 1610 3080 1671 solemnitcr
3105 1619 3418 1693 impleamus
3436 1631 3494 1688 in

1898 1683 2104 1750 gaudiis
2129 1687 2486 1756 spiritualibus
2503 1736 2520 1758 ,
2549 1704 2604 1750 et
2629 1711 2998 1769 comparemus
3021 1683 3210 1779 gaudia
3243 1720 3484 1780 veritatis

1897 1785 2018 1826 cum
2050 1776 2256 1844 gaudiis
2285 1783 2530 1839 vanitatis
2561 1803 2575 1840 :
2606 1797 2660 1842 et
2694 1792 2737 1845 si
2769 1776 3079 1862 horremus,
3105 1802 3410 1877 doleamus;
3438 1813 3490 1871 si

1896 1861 2138 1921 dolemus
2158 1909 2173 1930 ,
2194 1883 2442 1939 oremus;
2465 1876 2508 1930 si
2531 1893 2767 1950 oramus,
2798 1887 3174 1962 esaudiamur;
3199 1896 3245 1952 si
3266 1901 3488 1958 exaudi-

1896 1968 2036 2024 mur,
2065 1967 2122 2013 et
2146 1960 2267 2016 illos
2295 1954 2582 2023 lucramur.

2388 2076 2798 2142 TIlACTA'l'US
2849 2088 2983 2147 VIII.

1891 2176 1968 2230 Ab
1990 2195 2048 2234 eo
2074 2179 2336 2255 Evangelii
2361 2189 2470 2245 loco
2490 2234 2505 2256 ,
2535 2193 2602 2250 Et
2638 2196 2726 2252 die
2757 2202 2906 2255 tertia
2950 2209 3146 2276 nuptiae
3177 2210 3326 2270 facta:
3352 2227 3484 2276 sunt

218 2299 536 2369 signiﬁcatio,
563 2316 677 2372 quo
706 2316 875 2371 usque
901 2302 1134 2371 oportuit
1164 2303 1274 2358 tieri
1303 2305 1741 2375 signiﬁcationem
1762 2353 1778 2378 ,

217 2399 265 2446 et
286 2391 600 2463 significatus
631 2403 712 2448 est
735 2391 997 2448 Christus.
1026 2393 1180 2462 Lapis
1212 2405 1399 2450 unctus
1418 2438 1434 2464 ,
1463 2399 1557 2454 sed
1591 2415 1694 2456 non
1727 2401 1780 2458 in

218 2481 414 2539 idolum.
439 2483 602 2555 Lapis
629 2493 818 2539 unctus
842 2502 858 2539 :
885 2485 1018 2555 lapis
1043 2489 1243 2556 quare?
1269 2488 1398 2542 Ecce
1423 2507 1553 2557 pono
1579 2493 1630 2547 in
1652 2493 1781 2551 Sion

217 2573 408 2642 lapidem
432 2574 648 2630 electum
668 2615 685 2641 ,
715 2577 986 2646 pretiosum
1005 2618 1021 2640 ,
1049 2587 1095 2631 et
1123 2577 1210 2645 qui
1241 2579 1507 2634 crediderit
1535 2583 1587 2636 in
1607 2583 1775 2651 illum,

217 2681 305 2719 non
323 2668 656 2739 confundetur
685 2666 838 2739 (Isai.
863 2684 1020 2723 xxvtn
1040 2712 1054 2731 .
1084 2671 1180 2734 Ili;
1206 2669 1228 2725 I
1258 2670 1396 2726 Patr.
1417 2691 1482 2737 ιι,
1505 2674 1583 2746 6).
1601 2676 1778 2744 Quare

216 2757 415 2811 unctus?
440 2761 582 2825 Quia
607 2758 850 2814 Christus
888 2775 918 2812 a
944 2759 1251 2815 chrismate.
1279 2763 1412 2832 Quid
1447 2778 1625 2822 autem
1648 2767 1778 2824 vidit

219 2839 389 2904 tumin
412 2851 614 2906 scalis?
641 2850 1003 2907 Asceudentes
1028 2861 1082 2906 et
1109 2852 1492 2912 descendentes
1517 2859 1771 2928 Angelos.

215 2939 290 2998 Sic
313 2953 388 2999 est
411 2956 463 3000 et
501 2946 736 3002 Ecclesia
758 2987 774 3011 ,
805 2944 996 3000 fzatres
1023 2963 1036 2999 :
1064 2947 1251 3016 Angeli
1282 2949 1392 3013 Dei,
1424 2951 1545 3006 boni
1575 2954 1768 3021 prtedi-

218 3045 419 3100 catores.
445 3038 802 3108 praedicantes
820 3037 1118 3102 Christum;
1145 3036 1246 3094 hoc
1270 3049 1374 3106 est,
1399 3055 1558 3111 super
1577 3043 1772 3100 Filium

217 3124 417 3184 hominis
458 3129 757 3184 ascendunt
785 3139 840 3183 et
877 3128 1224 3184 descendunt.
1270 3130 1548 3199 Quomodo
1587 3151 1774 3192 ascen-

216 3218 357 3286 dtm't,
405 3233 458 3278 et
515 3221 782 3292 quomodo
822 3220 1188 3276 descendunt?
1230 3223 1306 3278 Ex
1360 3240 1466 3280 uno
1515 3226 1772 3287 habemus

216 3314 488 3384 exemplum
522 3332 534 3367 :
563 3314 683 3368 audi
730 3315 1028 3382 apostolum
1077 3313 1330 3378 Paulum;
1362 3318 1500 3387 quod
1553 3320 1604 3374 in
1654 3320 1770 3388 ipso

217 3400 550 3460 invenerimus
568 3447 582 3468 ,
614 3405 713 3458 hoc
741 3403 809 3459 de
840 3405 1050 3459 caeteris
1072 3405 1306 3459 Veritatis
1335 3408 1769 3476 pnedicatoribus

216 3495 490 3553 credamus.
528 3497 658 3553 Vide
696 3497 913 3552 Paulum
939 3497 1312 3553 ascendentem
1337 3516 1350 3552 :
1380 3518 1399 3551 ι
1432 3502 1554 3556 Scio
1596 3503 1770 3558 homi-

218 3596 320 3640 nem
367 3588 416 3642 iu
462 3587 677 3642 Christo
719 3597 844 3641 ante
892 3602 1060 3642 annos
1101 3589 1504 3658 'quatuordecitn
1556 3606 1765 3665 raptum

217 3673 352 3734 luisse
377 3694 546 3748 usque
569 3679 622 3732 in
654 3679 864 3733 tertium
882 3680 1078 3751 cmlum
1100 3721 1116 3744 ,
1147 3681 1259 3736 sive
1289 3682 1339 3734 iu
1365 3698 1622 3753 corpore,
1655 3686 1767 3743 sive

216 3780 340 3825 extra
366 3789 560 3843 coquus
586 3772 799 3833 nescio,
835 3771 973 3825 Deus
998 3773 1098 3825 scit
1121 3789 1134 3824 :
1159 3783 1216 3827 et
1239 3774 1451 3832 audisse
1482 3777 1763 3834 ineffabilia

215 3863 350 3918 verba
373 3879 492 3935 quse
536 3880 643 3920 non
674 3863 795 3919 liuet
827 3862 1024 3918 homini
1058 3864 1196 3934 loqui
1236 3883 1255 3916 ι
1287 3863 1352 3937 (ll
1378 3865 1493 3920 Cor.
1511 3868 1762 3942 sn,2-4).

215 3953 582 4013 Ast-cadentem
597 3955 840 4020 audistis,
852 3955 1261 4012 descendentem
1279 3957 1475 4013 audite.
1489 3978 1507 4010 ι
1532 3961 1644 4016 Non
1662 3977 1762 4031 po-

214 4047 418 4118 tttiloqui
435 4049 582 4104 vobis
596 4046 747 4118 quasi
763 4047 1143 4117 spiritualibns,
1158 4048 1250 4104 sed
1271 4049 1419 4118 quasi
1431 4053 1756 4107 carnalibus:

214 4142 340 4206 quasi
361 4139 587 4211 parvtdis
633 4138 686 4192 in
713 4137 925 4196 Christo
953 4139 1031 4192 lac
1070 4138 1217 4194 vobis
1248 4149 1425 4208 potum
1466 4141 1610 4208 dedi,
1654 4158 1758 4199 non

215 4241 369 4288 escam
400 4251 420 4284 ι
445 4229 484 4303 (1
512 4230 631 4286 Cor.
664 4245 740 4291 nt.
773 4230 824 4290 l.
855 4229 938 4301 2).
983 4229 1118 4284 Ecce
1158 4228 1432 4285 descendit
1457 4231 1547 4301 qui
1572 4247 1761 4288 ascen-

215 4320 359 4381 derat.
382 4324 568 4392 Quzere
590 4337 697 4394 quo
716 4322 1048 4377 ascenderat.
1080 4321 1249 4391 Usque
1267 4322 1319 4377 in
1341 4326 1535 4378 tertium
1556 4326 1754 4380 cazlum.

215 4412 376 4480 Quare
405 4434 509 4488 quo
532 4414 890 4476 descenderit.
933 4411 1101 4480 Usque
1127 4414 1194 4466 ad
1239 4413 1319 4470 (ac
1358 4416 1582 4486 parvulis
1626 4416 1756 4472 dan-

217 4507 331 4564 dum.
383 4509 516 4566 Audi
557 4510 679 4578 quia
730 4505 1054 4566 descendit:
1091 4504 1280 4560 Factus
1327 4524 1436 4561 sum
1492 4509 1752 4578 parrulus,

217 4597 386 4670 inquit,
409 4603 462 4656 iu
481 4599 646 4654 audio
671 4609 910 4661 vestrum,
942 4609 1177 4668 tauquam
1204 4598 1247 4650 si
1291 4601 1466 4653 nutrix
1496 4604 1658 4670 foveat
1687 4603 1752 4669 ﬁ—

215 4687 478 4758 liorum“
499 4689 677 4749 Thess.
703 4705 760 4751 tt,
791 4689 867 4758 7).
904 4685 1153 4741 Videmus
1182 4689 1323 4742 enim
1352 4699 1407 4744 et
1451 4691 1681 4746 nutriCes
1702 4699 1756 4746 et

215 4790 381 4839 matres
403 4782 724 4838 descendere
762 4779 832 4842 ad
877 4777 1128 4848 parvulos
1156 4796 1169 4832 :
1198 4789 1252 4834 et
1297 4780 1340 4832 si
1373 4791 1568 4836 norunt
1593 4781 1752 4839 latina

217 4875 550 4934 ‘erhadicere.
575 4874 858 4930 decurtaut
885 4871 996 4936 illa,
1019 4879 1074 4924 ct
1092 4881 1344 4941 quassant
1361 4873 1753 4941 quodammodo

216 4960 411 5035 linguam
435 4980 611 5024 suam,
638 4973 692 5018 ut
721 4962 922 5032 possint
947 4961 1013 5016 de
1045 4962 1215 5032 lingua
1241 4962 1435 5017 diserta
1468 4962 1578 5018 fieri
1606 4963 1754 5019 blan-

214 5054 406 5119 dimenta
423 5057 644 5129 puerilia
665 5073 678 5120 ;
702 5055 825 5126 quia
856 5055 897 5108 si
928 5055 1006 5108 sic
1035 5053 1229 5118 dicant,
1256 5069 1359 5108 non
1388 5055 1532 5109 audit
1557 5055 1748 5122 infans,

215 5145 288 5201 ted
313 5164 399 5204 nec
427 5148 632 5218 prolicit
679 5144 872 5200 infans.
925 5142 993 5197 Et
1039 5143 1269 5199 disertos
1294 5144 1484 5220 aliquis
1512 5157 1679 5215 pater,
1705 5148 1751 5202 si

213 5237 449 5298 ﬁrmatus
472 5250 655 5300 orator
681 5247 738 5302 ut
759 5237 946 5308 lingua
988 5235 1127 5287 illius
1172 5233 1284 5288 fora
1330 5249 1674 5308 concrepem,
1698 5249 1753 5294 et

215 5328 456 5386 tribunalia
494 5327 898 5394 ementiuntur;
944 5325 986 5378 si
1029 5324 1216 5378 haheat
1256 5328 1526 5394 parvulum
1562 5326 1747 5393 filium,

193 5431 314 5474 eum
345 5420 406 5476 ad
429 5421 645 5478 domum
678 5417 915 5476 redierit.
950 5417 1161 5486 seponit
1193 5415 1456 5471 forensem
1497 5419 1750 5488 eloquen-

215 5510 447 5582 tiamque
469 5510 836 5578 aget-tulerat,
859 5518 922 5584 et‘
948 5509 1122 5580 lingua
1165 5510 1348 5579 puerili
1378 5509 1654 5565 descendit
1683 5510 1747 5567 ad

215 5604 474 5670 prmium.
499 5603 634 5668 Audi
676 5601 943 5676 nuolloco
985 5602 1158 5671 ipsum
1195 5602 1508 5682 Apostolum
1559 5617 1749 5658 ascen-

215 5689 394 5752 ductem
421 5705 474 5751 et
508 5691 959 5760 descendentem,
1009 5693 1060 5744 in
1093 5708 1192 5744 una
1223 5692 1485 5745 sententia
1518 5707 1533 5746 :
1572 5711 1590 5744 ι
1625 5692 1750 5750 Sive

218 5783 353 5854 uim,
364 5767 551 5857 inquit,
580 5794 758 5840 mente
782 5784 1131 5860 excessimus,
1156 5782 1264 5837 Deo
1284 5783 1426 5839 :sive
1445 5792 1744 5854 temperan-

451 5877 678 5942 Ssttc'r.
717 5878 987 5937 Auocs'r.
1017 5876 1122 5937 III.

1963 2268 2015 2323 in
2046 2269 2188 2326 Cani
2210 2275 2466 2345 Galilaxe;
2498 2300 2652 2355 usque
2667 2291 2737 2342 ad
2755 2290 2828 2356 id,
2855 2293 2991 2359 Quid
3021 2268 3146 2354 inihi
3169 2313 3222 2356 et
3253 2268 3478 2378 tibi—est;

1961 2363 2190 2419 mulier?
2214 2370 2446 2426 nondum
2476 2377 2620 2432 venit
2649 2378 2774 2436 hora
2801 2400 2937 2439 mea.
2978 2388 3104 2461 Cap.
3135 2408 3191 2458 n,
3235 2395 3270 2465 ᾗ
3295 2437 3307 2450 .
3353 2363 3475 2458 ιοιί

1964 2494 2014 2549 1.
2041 2495 2345 2556 Miraculnm
2374 2507 2584 2574 quidem
2621 2511 2829 2570 Domini
2870 2522 3039 2575 nostri
3084 2523 3211 2582 Jesu
3236 2529 3474 2605 Christi,

1887 2598 1995 2654 quo
2021 2586 2088 2642 de
2127 2604 2259 2660 aqua
2289 2595 2466 2651 vinum
2500 2599 2652 2668 fecit,
2688 2621 2792 2661 non
2818 2618 2901 2664 est
2933 2613 3124 2670 mirum
3152 2623 3230 2674 eis
3257 2625 3344 2693 qui
3371 2642 3476 2682 no-

1887 2686 2074 2732 verunt
2101 2682 2221 2748 quia
2257 2683 2393 2740 Deus
2421 2686 2561 2744 fecit.
2593 2691 2712 2764 Ipse
2737 2699 2879 2753 enim
2914 2700 3037 2758 fecit
3068 2707 3243 2764 vinum
3272 2682 3364 2768 illo
3383 2715 3474 2773 die

1885 2765 1939 2820 in
1967 2771 2162 2841 nuptiis
2188 2772 2239 2827 in
2266 2789 2356 2831 sex
2387 2778 2491 2833 illis
2519 2781 2753 2853 bydriis,
2785 2805 2918 2858 quas
2943 2792 3148 2864 impleri
3176 2765 3472 2875 aqttapr;

1884 2859 2025 2926 cepit
2051 2860 2226 2930 (Joan.
2257 2881 2291 2919 ιι
2311 2906 2327 2932 ,
2359 2868 2515 2940 6-H)
2535 2911 2551 2937 ,
2574 2874 2666 2945 qui
2693 2879 2837 2933 omni
2864 2897 3006 2937 armo
3020 2859 3156 2944 Ifacit
3181 2859 3469 2954 hoe'it't‘vi-

1884 2948 2045 3006 tibus.
2072 2951 2218 3010 Sient
2243 2958 2385 3013 euim
2413 2963 2554 3031 quod
2589 2968 2846 3027 miserunt
2871 2975 3096 3035 ministri
3127 2981 3180 3036 in
3216 2984 3429 3058 hydrias
3447 3033 3472 3058 ,

1881 3039 1934 3094 in
1967 3043 2144 3098 vinum
2181 3062 2498 3107 conversum
2536 3065 2618 3110 est
2643 3073 2804 3127 opere
2847 3063 3088 3134 Domini;
3124 3073 3201 3127 sic
3227 3039 3284 3130 eat
3321 3080 3470 3149 quod

1880 3133 2046 3187 nubes
2076 3133 2329 3206 fundunt,
2362 3140 2414 3195 in
2455 3143 2632 3200 vinum
2674 3155 3003 3210 Convenitur
3038 3133 3276 3228 ejusdem

1880 3220 2108 3279 Domini.
2140 3225 2269 3283 Illud
2295 3244 2608 3293 autemnon
2653 3242 2925 3313 miramur,
2969 3251 3088 3320 quia
3134 3259 3278 3312 omni
3323 3220 3468 3321 arnno

1881 3314 1938 3368 fit
1962 3332 1974 3367 :
2001 3317 2310 3378 assiduitate
2329 3328 2506 3382 amisit
2534 3330 2960 3393 admirationem.
2987 3314 3120 3398 Nam
3142 3358 3198 3401 et
3214 3351 3465 3411 conside-

1877 3406 2138 3463 rationem
2168 3413 2421 3482 majorem
2455 3418 2688 3486 invenit,
2720 3441 2876 3493 quam
2907 3427 2960 3482 id
2988 3435 3128 3501 quod
3159 3435 3356 3496 factum
3374 3406 3466 3501 est

1876 3494 1928 3548 itt
1961 3495 2162 3569 hydriis
2209 3518 2381 3573 aquai.
2410 3506 2539 3573 Quis
2562 3522 2644 3565 est
2668 3515 2809 3569 enim
2839 3520 2926 3587 qtti
2960 3494 3263 3583 considerat
3298 3545 3464 3601 opera

1881 3583 2005 3653 Dei,
2031 3591 2223 3659 quibus
2264 3595 2464 3665 regitur
2496 3609 2550 3654 et
2588 3583 2986 3664 administratur
3015 3623 3151 3671 totus
3181 3616 3268 3675 hic
3305 3583 3458 3682 Iliun.

1873 3673 2005 3744 dus,
2046 3690 2101 3734 et
2144 3697 2248 3737 non
2297 3683 2624 3760 obstupescit
2663 3696 3007 3769 obruiturque
3046 3706 3353 3767 miraculis?
3399 3713 3460 3773 Si

1872 3769 2175 3825 consideret
2209 3773 2312 3827 vim
2342 3777 2498 3832 unius
2523 3783 2706 3850 grani,
2751 3787 3031 3856 cujuslibet
3056 3799 3308 3868 seminis,
3338 3820 3458 3864 ma-

1869 3875 1972 3932 gna
2015 3863 2256 3933 qmedam
2296 3884 2383 3924 res
2423 3883 2540 3938 est,
2585 3873 2778 3934 horror
2809 3891 2893 3936 est
2927 3888 3305 3948 consideranti.
3348 3897 3461 3958 Sed

1869 3953 1989 4022 quia
2023 3952 2265 4012 homines
2303 3959 2356 4014 in
2391 3961 2532 4017 aliud
2563 3965 2746 4022 intenti
2779 3973 3121 4038 perdiderunt
3147 3952 3459 4044 considera:

1872 4043 2066 4099 tionem
2096 4063 2317 4118 operum
2351 4052 2476 4122 Dei,
2522 4056 2573 4110 in
2613 4074 2714 4128 qua
2757 4061 2944 4119 darent
2975 4067 3182 4127 tandem
3215 4080 3458 4146 quotidie

1866 4135 2101 4208 Creatori
2119 4154 2136 4204 ;
2164 4149 2410 4212 tauquam
2427 4152 2654 4202 servavit
2666 4151 2765 4204 sibi
2788 4153 2926 4209 Dens
2946 4157 3190 4217 inusitata
3205 4135 3451 4235 quadam

1866 4245 1984 4300 qua:
2005 4230 2234 4297 laceret,
2275 4246 2332 4287 ut
2370 4245 2616 4306 tanquam
2644 4240 2967 4300 dormientes
2994 4247 3266 4322 homines,
3296 4257 3364 4312 ad
3389 4275 3453 4319 se

1865 4316 2144 4379 celendnm
2187 4325 2480 4407 mirabilius
2529 4332 2808 4390 excitaret.
2848 4336 3083 4396 Mortuus
3120 4351 3449 4422 resurrexit,

1865 4414 2038 4469 mirati
2068 4426 2191 4470 sunt
2220 4417 2497 4475 homines:
2523 4430 2599 4477 tot
2617 4426 2852 4494 quotidie
2874 4446 3179 4502 nascuntur,
3210 4450 3263 4496 et
3286 4457 3450 4502 nemo

1866 4503 2105 4559 miratur.
2147 4506 2202 4562 Si
2230 4509 2632 4569 consideremus
2661 4518 2971 4584 prudentius
2990 4565 3004 4584 ,
3037 4528 3253 4597 majoris
3277 4535 3444 4592 mira-

1863 4596 1966 4682 θυι)
1987 4607 2069 4650 est
2088 4613 2206 4654 esse
2231 4599 2319 4669 qui
2346 4617 2450 4656 non
2484 4615 2631 4672 erat,
2666 4623 2822 4678 quam
2851 4615 3164 4675 reviviscere
3189 4624 3281 4694 qui
3303 4639 3444 4685 erat.

1861 4682 2004 4741 l-Jem
2043 4695 2218 4744 tamen
2264 4690 2400 4746 Deus
2447 4693 2602 4751 Pater
2632 4697 2838 4756 Domini
2884 4707 3047 4762 nostri
3091 4682 3223 4767 Jesd
3245 4682 3446 4776 Christi

1860 4769 1955 4846 per
1985 4777 2208 4834 Verbum
2237 4795 2388 4836 suum
2421 4781 2546 4840 facit
2563 4789 2736 4843 omnia
2767 4789 2914 4858 haec,
2943 4804 2997 4849 ct
3018 4799 3150 4869 regit
3175 4805 3264 4873 qui
3286 4821 3443 4864 crea-

1861 4869 1951 4924 vit.
1999 4869 2177 4925 Priora
2223 4874 2475 4930 miracula
2521 4875 2644 4933 fecit
2683 4897 2775 4950 per
2812 4881 3042 4942 Verbum
3079 4869 3443 4956 suumDeum

1858 4961 1995 5031 apud
2025 4977 2084 5018 se
2113 4981 2127 5018 :
2157 4968 2446 5033 posteriora
2474 4971 2726 5026 miracula
2750 4974 2870 5030 fecit
2899 4993 2993 5049 per
3013 4981 3183 5052 ipsum
3208 4985 3444 5053 Verbum

1859 5056 2376 5122 suum,incarnatum
2397 5101 2412 5124 ,
2444 5071 2498 5116 et
2537 5073 2750 5133 propter
2779 5083 2875 5123 nos
2909 5072 3178 5133 hominem
3218 5078 3440 5141 factum.

1859 5145 2005 5200 Sicut
2060 5148 2313 5204 miramur
2370 5167 2490 5220 qua:
2537 5152 2673 5209 facta
2719 5169 2843 5213 sunt
2889 5177 2986 5232 per
3029 5165 3296 5230 hominem
3351 5174 3449 5231 Je-

1857 5251 1994 5300 sutn,
2016 5239 2268 5294 miremur
2303 5258 2419 5310 qua:
2457 5242 2591 5299 facta
2629 5258 2750 5301 sunt
2787 5264 2882 5320 per
2920 5252 3084 5310 Deum
3109 5256 3310 5318 Iesum.
3338 5263 3449 5322 Per

1857 5328 2022 5382 Demn
2049 5329 2228 5385 .lesmn
2275 5334 2407 5389 facta
2457 5345 2580 5390 sunt
2621 5327 2816 5395 caelum
2860 5353 2916 5398 et.
2961 5355 3134 5414 terra,
3173 5367 3349 5418 mare,
3383 5367 3441 5412 et

1856 5422 2028 5476 omnis
2053 5436 2270 5479 ornatus
2297 5426 2449 5496 eteli,
2483 5433 2748 5498 opulentia
2777 5444 2933 5490 terra:
2956 5480 2972 5504 ,
3004 5439 3297 5497 fecunditas
3324 5461 3441 5500 ma-

1856 5514 1968 5578 ris;
1994 5517 2167 5570 omnia
2191 5517 2303 5573 hare
2328 5537 2446 5585 qua:
2467 5523 2632 5578 oculis
2652 5526 2922 5596 adjacent,
2951 5547 3044 5600 per
3063 5531 3242 5589 Jesum
3269 5536 3440 5596 Deum

1857 5604 1994 5662 facta
2021 5618 2161 5684 sunt.
2195 5608 2262 5664 Et
2289 5612 2529 5668 videmus
2557 5613 2670 5671 haec
2691 5658 2706 5684 ,
2735 5627 2788 5673 et
2815 5620 2860 5674 si
2886 5629 2968 5676 est
2993 5623 3045 5675 in
3086 5624 3238 5679 nobis
3262 5623 3440 5698 Spiri~

1919 5740 2068 5791 lusa.
2093 5742 2310 5815 melioris
2330 5744 2620 5815 noue,_iltas
2646 5759 2665 5798 :
2689 5747 2814 5815 forte
2841 5751 2969 5812 quod
2991 5752 3226 5807 mulieres
3250 5760 3440 5815 nouat-

1854 5813 1986 5851 tnum
2007 5811 2251 5865 spectaret
2268 5806 2358 5857 ista
2379 5806 2653 5858 celebritas.
2681 5810 2792 5858 Vide
2815 5806 2976 5873 supra,
2998 5829 3080 5865 un.
3104 5815 3136 5867 3
3154 5806 3266 5872 etO:

2595 5889 3110 5966 (Gaurana—riae.
3118 5901 3150 5972 Ι
