  <div class='ocr_page' id='page_1' title='image "/cluster/home/n/w/nwhite01/storage/ocr_20150623/35/uva.x000827104/079.png"; bbox 0 0 4036 6384; ppageno 0'>
   <div class='ocr_carea' id='block_1_1' title="bbox 602 364 2114 437">
    <p class='ocr_par' dir='ltr' id='par_1_1' title="bbox 602 364 2114 437">
     <span class='ocr_line' id='line_1_1' title="bbox 602 364 2114 437; baseline -0.001 -15"><span class='ocrx_word' id='word_1_1' title='bbox 602 368 660 425; x_wconf 88' lang='lat'><strong>8.</strong></span> <span class='ocrx_word' id='word_1_2' title='bbox 689 365 808 423; x_wconf 79' lang='lat' dir='ltr'><strong>Jam</strong></span> <span class='ocrx_word' id='word_1_3' title='bbox 837 379 968 437; x_wconf 88' lang='lat' dir='ltr'><strong>ergo</strong></span> <span class='ocrx_word' id='word_1_4' title='bbox 992 364 1036 420; x_wconf 89' lang='lat' dir='ltr'><strong>si</strong></span> <span class='ocrx_word' id='word_1_5' title='bbox 1063 365 1237 433; x_wconf 90' lang='lat' dir='ltr'><strong>placet</strong></span> <span class='ocrx_word' id='word_1_6' title='bbox 1255 406 1271 430; x_wconf 90' lang='lat'><strong><em>.</em></strong></span> <span class='ocrx_word' id='word_1_7' title='bbox 1301 364 1525 427; x_wconf 82' lang='lat' dir='ltr'><strong>fratres.</strong></span> <span class='ocrx_word' id='word_1_8' title='bbox 1558 365 1663 422; x_wconf 91' lang='lat' dir='ltr'><strong>illis</strong></span> <span class='ocrx_word' id='word_1_9' title='bbox 1688 366 1942 437; x_wconf 80' lang='lat' dir='ltr'><strong>repulsis,</strong></span> <span class='ocrx_word' id='word_1_10' title='bbox 1976 375 2032 421; x_wconf 88' lang='lat' dir='ltr'><strong>et</strong></span> <span class='ocrx_word' id='word_1_11' title='bbox 2058 367 2114 421; x_wconf 90' lang='lat' dir='ltr'><strong>in</strong></span> 
     </span>
    </p>
   </div>
   <div class='ocr_carea' id='block_1_2' title="bbox 527 456 2114 526">
    <p class='ocr_par' dir='ltr' id='par_1_2' title="bbox 527 456 2114 526">
     <span class='ocr_line' id='line_1_2' title="bbox 527 456 2114 526; baseline -0.004 -11"><span class='ocrx_word' id='word_1_12' title='bbox 527 472 627 515; x_wconf 83' lang='lat' dir='ltr'><strong>sua</strong></span> <span class='ocrx_word' id='word_1_13' title='bbox 650 458 893 512; x_wconf 65' lang='lat' dir='ltr'><strong>cat-citate</strong></span> <span class='ocrx_word' id='word_1_14' title='bbox 918 456 1222 513; x_wconf 72' lang='lat' dir='ltr'><strong>errantibus</strong></span> <span class='ocrx_word' id='word_1_15' title='bbox 1243 471 1476 526; x_wconf 78' lang='lat' dir='ltr'><strong>semper.</strong></span> <span class='ocrx_word' id='word_1_16' title='bbox 1501 457 1598 511; x_wconf 92' lang='lat' dir='ltr'><strong>nisi</strong></span> <span class='ocrx_word' id='word_1_17' title='bbox 1623 456 1895 513; x_wconf 73' lang='lat' dir='ltr'><strong>humiliter</strong></span> <span class='ocrx_word' id='word_1_18' title='bbox 1917 472 2114 511; x_wconf 89' lang='lat' dir='ltr'><strong>sanen-</strong></span> 
     </span>
    </p>
   </div>
   <div class='ocr_carea' id='block_1_3' title="bbox 526 547 2114 623">
    <p class='ocr_par' dir='ltr' id='par_1_3' title="bbox 526 547 2114 623">
     <span class='ocr_line' id='line_1_3' title="bbox 526 547 2114 623; baseline -0.004 -14"><span class='ocrx_word' id='word_1_19' title='bbox 526 561 644 617; x_wconf 85' lang='lat' dir='ltr'><strong>tur.</strong></span> <span class='ocrx_word' id='word_1_20' title='bbox 674 566 775 607; x_wconf 91' lang='lat' dir='ltr'><strong>nos</strong></span> <span class='ocrx_word' id='word_1_21' title='bbox 802 564 1103 623; x_wconf 77' lang='lat' dir='ltr'><strong>qua-ramus</strong></span> <span class='ocrx_word' id='word_1_22' title='bbox 1126 590 1141 612; x_wconf 87' lang='lat'><strong>,</strong></span> <span class='ocrx_word' id='word_1_23' title='bbox 1185 563 1351 619; x_wconf 85' lang='lat' dir='ltr'><strong>quate</strong></span> <span class='ocrx_word' id='word_1_24' title='bbox 1377 548 1631 602; x_wconf 82' lang='lat' dir='ltr'><strong>Dominus</strong></span> <span class='ocrx_word' id='word_1_25' title='bbox 1654 560 1836 605; x_wconf 82' lang='lat' dir='ltr'><strong>noster</strong></span> <span class='ocrx_word' id='word_1_26' title='bbox 1853 549 1930 605; x_wconf 89' lang='lat' dir='ltr'><strong>sic</strong></span> <span class='ocrx_word' id='word_1_27' title='bbox 1956 547 2114 604; x_wconf 93' lang='lat' dir='ltr'><strong>matri</strong></span> 
     </span>
    </p>
   </div>
   <div class='ocr_carea' id='block_1_4' title="bbox 524 639 2113 715">
    <p class='ocr_par' dir='ltr' id='par_1_4' title="bbox 524 639 2113 715">
     <span class='ocr_line' id='line_1_4' title="bbox 524 639 2113 715; baseline -0.004 -14"><span class='ocrx_word' id='word_1_28' title='bbox 524 643 885 715; x_wconf 68' lang='lat' dir='ltr'><strong>responderit.</strong></span> <span class='ocrx_word' id='word_1_29' title='bbox 918 640 1010 698; x_wconf 85' lang='lat' dir='ltr'><strong>ille</strong></span> <span class='ocrx_word' id='word_1_30' title='bbox 1034 640 1375 712; x_wconf 89' lang='lat' dir='ltr'><strong>singulariter</strong></span> <span class='ocrx_word' id='word_1_31' title='bbox 1400 651 1557 696; x_wconf 89' lang='lat' dir='ltr'><strong>natus</strong></span> <span class='ocrx_word' id='word_1_32' title='bbox 1575 639 1644 696; x_wconf 92' lang='lat' dir='ltr'><strong>de</strong></span> <span class='ocrx_word' id='word_1_33' title='bbox 1673 640 1830 697; x_wconf 78' lang='lat' dir='ltr'><strong>Patre</strong></span> <span class='ocrx_word' id='word_1_34' title='bbox 1855 641 1971 696; x_wconf 87' lang='lat' dir='ltr'><strong>siue</strong></span> <span class='ocrx_word' id='word_1_35' title='bbox 2000 655 2113 696; x_wconf 88' lang='lat' dir='ltr'><strong>ma-</strong></span> 
     </span>
    </p>
   </div>
   <div class='ocr_carea' id='block_1_5' title="bbox 526 732 2112 804">
    <p class='ocr_par' dir='ltr' id='par_1_5' title="bbox 526 732 2112 804">
     <span class='ocr_line' id='line_1_5' title="bbox 526 732 2112 804; baseline -0.003 -13"><span class='ocrx_word' id='word_1_36' title='bbox 526 743 632 800; x_wconf 84' lang='lat' dir='ltr'><strong>tre,</strong></span> <span class='ocrx_word' id='word_1_37' title='bbox 652 735 724 791; x_wconf 89' lang='lat' dir='ltr'><strong>de</strong></span> <span class='ocrx_word' id='word_1_38' title='bbox 744 743 916 791; x_wconf 80' lang='lat' dir='ltr'><strong>matre</strong></span> <span class='ocrx_word' id='word_1_39' title='bbox 935 732 1052 788; x_wconf 89' lang='lat' dir='ltr'><strong>sine</strong></span> <span class='ocrx_word' id='word_1_40' title='bbox 1080 741 1228 804; x_wconf 90' lang='lat' dir='ltr'><strong>patre</strong></span> <span class='ocrx_word' id='word_1_41' title='bbox 1252 749 1268 799; x_wconf 96' lang='lat'><strong>;</strong></span> <span class='ocrx_word' id='word_1_42' title='bbox 1300 732 1418 788; x_wconf 87' lang='lat' dir='ltr'><strong>sine</strong></span> <span class='ocrx_word' id='word_1_43' title='bbox 1442 742 1612 788; x_wconf 81' lang='lat' dir='ltr'><strong>matre</strong></span> <span class='ocrx_word' id='word_1_44' title='bbox 1638 732 1798 799; x_wconf 89' lang='lat' dir='ltr'><strong>Deus,</strong></span> <span class='ocrx_word' id='word_1_45' title='bbox 1824 732 1941 789; x_wconf 86' lang='lat' dir='ltr'><strong>sine</strong></span> <span class='ocrx_word' id='word_1_46' title='bbox 1961 742 2112 803; x_wconf 81' lang='lat' dir='ltr'><strong>patre</strong></span> 
     </span>
    </p>
   </div>
   <div class='ocr_carea' id='block_1_6' title="bbox 524 822 2111 895">
    <p class='ocr_par' dir='ltr' id='par_1_6' title="bbox 524 822 2111 895">
     <span class='ocr_line' id='line_1_6' title="bbox 524 822 2111 895; baseline 0 -14"><span class='ocrx_word' id='word_1_47' title='bbox 524 824 725 889; x_wconf 83' lang='lat' dir='ltr'><strong>homo;</strong></span> <span class='ocrx_word' id='word_1_48' title='bbox 762 824 879 879; x_wconf 85' lang='lat' dir='ltr'><strong>sine</strong></span> <span class='ocrx_word' id='word_1_49' title='bbox 912 833 1083 879; x_wconf 92' lang='lat' dir='ltr'><strong>matre</strong></span> <span class='ocrx_word' id='word_1_50' title='bbox 1125 832 1252 879; x_wconf 90' lang='lat' dir='ltr'><strong>ante</strong></span> <span class='ocrx_word' id='word_1_51' title='bbox 1286 831 1525 894; x_wconf 84' lang='lat' dir='ltr'><strong>tempora</strong></span> <span class='ocrx_word' id='word_1_52' title='bbox 1546 863 1564 889; x_wconf 90' lang='lat'><strong>,</strong></span> <span class='ocrx_word' id='word_1_53' title='bbox 1609 823 1727 881; x_wconf 85' lang='lat' dir='ltr'><strong>sine</strong></span> <span class='ocrx_word' id='word_1_54' title='bbox 1753 832 1901 895; x_wconf 81' lang='lat' dir='ltr'><strong>patre</strong></span> <span class='ocrx_word' id='word_1_55' title='bbox 1925 824 1978 879; x_wconf 93' lang='lat' dir='ltr'><strong>in</strong></span> <span class='ocrx_word' id='word_1_56' title='bbox 2005 822 2111 881; x_wconf 84' lang='lat' dir='ltr'><strong>line</strong></span> 
     </span>
    </p>
   </div>
   <div class='ocr_carea' id='block_1_7' title="bbox 526 913 2108 989">
    <p class='ocr_par' dir='ltr' id='par_1_7' title="bbox 526 913 2108 989">
     <span class='ocr_line' id='line_1_7' title="bbox 526 913 2108 989; baseline -0.001 -16"><span class='ocrx_word' id='word_1_57' title='bbox 526 927 850 988; x_wconf 83' lang='lat' dir='ltr'><strong>temporum.</strong></span> <span class='ocrx_word' id='word_1_58' title='bbox 890 914 1043 985; x_wconf 90' lang='lat' dir='ltr'><strong>Quod</strong></span> <span class='ocrx_word' id='word_1_59' title='bbox 1073 913 1382 986; x_wconf 84' lang='lat' dir='ltr'><strong>respondit,</strong></span> <span class='ocrx_word' id='word_1_60' title='bbox 1420 915 1575 972; x_wconf 86' lang='lat' dir='ltr'><strong>matri</strong></span> <span class='ocrx_word' id='word_1_61' title='bbox 1619 916 1894 987; x_wconf 77' lang='lat' dir='ltr'><strong>respondit</strong></span> <span class='ocrx_word' id='word_1_62' title='bbox 1919 932 1935 971; x_wconf 92' lang='lat'><strong>:</strong></span> <span class='ocrx_word' id='word_1_63' title='bbox 1963 917 2108 989; x_wconf 83' lang='lat' dir='ltr'><strong>quia.</strong></span> 
     </span>
    </p>
   </div>
   <div class='ocr_carea' id='block_1_8' title="bbox 520 1002 2129 1076">
    <p class='ocr_par' dir='ltr' id='par_1_8' title="bbox 520 1002 2129 1076">
     <span class='ocr_line' id='line_1_8' title="bbox 520 1002 2129 1076; baseline -0.001 -12"><span class='ocrx_word' id='word_1_64' title='bbox 520 1006 647 1064; x_wconf 84' lang='lat' dir='ltr'><strong>Erat</strong></span> <span class='ocrx_word' id='word_1_65' title='bbox 672 1007 739 1064; x_wconf 83' lang='lat' dir='ltr'><strong>ibi</strong></span> <span class='ocrx_word' id='word_1_66' title='bbox 759 1016 920 1062; x_wconf 88' lang='lat' dir='ltr'><strong>mater</strong></span> <span class='ocrx_word' id='word_1_67' title='bbox 937 1005 1064 1062; x_wconf 72' lang='lat' dir='ltr'><strong>Iesu</strong></span> <span class='ocrx_word' id='word_1_68' title='bbox 1078 1020 1101 1071; x_wconf 86' lang='lat'><strong>;</strong></span> <span class='ocrx_word' id='word_1_69' title='bbox 1127 1014 1199 1072; x_wconf 90' lang='lat' dir='ltr'><strong>et,</strong></span> <span class='ocrx_word' id='word_1_70' title='bbox 1232 1005 1372 1061; x_wconf 71' lang='lat' dir='ltr'><strong>Dixit</strong></span> <span class='ocrx_word' id='word_1_71' title='bbox 1390 1007 1437 1061; x_wconf 85' lang='lat' dir='ltr'><strong>ei</strong></span> <span class='ocrx_word' id='word_1_72' title='bbox 1458 1016 1620 1063; x_wconf 89' lang='lat' dir='ltr'><strong>mater</strong></span> <span class='ocrx_word' id='word_1_73' title='bbox 1638 1009 1771 1076; x_wconf 78' lang='lat' dir='ltr'><strong>ejus.</strong></span> <span class='ocrx_word' id='word_1_74' title='bbox 1799 1006 1911 1063; x_wconf 81' lang='lat' dir='ltr'><strong>Hoc</strong></span> <span class='ocrx_word' id='word_1_75' title='bbox 1941 1002 2129 1063; x_wconf 85' lang='lat' dir='ltr'><strong>totum</strong></span> 
     </span>
    </p>
   </div>
   <div class='ocr_carea' id='block_1_9' title="bbox 522 1097 2113 1171">
    <p class='ocr_par' dir='ltr' id='par_1_9' title="bbox 522 1097 2113 1171">
     <span class='ocr_line' id='line_1_9' title="bbox 522 1097 2113 1171; baseline -0.001 -15"><span class='ocrx_word' id='word_1_76' title='bbox 522 1098 872 1170; x_wconf 81' lang='lat' dir='ltr'><strong>Evattgelium</strong></span> <span class='ocrx_word' id='word_1_77' title='bbox 900 1098 1153 1169; x_wconf 81' lang='lat' dir='ltr'><strong>loquitur.</strong></span> <span class='ocrx_word' id='word_1_78' title='bbox 1199 1097 1309 1153; x_wconf 92' lang='lat' dir='ltr'><strong>lllic</strong></span> <span class='ocrx_word' id='word_1_79' title='bbox 1339 1098 1587 1155; x_wconf 78' lang='lat' dir='ltr'><strong>novimus</strong></span> <span class='ocrx_word' id='word_1_80' title='bbox 1617 1099 1739 1171; x_wconf 89' lang='lat' dir='ltr'><strong>quia</strong></span> <span class='ocrx_word' id='word_1_81' title='bbox 1768 1109 1877 1154; x_wconf 81' lang='lat' dir='ltr'><strong>erat</strong></span> <span class='ocrx_word' id='word_1_82' title='bbox 1903 1100 1974 1154; x_wconf 92' lang='lat' dir='ltr'><strong>ibi</strong></span> <span class='ocrx_word' id='word_1_83' title='bbox 2000 1116 2113 1155; x_wconf 83' lang='lat' dir='ltr'><strong>ma-</strong></span> 
     </span>
    </p>
   </div>
   <div class='ocr_carea' id='block_1_10' title="bbox 520 1188 2110 1262">
    <p class='ocr_par' dir='ltr' id='par_1_10' title="bbox 520 1188 2110 1262">
     <span class='ocr_line' id='line_1_10' title="bbox 520 1188 2110 1262; baseline -0.001 -14"><span class='ocrx_word' id='word_1_84' title='bbox 520 1202 598 1248; x_wconf 84' lang='lat' dir='ltr'><strong>ter</strong></span> <span class='ocrx_word' id='word_1_85' title='bbox 622 1188 773 1260; x_wconf 76' lang='lat' dir='ltr'><strong>hau,</strong></span> <span class='ocrx_word' id='word_1_86' title='bbox 814 1190 903 1247; x_wconf 89' lang='lat' dir='ltr'><strong>ubi</strong></span> <span class='ocrx_word' id='word_1_87' title='bbox 946 1191 1193 1246; x_wconf 75' lang='lat' dir='ltr'><strong>novimus</strong></span> <span class='ocrx_word' id='word_1_88' title='bbox 1219 1189 1361 1262; x_wconf 86' lang='lat' dir='ltr'><strong>quod</strong></span> <span class='ocrx_word' id='word_1_89' title='bbox 1395 1190 1589 1245; x_wconf 75' lang='lat' dir='ltr'><strong>dixerit</strong></span> <span class='ocrx_word' id='word_1_90' title='bbox 1616 1191 1664 1245; x_wconf 89' lang='lat' dir='ltr'><strong>ei</strong></span> <span class='ocrx_word' id='word_1_91' title='bbox 1689 1233 1705 1259; x_wconf 92' lang='lat'><strong>,</strong></span> <span class='ocrx_word' id='word_1_92' title='bbox 1747 1189 1885 1257; x_wconf 97' lang='lat' dir='ltr'><strong>Quid</strong></span> <span class='ocrx_word' id='word_1_93' title='bbox 1910 1191 2035 1245; x_wconf 77' lang='lat' dir='ltr'><strong>mliti</strong></span> <span class='ocrx_word' id='word_1_94' title='bbox 2058 1200 2110 1246; x_wconf 87' lang='lat' dir='ltr'><strong>et</strong></span> 
     </span>
    </p>
   </div>
   <div class='ocr_carea' id='block_1_11' title="bbox 522 1279 2111 1347">
    <p class='ocr_par' dir='ltr' id='par_1_11' title="bbox 522 1279 2111 1347">
     <span class='ocr_line' id='line_1_11' title="bbox 522 1279 2111 1347; baseline -0.001 -8"><span class='ocrx_word' id='word_1_95' title='bbox 522 1283 614 1339; x_wconf 86' lang='lat' dir='ltr'><strong>tibi</strong></span> <span class='ocrx_word' id='word_1_96' title='bbox 631 1290 706 1338; x_wconf 78' lang='lat' dir='ltr'><strong>est</strong></span> <span class='ocrx_word' id='word_1_97' title='bbox 726 1323 742 1347; x_wconf 90' lang='lat'><strong>,</strong></span> <span class='ocrx_word' id='word_1_98' title='bbox 772 1281 997 1336; x_wconf 84' lang='lat' dir='ltr'><strong>mulier?</strong></span> <span class='ocrx_word' id='word_1_99' title='bbox 1026 1280 1251 1336; x_wconf 88' lang='lat' dir='ltr'><strong>nondum</strong></span> <span class='ocrx_word' id='word_1_100' title='bbox 1280 1280 1411 1335; x_wconf 75' lang='lat' dir='ltr'><strong>venit</strong></span> <span class='ocrx_word' id='word_1_101' title='bbox 1436 1279 1563 1335; x_wconf 81' lang='lat' dir='ltr'><strong>hora</strong></span> <span class='ocrx_word' id='word_1_102' title='bbox 1591 1297 1722 1335; x_wconf 83' lang='lat' dir='ltr'><strong>mea.</strong></span> <span class='ocrx_word' id='word_1_103' title='bbox 1764 1280 1956 1336; x_wconf 86' lang='lat' dir='ltr'><strong>Totum</strong></span> <span class='ocrx_word' id='word_1_104' title='bbox 1982 1295 2111 1337; x_wconf 82' lang='lat' dir='ltr'><strong>cre-</strong></span> 
     </span>
    </p>
   </div>
   <div class='ocr_carea' id='block_1_12' title="bbox 523 1370 2106 1443">
    <p class='ocr_par' dir='ltr' id='par_1_12' title="bbox 523 1370 2106 1443">
     <span class='ocr_line' id='line_1_12' title="bbox 523 1370 2106 1443; baseline -0.006 -13"><span class='ocrx_word' id='word_1_105' title='bbox 523 1374 748 1439; x_wconf 87' lang='lat' dir='ltr'><strong>damus,</strong></span> <span class='ocrx_word' id='word_1_106' title='bbox 803 1380 860 1428; x_wconf 90' lang='lat' dir='ltr'><strong>et</strong></span> <span class='ocrx_word' id='word_1_107' title='bbox 907 1371 1048 1443; x_wconf 89' lang='lat' dir='ltr'><strong>quod</strong></span> <span class='ocrx_word' id='word_1_108' title='bbox 1088 1372 1320 1428; x_wconf 89' lang='lat' dir='ltr'><strong>nondum</strong></span> <span class='ocrx_word' id='word_1_109' title='bbox 1364 1371 1710 1443; x_wconf 73' lang='lat' dir='ltr'><strong>intelligimus</strong></span> <span class='ocrx_word' id='word_1_110' title='bbox 1752 1370 2106 1442; x_wconf 88' lang='lat' dir='ltr'><strong>requiramus.</strong></span> 
     </span>
    </p>
   </div>
   <div class='ocr_carea' id='block_1_13' title="bbox 521 1464 2110 1537">
    <p class='ocr_par' dir='ltr' id='par_1_13' title="bbox 521 1464 2110 1537">
     <span class='ocr_line' id='line_1_13' title="bbox 521 1464 2110 1537; baseline -0.003 -14"><span class='ocrx_word' id='word_1_111' title='bbox 521 1466 593 1523; x_wconf 86' lang='lat' dir='ltr'><strong>Et</strong></span> <span class='ocrx_word' id='word_1_112' title='bbox 629 1467 858 1537; x_wconf 87' lang='lat' dir='ltr'><strong>primum</strong></span> <span class='ocrx_word' id='word_1_113' title='bbox 896 1465 999 1521; x_wconf 91' lang='lat' dir='ltr'><strong>hoc</strong></span> <span class='ocrx_word' id='word_1_114' title='bbox 1048 1464 1224 1521; x_wconf 88' lang='lat' dir='ltr'><strong>videte</strong></span> <span class='ocrx_word' id='word_1_115' title='bbox 1248 1506 1263 1530; x_wconf 92' lang='lat'><strong>,</strong></span> <span class='ocrx_word' id='word_1_116' title='bbox 1306 1479 1375 1520; x_wconf 92' lang='lat' dir='ltr'><strong>ne</strong></span> <span class='ocrx_word' id='word_1_117' title='bbox 1420 1466 1554 1520; x_wconf 89' lang='lat' dir='ltr'><strong>forte</strong></span> <span class='ocrx_word' id='word_1_118' title='bbox 1579 1464 1851 1535; x_wconf 90' lang='lat' dir='ltr'><strong>quomodo</strong></span> <span class='ocrx_word' id='word_1_119' title='bbox 1888 1464 2110 1520; x_wconf 87' lang='lat' dir='ltr'><strong>invene-</strong></span> 
     </span>
    </p>
   </div>
   <div class='ocr_carea' id='block_1_14' title="bbox 521 1556 2114 1628">
    <p class='ocr_par' dir='ltr' id='par_1_14' title="bbox 521 1556 2114 1628">
     <span class='ocr_line' id='line_1_14' title="bbox 521 1556 2114 1628; baseline -0.001 -12"><span class='ocrx_word' id='word_1_120' title='bbox 521 1569 650 1616; x_wconf 91' lang='lat' dir='ltr'><strong>runt</strong></span> <span class='ocrx_word' id='word_1_121' title='bbox 684 1557 957 1614; x_wconf 74' lang='lat' dir='ltr'><strong>Maniehzci</strong></span> <span class='ocrx_word' id='word_1_122' title='bbox 998 1558 1336 1613; x_wconf 85' lang='lat' dir='ltr'><strong>occasionem</strong></span> <span class='ocrx_word' id='word_1_123' title='bbox 1383 1556 1622 1628; x_wconf 78' lang='lat' dir='ltr'><strong>perﬁdia:</strong></span> <span class='ocrx_word' id='word_1_124' title='bbox 1649 1572 1793 1625; x_wconf 73' lang='lat' dir='ltr'><strong>aute,</strong></span> <span class='ocrx_word' id='word_1_125' title='bbox 1831 1557 1952 1628; x_wconf 92' lang='lat' dir='ltr'><strong>quia</strong></span> <span class='ocrx_word' id='word_1_126' title='bbox 1978 1557 2114 1614; x_wconf 92' lang='lat' dir='ltr'><strong>dixit</strong></span> 
     </span>
    </p>
   </div>
   <div class='ocr_carea' id='block_1_15' title="bbox 526 1638 2113 1718">
    <p class='ocr_par' dir='ltr' id='par_1_15' title="bbox 526 1638 2113 1718">
     <span class='ocr_line' id='line_1_15' title="bbox 526 1638 2113 1718; baseline -0.003 -10"><span class='ocrx_word' id='word_1_127' title='bbox 526 1651 787 1708; x_wconf 86' lang='lat' dir='ltr'><strong>Dominus</strong></span> <span class='ocrx_word' id='word_1_128' title='bbox 804 1691 821 1716; x_wconf 97' lang='lat'><strong>,</strong></span> <span class='ocrx_word' id='word_1_129' title='bbox 854 1649 990 1715; x_wconf 86' lang='lat' dir='ltr'><strong>Quid</strong></span> <span class='ocrx_word' id='word_1_130' title='bbox 1014 1650 1140 1704; x_wconf 86' lang='lat' dir='ltr'><strong>mihi</strong></span> <span class='ocrx_word' id='word_1_131' title='bbox 1160 1659 1210 1703; x_wconf 86' lang='lat' dir='ltr'><strong>et</strong></span> <span class='ocrx_word' id='word_1_132' title='bbox 1233 1649 1324 1704; x_wconf 88' lang='lat' dir='ltr'><strong>tibi</strong></span> <span class='ocrx_word' id='word_1_133' title='bbox 1347 1659 1419 1704; x_wconf 78' lang='lat' dir='ltr'><strong>est</strong></span> <span class='ocrx_word' id='word_1_134' title='bbox 1441 1687 1464 1718; x_wconf 86' lang='lat'><strong>,</strong></span> <span class='ocrx_word' id='word_1_135' title='bbox 1487 1649 1668 1703; x_wconf 84' lang='lat' dir='ltr'><strong>mulier</strong></span> <span class='ocrx_word' id='word_1_136' title='bbox 1686 1650 1713 1704; x_wconf 76' lang='lat'><strong><em>?</em></strong></span> <span class='ocrx_word' id='word_1_137' title='bbox 1739 1649 1816 1706; x_wconf 89' lang='lat' dir='ltr'><strong>sic</strong></span> <span class='ocrx_word' id='word_1_138' title='bbox 1841 1638 2113 1705; x_wconf 79' lang='lat' dir='ltr'><strong>inveniant</strong></span> 
     </span>
    </p>
   </div>
   <div class='ocr_carea' id='block_1_16' title="bbox 525 1739 2109 1810">
    <p class='ocr_par' dir='ltr' id='par_1_16' title="bbox 525 1739 2109 1810">
     <span class='ocr_line' id='line_1_16' title="bbox 525 1739 2109 1810; baseline -0.002 -13"><span class='ocrx_word' id='word_1_139' title='bbox 525 1740 891 1797; x_wconf 79' lang='lat' dir='ltr'><strong>mathematici</strong></span> <span class='ocrx_word' id='word_1_140' title='bbox 939 1741 1273 1795; x_wconf 87' lang='lat' dir='ltr'><strong>occasionem</strong></span> <span class='ocrx_word' id='word_1_141' title='bbox 1327 1739 1549 1794; x_wconf 73' lang='lat' dir='ltr'><strong>fallacia:</strong></span> <span class='ocrx_word' id='word_1_142' title='bbox 1593 1756 1741 1804; x_wconf 65' lang='lat' dir='ltr'><strong>sum,</strong></span> <span class='ocrx_word' id='word_1_143' title='bbox 1788 1740 1911 1810; x_wconf 90' lang='lat' dir='ltr'><strong>quia</strong></span> <span class='ocrx_word' id='word_1_144' title='bbox 1954 1739 2109 1808; x_wconf 86' lang='lat' dir='ltr'><strong>dixit,</strong></span> 
     </span>
    </p>
   </div>
   <div class='ocr_carea' id='block_1_17' title="bbox 525 1829 2110 1889">
    <p class='ocr_par' dir='ltr' id='par_1_17' title="bbox 525 1829 2110 1889">
     <span class='ocr_line' id='line_1_17' title="bbox 525 1829 2110 1889; baseline 0.001 -2"><span class='ocrx_word' id='word_1_145' title='bbox 525 1831 774 1889; x_wconf 84' lang='lat' dir='ltr'><strong>Nondum</strong></span> <span class='ocrx_word' id='word_1_146' title='bbox 801 1832 936 1888; x_wconf 72' lang='lat' dir='ltr'><strong>venit</strong></span> <span class='ocrx_word' id='word_1_147' title='bbox 963 1832 1090 1885; x_wconf 80' lang='lat' dir='ltr'><strong>hora</strong></span> <span class='ocrx_word' id='word_1_148' title='bbox 1124 1847 1255 1885; x_wconf 87' lang='lat' dir='ltr'><strong>mea.</strong></span> <span class='ocrx_word' id='word_1_149' title='bbox 1284 1831 1353 1887; x_wconf 81' lang='grc' dir='ltr'>Ει</span> <span class='ocrx_word' id='word_1_150' title='bbox 1378 1832 1423 1885; x_wconf 88' lang='lat' dir='ltr'><strong>si</strong></span> <span class='ocrx_word' id='word_1_151' title='bbox 1449 1829 1552 1887; x_wconf 88' lang='lat' dir='ltr'><strong>hoc</strong></span> <span class='ocrx_word' id='word_1_152' title='bbox 1577 1831 1869 1888; x_wconf 83' lang='lat' dir='ltr'><strong>secundum</strong></span> <span class='ocrx_word' id='word_1_153' title='bbox 1897 1834 2110 1889; x_wconf 82' lang='lat' dir='ltr'><strong>mathe-</strong></span> 
     </span>
    </p>
   </div>
   <div class='ocr_carea' id='block_1_18' title="bbox 523 1922 2111 1992">
    <p class='ocr_par' dir='ltr' id='par_1_18' title="bbox 523 1922 2111 1992">
     <span class='ocr_line' id='line_1_18' title="bbox 523 1922 2111 1992; baseline 0.001 -12"><span class='ocrx_word' id='word_1_154' title='bbox 523 1924 752 1980; x_wconf 88' lang='lat' dir='ltr'><strong>maticos</strong></span> <span class='ocrx_word' id='word_1_155' title='bbox 774 1924 946 1990; x_wconf 87' lang='lat' dir='ltr'><strong>dixit,</strong></span> <span class='ocrx_word' id='word_1_156' title='bbox 982 1922 1316 1992; x_wconf 78' lang='lat' dir='ltr'><strong>sacrilegium</strong></span> <span class='ocrx_word' id='word_1_157' title='bbox 1345 1922 1566 1979; x_wconf 89' lang='lat' dir='ltr'><strong>fecimus</strong></span> <span class='ocrx_word' id='word_1_158' title='bbox 1595 1923 1931 1979; x_wconf 87' lang='lat' dir='ltr'><strong>incendendo</strong></span> <span class='ocrx_word' id='word_1_159' title='bbox 1958 1925 2111 1980; x_wconf 88' lang='lat' dir='ltr'><strong>codi-</strong></span> 
     </span>
    </p>
   </div>
   <div class='ocr_carea' id='block_1_19' title="bbox 523 2011 2111 2085">
    <p class='ocr_par' dir='ltr' id='par_1_19' title="bbox 523 2011 2111 2085">
     <span class='ocr_line' id='line_1_19' title="bbox 523 2011 2111 2085; baseline 0.001 -15"><span class='ocrx_word' id='word_1_160' title='bbox 523 2029 621 2072; x_wconf 89' lang='lat' dir='ltr'><strong>ces</strong></span> <span class='ocrx_word' id='word_1_161' title='bbox 641 2029 849 2071; x_wconf 86' lang='lat' dir='ltr'><strong>eorum.</strong></span> <span class='ocrx_word' id='word_1_162' title='bbox 867 2012 923 2069; x_wconf 89' lang='lat' dir='ltr'><strong>Si</strong></span> <span class='ocrx_word' id='word_1_163' title='bbox 946 2024 1125 2069; x_wconf 89' lang='lat' dir='ltr'><strong>autem</strong></span> <span class='ocrx_word' id='word_1_164' title='bbox 1147 2021 1290 2068; x_wconf 81' lang='lat' dir='ltr'><strong>recte</strong></span> <span class='ocrx_word' id='word_1_165' title='bbox 1314 2011 1561 2078; x_wconf 89' lang='lat' dir='ltr'><strong>fecimus,</strong></span> <span class='ocrx_word' id='word_1_166' title='bbox 1580 2015 1716 2070; x_wconf 89' lang='lat' dir='ltr'><strong>sicut</strong></span> <span class='ocrx_word' id='word_1_167' title='bbox 1734 2014 2111 2085; x_wconf 78' lang='lat' dir='ltr'><strong>Apostolorum</strong></span> 
     </span>
    </p>
   </div>
   <div class='ocr_carea' id='block_1_20' title="bbox 522 2103 2110 2179">
    <p class='ocr_par' dir='ltr' id='par_1_20' title="bbox 522 2103 2110 2179">
     <span class='ocr_line' id='line_1_20' title="bbox 522 2103 2110 2179; baseline 0.001 -17"><span class='ocrx_word' id='word_1_168' title='bbox 522 2106 857 2178; x_wconf 81' lang='lat' dir='ltr'><strong>temporibus</strong></span> <span class='ocrx_word' id='word_1_169' title='bbox 883 2104 1078 2160; x_wconf 89' lang='lat' dir='ltr'><strong>factum</strong></span> <span class='ocrx_word' id='word_1_170' title='bbox 1104 2113 1189 2160; x_wconf 89' lang='lat' dir='ltr'><strong>est</strong></span> <span class='ocrx_word' id='word_1_171' title='bbox 1211 2104 1345 2174; x_wconf 76' lang='lat' dir='ltr'><strong>(Act.</strong></span> <span class='ocrx_word' id='word_1_172' title='bbox 1374 2120 1493 2170; x_wconf 86' lang='lat' dir='ltr'><strong>xtx,</strong></span> <span class='ocrx_word' id='word_1_173' title='bbox 1526 2103 1648 2179; x_wconf 82' lang='lat' dir='ltr'><strong>l9);</strong></span> <span class='ocrx_word' id='word_1_174' title='bbox 1686 2121 1791 2162; x_wconf 90' lang='lat' dir='ltr'><strong>non</strong></span> <span class='ocrx_word' id='word_1_175' title='bbox 1818 2107 2110 2163; x_wconf 85' lang='lat' dir='ltr'><strong>secundum</strong></span> 
     </span>
    </p>
   </div>
   <div class='ocr_carea' id='block_1_21' title="bbox 521 2196 2114 2266">
    <p class='ocr_par' dir='ltr' id='par_1_21' title="bbox 521 2196 2114 2266">
     <span class='ocr_line' id='line_1_21' title="bbox 521 2196 2114 2266; baseline 0.001 -10"><span class='ocrx_word' id='word_1_176' title='bbox 521 2215 618 2256; x_wconf 87' lang='lat' dir='ltr'><strong>eos</strong></span> <span class='ocrx_word' id='word_1_177' title='bbox 645 2199 784 2254; x_wconf 91' lang='lat' dir='ltr'><strong>dixit</strong></span> <span class='ocrx_word' id='word_1_178' title='bbox 813 2198 1066 2254; x_wconf 86' lang='lat' dir='ltr'><strong>Dominus</strong></span> <span class='ocrx_word' id='word_1_179' title='bbox 1088 2240 1103 2266; x_wconf 95' lang='lat'><strong>,</strong></span> <span class='ocrx_word' id='word_1_180' title='bbox 1150 2196 1395 2253; x_wconf 86' lang='lat' dir='ltr'><strong>Nondum</strong></span> <span class='ocrx_word' id='word_1_181' title='bbox 1421 2199 1552 2253; x_wconf 76' lang='lat' dir='ltr'><strong>venit</strong></span> <span class='ocrx_word' id='word_1_182' title='bbox 1590 2199 1717 2255; x_wconf 79' lang='lat' dir='ltr'><strong>liora</strong></span> <span class='ocrx_word' id='word_1_183' title='bbox 1741 2208 1870 2255; x_wconf 83' lang='lat' dir='ltr'><strong>mea.</strong></span> <span class='ocrx_word' id='word_1_184' title='bbox 1921 2201 2114 2259; x_wconf 91' lang='lat' dir='ltr'><strong>Dicunt</strong></span> 
     </span>
    </p>
   </div>
   <div class='ocr_carea' id='block_1_22' title="bbox 523 2291 2112 2369">
    <p class='ocr_par' dir='ltr' id='par_1_22' title="bbox 523 2291 2112 2369">
     <span class='ocr_line' id='line_1_22' title="bbox 523 2291 2112 2369; baseline 0.002 -20"><span class='ocrx_word' id='word_1_185' title='bbox 523 2293 668 2349; x_wconf 90' lang='lat' dir='ltr'><strong>enim</strong></span> <span class='ocrx_word' id='word_1_186' title='bbox 690 2291 958 2363; x_wconf 89' lang='lat' dir='ltr'><strong>vaniloqui</strong></span> <span class='ocrx_word' id='word_1_187' title='bbox 985 2301 1040 2347; x_wconf 91' lang='lat' dir='ltr'><strong>et</strong></span> <span class='ocrx_word' id='word_1_188' title='bbox 1082 2292 1282 2348; x_wconf 87' lang='lat' dir='ltr'><strong>seducti</strong></span> <span class='ocrx_word' id='word_1_189' title='bbox 1308 2292 1616 2350; x_wconf 89' lang='lat' dir='ltr'><strong>seductores</strong></span> <span class='ocrx_word' id='word_1_190' title='bbox 1635 2336 1652 2361; x_wconf 92' lang='lat'><strong>,</strong></span> <span class='ocrx_word' id='word_1_191' title='bbox 1679 2294 1843 2351; x_wconf 83' lang='lat' dir='ltr'><strong>Vides</strong></span> <span class='ocrx_word' id='word_1_192' title='bbox 1862 2297 1985 2369; x_wconf 87' lang='lat' dir='ltr'><strong>quia</strong></span> <span class='ocrx_word' id='word_1_193' title='bbox 2010 2297 2112 2352; x_wconf 89' lang='lat' dir='ltr'><strong>sub</strong></span> 
     </span>
    </p>
   </div>
   <div class='ocr_carea' id='block_1_23' title="bbox 527 2381 2110 2455">
    <p class='ocr_par' dir='ltr' id='par_1_23' title="bbox 527 2381 2110 2455">
     <span class='ocr_line' id='line_1_23' title="bbox 527 2381 2110 2455; baseline 0.004 -17"><span class='ocrx_word' id='word_1_194' title='bbox 527 2385 635 2439; x_wconf 90' lang='lat' dir='ltr'><strong>fato</strong></span> <span class='ocrx_word' id='word_1_195' title='bbox 664 2393 781 2439; x_wconf 89' lang='lat' dir='ltr'><strong>erat</strong></span> <span class='ocrx_word' id='word_1_196' title='bbox 801 2381 1064 2449; x_wconf 87' lang='lat' dir='ltr'><strong>Christus,</strong></span> <span class='ocrx_word' id='word_1_197' title='bbox 1096 2385 1186 2455; x_wconf 90' lang='lat' dir='ltr'><strong>qui</strong></span> <span class='ocrx_word' id='word_1_198' title='bbox 1213 2384 1361 2448; x_wconf 85' lang='lat' dir='ltr'><strong>dicit,</strong></span> <span class='ocrx_word' id='word_1_199' title='bbox 1397 2384 1642 2441; x_wconf 84' lang='lat' dir='ltr'><strong>Nondum</strong></span> <span class='ocrx_word' id='word_1_200' title='bbox 1668 2389 1798 2443; x_wconf 77' lang='lat' dir='ltr'><strong>venit</strong></span> <span class='ocrx_word' id='word_1_201' title='bbox 1821 2388 1948 2444; x_wconf 80' lang='lat' dir='ltr'><strong>liora</strong></span> <span class='ocrx_word' id='word_1_202' title='bbox 1975 2406 2110 2445; x_wconf 86' lang='lat' dir='ltr'><strong>utea.</strong></span> 
     </span>
    </p>
   </div>
   <div class='ocr_carea' id='block_1_24' title="bbox 529 2475 2108 2547">
    <p class='ocr_par' dir='ltr' id='par_1_24' title="bbox 529 2475 2108 2547">
     <span class='ocr_line' id='line_1_24' title="bbox 529 2475 2108 2547; baseline 0.003 -16"><span class='ocrx_word' id='word_1_203' title='bbox 529 2476 736 2546; x_wconf 83' lang='lat' dir='ltr'><strong>Quibus</strong></span> <span class='ocrx_word' id='word_1_204' title='bbox 759 2490 886 2547; x_wconf 88' lang='lat' dir='ltr'><strong>ergo</strong></span> <span class='ocrx_word' id='word_1_205' title='bbox 907 2476 1053 2546; x_wconf 88' lang='lat' dir='ltr'><strong>prius</strong></span> <span class='ocrx_word' id='word_1_206' title='bbox 1076 2475 1507 2547; x_wconf 89' lang='lat' dir='ltr'><strong>respondendum</strong></span> <span class='ocrx_word' id='word_1_207' title='bbox 1528 2486 1638 2545; x_wconf 88' lang='lat' dir='ltr'><strong>est;</strong></span> <span class='ocrx_word' id='word_1_208' title='bbox 1691 2478 1959 2536; x_wconf 58' lang='lat' dir='ltr'><strong>haereticis</strong></span> <span class='ocrx_word' id='word_1_209' title='bbox 1978 2522 1994 2547; x_wconf 94' lang='lat'><strong>,</strong></span> <span class='ocrx_word' id='word_1_210' title='bbox 2038 2495 2108 2537; x_wconf 87' lang='lat' dir='ltr'><strong>an</strong></span> 
     </span>
    </p>
   </div>
   <div class='ocr_carea' id='block_1_25' title="bbox 524 2564 2110 2640">
    <p class='ocr_par' dir='ltr' id='par_1_25' title="bbox 524 2564 2110 2640">
     <span class='ocr_line' id='line_1_25' title="bbox 524 2564 2110 2640; baseline 0.004 -19"><span class='ocrx_word' id='word_1_211' title='bbox 524 2566 957 2622; x_wconf 79' lang='lat' dir='ltr'><strong>mathematicis?</strong></span> <span class='ocrx_word' id='word_1_212' title='bbox 1002 2564 1225 2631; x_wconf 89' lang='lat' dir='ltr'><strong>Utrique</strong></span> <span class='ocrx_word' id='word_1_213' title='bbox 1250 2567 1391 2623; x_wconf 87' lang='lat' dir='ltr'><strong>enim</strong></span> <span class='ocrx_word' id='word_1_214' title='bbox 1419 2585 1448 2623; x_wconf 89' lang='lat' dir='ltr'><strong>a</strong></span> <span class='ocrx_word' id='word_1_215' title='bbox 1475 2579 1725 2639; x_wconf 77' lang='lat' dir='ltr'><strong>serpente</strong></span> <span class='ocrx_word' id='word_1_216' title='bbox 1751 2572 1841 2626; x_wconf 92' lang='lat' dir='ltr'><strong>illo</strong></span> <span class='ocrx_word' id='word_1_217' title='bbox 1868 2571 2110 2640; x_wconf 88' lang='lat' dir='ltr'><strong>veniunt,</strong></span> 
     </span>
    </p>
   </div>
   <div class='ocr_carea' id='block_1_26' title="bbox 523 2646 2107 2730">
    <p class='ocr_par' dir='ltr' id='par_1_26' title="bbox 523 2646 2107 2730">
     <span class='ocr_line' id='line_1_26' title="bbox 523 2646 2107 2730; baseline 0.003 -18"><span class='ocrx_word' id='word_1_218' title='bbox 523 2656 769 2713; x_wconf 88' lang='lat' dir='ltr'><strong>volentes</strong></span> <span class='ocrx_word' id='word_1_219' title='bbox 811 2671 1155 2728; x_wconf 72' lang='lat' dir='ltr'><strong>corrumpere</strong></span> <span class='ocrx_word' id='word_1_220' title='bbox 1201 2658 1559 2729; x_wconf 81' lang='lat' dir='ltr'><strong>virginitatem</strong></span> <span class='ocrx_word' id='word_1_221' title='bbox 1609 2646 1787 2717; x_wconf 88' lang='lat' dir='ltr'><strong>cordis</strong></span> <span class='ocrx_word' id='word_1_222' title='bbox 1830 2662 2107 2730; x_wconf 71' lang='lat' dir='ltr'><strong>Ecclesiae,</strong></span> 
     </span>
    </p>
   </div>
   <div class='ocr_carea' id='block_1_27' title="bbox 526 2749 2111 2826">
    <p class='ocr_par' dir='ltr' id='par_1_27' title="bbox 526 2749 2111 2826">
     <span class='ocr_line' id='line_1_27' title="bbox 526 2749 2111 2826; baseline 0.004 -22"><span class='ocrx_word' id='word_1_223' title='bbox 526 2765 683 2821; x_wconf 82' lang='lat' dir='ltr'><strong>quant</strong></span> <span class='ocrx_word' id='word_1_224' title='bbox 716 2749 875 2806; x_wconf 89' lang='lat' dir='ltr'><strong>habet</strong></span> <span class='ocrx_word' id='word_1_225' title='bbox 906 2750 958 2805; x_wconf 91' lang='lat' dir='ltr'><strong>in</strong></span> <span class='ocrx_word' id='word_1_226' title='bbox 985 2749 1189 2821; x_wconf 84' lang='lat' dir='ltr'><strong>integra</strong></span> <span class='ocrx_word' id='word_1_227' title='bbox 1211 2749 1335 2806; x_wconf 90' lang='lat' dir='ltr'><strong>ﬁde.</strong></span> <span class='ocrx_word' id='word_1_228' title='bbox 1364 2752 1542 2807; x_wconf 86' lang='lat' dir='ltr'><strong>Primo</strong></span> <span class='ocrx_word' id='word_1_229' title='bbox 1566 2754 1612 2808; x_wconf 90' lang='lat' dir='ltr'><strong>si</strong></span> <span class='ocrx_word' id='word_1_230' title='bbox 1642 2755 1835 2824; x_wconf 89' lang='lat' dir='ltr'><strong>placet,</strong></span> <span class='ocrx_word' id='word_1_231' title='bbox 1866 2756 1944 2811; x_wconf 90' lang='lat' dir='ltr'><strong>eis</strong></span> <span class='ocrx_word' id='word_1_232' title='bbox 1972 2770 2111 2826; x_wconf 90' lang='lat' dir='ltr'><strong>quos</strong></span> 
     </span>
    </p>
   </div>
   <div class='ocr_carea' id='block_1_28' title="bbox 525 2840 2111 2916">
    <p class='ocr_par' dir='ltr' id='par_1_28' title="bbox 525 2840 2111 2916">
     <span class='ocr_line' id='line_1_28' title="bbox 525 2840 2111 2916; baseline 0.003 -20"><span class='ocrx_word' id='word_1_233' title='bbox 525 2855 974 2912; x_wconf 85' lang='lat' dir='ltr'><strong>prOposueramus</strong></span> <span class='ocrx_word' id='word_1_234' title='bbox 995 2880 1012 2906; x_wconf 91' lang='lat'><strong>,</strong></span> <span class='ocrx_word' id='word_1_235' title='bbox 1040 2840 1234 2911; x_wconf 89' lang='lat' dir='ltr'><strong>quibus</strong></span> <span class='ocrx_word' id='word_1_236' title='bbox 1259 2842 1472 2912; x_wconf 85' lang='lat' dir='ltr'><strong>quidem</strong></span> <span class='ocrx_word' id='word_1_237' title='bbox 1500 2843 1610 2912; x_wconf 85' lang='lat' dir='ltr'><strong>jam</strong></span> <span class='ocrx_word' id='word_1_238' title='bbox 1636 2859 1700 2899; x_wconf 87' lang='lat' dir='ltr'><strong>ex</strong></span> <span class='ocrx_word' id='word_1_239' title='bbox 1741 2860 1929 2916; x_wconf 87' lang='lat' dir='ltr'><strong>magna</strong></span> <span class='ocrx_word' id='word_1_240' title='bbox 1959 2856 2111 2915; x_wconf 88' lang='lat' dir='ltr'><strong>parte</strong></span> 
     </span>
    </p>
   </div>
   <div class='ocr_carea' id='block_1_29' title="bbox 523 2929 2111 3002">
    <p class='ocr_par' dir='ltr' id='par_1_29' title="bbox 523 2929 2111 3002">
     <span class='ocr_line' id='line_1_29' title="bbox 523 2929 2111 3002; baseline 0.006 -17"><span class='ocrx_word' id='word_1_241' title='bbox 523 2929 918 3002; x_wconf 90' lang='lat' dir='ltr'><strong>respondimus.</strong></span> <span class='ocrx_word' id='word_1_242' title='bbox 980 2929 1089 2987; x_wconf 89' lang='lat' dir='ltr'><strong>Sed</strong></span> <span class='ocrx_word' id='word_1_243' title='bbox 1132 2946 1201 2985; x_wconf 90' lang='lat' dir='ltr'><strong>ne</strong></span> <span class='ocrx_word' id='word_1_244' title='bbox 1250 2931 1577 2989; x_wconf 87' lang='lat' dir='ltr'><strong>arbitrentur</strong></span> <span class='ocrx_word' id='word_1_245' title='bbox 1618 2948 1717 2990; x_wconf 88' lang='lat' dir='ltr'><strong>nos</strong></span> <span class='ocrx_word' id='word_1_246' title='bbox 1765 2951 1869 2991; x_wconf 91' lang='lat' dir='ltr'><strong>non</strong></span> <span class='ocrx_word' id='word_1_247' title='bbox 1911 2935 2111 2994; x_wconf 88' lang='lat' dir='ltr'><strong>habere</strong></span> 
     </span>
    </p>
   </div>
   <div class='ocr_carea' id='block_1_30' title="bbox 520 3020 2110 3094">
    <p class='ocr_par' dir='ltr' id='par_1_30' title="bbox 520 3020 2110 3094">
     <span class='ocr_line' id='line_1_30' title="bbox 520 3020 2110 3094; baseline 0.005 -17"><span class='ocrx_word' id='word_1_248' title='bbox 520 3022 647 3092; x_wconf 90' lang='lat' dir='ltr'><strong>quid</strong></span> <span class='ocrx_word' id='word_1_249' title='bbox 688 3021 931 3077; x_wconf 83' lang='lat' dir='ltr'><strong>dicamus</strong></span> <span class='ocrx_word' id='word_1_250' title='bbox 967 3020 1034 3077; x_wconf 90' lang='lat' dir='ltr'><strong>de</strong></span> <span class='ocrx_word' id='word_1_251' title='bbox 1074 3021 1157 3076; x_wconf 90' lang='lat' dir='ltr'><strong>his</strong></span> <span class='ocrx_word' id='word_1_252' title='bbox 1191 3023 1367 3078; x_wconf 79' lang='lat' dir='ltr'><strong>verbis</strong></span> <span class='ocrx_word' id='word_1_253' title='bbox 1404 3040 1523 3094; x_wconf 69' lang='lat' dir='ltr'><strong>quae</strong></span> <span class='ocrx_word' id='word_1_254' title='bbox 1554 3025 1809 3082; x_wconf 92' lang='lat' dir='ltr'><strong>Dominus</strong></span> <span class='ocrx_word' id='word_1_255' title='bbox 1835 3028 1988 3083; x_wconf 90' lang='lat' dir='ltr'><strong>matri</strong></span> <span class='ocrx_word' id='word_1_256' title='bbox 2017 3042 2110 3085; x_wconf 89' lang='lat' dir='ltr'><strong>re-</strong></span> 
     </span>
    </p>
   </div>
   <div class='ocr_carea' id='block_1_31' title="bbox 523 3110 2111 3183">
    <p class='ocr_par' dir='ltr' id='par_1_31' title="bbox 523 3110 2111 3183">
     <span class='ocr_line' id='line_1_31' title="bbox 523 3110 2111 3183; baseline 0.004 -16"><span class='ocrx_word' id='word_1_257' title='bbox 523 3110 773 3183; x_wconf 86' lang='lat' dir='ltr'><strong>spondit,</strong></span> <span class='ocrx_word' id='word_1_258' title='bbox 818 3125 914 3166; x_wconf 89' lang='lat' dir='ltr'><strong>vos</strong></span> <span class='ocrx_word' id='word_1_259' title='bbox 938 3111 1104 3182; x_wconf 75' lang='lat' dir='ltr'><strong>magis</strong></span> <span class='ocrx_word' id='word_1_260' title='bbox 1140 3112 1401 3169; x_wconf 86' lang='lat' dir='ltr'><strong>adversus</strong></span> <span class='ocrx_word' id='word_1_261' title='bbox 1439 3114 1560 3170; x_wconf 91' lang='lat' dir='ltr'><strong>illos</strong></span> <span class='ocrx_word' id='word_1_262' title='bbox 1602 3115 1913 3173; x_wconf 90' lang='lat' dir='ltr'><strong>instruimus</strong></span> <span class='ocrx_word' id='word_1_263' title='bbox 1943 3135 1957 3172; x_wconf 85' lang='lat'><strong>:</strong></span> <span class='ocrx_word' id='word_1_264' title='bbox 1984 3134 2111 3174; x_wconf 89' lang='lat' dir='ltr'><strong>nam</strong></span> 
     </span>
    </p>
   </div>
   <div class='ocr_carea' id='block_1_32' title="bbox 523 3199 2110 3279">
    <p class='ocr_par' dir='ltr' id='par_1_32' title="bbox 523 3199 2110 3279">
     <span class='ocr_line' id='line_1_32' title="bbox 523 3199 2110 3279; baseline 0.008 -24"><span class='ocrx_word' id='word_1_265' title='bbox 523 3201 628 3255; x_wconf 86' lang='lat' dir='ltr'><strong>illis</strong></span> <span class='ocrx_word' id='word_1_266' title='bbox 669 3199 1015 3268; x_wconf 82' lang='lat' dir='ltr'><strong>relellendis,</strong></span> <span class='ocrx_word' id='word_1_267' title='bbox 1059 3217 1189 3275; x_wconf 88' lang='lat' dir='ltr'><strong>puto</strong></span> <span class='ocrx_word' id='word_1_268' title='bbox 1225 3204 1367 3274; x_wconf 91' lang='lat' dir='ltr'><strong>quod</strong></span> <span class='ocrx_word' id='word_1_269' title='bbox 1413 3204 1677 3262; x_wconf 83' lang='lat' dir='ltr'><strong>sufﬁciant</strong></span> <span class='ocrx_word' id='word_1_270' title='bbox 1718 3223 1836 3278; x_wconf 75' lang='lat' dir='ltr'><strong>qua:</strong></span> <span class='ocrx_word' id='word_1_271' title='bbox 1870 3208 1980 3279; x_wconf 85' lang='lat' dir='ltr'><strong>jam</strong></span> <span class='ocrx_word' id='word_1_272' title='bbox 2023 3209 2110 3267; x_wconf 86' lang='lat' dir='ltr'><strong>di-</strong></span> 
     </span>
    </p>
   </div>
   <div class='ocr_carea' id='block_1_33' title="bbox 522 3298 774 3346">
    <p class='ocr_par' dir='ltr' id='par_1_33' title="bbox 522 3298 774 3346">
     <span class='ocr_line' id='line_1_33' title="bbox 522 3298 774 3346; baseline 0 0"><span class='ocrx_word' id='word_1_273' title='bbox 522 3300 605 3346; x_wconf 88' lang='lat' dir='ltr'><strong>cta</strong></span> <span class='ocrx_word' id='word_1_274' title='bbox 630 3298 774 3346; x_wconf 85' lang='lat' dir='ltr'><strong>sunt.</strong></span> 
     </span>
    </p>
   </div>
   <div class='ocr_carea' id='block_1_34' title="bbox 595 3380 2107 3460">
    <p class='ocr_par' dir='ltr' id='par_1_34' title="bbox 595 3380 2107 3460">
     <span class='ocr_line' id='line_1_34' title="bbox 595 3380 2107 3460; baseline 0.006 -21"><span class='ocrx_word' id='word_1_275' title='bbox 595 3383 651 3439; x_wconf 88' lang='lat'><strong>9.</strong></span> <span class='ocrx_word' id='word_1_276' title='bbox 690 3380 799 3438; x_wconf 91' lang='lat' dir='ltr'><strong>Cur</strong></span> <span class='ocrx_word' id='word_1_277' title='bbox 837 3399 965 3454; x_wconf 88' lang='lat' dir='ltr'><strong>ergo</strong></span> <span class='ocrx_word' id='word_1_278' title='bbox 1006 3385 1081 3440; x_wconf 87' lang='lat' dir='ltr'><strong>ait</strong></span> <span class='ocrx_word' id='word_1_279' title='bbox 1104 3387 1259 3440; x_wconf 87' lang='lat' dir='ltr'><strong>matri</strong></span> <span class='ocrx_word' id='word_1_280' title='bbox 1302 3385 1460 3453; x_wconf 83' lang='lat' dir='ltr'><strong>filius,</strong></span> <span class='ocrx_word' id='word_1_281' title='bbox 1493 3386 1630 3454; x_wconf 86' lang='lat' dir='ltr'><strong>Quid</strong></span> <span class='ocrx_word' id='word_1_282' title='bbox 1673 3391 1797 3445; x_wconf 81' lang='lat' dir='ltr'><strong>mihi</strong></span> <span class='ocrx_word' id='word_1_283' title='bbox 1825 3401 1871 3446; x_wconf 88' lang='lat' dir='ltr'><strong>et</strong></span> <span class='ocrx_word' id='word_1_284' title='bbox 1899 3391 1986 3446; x_wconf 89' lang='lat' dir='ltr'><strong>tibi</strong></span> <span class='ocrx_word' id='word_1_285' title='bbox 2011 3404 2107 3460; x_wconf 79' lang='lat' dir='ltr'><strong>est,</strong></span> 
     </span>
    </p>
   </div>
   <div class='ocr_carea' id='block_1_35' title="bbox 523 3473 2113 3540">
    <p class='ocr_par' dir='ltr' id='par_1_35' title="bbox 523 3473 2113 3540">
     <span class='ocr_line' id='line_1_35' title="bbox 523 3473 2113 3540; baseline 0.007 -11"><span class='ocrx_word' id='word_1_286' title='bbox 523 3475 739 3530; x_wconf 81' lang='lat' dir='ltr'><strong>mulier?</strong></span> <span class='ocrx_word' id='word_1_287' title='bbox 761 3473 986 3530; x_wconf 85' lang='lat' dir='ltr'><strong>nondum</strong></span> <span class='ocrx_word' id='word_1_288' title='bbox 1006 3477 1136 3530; x_wconf 81' lang='lat' dir='ltr'><strong>venit</strong></span> <span class='ocrx_word' id='word_1_289' title='bbox 1161 3475 1287 3531; x_wconf 81' lang='lat' dir='ltr'><strong>liora</strong></span> <span class='ocrx_word' id='word_1_290' title='bbox 1313 3494 1442 3532; x_wconf 66' lang='lat' dir='ltr'><strong>mea.</strong></span> <span class='ocrx_word' id='word_1_291' title='bbox 1484 3478 1736 3537; x_wconf 90' lang='lat' dir='ltr'><strong>Dominus</strong></span> <span class='ocrx_word' id='word_1_292' title='bbox 1757 3492 1937 3539; x_wconf 87' lang='lat' dir='ltr'><strong>uoster</strong></span> <span class='ocrx_word' id='word_1_293' title='bbox 1954 3483 2113 3540; x_wconf 80' lang='lat' dir='ltr'><strong>Jesus</strong></span> 
     </span>
    </p>
   </div>
   <div class='ocr_carea' id='block_1_36' title="bbox 522 3567 2113 3646">
    <p class='ocr_par' dir='ltr' id='par_1_36' title="bbox 522 3567 2113 3646">
     <span class='ocr_line' id='line_1_36' title="bbox 522 3567 2113 3646; baseline 0.007 -22"><span class='ocrx_word' id='word_1_294' title='bbox 522 3567 788 3635; x_wconf 88' lang='lat' dir='ltr'><strong>Christus,</strong></span> <span class='ocrx_word' id='word_1_295' title='bbox 812 3578 865 3624; x_wconf 89' lang='lat' dir='ltr'><strong>et</strong></span> <span class='ocrx_word' id='word_1_296' title='bbox 894 3567 1174 3624; x_wconf 79' lang='lat' dir='ltr'><strong>Deus‘erat</strong></span> <span class='ocrx_word' id='word_1_297' title='bbox 1192 3578 1245 3626; x_wconf 91' lang='lat' dir='ltr'><strong>ct</strong></span> <span class='ocrx_word' id='word_1_298' title='bbox 1271 3570 1461 3626; x_wconf 90' lang='lat' dir='ltr'><strong>homo:</strong></span> <span class='ocrx_word' id='word_1_299' title='bbox 1484 3572 1776 3629; x_wconf 91' lang='lat' dir='ltr'><strong>secundum</strong></span> <span class='ocrx_word' id='word_1_300' title='bbox 1802 3576 1943 3646; x_wconf 92' lang='lat' dir='ltr'><strong>quod</strong></span> <span class='ocrx_word' id='word_1_301' title='bbox 1972 3577 2113 3634; x_wconf 93' lang='lat' dir='ltr'><strong>Deus</strong></span> 
     </span>
    </p>
   </div>
   <div class='ocr_carea' id='block_1_37' title="bbox 522 3659 2111 3736">
    <p class='ocr_par' dir='ltr' id='par_1_37' title="bbox 522 3659 2111 3736">
     <span class='ocr_line' id='line_1_37' title="bbox 522 3659 2111 3736; baseline 0.006 -21"><span class='ocrx_word' id='word_1_302' title='bbox 522 3671 656 3721; x_wconf 89' lang='lat' dir='ltr'><strong>erat,</strong></span> <span class='ocrx_word' id='word_1_303' title='bbox 673 3671 895 3715; x_wconf 88' lang='lat' dir='ltr'><strong>matrem</strong></span> <span class='ocrx_word' id='word_1_304' title='bbox 913 3676 1018 3715; x_wconf 89' lang='lat' dir='ltr'><strong>non</strong></span> <span class='ocrx_word' id='word_1_305' title='bbox 1038 3659 1297 3726; x_wconf 86' lang='lat' dir='ltr'><strong>habebat;</strong></span> <span class='ocrx_word' id='word_1_306' title='bbox 1317 3662 1606 3718; x_wconf 88' lang='lat' dir='ltr'><strong>secundum</strong></span> <span class='ocrx_word' id='word_1_307' title='bbox 1628 3665 1770 3735; x_wconf 87' lang='lat' dir='ltr'><strong>quod</strong></span> <span class='ocrx_word' id='word_1_308' title='bbox 1793 3666 1952 3723; x_wconf 90' lang='lat' dir='ltr'><strong>homo</strong></span> <span class='ocrx_word' id='word_1_309' title='bbox 1972 3678 2111 3736; x_wconf 84' lang='lat' dir='ltr'><strong>erat,</strong></span> 
     </span>
    </p>
   </div>
   <div class='ocr_carea' id='block_1_38' title="bbox 524 3750 2113 3826">
    <p class='ocr_par' dir='ltr' id='par_1_38' title="bbox 524 3750 2113 3826">
     <span class='ocr_line' id='line_1_38' title="bbox 524 3750 2113 3826; baseline 0.006 -21"><span class='ocrx_word' id='word_1_310' title='bbox 524 3750 773 3806; x_wconf 87' lang='lat' dir='ltr'><strong>habebat.</strong></span> <span class='ocrx_word' id='word_1_311' title='bbox 816 3750 981 3805; x_wconf 76' lang='lat' dir='ltr'><strong>Mater</strong></span> <span class='ocrx_word' id='word_1_312' title='bbox 1008 3766 1138 3822; x_wconf 87' lang='lat' dir='ltr'><strong>ergo</strong></span> <span class='ocrx_word' id='word_1_313' title='bbox 1164 3761 1282 3807; x_wconf 88' lang='lat' dir='ltr'><strong>erat</strong></span> <span class='ocrx_word' id='word_1_314' title='bbox 1310 3754 1505 3817; x_wconf 72' lang='lat' dir='ltr'><strong>carnis,</strong></span> <span class='ocrx_word' id='word_1_315' title='bbox 1547 3764 1719 3811; x_wconf 87' lang='lat' dir='ltr'><strong>mater</strong></span> <span class='ocrx_word' id='word_1_316' title='bbox 1748 3757 2113 3826; x_wconf 85' lang='lat' dir='ltr'><strong>humanitatis,</strong></span> 
     </span>
    </p>
   </div>
   <div class='ocr_carea' id='block_1_39' title="bbox 525 3841 2117 3919">
    <p class='ocr_par' dir='ltr' id='par_1_39' title="bbox 525 3841 2117 3919">
     <span class='ocr_line' id='line_1_39' title="bbox 525 3841 2117 3919; baseline 0.008 -23"><span class='ocrx_word' id='word_1_317' title='bbox 525 3852 699 3898; x_wconf 87' lang='lat' dir='ltr'><strong>mater</strong></span> <span class='ocrx_word' id='word_1_318' title='bbox 722 3841 1045 3898; x_wconf 89' lang='lat' dir='ltr'><strong>inﬁrmitatis</strong></span> <span class='ocrx_word' id='word_1_319' title='bbox 1071 3858 1229 3914; x_wconf 87' lang='lat' dir='ltr'><strong>quam</strong></span> <span class='ocrx_word' id='word_1_320' title='bbox 1253 3847 1485 3917; x_wconf 84' lang='lat' dir='ltr'><strong>suscepit</strong></span> <span class='ocrx_word' id='word_1_321' title='bbox 1505 3858 1721 3919; x_wconf 74' lang='lat' dir='ltr'><strong>promer</strong></span> <span class='ocrx_word' id='word_1_322' title='bbox 1747 3865 1863 3906; x_wconf 89' lang='lat' dir='ltr'><strong>nos.</strong></span> <span class='ocrx_word' id='word_1_323' title='bbox 1886 3850 2117 3908; x_wconf 78' lang='lat' dir='ltr'><strong>Miracu-</strong></span> 
     </span>
    </p>
   </div>
   <div class='ocr_carea' id='block_1_40' title="bbox 524 3932 2113 4005">
    <p class='ocr_par' dir='ltr' id='par_1_40' title="bbox 524 3932 2113 4005">
     <span class='ocr_line' id='line_1_40' title="bbox 524 3932 2113 4005; baseline 0.007 -15"><span class='ocrx_word' id='word_1_324' title='bbox 524 3935 635 3991; x_wconf 92' lang='lat' dir='ltr'><strong>lum</strong></span> <span class='ocrx_word' id='word_1_325' title='bbox 662 3942 838 3988; x_wconf 89' lang='lat' dir='ltr'><strong>autem</strong></span> <span class='ocrx_word' id='word_1_326' title='bbox 866 3932 1008 4004; x_wconf 92' lang='lat' dir='ltr'><strong>quod</strong></span> <span class='ocrx_word' id='word_1_327' title='bbox 1039 3936 1269 3990; x_wconf 89' lang='lat' dir='ltr'><strong>facturus</strong></span> <span class='ocrx_word' id='word_1_328' title='bbox 1293 3944 1427 4005; x_wconf 87' lang='lat' dir='ltr'><strong>crat,</strong></span> <span class='ocrx_word' id='word_1_329' title='bbox 1459 3937 1749 3995; x_wconf 87' lang='lat' dir='ltr'><strong>secundum</strong></span> <span class='ocrx_word' id='word_1_330' title='bbox 1779 3941 2113 4001; x_wconf 79' lang='lat' dir='ltr'><strong>divinitatem</strong></span> 
     </span>
    </p>
   </div>
   <div class='ocr_carea' id='block_1_41' title="bbox 524 4026 2112 4096">
    <p class='ocr_par' dir='ltr' id='par_1_41' title="bbox 524 4026 2112 4096">
     <span class='ocr_line' id='line_1_41' title="bbox 524 4026 2112 4096; baseline 0.009 -17"><span class='ocrx_word' id='word_1_331' title='bbox 524 4027 760 4079; x_wconf 85' lang='lat' dir='ltr'><strong>tacturus</strong></span> <span class='ocrx_word' id='word_1_332' title='bbox 785 4034 918 4089; x_wconf 88' lang='lat' dir='ltr'><strong>erat,</strong></span> <span class='ocrx_word' id='word_1_333' title='bbox 945 4040 1051 4081; x_wconf 91' lang='lat' dir='ltr'><strong>non</strong></span> <span class='ocrx_word' id='word_1_334' title='bbox 1080 4026 1370 4083; x_wconf 87' lang='lat' dir='ltr'><strong>secundum</strong></span> <span class='ocrx_word' id='word_1_335' title='bbox 1401 4028 1793 4096; x_wconf 87' lang='lat' dir='ltr'><strong>inﬁrmitatem;</strong></span> <span class='ocrx_word' id='word_1_336' title='bbox 1819 4036 2112 4093; x_wconf 85' lang='lat' dir='ltr'><strong>secundum</strong></span> 
     </span>
    </p>
   </div>
   <div class='ocr_carea' id='block_1_42' title="bbox 524 4108 2114 4191">
    <p class='ocr_par' dir='ltr' id='par_1_42' title="bbox 524 4108 2114 4191">
     <span class='ocr_line' id='line_1_42' title="bbox 524 4108 2114 4191; baseline 0.011 -23"><span class='ocrx_word' id='word_1_337' title='bbox 524 4114 669 4187; x_wconf 90' lang='lat' dir='ltr'><strong>quod</strong></span> <span class='ocrx_word' id='word_1_338' title='bbox 698 4116 841 4172; x_wconf 87' lang='lat' dir='ltr'><strong>Deus</strong></span> <span class='ocrx_word' id='word_1_339' title='bbox 864 4126 1000 4183; x_wconf 88' lang='lat' dir='ltr'><strong>erat,</strong></span> <span class='ocrx_word' id='word_1_340' title='bbox 1032 4108 1137 4173; x_wconf 84' lang='lat' dir='ltr'><strong>non</strong></span> <span class='ocrx_word' id='word_1_341' title='bbox 1168 4118 1463 4175; x_wconf 86' lang='lat' dir='ltr'><strong>secundum</strong></span> <span class='ocrx_word' id='word_1_342' title='bbox 1493 4125 1633 4191; x_wconf 91' lang='lat' dir='ltr'><strong>quod</strong></span> <span class='ocrx_word' id='word_1_343' title='bbox 1672 4124 1913 4183; x_wconf 91' lang='lat' dir='ltr'><strong>inﬁrmus</strong></span> <span class='ocrx_word' id='word_1_344' title='bbox 1953 4139 2114 4186; x_wconf 82' lang='lat' dir='ltr'><strong>italus</strong></span> 
     </span>
    </p>
   </div>
   <div class='ocr_carea' id='block_1_43' title="bbox 525 4206 2106 4291">
    <p class='ocr_par' dir='ltr' id='par_1_43' title="bbox 525 4206 2106 4291">
     <span class='ocr_line' id='line_1_43' title="bbox 525 4206 2106 4291; baseline 0.008 -29"><span class='ocrx_word' id='word_1_345' title='bbox 525 4216 660 4263; x_wconf 78' lang='lat' dir='ltr'><strong>erat.</strong></span> <span class='ocrx_word' id='word_1_346' title='bbox 691 4206 797 4263; x_wconf 89' lang='lat' dir='ltr'><strong>Sed</strong></span> <span class='ocrx_word' id='word_1_347' title='bbox 826 4208 1092 4263; x_wconf 88' lang='lat' dir='ltr'><strong>iuﬁrtmutt</strong></span> <span class='ocrx_word' id='word_1_348' title='bbox 1122 4207 1213 4265; x_wconf 88' lang='lat' dir='ltr'><strong>Dei</strong></span> <span class='ocrx_word' id='word_1_349' title='bbox 1243 4210 1428 4266; x_wconf 90' lang='lat' dir='ltr'><strong>fortius</strong></span> <span class='ocrx_word' id='word_1_350' title='bbox 1457 4220 1540 4267; x_wconf 87' lang='lat' dir='ltr'><strong>est</strong></span> <span class='ocrx_word' id='word_1_351' title='bbox 1568 4214 1870 4271; x_wconf 86' lang='lat' dir='ltr'><strong>hominibus</strong></span> <span class='ocrx_word' id='word_1_352' title='bbox 1898 4216 1919 4291; x_wconf 97' lang='lat'><strong>(</strong></span> <span class='ocrx_word' id='word_1_353' title='bbox 1941 4216 1956 4271; x_wconf 94' lang='grc' dir='ltr'><strong>Ι</strong></span> <span class='ocrx_word' id='word_1_354' title='bbox 1986 4217 2106 4275; x_wconf 83' lang='lat' dir='ltr'><strong>Cor.</strong></span> 
     </span>
    </p>
   </div>
   <div class='ocr_carea' id='block_1_44' title="bbox 527 4296 2113 4372">
    <p class='ocr_par' dir='ltr' id='par_1_44' title="bbox 527 4296 2113 4372">
     <span class='ocr_line' id='line_1_44' title="bbox 527 4296 2113 4372; baseline 0.006 -18"><span class='ocrx_word' id='word_1_355' title='bbox 527 4314 566 4366; x_wconf 84' lang='grc' dir='ltr'>ι,</span> <span class='ocrx_word' id='word_1_356' title='bbox 593 4296 710 4371; x_wconf 75' lang='grc'><strong>25).</strong></span> <span class='ocrx_word' id='word_1_357' title='bbox 752 4297 1058 4355; x_wconf 81' lang='lat' dir='ltr'><strong>Miraculum</strong></span> <span class='ocrx_word' id='word_1_358' title='bbox 1102 4314 1230 4370; x_wconf 81' lang='lat' dir='ltr'><strong>ergo</strong></span> <span class='ocrx_word' id='word_1_359' title='bbox 1257 4301 1505 4372; x_wconf 75' lang='lat' dir='ltr'><strong>exigebat</strong></span> <span class='ocrx_word' id='word_1_360' title='bbox 1547 4314 1749 4372; x_wconf 83' lang='lat' dir='ltr'><strong>mater;</strong></span> <span class='ocrx_word' id='word_1_361' title='bbox 1791 4316 1844 4361; x_wconf 88' lang='lat' dir='ltr'><strong>at</strong></span> <span class='ocrx_word' id='word_1_362' title='bbox 1873 4307 1961 4363; x_wconf 89' lang='lat' dir='ltr'><strong>ille</strong></span> <span class='ocrx_word' id='word_1_363' title='bbox 1990 4319 2113 4365; x_wconf 83' lang='lat' dir='ltr'><strong>tan-</strong></span> 
     </span>
    </p>
   </div>
   <div class='ocr_carea' id='block_1_45' title="bbox 524 4389 2111 4465">
    <p class='ocr_par' dir='ltr' id='par_1_45' title="bbox 524 4389 2111 4465">
     <span class='ocr_line' id='line_1_45' title="bbox 524 4389 2111 4465; baseline 0.009 -22"><span class='ocrx_word' id='word_1_364' title='bbox 524 4405 683 4459; x_wconf 90' lang='lat' dir='ltr'><strong>quaut</strong></span> <span class='ocrx_word' id='word_1_365' title='bbox 711 4404 815 4444; x_wconf 91' lang='lat' dir='ltr'><strong>non</strong></span> <span class='ocrx_word' id='word_1_366' title='bbox 846 4392 1085 4463; x_wconf 78' lang='lat' dir='ltr'><strong>agnoscit</strong></span> <span class='ocrx_word' id='word_1_367' title='bbox 1115 4389 1322 4447; x_wconf 79' lang='lat' dir='ltr'><strong>viscera</strong></span> <span class='ocrx_word' id='word_1_368' title='bbox 1352 4392 1603 4459; x_wconf 84' lang='lat' dir='ltr'><strong>humana,</strong></span> <span class='ocrx_word' id='word_1_369' title='bbox 1629 4408 1943 4465; x_wconf 87' lang='lat' dir='ltr'><strong>operaturus</strong></span> <span class='ocrx_word' id='word_1_370' title='bbox 1973 4399 2111 4457; x_wconf 84' lang='lat' dir='ltr'><strong>facta</strong></span> 
     </span>
    </p>
   </div>
   <div class='ocr_carea' id='block_1_46' title="bbox 524 4481 2108 4560">
    <p class='ocr_par' dir='ltr' id='par_1_46' title="bbox 524 4481 2108 4560">
     <span class='ocr_line' id='line_1_46' title="bbox 524 4481 2108 4560; baseline 0.007 -23"><span class='ocrx_word' id='word_1_371' title='bbox 524 4481 735 4547; x_wconf 89' lang='lat' dir='ltr'><strong>divina;</strong></span> <span class='ocrx_word' id='word_1_372' title='bbox 760 4492 1005 4552; x_wconf 89' lang='lat' dir='ltr'><strong>tauquam</strong></span> <span class='ocrx_word' id='word_1_373' title='bbox 1027 4481 1234 4548; x_wconf 88' lang='lat' dir='ltr'><strong>dicens,</strong></span> <span class='ocrx_word' id='word_1_374' title='bbox 1256 4483 1409 4551; x_wconf 88' lang='lat' dir='ltr'><strong>Quod</strong></span> <span class='ocrx_word' id='word_1_375' title='bbox 1434 4484 1500 4539; x_wconf 90' lang='lat' dir='ltr'><strong>dc</strong></span> <span class='ocrx_word' id='word_1_376' title='bbox 1522 4501 1608 4541; x_wconf 90' lang='lat' dir='ltr'><strong>me</strong></span> <span class='ocrx_word' id='word_1_377' title='bbox 1633 4486 1758 4543; x_wconf 84' lang='lat' dir='ltr'><strong>facit</strong></span> <span class='ocrx_word' id='word_1_378' title='bbox 1776 4490 2108 4560; x_wconf 88' lang='lat' dir='ltr'><strong>miraculum,</strong></span> 
     </span>
    </p>
   </div>
   <div class='ocr_carea' id='block_1_47' title="bbox 527 4571 2108 4651">
    <p class='ocr_par' dir='ltr' id='par_1_47' title="bbox 527 4571 2108 4651">
     <span class='ocr_line' id='line_1_47' title="bbox 527 4571 2108 4651; baseline 0.008 -24"><span class='ocrx_word' id='word_1_379' title='bbox 527 4586 635 4627; x_wconf 85' lang='lat' dir='ltr'><strong>non</strong></span> <span class='ocrx_word' id='word_1_380' title='bbox 658 4579 712 4626; x_wconf 91' lang='lat' dir='ltr'><strong>tu</strong></span> <span class='ocrx_word' id='word_1_381' title='bbox 736 4571 985 4643; x_wconf 89' lang='lat' dir='ltr'><strong>genuisti,</strong></span> <span class='ocrx_word' id='word_1_382' title='bbox 1030 4571 1359 4628; x_wconf 88' lang='lat' dir='ltr'><strong>divinitatem</strong></span> <span class='ocrx_word' id='word_1_383' title='bbox 1391 4589 1563 4631; x_wconf 88' lang='lat' dir='ltr'><strong>meam</strong></span> <span class='ocrx_word' id='word_1_384' title='bbox 1594 4592 1698 4631; x_wconf 91' lang='lat' dir='ltr'><strong>non</strong></span> <span class='ocrx_word' id='word_1_385' title='bbox 1738 4587 1793 4633; x_wconf 91' lang='lat' dir='ltr'><strong>tu</strong></span> <span class='ocrx_word' id='word_1_386' title='bbox 1835 4582 2108 4651; x_wconf 71' lang='lat' dir='ltr'><strong>genuisti:</strong></span> 
     </span>
    </p>
   </div>
   <div class='ocr_carea' id='block_1_48' title="bbox 526 4663 2115 4745">
    <p class='ocr_par' dir='ltr' id='par_1_48' title="bbox 526 4663 2115 4745">
     <span class='ocr_line' id='line_1_48' title="bbox 526 4663 2115 4745; baseline 0.006 -24"><span class='ocrx_word' id='word_1_387' title='bbox 526 4663 623 4721; x_wconf 86' lang='lat' dir='ltr'><strong>sed</strong></span> <span class='ocrx_word' id='word_1_388' title='bbox 648 4664 771 4735; x_wconf 89' lang='lat' dir='ltr'><strong>quia</strong></span> <span class='ocrx_word' id='word_1_389' title='bbox 815 4663 1041 4734; x_wconf 80' lang='lat' dir='ltr'><strong>genuisti</strong></span> <span class='ocrx_word' id='word_1_390' title='bbox 1071 4664 1430 4720; x_wconf 86' lang='lat' dir='ltr'><strong>infirmitatem</strong></span> <span class='ocrx_word' id='word_1_391' title='bbox 1456 4682 1651 4732; x_wconf 88' lang='lat' dir='ltr'><strong>meam,</strong></span> <span class='ocrx_word' id='word_1_392' title='bbox 1680 4678 1807 4727; x_wconf 89' lang='lat' dir='ltr'><strong>tunc</strong></span> <span class='ocrx_word' id='word_1_393' title='bbox 1834 4682 1885 4728; x_wconf 85' lang='lat' dir='ltr'><strong>te</strong></span> <span class='ocrx_word' id='word_1_394' title='bbox 1911 4688 2115 4745; x_wconf 79' lang='lat' dir='ltr'><strong>cogno-</strong></span> 
     </span>
    </p>
   </div>
   <div class='ocr_carea' id='block_1_49' title="bbox 529 4755 2117 4828">
    <p class='ocr_par' dir='ltr' id='par_1_49' title="bbox 529 4755 2117 4828">
     <span class='ocr_line' id='line_1_49' title="bbox 529 4755 2117 4828; baseline 0.008 -16"><span class='ocrx_word' id='word_1_395' title='bbox 529 4771 699 4824; x_wconf 85' lang='lat' dir='ltr'><strong>scatu,</strong></span> <span class='ocrx_word' id='word_1_396' title='bbox 723 4770 843 4811; x_wconf 91' lang='lat' dir='ltr'><strong>cum</strong></span> <span class='ocrx_word' id='word_1_397' title='bbox 872 4755 983 4826; x_wconf 87' lang='lat' dir='ltr'><strong>ipsa</strong></span> <span class='ocrx_word' id='word_1_398' title='bbox 1012 4757 1293 4813; x_wconf 79' lang='lat' dir='ltr'><strong>infirmitas</strong></span> <span class='ocrx_word' id='word_1_399' title='bbox 1319 4759 1569 4828; x_wconf 86' lang='lat' dir='ltr'><strong>pendebit</strong></span> <span class='ocrx_word' id='word_1_400' title='bbox 1598 4762 1653 4816; x_wconf 88' lang='lat' dir='ltr'><strong>itt</strong></span> <span class='ocrx_word' id='word_1_401' title='bbox 1679 4778 1872 4821; x_wconf 85' lang='lat' dir='ltr'><strong>cruce:</strong></span> <span class='ocrx_word' id='word_1_402' title='bbox 1902 4765 2000 4822; x_wconf 89' lang='lat' dir='ltr'><strong>hoc</strong></span> <span class='ocrx_word' id='word_1_403' title='bbox 2028 4778 2117 4825; x_wconf 83' lang='lat' dir='ltr'><strong>est</strong></span> 
     </span>
    </p>
   </div>
   <div class='ocr_carea' id='block_1_50' title="bbox 527 4846 2109 4930">
    <p class='ocr_par' dir='ltr' id='par_1_50' title="bbox 527 4846 2109 4930">
     <span class='ocr_line' id='line_1_50' title="bbox 527 4846 2109 4930; baseline 0.008 -26"><span class='ocrx_word' id='word_1_404' title='bbox 527 4848 695 4915; x_wconf 91' lang='lat' dir='ltr'><strong>enim,</strong></span> <span class='ocrx_word' id='word_1_405' title='bbox 724 4846 971 4904; x_wconf 81' lang='lat' dir='ltr'><strong>Nondum</strong></span> <span class='ocrx_word' id='word_1_406' title='bbox 1000 4849 1130 4903; x_wconf 83' lang='lat' dir='ltr'><strong>venit</strong></span> <span class='ocrx_word' id='word_1_407' title='bbox 1154 4850 1279 4904; x_wconf 78' lang='lat' dir='ltr'><strong>liora</strong></span> <span class='ocrx_word' id='word_1_408' title='bbox 1309 4868 1438 4906; x_wconf 89' lang='lat' dir='ltr'><strong>mea.</strong></span> <span class='ocrx_word' id='word_1_409' title='bbox 1486 4852 1635 4909; x_wconf 90' lang='lat' dir='ltr'><strong>Tunc</strong></span> <span class='ocrx_word' id='word_1_410' title='bbox 1667 4856 1808 4912; x_wconf 90' lang='lat' dir='ltr'><strong>enim</strong></span> <span class='ocrx_word' id='word_1_411' title='bbox 1837 4863 2109 4930; x_wconf 78' lang='lat' dir='ltr'><strong>cognovit,</strong></span> 
     </span>
    </p>
   </div>
   <div class='ocr_carea' id='block_1_51' title="bbox 528 4939 2113 5014">
    <p class='ocr_par' dir='ltr' id='par_1_51' title="bbox 528 4939 2113 5014">
     <span class='ocr_line' id='line_1_51' title="bbox 528 4939 2113 5014; baseline 0.011 -21"><span class='ocrx_word' id='word_1_412' title='bbox 528 4939 620 5011; x_wconf 89' lang='lat' dir='ltr'><strong>qui</strong></span> <span class='ocrx_word' id='word_1_413' title='bbox 648 4939 829 5010; x_wconf 87' lang='lat' dir='ltr'><strong>utique</strong></span> <span class='ocrx_word' id='word_1_414' title='bbox 852 4953 1064 5009; x_wconf 82' lang='lat' dir='ltr'><strong>semper</strong></span> <span class='ocrx_word' id='word_1_415' title='bbox 1083 4950 1323 4997; x_wconf 83' lang='lat' dir='ltr'><strong>noverat.</strong></span> <span class='ocrx_word' id='word_1_416' title='bbox 1353 4941 1420 4997; x_wconf 84' lang='lat' dir='ltr'><strong>Et</strong></span> <span class='ocrx_word' id='word_1_417' title='bbox 1444 4953 1726 5014; x_wconf 67' lang='lat' dir='ltr'><strong>antequam</strong></span> <span class='ocrx_word' id='word_1_418' title='bbox 1755 4947 1822 5004; x_wconf 92' lang='lat' dir='ltr'><strong>dc</strong></span> <span class='ocrx_word' id='word_1_419' title='bbox 1847 4949 1933 5005; x_wconf 92' lang='lat' dir='ltr'><strong>illa</strong></span> <span class='ocrx_word' id='word_1_420' title='bbox 1955 4961 2113 5011; x_wconf 89' lang='lat' dir='ltr'><strong>natus</strong></span> 
     </span>
    </p>
   </div>
   <div class='ocr_carea' id='block_1_52' title="bbox 528 5016 2110 5105">
    <p class='ocr_par' dir='ltr' id='par_1_52' title="bbox 528 5016 2110 5105">
     <span class='ocr_line' id='line_1_52' title="bbox 528 5016 2110 5105; baseline 0.009 -21"><span class='ocrx_word' id='word_1_421' title='bbox 528 5040 696 5095; x_wconf 83' lang='lat' dir='ltr'><strong>esset,</strong></span> <span class='ocrx_word' id='word_1_422' title='bbox 728 5016 779 5085; x_wconf 89' lang='lat' dir='ltr'><strong>in</strong></span> <span class='ocrx_word' id='word_1_423' title='bbox 812 5028 1275 5099; x_wconf 81' lang='lat' dir='ltr'><strong>praedestinationc</strong></span> <span class='ocrx_word' id='word_1_424' title='bbox 1322 5044 1540 5089; x_wconf 84' lang='lat' dir='ltr'><strong>noverat</strong></span> <span class='ocrx_word' id='word_1_425' title='bbox 1581 5045 1835 5105; x_wconf 83' lang='lat' dir='ltr'><strong>matrem;</strong></span> <span class='ocrx_word' id='word_1_426' title='bbox 1877 5050 1932 5096; x_wconf 88' lang='lat' dir='ltr'><strong>et</strong></span> <span class='ocrx_word' id='word_1_427' title='bbox 1956 5053 2110 5099; x_wconf 79' lang='lat' dir='ltr'><strong>ante-</strong></span> 
     </span>
    </p>
   </div>
   <div class='ocr_carea' id='block_1_53' title="bbox 529 5121 2110 5205">
    <p class='ocr_par' dir='ltr' id='par_1_53' title="bbox 529 5121 2110 5205">
     <span class='ocr_line' id='line_1_53' title="bbox 529 5121 2110 5205; baseline 0.013 -32"><span class='ocrx_word' id='word_1_428' title='bbox 529 5135 690 5193; x_wconf 87' lang='lat' dir='ltr'><strong>quam</strong></span> <span class='ocrx_word' id='word_1_429' title='bbox 717 5121 830 5191; x_wconf 84' lang='lat' dir='ltr'><strong>ipse</strong></span> <span class='ocrx_word' id='word_1_430' title='bbox 854 5121 991 5178; x_wconf 90' lang='lat' dir='ltr'><strong>Deus</strong></span> <span class='ocrx_word' id='word_1_431' title='bbox 1008 5132 1237 5188; x_wconf 82' lang='lat' dir='ltr'><strong>crearet,</strong></span> <span class='ocrx_word' id='word_1_432' title='bbox 1264 5124 1332 5181; x_wconf 93' lang='lat' dir='ltr'><strong>de</strong></span> <span class='ocrx_word' id='word_1_433' title='bbox 1356 5140 1455 5197; x_wconf 91' lang='lat' dir='ltr'><strong>qua</strong></span> <span class='ocrx_word' id='word_1_434' title='bbox 1484 5127 1598 5198; x_wconf 88' lang='lat' dir='ltr'><strong>ipse</strong></span> <span class='ocrx_word' id='word_1_435' title='bbox 1628 5127 1789 5186; x_wconf 88' lang='lat' dir='ltr'><strong>homo</strong></span> <span class='ocrx_word' id='word_1_436' title='bbox 1816 5147 2110 5205; x_wconf 87' lang='lat' dir='ltr'><strong>crearetur,</strong></span> 
     </span>
    </p>
   </div>
   <div class='ocr_carea' id='block_1_54' title="bbox 530 5215 2201 5301">
    <p class='ocr_par' dir='ltr' id='par_1_54' title="bbox 530 5215 2201 5301">
     <span class='ocr_line' id='line_1_54' title="bbox 530 5215 2201 5301; baseline 0.012 -34"><span class='ocrx_word' id='word_1_437' title='bbox 530 5223 754 5271; x_wconf 80' lang='lat' dir='ltr'><strong>noverat</strong></span> <span class='ocrx_word' id='word_1_438' title='bbox 780 5223 1000 5275; x_wconf 81' lang='lat' dir='ltr'><strong>matrem</strong></span> <span class='ocrx_word' id='word_1_439' title='bbox 1022 5233 1035 5269; x_wconf 92' lang='lat'><strong>:</strong></span> <span class='ocrx_word' id='word_1_440' title='bbox 1057 5215 1149 5272; x_wconf 82' lang='lat' dir='ltr'><strong>sed</strong></span> <span class='ocrx_word' id='word_1_441' title='bbox 1174 5217 1242 5271; x_wconf 86' lang='lat' dir='ltr'><strong>ad</strong></span> <span class='ocrx_word' id='word_1_442' title='bbox 1260 5220 1541 5288; x_wconf 85' lang='lat' dir='ltr'><strong>quamdam</strong></span> <span class='ocrx_word' id='word_1_443' title='bbox 1569 5220 1751 5280; x_wconf 88' lang='lat' dir='ltr'><strong>horam</strong></span> <span class='ocrx_word' id='word_1_444' title='bbox 1779 5226 1831 5281; x_wconf 91' lang='lat' dir='ltr'><strong>in</strong></span> <span class='ocrx_word' id='word_1_445' title='bbox 1857 5231 2115 5301; x_wconf 80' lang='lat' dir='ltr'><strong>mysterio</strong></span> <span class='ocrx_word' id='word_1_446' title='bbox 2177 5222 2201 5238; x_wconf 78' lang='grc'><em>’</em></span> 
     </span>
    </p>
   </div>
   <div class='ocr_carea' id='block_1_55' title="bbox 534 5308 2114 5387">
    <p class='ocr_par' dir='ltr' id='par_1_55' title="bbox 534 5308 2114 5387">
     <span class='ocr_line' id='line_1_55' title="bbox 534 5308 2114 5387; baseline 0.009 -24"><span class='ocrx_word' id='word_1_447' title='bbox 534 5323 642 5364; x_wconf 88' lang='lat' dir='ltr'><strong>non</strong></span> <span class='ocrx_word' id='word_1_448' title='bbox 668 5308 937 5387; x_wconf 74' lang='lat' dir='ltr'><strong>agnoscit;</strong></span> <span class='ocrx_word' id='word_1_449' title='bbox 964 5316 1019 5365; x_wconf 91' lang='lat' dir='ltr'><strong>ct</strong></span> <span class='ocrx_word' id='word_1_450' title='bbox 1036 5309 1101 5364; x_wconf 86' lang='lat' dir='ltr'><strong>ad</strong></span> <span class='ocrx_word' id='word_1_451' title='bbox 1126 5309 1407 5381; x_wconf 90' lang='lat' dir='ltr'><strong>quamdam</strong></span> <span class='ocrx_word' id='word_1_452' title='bbox 1430 5312 1614 5369; x_wconf 89' lang='lat' dir='ltr'><strong>horam</strong></span> <span class='ocrx_word' id='word_1_453' title='bbox 1635 5330 1752 5385; x_wconf 71' lang='lat' dir='ltr'><strong>quin</strong></span> <span class='ocrx_word' id='word_1_454' title='bbox 1768 5320 2002 5376; x_wconf 89' lang='lat' dir='ltr'><strong>nondum</strong></span> <span class='ocrx_word' id='word_1_455' title='bbox 2027 5337 2114 5379; x_wconf 84' lang='lat' dir='ltr'><strong>ve-</strong></span> 
     </span>
    </p>
   </div>
   <div class='ocr_carea' id='block_1_56' title="bbox 534 5398 2113 5482">
    <p class='ocr_par' dir='ltr' id='par_1_56' title="bbox 534 5398 2113 5482">
     <span class='ocr_line' id='line_1_56' title="bbox 534 5398 2113 5482; baseline 0.01 -30"><span class='ocrx_word' id='word_1_456' title='bbox 534 5408 708 5461; x_wconf 86' lang='lat' dir='ltr'><strong>uerat.</strong></span> <span class='ocrx_word' id='word_1_457' title='bbox 737 5399 792 5457; x_wconf 84' lang='lat' dir='ltr'><strong>in</strong></span> <span class='ocrx_word' id='word_1_458' title='bbox 818 5398 1071 5471; x_wconf 84' lang='lat' dir='ltr'><strong>mysterio</strong></span> <span class='ocrx_word' id='word_1_459' title='bbox 1097 5414 1279 5455; x_wconf 87' lang='lat' dir='ltr'><strong>rursus</strong></span> <span class='ocrx_word' id='word_1_460' title='bbox 1316 5404 1572 5472; x_wconf 82' lang='lat' dir='ltr'><strong>agnoscit.</strong></span> <span class='ocrx_word' id='word_1_461' title='bbox 1604 5404 1751 5462; x_wconf 81' lang='lat' dir='ltr'><strong>&#39;l‘unc</strong></span> <span class='ocrx_word' id='word_1_462' title='bbox 1776 5411 1918 5465; x_wconf 85' lang='lat' dir='ltr'><strong>enim</strong></span> <span class='ocrx_word' id='word_1_463' title='bbox 1950 5428 2113 5482; x_wconf 81' lang='lat' dir='ltr'><strong>agno-</strong></span> 
     </span>
    </p>
   </div>
   <div class='ocr_carea' id='block_1_57' title="bbox 533 5490 2113 5564">
    <p class='ocr_par' dir='ltr' id='par_1_57' title="bbox 533 5490 2113 5564">
     <span class='ocr_line' id='line_1_57' title="bbox 533 5490 2113 5564; baseline 0.009 -18"><span class='ocrx_word' id='word_1_464' title='bbox 533 5492 632 5559; x_wconf 92' lang='lat' dir='ltr'><strong>vit,</strong></span> <span class='ocrx_word' id='word_1_465' title='bbox 656 5494 870 5564; x_wconf 88' lang='lat' dir='ltr'><strong>quando</strong></span> <span class='ocrx_word' id='word_1_466' title='bbox 897 5490 1026 5548; x_wconf 90' lang='lat' dir='ltr'><strong>illud</strong></span> <span class='ocrx_word' id='word_1_467' title='bbox 1053 5492 1192 5563; x_wconf 89' lang='lat' dir='ltr'><strong>quod</strong></span> <span class='ocrx_word' id='word_1_468' title='bbox 1222 5495 1423 5564; x_wconf 81' lang='lat' dir='ltr'><strong>peperit</strong></span> <span class='ocrx_word' id='word_1_469' title='bbox 1452 5495 1794 5553; x_wconf 86' lang='lat' dir='ltr'><strong>moriebatur.</strong></span> <span class='ocrx_word' id='word_1_470' title='bbox 1823 5500 1939 5557; x_wconf 83' lang='lat' dir='ltr'><strong>Non</strong></span> <span class='ocrx_word' id='word_1_471' title='bbox 1968 5504 2113 5561; x_wconf 83' lang='lat' dir='ltr'><strong>enim</strong></span> 
     </span>
    </p>
   </div>
   <div class='ocr_carea' id='block_1_58' title="bbox 536 5584 2114 5656">
    <p class='ocr_par' dir='ltr' id='par_1_58' title="bbox 536 5584 2114 5656">
     <span class='ocr_line' id='line_1_58' title="bbox 536 5584 2114 5656; baseline 0.01 -17"><span class='ocrx_word' id='word_1_472' title='bbox 536 5584 864 5640; x_wconf 87' lang='lat' dir='ltr'><strong>moriebatur</strong></span> <span class='ocrx_word' id='word_1_473' title='bbox 888 5599 986 5656; x_wconf 88' lang='lat' dir='ltr'><strong>per</strong></span> <span class='ocrx_word' id='word_1_474' title='bbox 1003 5585 1142 5656; x_wconf 91' lang='lat' dir='ltr'><strong>quod</strong></span> <span class='ocrx_word' id='word_1_475' title='bbox 1166 5586 1300 5640; x_wconf 84' lang='lat' dir='ltr'><strong>facta</strong></span> <span class='ocrx_word' id='word_1_476' title='bbox 1327 5594 1443 5642; x_wconf 91' lang='lat' dir='ltr'><strong>erat</strong></span> <span class='ocrx_word' id='word_1_477' title='bbox 1456 5586 1647 5655; x_wconf 83' lang='lat' dir='ltr'><strong>Maria,</strong></span> <span class='ocrx_word' id='word_1_478' title='bbox 1669 5591 1760 5644; x_wconf 86' lang='lat' dir='ltr'><strong>sed</strong></span> <span class='ocrx_word' id='word_1_479' title='bbox 1791 5596 2114 5654; x_wconf 85' lang='lat' dir='ltr'><strong>moriebatur</strong></span> 
     </span>
    </p>
   </div>
   <div class='ocr_carea' id='block_1_59' title="bbox 534 5675 2115 5751">
    <p class='ocr_par' dir='ltr' id='par_1_59' title="bbox 534 5675 2115 5751">
     <span class='ocr_line' id='line_1_59' title="bbox 534 5675 2115 5751; baseline 0.015 -26"><span class='ocrx_word' id='word_1_480' title='bbox 534 5675 677 5751; x_wconf 80' lang='lat' dir='ltr'><strong>quod</strong></span> <span class='ocrx_word' id='word_1_481' title='bbox 704 5676 897 5730; x_wconf 74' lang='lat' dir='ltr'><strong>factum</strong></span> <span class='ocrx_word' id='word_1_482' title='bbox 918 5685 1033 5730; x_wconf 88' lang='lat' dir='ltr'><strong>erat</strong></span> <span class='ocrx_word' id='word_1_483' title='bbox 1054 5692 1119 5731; x_wconf 87' lang='lat' dir='ltr'><strong>ex</strong></span> <span class='ocrx_word' id='word_1_484' title='bbox 1144 5676 1340 5733; x_wconf 79' lang='lat' dir='ltr'><strong>Maria:</strong></span> <span class='ocrx_word' id='word_1_485' title='bbox 1370 5692 1474 5734; x_wconf 87' lang='lat' dir='ltr'><strong>non</strong></span> <span class='ocrx_word' id='word_1_486' title='bbox 1502 5679 1824 5738; x_wconf 81' lang='lat' dir='ltr'><strong>moriebatur</strong></span> <span class='ocrx_word' id='word_1_487' title='bbox 1845 5688 2115 5748; x_wconf 80' lang='lat' dir='ltr'><strong>:eternitas</strong></span> 
     </span>
    </p>
   </div>
   <div class='ocr_carea' id='block_1_60' title="bbox 1490 254 2886 339">
    <p class='ocr_par' dir='ltr' id='par_1_60' title="bbox 1490 254 2886 339">
     <span class='ocr_line' id='line_1_60' title="bbox 1490 254 2886 339; baseline 0.003 -10"><span class='ocrx_word' id='word_1_488' title='bbox 1490 254 1557 329; x_wconf 75' lang='lat' dir='ltr'><strong>tu</strong></span> <span class='ocrx_word' id='word_1_489' title='bbox 1592 270 1871 330; x_wconf 79' lang='lat' dir='ltr'><strong>JOANNIS</strong></span> <span class='ocrx_word' id='word_1_490' title='bbox 1907 270 2378 339; x_wconf 73' lang='lat' dir='ltr'><strong>EVANGEMDI,</strong></span> <span class='ocrx_word' id='word_1_491' title='bbox 2418 272 2476 332; x_wconf 90' lang='lat' dir='ltr'><strong>s.</strong></span> <span class='ocrx_word' id='word_1_492' title='bbox 2516 269 2886 335; x_wconf 72' lang='lat' dir='ltr'><strong>aucusrutt</strong></span> 
     </span>
    </p>
   </div>
   <div class='ocr_carea' id='block_1_61' title="bbox 2219 364 3789 447">
    <p class='ocr_par' dir='ltr' id='par_1_61' title="bbox 2219 364 3789 447">
     <span class='ocr_line' id='line_1_61' title="bbox 2219 364 3789 447; baseline 0.006 -25"><span class='ocrx_word' id='word_1_493' title='bbox 2219 364 2532 433; x_wconf 77' lang='lat' dir='ltr'><strong>divinitatis,</strong></span> <span class='ocrx_word' id='word_1_494' title='bbox 2555 366 2650 423; x_wconf 87' lang='lat' dir='ltr'><strong>sed</strong></span> <span class='ocrx_word' id='word_1_495' title='bbox 2670 368 2998 425; x_wconf 89' lang='lat' dir='ltr'><strong>moriebatur</strong></span> <span class='ocrx_word' id='word_1_496' title='bbox 3015 365 3295 423; x_wconf 88' lang='lat' dir='ltr'><strong>inﬁrmitas</strong></span> <span class='ocrx_word' id='word_1_497' title='bbox 3312 367 3513 425; x_wconf 87' lang='lat' dir='ltr'><strong>carnis.</strong></span> <span class='ocrx_word' id='word_1_498' title='bbox 3529 365 3661 427; x_wconf 82' lang='lat' dir='ltr'><strong>Illud</strong></span> <span class='ocrx_word' id='word_1_499' title='bbox 3675 389 3789 447; x_wconf 76' lang='lat' dir='ltr'><strong>ergo</strong></span> 
     </span>
    </p>
   </div>
   <div class='ocr_carea' id='block_1_62' title="bbox 2217 455 3788 534">
    <p class='ocr_par' dir='ltr' id='par_1_62' title="bbox 2217 455 3788 534">
     <span class='ocr_line' id='line_1_62' title="bbox 2217 455 3788 534; baseline 0.003 -23"><span class='ocrx_word' id='word_1_500' title='bbox 2217 455 2516 527; x_wconf 88' lang='lat' dir='ltr'><strong>respondit,</strong></span> <span class='ocrx_word' id='word_1_501' title='bbox 2555 455 2867 514; x_wconf 88' lang='lat' dir='ltr'><strong>discernens</strong></span> <span class='ocrx_word' id='word_1_502' title='bbox 2896 457 2949 513; x_wconf 92' lang='lat' dir='ltr'><strong>in</strong></span> <span class='ocrx_word' id='word_1_503' title='bbox 2992 457 3095 513; x_wconf 88' lang='lat' dir='ltr'><strong>ﬁde</strong></span> <span class='ocrx_word' id='word_1_504' title='bbox 3123 456 3482 526; x_wconf 87' lang='lat' dir='ltr'><strong>credentium,</strong></span> <span class='ocrx_word' id='word_1_505' title='bbox 3521 460 3658 531; x_wconf 87' lang='lat' dir='ltr'><strong>quis,</strong></span> <span class='ocrx_word' id='word_1_506' title='bbox 3696 479 3788 534; x_wconf 71' lang='lat' dir='ltr'><strong>qua</strong></span> 
     </span>
    </p>
   </div>
   <div class='ocr_carea' id='block_1_63' title="bbox 2218 548 3788 622">
    <p class='ocr_par' dir='ltr' id='par_1_63' title="bbox 2218 548 3788 622">
     <span class='ocr_line' id='line_1_63' title="bbox 2218 548 3788 622; baseline 0.009 -21"><span class='ocrx_word' id='word_1_507' title='bbox 2218 550 2441 606; x_wconf 90' lang='lat' dir='ltr'><strong>venerit.</strong></span> <span class='ocrx_word' id='word_1_508' title='bbox 2496 548 2653 606; x_wconf 84' lang='lat' dir='ltr'><strong>Venit</strong></span> <span class='ocrx_word' id='word_1_509' title='bbox 2696 550 2840 608; x_wconf 88' lang='lat' dir='ltr'><strong>enim</strong></span> <span class='ocrx_word' id='word_1_510' title='bbox 2888 565 2985 622; x_wconf 87' lang='lat' dir='ltr'><strong>per</strong></span> <span class='ocrx_word' id='word_1_511' title='bbox 3020 561 3244 607; x_wconf 85' lang='lat' dir='ltr'><strong>matrem</strong></span> <span class='ocrx_word' id='word_1_512' title='bbox 3275 550 3555 617; x_wconf 88' lang='lat' dir='ltr'><strong>feminam.</strong></span> <span class='ocrx_word' id='word_1_513' title='bbox 3589 552 3718 611; x_wconf 86' lang='lat' dir='ltr'><strong>Deus</strong></span> <span class='ocrx_word' id='word_1_514' title='bbox 3739 569 3788 615; x_wconf 88' lang='lat' dir='ltr'><strong>et</strong></span> 
     </span>
    </p>
   </div>
   <div class='ocr_carea' id='block_1_64' title="bbox 2216 640 3789 715">
    <p class='ocr_par' dir='ltr' id='par_1_64' title="bbox 2216 640 3789 715">
     <span class='ocr_line' id='line_1_64' title="bbox 2216 640 3789 715; baseline 0.004 -18"><span class='ocrx_word' id='word_1_515' title='bbox 2216 640 2474 697; x_wconf 83' lang='lat' dir='ltr'><strong>Dominus</strong></span> <span class='ocrx_word' id='word_1_516' title='bbox 2519 642 2641 701; x_wconf 62' lang='lat' dir='ltr'><strong>cali</strong></span> <span class='ocrx_word' id='word_1_517' title='bbox 2687 651 2746 700; x_wconf 88' lang='lat' dir='ltr'><strong>et</strong></span> <span class='ocrx_word' id='word_1_518' title='bbox 2789 652 2968 700; x_wconf 68' lang='lat' dir='ltr'><strong>terrae.</strong></span> <span class='ocrx_word' id='word_1_519' title='bbox 3020 641 3324 701; x_wconf 85' lang='lat' dir='ltr'><strong>Secundum</strong></span> <span class='ocrx_word' id='word_1_520' title='bbox 3364 645 3510 715; x_wconf 90' lang='lat' dir='ltr'><strong>quod</strong></span> <span class='ocrx_word' id='word_1_521' title='bbox 3558 646 3789 706; x_wconf 79' lang='lat' dir='ltr'><strong>Dominus</strong></span> 
     </span>
    </p>
   </div>
   <div class='ocr_carea' id='block_1_65' title="bbox 2216 734 3787 814">
    <p class='ocr_par' dir='ltr' id='par_1_65' title="bbox 2216 734 3787 814">
     <span class='ocr_line' id='line_1_65' title="bbox 2216 734 3787 814; baseline 0.004 -24"><span class='ocrx_word' id='word_1_522' title='bbox 2216 734 2421 802; x_wconf 90' lang='lat' dir='ltr'><strong>mundi,</strong></span> <span class='ocrx_word' id='word_1_523' title='bbox 2452 736 2593 807; x_wconf 88' lang='lat' dir='ltr'><strong>quod</strong></span> <span class='ocrx_word' id='word_1_524' title='bbox 2628 736 2886 794; x_wconf 82' lang='lat' dir='ltr'><strong>Dominus</strong></span> <span class='ocrx_word' id='word_1_525' title='bbox 2907 737 3028 793; x_wconf 69' lang='lat' dir='ltr'><strong>caeli</strong></span> <span class='ocrx_word' id='word_1_526' title='bbox 3054 746 3109 794; x_wconf 88' lang='lat' dir='ltr'><strong>et</strong></span> <span class='ocrx_word' id='word_1_527' title='bbox 3130 747 3310 805; x_wconf 55' lang='lat' dir='ltr'><strong>terra»,</strong></span> <span class='ocrx_word' id='word_1_528' title='bbox 3345 737 3603 795; x_wconf 89' lang='lat' dir='ltr'><strong>Dominus</strong></span> <span class='ocrx_word' id='word_1_529' title='bbox 3628 741 3787 814; x_wconf 79' lang='lat' dir='ltr'><strong>utique</strong></span> 
     </span>
    </p>
   </div>
   <div class='ocr_carea' id='block_1_66' title="bbox 2216 824 3784 901">
    <p class='ocr_par' dir='ltr' id='par_1_66' title="bbox 2216 824 3784 901">
     <span class='ocr_line' id='line_1_66' title="bbox 2216 824 3784 901; baseline 0.005 -19"><span class='ocrx_word' id='word_1_530' title='bbox 2216 838 2271 882; x_wconf 87' lang='lat' dir='ltr'><strong>et</strong></span> <span class='ocrx_word' id='word_1_531' title='bbox 2289 825 2499 894; x_wconf 61' lang='lat' dir='ltr'><strong>Marce;</strong></span> <span class='ocrx_word' id='word_1_532' title='bbox 2523 828 2815 885; x_wconf 89' lang='lat' dir='ltr'><strong>secundum</strong></span> <span class='ocrx_word' id='word_1_533' title='bbox 2839 829 2979 901; x_wconf 85' lang='lat' dir='ltr'><strong>quod</strong></span> <span class='ocrx_word' id='word_1_534' title='bbox 3003 840 3213 886; x_wconf 90' lang='lat' dir='ltr'><strong>creator</strong></span> <span class='ocrx_word' id='word_1_535' title='bbox 3231 824 3367 887; x_wconf 69' lang='lat' dir='ltr'><strong>(mli</strong></span> <span class='ocrx_word' id='word_1_536' title='bbox 3380 840 3438 886; x_wconf 91' lang='lat' dir='ltr'><strong>et</strong></span> <span class='ocrx_word' id='word_1_537' title='bbox 3458 840 3632 900; x_wconf 70' lang='lat' dir='ltr'><strong>terrae,</strong></span> <span class='ocrx_word' id='word_1_538' title='bbox 3650 849 3784 890; x_wconf 83' lang='lat' dir='ltr'><strong>crea-</strong></span> 
     </span>
    </p>
   </div>
   <div class='ocr_carea' id='block_1_67' title="bbox 2217 921 3786 995">
    <p class='ocr_par' dir='ltr' id='par_1_67' title="bbox 2217 921 3786 995">
     <span class='ocr_line' id='line_1_67' title="bbox 2217 921 3786 995; baseline 0.003 -16"><span class='ocrx_word' id='word_1_539' title='bbox 2217 929 2304 979; x_wconf 88' lang='lat' dir='ltr'><strong>tor</strong></span> <span class='ocrx_word' id='word_1_540' title='bbox 2325 932 2379 978; x_wconf 90' lang='lat' dir='ltr'><strong>ct</strong></span> <span class='ocrx_word' id='word_1_541' title='bbox 2405 921 2615 978; x_wconf 69' lang='lat' dir='ltr'><strong>Marha:</strong></span> <span class='ocrx_word' id='word_1_542' title='bbox 2643 922 2936 980; x_wconf 89' lang='lat' dir='ltr'><strong>secundum</strong></span> <span class='ocrx_word' id='word_1_543' title='bbox 2955 933 3133 979; x_wconf 85' lang='lat' dir='ltr'><strong>autem</strong></span> <span class='ocrx_word' id='word_1_544' title='bbox 3157 923 3301 995; x_wconf 81' lang='lat' dir='ltr'><strong>quod</strong></span> <span class='ocrx_word' id='word_1_545' title='bbox 3326 923 3534 981; x_wconf 87' lang='lat' dir='ltr'><strong>dictum</strong></span> <span class='ocrx_word' id='word_1_546' title='bbox 3573 937 3673 987; x_wconf 81' lang='lat' dir='ltr'><strong>est.</strong></span> <span class='ocrx_word' id='word_1_547' title='bbox 3695 925 3786 983; x_wconf 77' lang='lat' dir='ltr'><strong>Fa-</strong></span> 
     </span>
    </p>
   </div>
   <div class='ocr_carea' id='block_1_68' title="bbox 2215 1013 3786 1089">
    <p class='ocr_par' dir='ltr' id='par_1_68' title="bbox 2215 1013 3786 1089">
     <span class='ocr_line' id='line_1_68' title="bbox 2215 1013 3786 1089; baseline 0.005 -20"><span class='ocrx_word' id='word_1_548' title='bbox 2215 1024 2353 1069; x_wconf 85' lang='lat' dir='ltr'><strong>ctum</strong></span> <span class='ocrx_word' id='word_1_549' title='bbox 2378 1030 2444 1071; x_wconf 79' lang='lat' dir='ltr'><strong>ea:</strong></span> <span class='ocrx_word' id='word_1_550' title='bbox 2467 1015 2692 1079; x_wconf 84' lang='lat' dir='ltr'><strong>muliere,</strong></span> <span class='ocrx_word' id='word_1_551' title='bbox 2723 1019 2916 1088; x_wconf 76' lang='lat' dir='ltr'><strong>factum</strong></span> <span class='ocrx_word' id='word_1_552' title='bbox 2935 1014 3027 1071; x_wconf 74' lang='lat' dir='ltr'><strong>sub</strong></span> <span class='ocrx_word' id='word_1_553' title='bbox 3066 1013 3200 1089; x_wconf 78' lang='lat' dir='ltr'><strong>Lege</strong></span> <span class='ocrx_word' id='word_1_554' title='bbox 3222 1015 3423 1076; x_wconf 75' lang='lat' dir='ltr'><strong>(Colat.</strong></span> <span class='ocrx_word' id='word_1_555' title='bbox 3454 1032 3531 1082; x_wconf 89' lang='lat' dir='ltr'><strong>tv,</strong></span> <span class='ocrx_word' id='word_1_556' title='bbox 3562 1018 3639 1089; x_wconf 75' lang='grc'><strong>4),</strong></span> <span class='ocrx_word' id='word_1_557' title='bbox 3663 1019 3786 1078; x_wconf 80' lang='lat' dir='ltr'><strong>ﬁlius</strong></span> 
     </span>
    </p>
   </div>
   <div class='ocr_carea' id='block_1_69' title="bbox 2214 1106 3786 1183">
    <p class='ocr_par' dir='ltr' id='par_1_69' title="bbox 2214 1106 3786 1183">
     <span class='ocr_line' id='line_1_69' title="bbox 2214 1106 3786 1183; baseline 0.002 -20"><span class='ocrx_word' id='word_1_558' title='bbox 2214 1106 2413 1165; x_wconf 67' lang='lat' dir='ltr'><strong>Mariae.</strong></span> <span class='ocrx_word' id='word_1_559' title='bbox 2447 1107 2563 1177; x_wconf 81' lang='lat' dir='ltr'><strong>Ipse</strong></span> <span class='ocrx_word' id='word_1_560' title='bbox 2604 1107 2859 1164; x_wconf 89' lang='lat' dir='ltr'><strong>Dominus</strong></span> <span class='ocrx_word' id='word_1_561' title='bbox 2894 1107 3095 1173; x_wconf 71' lang='lat' dir='ltr'><strong>Mariae,</strong></span> <span class='ocrx_word' id='word_1_562' title='bbox 3144 1109 3256 1177; x_wconf 85' lang='lat' dir='ltr'><strong>ipse</strong></span> <span class='ocrx_word' id='word_1_563' title='bbox 3284 1106 3430 1163; x_wconf 85' lang='lat' dir='ltr'><strong>ﬁlius</strong></span> <span class='ocrx_word' id='word_1_564' title='bbox 3456 1106 3662 1165; x_wconf 65' lang='lat' dir='ltr'><strong>Mariae:</strong></span> <span class='ocrx_word' id='word_1_565' title='bbox 3689 1111 3786 1183; x_wconf 85' lang='lat' dir='ltr'><strong>ipse</strong></span> 
     </span>
    </p>
   </div>
   <div class='ocr_carea' id='block_1_70' title="bbox 2216 1198 3786 1276">
    <p class='ocr_par' dir='ltr' id='par_1_70' title="bbox 2216 1198 3786 1276">
     <span class='ocr_line' id='line_1_70' title="bbox 2216 1198 3786 1276; baseline 0.004 -22"><span class='ocrx_word' id='word_1_566' title='bbox 2216 1208 2425 1254; x_wconf 88' lang='lat' dir='ltr'><strong>creator</strong></span> <span class='ocrx_word' id='word_1_567' title='bbox 2449 1198 2648 1263; x_wconf 65' lang='lat' dir='ltr'><strong>Mariae,</strong></span> <span class='ocrx_word' id='word_1_568' title='bbox 2677 1200 2790 1271; x_wconf 86' lang='lat' dir='ltr'><strong>ipse</strong></span> <span class='ocrx_word' id='word_1_569' title='bbox 2814 1210 3024 1257; x_wconf 86' lang='lat' dir='ltr'><strong>creatus</strong></span> <span class='ocrx_word' id='word_1_570' title='bbox 3039 1215 3108 1256; x_wconf 83' lang='lat' dir='ltr'><strong>ex</strong></span> <span class='ocrx_word' id='word_1_571' title='bbox 3136 1199 3322 1256; x_wconf 76' lang='lat' dir='ltr'><strong>Maria.</strong></span> <span class='ocrx_word' id='word_1_572' title='bbox 3345 1199 3465 1257; x_wconf 80' lang='lat' dir='ltr'><strong>Noli</strong></span> <span class='ocrx_word' id='word_1_573' title='bbox 3487 1202 3662 1258; x_wconf 85' lang='lat' dir='ltr'><strong>mirari</strong></span> <span class='ocrx_word' id='word_1_574' title='bbox 3680 1205 3786 1276; x_wconf 83' lang='lat' dir='ltr'><strong>quia</strong></span> 
     </span>
    </p>
   </div>
   <div class='ocr_carea' id='block_1_71' title="bbox 2216 1289 3786 1359">
    <p class='ocr_par' dir='ltr' id='par_1_71' title="bbox 2216 1289 3786 1359">
     <span class='ocr_line' id='line_1_71' title="bbox 2216 1289 3786 1359; baseline 0.003 -13"><span class='ocrx_word' id='word_1_575' title='bbox 2216 1297 2271 1347; x_wconf 93' lang='lat' dir='ltr'><strong>et</strong></span> <span class='ocrx_word' id='word_1_576' title='bbox 2309 1289 2446 1345; x_wconf 88' lang='lat' dir='ltr'><strong>ﬁlius</strong></span> <span class='ocrx_word' id='word_1_577' title='bbox 2472 1299 2526 1346; x_wconf 88' lang='lat' dir='ltr'><strong>et</strong></span> <span class='ocrx_word' id='word_1_578' title='bbox 2552 1291 2840 1347; x_wconf 87' lang='lat' dir='ltr'><strong>Dominus:</strong></span> <span class='ocrx_word' id='word_1_579' title='bbox 2864 1291 3001 1347; x_wconf 86' lang='lat' dir='ltr'><strong>sicut</strong></span> <span class='ocrx_word' id='word_1_580' title='bbox 3044 1291 3186 1347; x_wconf 90' lang='lat' dir='ltr'><strong>enim</strong></span> <span class='ocrx_word' id='word_1_581' title='bbox 3229 1289 3436 1359; x_wconf 58' lang='grc' dir='ltr'><strong>Μάνεω,</strong></span> <span class='ocrx_word' id='word_1_582' title='bbox 3468 1292 3541 1348; x_wconf 87' lang='lat' dir='ltr'><strong>ita</strong></span> <span class='ocrx_word' id='word_1_583' title='bbox 3565 1302 3617 1350; x_wconf 89' lang='lat' dir='ltr'><strong>et</strong></span> <span class='ocrx_word' id='word_1_584' title='bbox 3642 1292 3786 1353; x_wconf 82' lang='lat' dir='ltr'><strong>David</strong></span> 
     </span>
    </p>
   </div>
   <div class='ocr_carea' id='block_1_72' title="bbox 2214 1376 3785 1454">
    <p class='ocr_par' dir='ltr' id='par_1_72' title="bbox 2214 1376 3785 1454">
     <span class='ocr_line' id='line_1_72' title="bbox 2214 1376 3785 1454; baseline 0.003 -16"><span class='ocrx_word' id='word_1_585' title='bbox 2214 1381 2388 1438; x_wconf 87' lang='lat' dir='ltr'><strong>dictus</strong></span> <span class='ocrx_word' id='word_1_586' title='bbox 2415 1393 2495 1439; x_wconf 90' lang='lat' dir='ltr'><strong>est</strong></span> <span class='ocrx_word' id='word_1_587' title='bbox 2528 1383 2695 1449; x_wconf 88' lang='lat' dir='ltr'><strong>ﬁlius;</strong></span> <span class='ocrx_word' id='word_1_588' title='bbox 2717 1391 2773 1439; x_wconf 90' lang='lat' dir='ltr'><strong>ct</strong></span> <span class='ocrx_word' id='word_1_589' title='bbox 2787 1383 2908 1439; x_wconf 90' lang='lat' dir='ltr'><strong>ideo</strong></span> <span class='ocrx_word' id='word_1_590' title='bbox 2932 1376 3097 1440; x_wconf 82' lang='lat' dir='ltr'><strong>David</strong></span> <span class='ocrx_word' id='word_1_591' title='bbox 3124 1383 3283 1443; x_wconf 91' lang='lat' dir='ltr'><strong>ﬁlius.</strong></span> <span class='ocrx_word' id='word_1_592' title='bbox 3300 1386 3429 1454; x_wconf 90' lang='lat' dir='ltr'><strong>quia</strong></span> <span class='ocrx_word' id='word_1_593' title='bbox 3447 1383 3624 1441; x_wconf 65' lang='lat' dir='ltr'><strong>uariae</strong></span> <span class='ocrx_word' id='word_1_594' title='bbox 3647 1386 3785 1444; x_wconf 86' lang='lat' dir='ltr'><strong>ﬁlias.</strong></span> 
     </span>
    </p>
   </div>
   <div class='ocr_carea' id='block_1_73' title="bbox 2216 1474 3788 1551">
    <p class='ocr_par' dir='ltr' id='par_1_73' title="bbox 2216 1474 3788 1551">
     <span class='ocr_line' id='line_1_73' title="bbox 2216 1474 3788 1551; baseline 0.004 -21"><span class='ocrx_word' id='word_1_595' title='bbox 2216 1474 2354 1530; x_wconf 79' lang='lat' dir='ltr'><strong>Audi</strong></span> <span class='ocrx_word' id='word_1_596' title='bbox 2382 1476 2694 1545; x_wconf 78' lang='lat' dir='ltr'><strong>Apostoluttt</strong></span> <span class='ocrx_word' id='word_1_597' title='bbox 2720 1487 2905 1546; x_wconf 87' lang='lat' dir='ltr'><strong>aperte</strong></span> <span class='ocrx_word' id='word_1_598' title='bbox 2930 1475 3219 1534; x_wconf 86' lang='lat' dir='ltr'><strong>dicentem.</strong></span> <span class='ocrx_word' id='word_1_599' title='bbox 3251 1475 3356 1543; x_wconf 88' lang='lat' dir='ltr'><strong>Qui</strong></span> <span class='ocrx_word' id='word_1_600' title='bbox 3383 1478 3551 1551; x_wconf 64' lang='lat' dir='ltr'><strong>flictus</strong></span> <span class='ocrx_word' id='word_1_601' title='bbox 3574 1487 3646 1534; x_wconf 75' lang='lat' dir='ltr'><strong>est</strong></span> <span class='ocrx_word' id='word_1_602' title='bbox 3668 1480 3711 1535; x_wconf 88' lang='lat' dir='ltr'><strong>ei</strong></span> <span class='ocrx_word' id='word_1_603' title='bbox 3732 1497 3788 1536; x_wconf 74' lang='lat' dir='ltr'><strong>ea</strong></span> 
     </span>
    </p>
   </div>
   <div class='ocr_carea' id='block_1_74' title="bbox 2215 1567 3785 1644">
    <p class='ocr_par' dir='ltr' id='par_1_74' title="bbox 2215 1567 3785 1644">
     <span class='ocr_line' id='line_1_74' title="bbox 2215 1567 3785 1644; baseline 0.004 -21"><span class='ocrx_word' id='word_1_604' title='bbox 2215 1569 2403 1624; x_wconf 81' lang='lat' dir='ltr'><strong>semine</strong></span> <span class='ocrx_word' id='word_1_605' title='bbox 2428 1567 2593 1624; x_wconf 76' lang='lat' dir='ltr'><strong>David</strong></span> <span class='ocrx_word' id='word_1_606' title='bbox 2613 1570 2889 1625; x_wconf 72' lang='lat' dir='ltr'><strong>secundum</strong></span> <span class='ocrx_word' id='word_1_607' title='bbox 2908 1585 3111 1626; x_wconf 83' lang='lat' dir='ltr'><strong>carnem</strong></span> <span class='ocrx_word' id='word_1_608' title='bbox 3136 1568 3310 1642; x_wconf 81' lang='lat' dir='ltr'><strong>(Rom.</strong></span> <span class='ocrx_word' id='word_1_609' title='bbox 3339 1587 3381 1638; x_wconf 92' lang='lat' dir='ltr'><strong>t,</strong></span> <span class='ocrx_word' id='word_1_610' title='bbox 3409 1571 3491 1644; x_wconf 72' lang='grc' dir='ltr'><strong>ὅ).</strong></span> <span class='ocrx_word' id='word_1_611' title='bbox 3518 1571 3652 1628; x_wconf 76' lang='lat' dir='ltr'><strong>Audi</strong></span> <span class='ocrx_word' id='word_1_612' title='bbox 3680 1587 3785 1629; x_wconf 84' lang='lat' dir='ltr'><strong>eum</strong></span> 
     </span>
    </p>
   </div>
   <div class='ocr_carea' id='block_1_75' title="bbox 2214 1660 3788 1742">
    <p class='ocr_par' dir='ltr' id='par_1_75' title="bbox 2214 1660 3788 1742">
     <span class='ocr_line' id='line_1_75' title="bbox 2214 1660 3788 1742; baseline 0.002 -25"><span class='ocrx_word' id='word_1_613' title='bbox 2214 1669 2271 1717; x_wconf 89' lang='lat' dir='ltr'><strong>et</strong></span> <span class='ocrx_word' id='word_1_614' title='bbox 2295 1660 2575 1717; x_wconf 85' lang='lat' dir='ltr'><strong>Dominum</strong></span> <span class='ocrx_word' id='word_1_615' title='bbox 2596 1661 2789 1727; x_wconf 90' lang='lat' dir='ltr'><strong>David;</strong></span> <span class='ocrx_word' id='word_1_616' title='bbox 2810 1661 2953 1717; x_wconf 85' lang='lat' dir='ltr'><strong>dicat</strong></span> <span class='ocrx_word' id='word_1_617' title='bbox 2973 1660 3075 1718; x_wconf 90' lang='lat' dir='ltr'><strong>hoc</strong></span> <span class='ocrx_word' id='word_1_618' title='bbox 3107 1663 3223 1732; x_wconf 87' lang='lat' dir='ltr'><strong>ipse</strong></span> <span class='ocrx_word' id='word_1_619' title='bbox 3244 1663 3412 1719; x_wconf 86' lang='lat' dir='ltr'><strong>David</strong></span> <span class='ocrx_word' id='word_1_620' title='bbox 3434 1680 3451 1720; x_wconf 86' lang='lat'><strong>:</strong></span> <span class='ocrx_word' id='word_1_621' title='bbox 3470 1661 3612 1719; x_wconf 74' lang='lat' dir='ltr'><strong>Dixit</strong></span> <span class='ocrx_word' id='word_1_622' title='bbox 3633 1662 3788 1742; x_wconf 77' lang='lat' dir='ltr'><strong>Domi-</strong></span> 
     </span>
    </p>
   </div>
   <div class='ocr_carea' id='block_1_76' title="bbox 2216 1751 3783 1830">
    <p class='ocr_par' dir='ltr' id='par_1_76' title="bbox 2216 1751 3783 1830">
     <span class='ocr_line' id='line_1_76' title="bbox 2216 1751 3783 1830; baseline 0.003 -22"><span class='ocrx_word' id='word_1_623' title='bbox 2216 1770 2314 1808; x_wconf 78' lang='lat' dir='ltr'><strong>nus</strong></span> <span class='ocrx_word' id='word_1_624' title='bbox 2329 1751 2547 1808; x_wconf 89' lang='lat' dir='ltr'><strong>Domino</strong></span> <span class='ocrx_word' id='word_1_625' title='bbox 2562 1770 2692 1821; x_wconf 88' lang='lat' dir='ltr'><strong>meo,</strong></span> <span class='ocrx_word' id='word_1_626' title='bbox 2711 1752 2846 1810; x_wconf 82' lang='lat' dir='ltr'><strong>Sede</strong></span> <span class='ocrx_word' id='word_1_627' title='bbox 2861 1754 2931 1808; x_wconf 88' lang='lat' dir='ltr'><strong>ad</strong></span> <span class='ocrx_word' id='word_1_628' title='bbox 2944 1754 3204 1809; x_wconf 69' lang='lat' dir='ltr'><strong>dexteram</strong></span> <span class='ocrx_word' id='word_1_629' title='bbox 3221 1771 3385 1811; x_wconf 84' lang='lat' dir='ltr'><strong>nteant</strong></span> <span class='ocrx_word' id='word_1_630' title='bbox 3408 1753 3583 1827; x_wconf 75' lang='lat' dir='ltr'><strong>(Paul.</strong></span> <span class='ocrx_word' id='word_1_631' title='bbox 3598 1771 3704 1821; x_wconf 69' lang='grc' dir='ltr'>(ιιι.</span> <span class='ocrx_word' id='word_1_632' title='bbox 3721 1757 3783 1830; x_wconf 86' lang='lat' dir='ltr'><strong>l).</strong></span> 
     </span>
    </p>
   </div>
   <div class='ocr_carea' id='block_1_77' title="bbox 2215 1842 3785 1915">
    <p class='ocr_par' dir='ltr' id='par_1_77' title="bbox 2215 1842 3785 1915">
     <span class='ocr_line' id='line_1_77' title="bbox 2215 1842 3785 1915; baseline 0.003 -17"><span class='ocrx_word' id='word_1_633' title='bbox 2215 1842 2287 1898; x_wconf 84' lang='lat' dir='ltr'><strong>Et</strong></span> <span class='ocrx_word' id='word_1_634' title='bbox 2309 1844 2421 1913; x_wconf 85' lang='lat' dir='ltr'><strong>ipse</strong></span> <span class='ocrx_word' id='word_1_635' title='bbox 2448 1842 2604 1900; x_wconf 83' lang='lat' dir='ltr'><strong>Jesus</strong></span> <span class='ocrx_word' id='word_1_636' title='bbox 2624 1844 2727 1900; x_wconf 83' lang='lat' dir='ltr'><strong>hoc</strong></span> <span class='ocrx_word' id='word_1_637' title='bbox 2744 1845 3019 1915; x_wconf 77' lang='lat' dir='ltr'><strong>proposuit</strong></span> <span class='ocrx_word' id='word_1_638' title='bbox 3035 1844 3256 1911; x_wconf 73' lang='lat' dir='ltr'><strong>ludat-is,</strong></span> <span class='ocrx_word' id='word_1_639' title='bbox 3273 1856 3329 1903; x_wconf 90' lang='lat' dir='ltr'><strong>et</strong></span> <span class='ocrx_word' id='word_1_640' title='bbox 3353 1861 3452 1904; x_wconf 67' lang='lat' dir='ltr'><strong>eius</strong></span> <span class='ocrx_word' id='word_1_641' title='bbox 3481 1847 3603 1904; x_wconf 86' lang='lat' dir='ltr'><strong>inde</strong></span> <span class='ocrx_word' id='word_1_642' title='bbox 3622 1849 3785 1905; x_wconf 85' lang='lat' dir='ltr'><strong>convi-</strong></span> 
     </span>
    </p>
   </div>
   <div class='ocr_carea' id='block_1_78' title="bbox 2214 1932 3786 2009">
    <p class='ocr_par' dir='ltr' id='par_1_78' title="bbox 2214 1932 3786 2009">
     <span class='ocr_line' id='line_1_78' title="bbox 2214 1932 3786 2009; baseline 0.004 -20"><span class='ocrx_word' id='word_1_643' title='bbox 2214 1934 2288 1990; x_wconf 90' lang='lat' dir='ltr'><strong>cit</strong></span> <span class='ocrx_word' id='word_1_644' title='bbox 2318 1932 2532 2006; x_wconf 66' lang='lat' dir='ltr'><strong>(Mazth.</strong></span> <span class='ocrx_word' id='word_1_645' title='bbox 2563 1949 2700 2000; x_wconf 65' lang='grc' dir='ltr'>χιιι,</span> <span class='ocrx_word' id='word_1_646' title='bbox 2744 1936 2859 2006; x_wconf 72' lang='grc'><strong>45).</strong></span> <span class='ocrx_word' id='word_1_647' title='bbox 2888 1935 3169 2004; x_wconf 86' lang='lat' dir='ltr'><strong>Quomodo</strong></span> <span class='ocrx_word' id='word_1_648' title='bbox 3205 1951 3339 2009; x_wconf 87' lang='lat' dir='ltr'><strong>ergo</strong></span> <span class='ocrx_word' id='word_1_649' title='bbox 3376 1937 3542 1993; x_wconf 83' lang='lat' dir='ltr'><strong>David</strong></span> <span class='ocrx_word' id='word_1_650' title='bbox 3588 1949 3640 1997; x_wconf 84' lang='lat' dir='ltr'><strong>et</strong></span> <span class='ocrx_word' id='word_1_651' title='bbox 3667 1940 3786 1996; x_wconf 87' lang='lat' dir='ltr'><strong>ﬁlius</strong></span> 
     </span>
    </p>
   </div>
   <div class='ocr_carea' id='block_1_79' title="bbox 2215 2023 3788 2097">
    <p class='ocr_par' dir='ltr' id='par_1_79' title="bbox 2215 2023 3788 2097">
     <span class='ocr_line' id='line_1_79' title="bbox 2215 2023 3788 2097; baseline 0.008 -19"><span class='ocrx_word' id='word_1_652' title='bbox 2215 2034 2271 2078; x_wconf 92' lang='lat' dir='ltr'><strong>et</strong></span> <span class='ocrx_word' id='word_1_653' title='bbox 2293 2023 2574 2088; x_wconf 84' lang='lat' dir='ltr'><strong>dominus;</strong></span> <span class='ocrx_word' id='word_1_654' title='bbox 2604 2025 2743 2081; x_wconf 92' lang='lat' dir='ltr'><strong>lilius</strong></span> <span class='ocrx_word' id='word_1_655' title='bbox 2768 2025 2933 2082; x_wconf 88' lang='lat' dir='ltr'><strong>David</strong></span> <span class='ocrx_word' id='word_1_656' title='bbox 2961 2027 3259 2084; x_wconf 89' lang='lat' dir='ltr'><strong>secundum</strong></span> <span class='ocrx_word' id='word_1_657' title='bbox 3288 2044 3535 2097; x_wconf 85' lang='lat' dir='ltr'><strong>carnem,</strong></span> <span class='ocrx_word' id='word_1_658' title='bbox 3564 2030 3788 2091; x_wconf 61' lang='lat' dir='ltr'><strong>domina</strong></span> 
     </span>
    </p>
   </div>
   <div class='ocr_carea' id='block_1_80' title="bbox 2218 2113 3785 2180">
    <p class='ocr_par' dir='ltr' id='par_1_80' title="bbox 2218 2113 3785 2180">
     <span class='ocr_line' id='line_1_80' title="bbox 2218 2113 3785 2180; baseline 0.009 -13"><span class='ocrx_word' id='word_1_659' title='bbox 2218 2113 2385 2169; x_wconf 81' lang='lat' dir='ltr'><strong>David</strong></span> <span class='ocrx_word' id='word_1_660' title='bbox 2425 2115 2717 2171; x_wconf 89' lang='lat' dir='ltr'><strong>secundum</strong></span> <span class='ocrx_word' id='word_1_661' title='bbox 2746 2116 3112 2173; x_wconf 74' lang='lat' dir='ltr'><strong>divinitatem:</strong></span> <span class='ocrx_word' id='word_1_662' title='bbox 3135 2119 3213 2174; x_wconf 93' lang='lat' dir='ltr'><strong>sic</strong></span> <span class='ocrx_word' id='word_1_663' title='bbox 3238 2118 3425 2177; x_wconf 74' lang='lat' dir='ltr'><strong>Maria:</strong></span> <span class='ocrx_word' id='word_1_664' title='bbox 3452 2121 3591 2178; x_wconf 84' lang='lat' dir='ltr'><strong>ﬁlius</strong></span> <span class='ocrx_word' id='word_1_665' title='bbox 3612 2137 3785 2180; x_wconf 87' lang='lat' dir='ltr'><strong>secun-</strong></span> 
     </span>
    </p>
   </div>
   <div class='ocr_carea' id='block_1_81' title="bbox 2215 2204 3783 2285">
    <p class='ocr_par' dir='ltr' id='par_1_81' title="bbox 2215 2204 3783 2285">
     <span class='ocr_line' id='line_1_81' title="bbox 2215 2204 3783 2285; baseline 0.006 -24"><span class='ocrx_word' id='word_1_666' title='bbox 2215 2204 2341 2261; x_wconf 92' lang='lat' dir='ltr'><strong>dum</strong></span> <span class='ocrx_word' id='word_1_667' title='bbox 2361 2221 2601 2274; x_wconf 87' lang='lat' dir='ltr'><strong>carnem,</strong></span> <span class='ocrx_word' id='word_1_668' title='bbox 2619 2216 2672 2263; x_wconf 90' lang='lat' dir='ltr'><strong>et</strong></span> <span class='ocrx_word' id='word_1_669' title='bbox 2688 2207 2866 2263; x_wconf 72' lang='lat' dir='ltr'><strong>Maria.-</strong></span> <span class='ocrx_word' id='word_1_670' title='bbox 2878 2207 3126 2265; x_wconf 90' lang='lat' dir='ltr'><strong>domiuus</strong></span> <span class='ocrx_word' id='word_1_671' title='bbox 3138 2211 3438 2268; x_wconf 89' lang='lat' dir='ltr'><strong>secundum</strong></span> <span class='ocrx_word' id='word_1_672' title='bbox 3457 2213 3783 2285; x_wconf 74' lang='lat' dir='ltr'><strong>maiestatem.</strong></span> 
     </span>
    </p>
   </div>
   <div class='ocr_carea' id='block_1_82' title="bbox 2215 2290 3783 2375">
    <p class='ocr_par' dir='ltr' id='par_1_82' title="bbox 2215 2290 3783 2375">
     <span class='ocr_line' id='line_1_82' title="bbox 2215 2290 3783 2375; baseline 0.008 -27"><span class='ocrx_word' id='word_1_673' title='bbox 2215 2296 2350 2365; x_wconf 90' lang='lat' dir='ltr'><strong>Quia</strong></span> <span class='ocrx_word' id='word_1_674' title='bbox 2377 2313 2505 2369; x_wconf 86' lang='lat' dir='ltr'><strong>ergo</strong></span> <span class='ocrx_word' id='word_1_675' title='bbox 2533 2313 2639 2353; x_wconf 90' lang='lat' dir='ltr'><strong>non</strong></span> <span class='ocrx_word' id='word_1_676' title='bbox 2661 2290 2891 2354; x_wconf 45' lang='lat' dir='ltr'><strong>entt&#39;illa</strong></span> <span class='ocrx_word' id='word_1_677' title='bbox 2917 2309 3089 2356; x_wconf 88' lang='lat' dir='ltr'><strong>mater</strong></span> <span class='ocrx_word' id='word_1_678' title='bbox 3111 2299 3435 2371; x_wconf 86' lang='lat' dir='ltr'><strong>divinitatis,</strong></span> <span class='ocrx_word' id='word_1_679' title='bbox 3464 2315 3521 2361; x_wconf 85' lang='lat' dir='ltr'><strong>et</strong></span> <span class='ocrx_word' id='word_1_680' title='bbox 3546 2319 3639 2375; x_wconf 89' lang='lat' dir='ltr'><strong>per</strong></span> <span class='ocrx_word' id='word_1_681' title='bbox 3659 2304 3783 2362; x_wconf 83' lang='lat' dir='ltr'><strong>divi-</strong></span> 
     </span>
    </p>
   </div>
   <div class='ocr_carea' id='block_1_83' title="bbox 2216 2376 3783 2468">
    <p class='ocr_par' dir='ltr' id='par_1_83' title="bbox 2216 2376 3783 2468">
     <span class='ocr_line' id='line_1_83' title="bbox 2216 2376 3783 2468; baseline 0.007 -25"><span class='ocrx_word' id='word_1_682' title='bbox 2216 2389 2437 2443; x_wconf 89' lang='lat' dir='ltr'><strong>nitatem</strong></span> <span class='ocrx_word' id='word_1_683' title='bbox 2480 2388 2711 2444; x_wconf 87' lang='lat' dir='ltr'><strong>futurum</strong></span> <span class='ocrx_word' id='word_1_684' title='bbox 2750 2399 2867 2445; x_wconf 84' lang='lat' dir='ltr'><strong>erat</strong></span> <span class='ocrx_word' id='word_1_685' title='bbox 2893 2376 3209 2449; x_wconf 87' lang='lat' dir='ltr'><strong>miraculum</strong></span> <span class='ocrx_word' id='word_1_686' title='bbox 3247 2393 3397 2466; x_wconf 89' lang='lat' dir='ltr'><strong>quod</strong></span> <span class='ocrx_word' id='word_1_687' title='bbox 3436 2397 3674 2468; x_wconf 77' lang='lat' dir='ltr'><strong>petebat;</strong></span> <span class='ocrx_word' id='word_1_688' title='bbox 3708 2412 3783 2454; x_wconf 86' lang='lat' dir='ltr'><strong>re-</strong></span> 
     </span>
    </p>
   </div>
   <div class='ocr_carea' id='block_1_84' title="bbox 2215 2479 3796 2560">
    <p class='ocr_par' dir='ltr' id='par_1_84' title="bbox 2215 2479 3796 2560">
     <span class='ocr_line' id='line_1_84' title="bbox 2215 2479 3796 2560; baseline 0.008 -26"><span class='ocrx_word' id='word_1_689' title='bbox 2215 2479 2432 2550; x_wconf 90' lang='lat' dir='ltr'><strong>spondit</strong></span> <span class='ocrx_word' id='word_1_690' title='bbox 2458 2480 2530 2546; x_wconf 89' lang='lat' dir='ltr'><strong>ei,</strong></span> <span class='ocrx_word' id='word_1_691' title='bbox 2564 2481 2702 2546; x_wconf 83' lang='lat' dir='ltr'><strong>Quid</strong></span> <span class='ocrx_word' id='word_1_692' title='bbox 2739 2481 2863 2536; x_wconf 78' lang='lat' dir='ltr'><strong>mihi</strong></span> <span class='ocrx_word' id='word_1_693' title='bbox 2886 2491 2933 2537; x_wconf 91' lang='lat' dir='ltr'><strong>et</strong></span> <span class='ocrx_word' id='word_1_694' title='bbox 2956 2482 3047 2538; x_wconf 89' lang='lat' dir='ltr'><strong>tibi</strong></span> <span class='ocrx_word' id='word_1_695' title='bbox 3064 2494 3158 2553; x_wconf 78' lang='lat' dir='ltr'><strong>est,</strong></span> <span class='ocrx_word' id='word_1_696' title='bbox 3187 2486 3408 2543; x_wconf 70' lang='lat' dir='ltr'><strong>mulier!</strong></span> <span class='ocrx_word' id='word_1_697' title='bbox 3445 2488 3541 2544; x_wconf 88' lang='lat' dir='ltr'><strong>sed</strong></span> <span class='ocrx_word' id='word_1_698' title='bbox 3565 2503 3631 2545; x_wconf 86' lang='lat' dir='ltr'><strong>ne</strong></span> <span class='ocrx_word' id='word_1_699' title='bbox 3650 2499 3796 2560; x_wconf 71' lang='lat' dir='ltr'><strong>putes</strong></span> 
     </span>
    </p>
   </div>
   <div class='ocr_carea' id='block_1_85' title="bbox 2215 2572 3785 2643">
    <p class='ocr_par' dir='ltr' id='par_1_85' title="bbox 2215 2572 3785 2643">
     <span class='ocr_line' id='line_1_85' title="bbox 2215 2572 3785 2643; baseline 0.006 -19"><span class='ocrx_word' id='word_1_700' title='bbox 2215 2572 2359 2642; x_wconf 92' lang='lat' dir='ltr'><strong>quod</strong></span> <span class='ocrx_word' id='word_1_701' title='bbox 2390 2580 2442 2627; x_wconf 87' lang='lat' dir='ltr'><strong>te</strong></span> <span class='ocrx_word' id='word_1_702' title='bbox 2466 2586 2654 2643; x_wconf 87' lang='lat' dir='ltr'><strong>negem</strong></span> <span class='ocrx_word' id='word_1_703' title='bbox 2698 2582 2942 2640; x_wconf 87' lang='lat' dir='ltr'><strong>matrem,</strong></span> <span class='ocrx_word' id='word_1_704' title='bbox 2973 2573 3221 2631; x_wconf 80' lang='lat' dir='ltr'><strong>Nondum</strong></span> <span class='ocrx_word' id='word_1_705' title='bbox 3244 2577 3383 2634; x_wconf 73' lang='lat' dir='ltr'><strong>venit</strong></span> <span class='ocrx_word' id='word_1_706' title='bbox 3408 2579 3536 2634; x_wconf 77' lang='lat' dir='ltr'><strong>liora</strong></span> <span class='ocrx_word' id='word_1_707' title='bbox 3563 2595 3700 2635; x_wconf 82' lang='lat' dir='ltr'><strong>mea:</strong></span> <span class='ocrx_word' id='word_1_708' title='bbox 3722 2579 3785 2636; x_wconf 83' lang='lat' dir='ltr'><strong>ibi</strong></span> 
     </span>
    </p>
   </div>
   <div class='ocr_carea' id='block_1_86' title="bbox 2216 2661 3784 2742">
    <p class='ocr_par' dir='ltr' id='par_1_86' title="bbox 2216 2661 3784 2742">
     <span class='ocr_line' id='line_1_86' title="bbox 2216 2661 3784 2742; baseline 0.006 -26"><span class='ocrx_word' id='word_1_709' title='bbox 2216 2661 2360 2716; x_wconf 89' lang='lat' dir='ltr'><strong>enim</strong></span> <span class='ocrx_word' id='word_1_710' title='bbox 2388 2670 2442 2717; x_wconf 91' lang='lat' dir='ltr'><strong>te</strong></span> <span class='ocrx_word' id='word_1_711' title='bbox 2466 2676 2776 2734; x_wconf 85' lang='lat' dir='ltr'><strong>agnoscam,</strong></span> <span class='ocrx_word' id='word_1_712' title='bbox 2804 2679 2926 2720; x_wconf 87' lang='lat' dir='ltr'><strong>cum</strong></span> <span class='ocrx_word' id='word_1_713' title='bbox 2954 2666 3189 2736; x_wconf 88' lang='lat' dir='ltr'><strong>pendere</strong></span> <span class='ocrx_word' id='word_1_714' title='bbox 3214 2669 3266 2724; x_wconf 89' lang='lat' dir='ltr'><strong>in</strong></span> <span class='ocrx_word' id='word_1_715' title='bbox 3295 2683 3462 2728; x_wconf 87' lang='lat' dir='ltr'><strong>cruce</strong></span> <span class='ocrx_word' id='word_1_716' title='bbox 3486 2671 3697 2742; x_wconf 68' lang='grc' dir='ltr'>θωνα-ιι</span> <span class='ocrx_word' id='word_1_717' title='bbox 3716 2672 3784 2727; x_wconf 86' lang='lat' dir='ltr'><strong>iu-</strong></span> 
     </span>
    </p>
   </div>
   <div class='ocr_carea' id='block_1_87' title="bbox 2216 2751 3786 2833">
    <p class='ocr_par' dir='ltr' id='par_1_87' title="bbox 2216 2751 3786 2833">
     <span class='ocr_line' id='line_1_87' title="bbox 2216 2751 3786 2833; baseline 0.008 -27"><span class='ocrx_word' id='word_1_718' title='bbox 2216 2751 2439 2808; x_wconf 89' lang='lat' dir='ltr'><strong>ﬁrmitas</strong></span> <span class='ocrx_word' id='word_1_719' title='bbox 2449 2753 2602 2822; x_wconf 89' lang='lat' dir='ltr'><strong>cujus</strong></span> <span class='ocrx_word' id='word_1_720' title='bbox 2619 2763 2789 2811; x_wconf 89' lang='lat' dir='ltr'><strong>mater</strong></span> <span class='ocrx_word' id='word_1_721' title='bbox 2802 2770 2883 2812; x_wconf 88' lang='lat' dir='ltr'><strong>es.</strong></span> <span class='ocrx_word' id='word_1_722' title='bbox 2900 2755 3195 2816; x_wconf 83' lang='lat' dir='ltr'><strong>Probemus</strong></span> <span class='ocrx_word' id='word_1_723' title='bbox 3208 2761 3255 2817; x_wconf 89' lang='lat' dir='ltr'><strong>si</strong></span> <span class='ocrx_word' id='word_1_724' title='bbox 3272 2776 3463 2819; x_wconf 87' lang='lat' dir='ltr'><strong>verum</strong></span> <span class='ocrx_word' id='word_1_725' title='bbox 3473 2774 3575 2821; x_wconf 81' lang='lat' dir='ltr'><strong>est.</strong></span> <span class='ocrx_word' id='word_1_726' title='bbox 3587 2762 3786 2833; x_wconf 77' lang='lat' dir='ltr'><strong>Quando</strong></span> 
     </span>
    </p>
   </div>
   <div class='ocr_carea' id='block_1_88' title="bbox 2217 2845 3782 2926">
    <p class='ocr_par' dir='ltr' id='par_1_88' title="bbox 2217 2845 3782 2926">
     <span class='ocr_line' id='line_1_88' title="bbox 2217 2845 3782 2926; baseline 0.009 -29"><span class='ocrx_word' id='word_1_727' title='bbox 2217 2857 2407 2913; x_wconf 87' lang='lat' dir='ltr'><strong>passus</strong></span> <span class='ocrx_word' id='word_1_728' title='bbox 2425 2853 2509 2900; x_wconf 85' lang='lat' dir='ltr'><strong>est</strong></span> <span class='ocrx_word' id='word_1_729' title='bbox 2528 2845 2802 2910; x_wconf 88' lang='lat' dir='ltr'><strong>Dominus,</strong></span> <span class='ocrx_word' id='word_1_730' title='bbox 2838 2848 2976 2905; x_wconf 89' lang='lat' dir='ltr'><strong>sicut</strong></span> <span class='ocrx_word' id='word_1_731' title='bbox 3009 2848 3152 2906; x_wconf 88' lang='lat' dir='ltr'><strong>idem</strong></span> <span class='ocrx_word' id='word_1_732' title='bbox 3181 2854 3513 2926; x_wconf 78' lang='lat' dir='ltr'><strong>evangelista</strong></span> <span class='ocrx_word' id='word_1_733' title='bbox 3541 2855 3681 2919; x_wconf 87' lang='lat' dir='ltr'><strong>dicit,</strong></span> <span class='ocrx_word' id='word_1_734' title='bbox 3704 2855 3782 2926; x_wconf 84' lang='lat' dir='ltr'><strong>qui</strong></span> 
     </span>
    </p>
   </div>
   <div class='ocr_carea' id='block_1_89' title="bbox 2217 2937 3783 3012">
    <p class='ocr_par' dir='ltr' id='par_1_89' title="bbox 2217 2937 3783 3012">
     <span class='ocr_line' id='line_1_89' title="bbox 2217 2937 3783 3012; baseline 0.008 -23"><span class='ocrx_word' id='word_1_735' title='bbox 2217 2944 2440 2990; x_wconf 87' lang='lat' dir='ltr'><strong>noverat</strong></span> <span class='ocrx_word' id='word_1_736' title='bbox 2463 2947 2685 2992; x_wconf 87' lang='lat' dir='ltr'><strong>matrem</strong></span> <span class='ocrx_word' id='word_1_737' title='bbox 2715 2937 2945 3005; x_wconf 90' lang='lat' dir='ltr'><strong>Domini,</strong></span> <span class='ocrx_word' id='word_1_738' title='bbox 2977 2948 3032 2996; x_wconf 91' lang='lat' dir='ltr'><strong>et</strong></span> <span class='ocrx_word' id='word_1_739' title='bbox 3049 2941 3138 3012; x_wconf 92' lang='lat' dir='ltr'><strong>qui</strong></span> <span class='ocrx_word' id='word_1_740' title='bbox 3165 2943 3323 3000; x_wconf 89' lang='lat' dir='ltr'><strong>nobis</strong></span> <span class='ocrx_word' id='word_1_741' title='bbox 3346 2945 3629 3002; x_wconf 83' lang='lat' dir='ltr'><strong>insinuavit</strong></span> <span class='ocrx_word' id='word_1_742' title='bbox 3644 2946 3783 3002; x_wconf 79' lang='lat' dir='ltr'><strong>etiam</strong></span> 
     </span>
    </p>
   </div>
   <div class='ocr_carea' id='block_1_90' title="bbox 2218 3023 3782 3105">
    <p class='ocr_par' dir='ltr' id='par_1_90' title="bbox 2218 3023 3782 3105">
     <span class='ocr_line' id='line_1_90' title="bbox 2218 3023 3782 3105; baseline 0.008 -26"><span class='ocrx_word' id='word_1_743' title='bbox 2218 3024 2275 3080; x_wconf 91' lang='lat' dir='ltr'><strong>iu</strong></span> <span class='ocrx_word' id='word_1_744' title='bbox 2300 3023 2385 3080; x_wconf 90' lang='lat' dir='ltr'><strong>bis</strong></span> <span class='ocrx_word' id='word_1_745' title='bbox 2410 3026 2608 3097; x_wconf 86' lang='lat' dir='ltr'><strong>nuptiis</strong></span> <span class='ocrx_word' id='word_1_746' title='bbox 2636 3038 2862 3085; x_wconf 89' lang='lat' dir='ltr'><strong>matrem</strong></span> <span class='ocrx_word' id='word_1_747' title='bbox 2902 3029 3133 3096; x_wconf 88' lang='lat' dir='ltr'><strong>Domini,</strong></span> <span class='ocrx_word' id='word_1_748' title='bbox 3161 3033 3274 3105; x_wconf 88' lang='lat' dir='ltr'><strong>ipse</strong></span> <span class='ocrx_word' id='word_1_749' title='bbox 3303 3046 3521 3093; x_wconf 89' lang='lat' dir='ltr'><strong>narrat:</strong></span> <span class='ocrx_word' id='word_1_750' title='bbox 3549 3035 3688 3105; x_wconf 80' lang='lat' dir='ltr'><strong>Erat,</strong></span> <span class='ocrx_word' id='word_1_751' title='bbox 3712 3036 3782 3092; x_wconf 56' lang='lat' dir='ltr'><strong>inc</strong></span> 
     </span>
    </p>
   </div>
   <div class='ocr_carea' id='block_1_91' title="bbox 2217 3119 3785 3193">
    <p class='ocr_par' dir='ltr' id='par_1_91' title="bbox 2217 3119 3785 3193">
     <span class='ocr_line' id='line_1_91' title="bbox 2217 3119 3785 3193; baseline 0.006 -19"><span class='ocrx_word' id='word_1_752' title='bbox 2217 3119 2354 3190; x_wconf 91' lang='lat' dir='ltr'><strong>quit,</strong></span> <span class='ocrx_word' id='word_1_753' title='bbox 2382 3119 2490 3175; x_wconf 86' lang='lat' dir='ltr'><strong>illic</strong></span> <span class='ocrx_word' id='word_1_754' title='bbox 2516 3122 2653 3176; x_wconf 80' lang='lat' dir='ltr'><strong>circa</strong></span> <span class='ocrx_word' id='word_1_755' title='bbox 2671 3138 2867 3179; x_wconf 83' lang='lat' dir='ltr'><strong>crucem</strong></span> <span class='ocrx_word' id='word_1_756' title='bbox 2894 3134 3055 3181; x_wconf 86' lang='lat' dir='ltr'><strong>mater</strong></span> <span class='ocrx_word' id='word_1_757' title='bbox 3092 3125 3241 3193; x_wconf 70' lang='lat' dir='ltr'><strong>Iesu,</strong></span> <span class='ocrx_word' id='word_1_758' title='bbox 3275 3139 3327 3184; x_wconf 87' lang='lat' dir='ltr'><strong>et</strong></span> <span class='ocrx_word' id='word_1_759' title='bbox 3363 3130 3438 3186; x_wconf 87' lang='lat' dir='ltr'><strong>ait</strong></span> <span class='ocrx_word' id='word_1_760' title='bbox 3470 3129 3619 3187; x_wconf 61' lang='lat' dir='ltr'><strong>Jecur</strong></span> <span class='ocrx_word' id='word_1_761' title='bbox 3654 3128 3785 3185; x_wconf 79' lang='lat' dir='ltr'><strong>matri</strong></span> 
     </span>
    </p>
   </div>
   <div class='ocr_carea' id='block_1_92' title="bbox 2217 3209 3785 3295">
    <p class='ocr_par' dir='ltr' id='par_1_92' title="bbox 2217 3209 3785 3295">
     <span class='ocr_line' id='line_1_92' title="bbox 2217 3209 3785 3295; baseline 0.008 -30"><span class='ocrx_word' id='word_1_762' title='bbox 2217 3226 2346 3281; x_wconf 78' lang='lat' dir='ltr'><strong>aute,</strong></span> <span class='ocrx_word' id='word_1_763' title='bbox 2377 3209 2585 3278; x_wconf 69' lang='lat' dir='ltr'><strong>Hulier,</strong></span> <span class='ocrx_word' id='word_1_764' title='bbox 2615 3229 2727 3269; x_wconf 84' lang='lat' dir='ltr'><strong>ecce</strong></span> <span class='ocrx_word' id='word_1_765' title='bbox 2758 3213 2899 3285; x_wconf 78' lang='lat' dir='ltr'><strong>[ilius</strong></span> <span class='ocrx_word' id='word_1_766' title='bbox 2932 3225 3052 3273; x_wconf 76' lang='lat' dir='ltr'><strong>tuus</strong></span> <span class='ocrx_word' id='word_1_767' title='bbox 3070 3227 3157 3274; x_wconf 90' lang='lat' dir='ltr'><strong>:et</strong></span> <span class='ocrx_word' id='word_1_768' title='bbox 3202 3220 3273 3275; x_wconf 87' lang='lat' dir='ltr'><strong>ad</strong></span> <span class='ocrx_word' id='word_1_769' title='bbox 3308 3221 3635 3295; x_wconf 75' lang='lat' dir='ltr'><strong>discipulum,</strong></span> <span class='ocrx_word' id='word_1_770' title='bbox 3673 3222 3785 3277; x_wconf 79' lang='lat' dir='ltr'><strong>Em</strong></span> 
     </span>
    </p>
   </div>
   <div class='ocr_carea' id='block_1_93' title="bbox 2219 3306 3785 3384">
    <p class='ocr_par' dir='ltr' id='par_1_93' title="bbox 2219 3306 3785 3384">
     <span class='ocr_line' id='line_1_93' title="bbox 2219 3306 3785 3384; baseline 0.006 -23"><span class='ocrx_word' id='word_1_771' title='bbox 2219 3316 2380 3362; x_wconf 86' lang='lat' dir='ltr'><strong>mater</strong></span> <span class='ocrx_word' id='word_1_772' title='bbox 2404 3318 2492 3363; x_wconf 88' lang='lat' dir='ltr'><strong>tua</strong></span> <span class='ocrx_word' id='word_1_773' title='bbox 2517 3306 2698 3379; x_wconf 80' lang='lat' dir='ltr'><strong>(Joan.</strong></span> <span class='ocrx_word' id='word_1_774' title='bbox 2721 3324 2842 3372; x_wconf 87' lang='lat' dir='ltr'><strong>xtx.</strong></span> <span class='ocrx_word' id='word_1_775' title='bbox 2861 3309 3080 3384; x_wconf 70' lang='lat'><strong>25-27).</strong></span> <span class='ocrx_word' id='word_1_776' title='bbox 3110 3312 3467 3372; x_wconf 83' lang='lat' dir='ltr'><strong>Commendat</strong></span> <span class='ocrx_word' id='word_1_777' title='bbox 3489 3326 3699 3373; x_wconf 86' lang='lat' dir='ltr'><strong>matrem</strong></span> <span class='ocrx_word' id='word_1_778' title='bbox 3715 3314 3785 3371; x_wconf 86' lang='lat' dir='ltr'><strong>di-</strong></span> 
     </span>
    </p>
   </div>
   <div class='ocr_carea' id='block_1_94' title="bbox 2218 3397 3785 3477">
    <p class='ocr_par' dir='ltr' id='par_1_94' title="bbox 2218 3397 3785 3477">
     <span class='ocr_line' id='line_1_94' title="bbox 2218 3397 3785 3477; baseline 0.008 -25"><span class='ocrx_word' id='word_1_779' title='bbox 2218 3397 2457 3469; x_wconf 88' lang='lat' dir='ltr'><strong>scipulo:</strong></span> <span class='ocrx_word' id='word_1_780' title='bbox 2478 3400 2815 3457; x_wconf 87' lang='lat' dir='ltr'><strong>commendat</strong></span> <span class='ocrx_word' id='word_1_781' title='bbox 2826 3412 3049 3459; x_wconf 86' lang='lat' dir='ltr'><strong>matrem</strong></span> <span class='ocrx_word' id='word_1_782' title='bbox 3072 3404 3220 3475; x_wconf 89' lang='lat' dir='ltr'><strong>prior</strong></span> <span class='ocrx_word' id='word_1_783' title='bbox 3236 3416 3411 3465; x_wconf 88' lang='lat' dir='ltr'><strong>matre</strong></span> <span class='ocrx_word' id='word_1_784' title='bbox 3431 3408 3720 3477; x_wconf 78' lang='lat' dir='ltr'><strong>nmriturus,</strong></span> <span class='ocrx_word' id='word_1_785' title='bbox 3737 3414 3785 3465; x_wconf 84' lang='lat' dir='ltr'><strong>et</strong></span> 
     </span>
    </p>
   </div>
   <div class='ocr_carea' id='block_1_95' title="bbox 2219 3492 3784 3561">
    <p class='ocr_par' dir='ltr' id='par_1_95' title="bbox 2219 3492 3784 3561">
     <span class='ocr_line' id='line_1_95' title="bbox 2219 3492 3784 3561; baseline 0.008 -16"><span class='ocrx_word' id='word_1_786' title='bbox 2219 3501 2345 3547; x_wconf 84' lang='lat' dir='ltr'><strong>ante</strong></span> <span class='ocrx_word' id='word_1_787' title='bbox 2368 3492 2553 3548; x_wconf 85' lang='lat' dir='ltr'><strong>matris</strong></span> <span class='ocrx_word' id='word_1_788' title='bbox 2583 3503 2808 3548; x_wconf 89' lang='lat' dir='ltr'><strong>mortem</strong></span> <span class='ocrx_word' id='word_1_789' title='bbox 2827 3507 3252 3561; x_wconf 85' lang='lat' dir='ltr'><strong>resurrecturus;</strong></span> <span class='ocrx_word' id='word_1_790' title='bbox 3276 3501 3614 3559; x_wconf 85' lang='lat' dir='ltr'><strong>commendat</strong></span> <span class='ocrx_word' id='word_1_791' title='bbox 3643 3501 3784 3557; x_wconf 76' lang='lat' dir='ltr'><strong>homo</strong></span> 
     </span>
    </p>
   </div>
   <div class='ocr_carea' id='block_1_96' title="bbox 2221 3580 3780 3662">
    <p class='ocr_par' dir='ltr' id='par_1_96' title="bbox 2221 3580 3780 3662">
     <span class='ocr_line' id='line_1_96' title="bbox 2221 3580 3780 3662; baseline 0.006 -26"><span class='ocrx_word' id='word_1_792' title='bbox 2221 3580 2423 3638; x_wconf 91' lang='lat' dir='ltr'><strong>homini</strong></span> <span class='ocrx_word' id='word_1_793' title='bbox 2444 3582 2737 3640; x_wconf 87' lang='lat' dir='ltr'><strong>hominem.</strong></span> <span class='ocrx_word' id='word_1_794' title='bbox 2761 3584 2871 3642; x_wconf 92' lang='lat' dir='ltr'><strong>lloc</strong></span> <span class='ocrx_word' id='word_1_795' title='bbox 2906 3600 3185 3657; x_wconf 84' lang='lat' dir='ltr'><strong>pepererat</strong></span> <span class='ocrx_word' id='word_1_796' title='bbox 3216 3589 3402 3647; x_wconf 70' lang='lat' dir='ltr'><strong>Maria.</strong></span> <span class='ocrx_word' id='word_1_797' title='bbox 3440 3593 3529 3649; x_wconf 88' lang='lat' dir='ltr'><strong>Illa</strong></span> <span class='ocrx_word' id='word_1_798' title='bbox 3552 3591 3674 3649; x_wconf 76' lang='lat' dir='ltr'><strong>hora</strong></span> <span class='ocrx_word' id='word_1_799' title='bbox 3686 3590 3780 3662; x_wconf 85' lang='lat' dir='ltr'><strong>jam</strong></span> 
     </span>
    </p>
   </div>
   <div class='ocr_carea' id='block_1_97' title="bbox 2222 3674 3779 3746">
    <p class='ocr_par' dir='ltr' id='par_1_97' title="bbox 2222 3674 3779 3746">
     <span class='ocr_line' id='line_1_97' title="bbox 2222 3674 3779 3746; baseline 0.008 -19"><span class='ocrx_word' id='word_1_800' title='bbox 2222 3685 2464 3741; x_wconf 83' lang='lat' dir='ltr'><strong>venerat,</strong></span> <span class='ocrx_word' id='word_1_801' title='bbox 2493 3674 2562 3730; x_wconf 90' lang='lat' dir='ltr'><strong>de</strong></span> <span class='ocrx_word' id='word_1_802' title='bbox 2585 3691 2686 3746; x_wconf 89' lang='lat' dir='ltr'><strong>qua</strong></span> <span class='ocrx_word' id='word_1_803' title='bbox 2715 3685 2841 3733; x_wconf 87' lang='lat' dir='ltr'><strong>tunc</strong></span> <span class='ocrx_word' id='word_1_804' title='bbox 2859 3677 3087 3745; x_wconf 82' lang='lat' dir='ltr'><strong>dixerat,</strong></span> <span class='ocrx_word' id='word_1_805' title='bbox 3122 3678 3369 3738; x_wconf 80' lang='lat' dir='ltr'><strong>Nondum</strong></span> <span class='ocrx_word' id='word_1_806' title='bbox 3386 3684 3518 3740; x_wconf 75' lang='lat' dir='ltr'><strong>venit</strong></span> <span class='ocrx_word' id='word_1_807' title='bbox 3538 3683 3779 3739; x_wconf 70' lang='lat' dir='ltr'><strong>horum</strong></span> 
     </span>
    </p>
   </div>
   <div class='ocr_carea' id='block_1_98' title="bbox 2294 3765 3780 3845">
    <p class='ocr_par' dir='ltr' id='par_1_98' title="bbox 2294 3765 3780 3845">
     <span class='ocr_line' id='line_1_98' title="bbox 2294 3765 3780 3845; baseline 0.006 -23"><span class='ocrx_word' id='word_1_808' title='bbox 2294 3765 2384 3822; x_wconf 68' lang='lat'><strong>£0.</strong></span> <span class='ocrx_word' id='word_1_809' title='bbox 2424 3766 2694 3835; x_wconf 90' lang='lat' dir='ltr'><strong>Quantum</strong></span> <span class='ocrx_word' id='word_1_810' title='bbox 2715 3768 2965 3838; x_wconf 87' lang='lat' dir='ltr'><strong>arbitror,</strong></span> <span class='ocrx_word' id='word_1_811' title='bbox 2992 3770 3201 3839; x_wconf 87' lang='lat' dir='ltr'><strong>fratres,</strong></span> <span class='ocrx_word' id='word_1_812' title='bbox 3233 3788 3550 3845; x_wconf 85' lang='lat' dir='ltr'><strong>responsum</strong></span> <span class='ocrx_word' id='word_1_813' title='bbox 3576 3785 3655 3833; x_wconf 87' lang='lat' dir='ltr'><strong>est</strong></span> <span class='ocrx_word' id='word_1_814' title='bbox 3683 3774 3780 3832; x_wconf 76' lang='lat' dir='ltr'><strong>lite-</strong></span> 
     </span>
    </p>
   </div>
   <div class='ocr_carea' id='block_1_99' title="bbox 2221 3860 3779 3942">
    <p class='ocr_par' dir='ltr' id='par_1_99' title="bbox 2221 3860 3779 3942">
     <span class='ocr_line' id='line_1_99' title="bbox 2221 3860 3779 3942; baseline 0.004 -25"><span class='ocrx_word' id='word_1_815' title='bbox 2221 3860 2435 3917; x_wconf 88' lang='lat' dir='ltr'><strong>reticis:</strong></span> <span class='ocrx_word' id='word_1_816' title='bbox 2459 3860 2846 3918; x_wconf 89' lang='lat' dir='ltr'><strong>mathematicis</strong></span> <span class='ocrx_word' id='word_1_817' title='bbox 2873 3864 3311 3935; x_wconf 80' lang='lat' dir='ltr'><strong>respondeamus.</strong></span> <span class='ocrx_word' id='word_1_818' title='bbox 3339 3869 3408 3926; x_wconf 87' lang='lat' dir='ltr'><strong>Et</strong></span> <span class='ocrx_word' id='word_1_819' title='bbox 3427 3870 3524 3942; x_wconf 78' lang='lat' dir='ltr'><strong>ipsi</strong></span> <span class='ocrx_word' id='word_1_820' title='bbox 3553 3867 3682 3926; x_wconf 88' lang='lat' dir='ltr'><strong>unde</strong></span> <span class='ocrx_word' id='word_1_821' title='bbox 3700 3881 3779 3924; x_wconf 81' lang='lat' dir='ltr'><strong>co-</strong></span> 
     </span>
    </p>
   </div>
   <div class='ocr_carea' id='block_1_100' title="bbox 2222 3952 3780 4029">
    <p class='ocr_par' dir='ltr' id='par_1_100' title="bbox 2222 3952 3780 4029">
     <span class='ocr_line' id='line_1_100' title="bbox 2222 3952 3780 4029; baseline 0.004 -21"><span class='ocrx_word' id='word_1_822' title='bbox 2222 3960 2419 4008; x_wconf 88' lang='lat' dir='ltr'><strong>nantur</strong></span> <span class='ocrx_word' id='word_1_823' title='bbox 2435 3952 2751 4008; x_wconf 89' lang='lat' dir='ltr'><strong>convincere</strong></span> <span class='ocrx_word' id='word_1_824' title='bbox 2772 3953 2893 4023; x_wconf 91' lang='lat' dir='ltr'><strong>quia</strong></span> <span class='ocrx_word' id='word_1_825' title='bbox 2914 3954 3015 4010; x_wconf 85' lang='lat' dir='ltr'><strong>sub</strong></span> <span class='ocrx_word' id='word_1_826' title='bbox 3039 3953 3150 4012; x_wconf 88' lang='lat' dir='ltr'><strong>fato</strong></span> <span class='ocrx_word' id='word_1_827' title='bbox 3171 3967 3288 4014; x_wconf 87' lang='lat' dir='ltr'><strong>erat</strong></span> <span class='ocrx_word' id='word_1_828' title='bbox 3320 3958 3512 4019; x_wconf 81' lang='lat' dir='ltr'><strong>Jesus?</strong></span> <span class='ocrx_word' id='word_1_829' title='bbox 3536 3959 3659 4029; x_wconf 82' lang='lat' dir='ltr'><strong>Quia</strong></span> <span class='ocrx_word' id='word_1_830' title='bbox 3682 3958 3780 4029; x_wconf 79' lang='lat' dir='ltr'><strong>ipse</strong></span> 
     </span>
    </p>
   </div>
   <div class='ocr_carea' id='block_1_101' title="bbox 2222 4041 3781 4122">
    <p class='ocr_par' dir='ltr' id='par_1_101' title="bbox 2222 4041 3781 4122">
     <span class='ocr_line' id='line_1_101' title="bbox 2222 4041 3781 4122; baseline 0.003 -24"><span class='ocrx_word' id='word_1_831' title='bbox 2222 4043 2319 4112; x_wconf 89' lang='lat' dir='ltr'><strong>ait,</strong></span> <span class='ocrx_word' id='word_1_832' title='bbox 2343 4043 2608 4116; x_wconf 89' lang='lat' dir='ltr'><strong>inquiunt,</strong></span> <span class='ocrx_word' id='word_1_833' title='bbox 2641 4041 2888 4098; x_wconf 83' lang='lat' dir='ltr'><strong>Nondum</strong></span> <span class='ocrx_word' id='word_1_834' title='bbox 2914 4047 3045 4101; x_wconf 76' lang='lat' dir='ltr'><strong>venit</strong></span> <span class='ocrx_word' id='word_1_835' title='bbox 3076 4047 3202 4103; x_wconf 79' lang='lat' dir='ltr'><strong>liora</strong></span> <span class='ocrx_word' id='word_1_836' title='bbox 3234 4065 3366 4106; x_wconf 82' lang='lat' dir='ltr'><strong>mea.</strong></span> <span class='ocrx_word' id='word_1_837' title='bbox 3400 4051 3540 4122; x_wconf 79' lang='lat' dir='ltr'><strong>Ergo</strong></span> <span class='ocrx_word' id='word_1_838' title='bbox 3574 4049 3643 4107; x_wconf 93' lang='lat' dir='ltr'><strong>illi</strong></span> <span class='ocrx_word' id='word_1_839' title='bbox 3675 4061 3781 4104; x_wconf 82' lang='lat' dir='ltr'><strong>cre-</strong></span> 
     </span>
    </p>
   </div>
   <div class='ocr_carea' id='block_1_102' title="bbox 2221 4135 3779 4210">
    <p class='ocr_par' dir='ltr' id='par_1_102' title="bbox 2221 4135 3779 4210">
     <span class='ocr_line' id='line_1_102' title="bbox 2221 4135 3779 4210; baseline 0.001 -18"><span class='ocrx_word' id='word_1_840' title='bbox 2221 4135 2427 4200; x_wconf 88' lang='lat' dir='ltr'><strong>dimus;</strong></span> <span class='ocrx_word' id='word_1_841' title='bbox 2457 4146 2512 4193; x_wconf 88' lang='lat' dir='ltr'><strong>et</strong></span> <span class='ocrx_word' id='word_1_842' title='bbox 2537 4137 2583 4192; x_wconf 87' lang='lat' dir='ltr'><strong>si</strong></span> <span class='ocrx_word' id='word_1_843' title='bbox 2610 4136 2855 4203; x_wconf 76' lang='lat' dir='ltr'><strong>dixisset,</strong></span> <span class='ocrx_word' id='word_1_844' title='bbox 2885 4137 3081 4196; x_wconf 89' lang='lat' dir='ltr'><strong>lloram</strong></span> <span class='ocrx_word' id='word_1_845' title='bbox 3122 4156 3227 4197; x_wconf 91' lang='lat' dir='ltr'><strong>non</strong></span> <span class='ocrx_word' id='word_1_846' title='bbox 3270 4141 3465 4210; x_wconf 84' lang='lat' dir='ltr'><strong>habeo,</strong></span> <span class='ocrx_word' id='word_1_847' title='bbox 3494 4140 3779 4200; x_wconf 84' lang='lat' dir='ltr'><strong>exclusisset</strong></span> 
     </span>
    </p>
   </div>
   <div class='ocr_carea' id='block_1_103' title="bbox 2222 4227 3778 4306">
    <p class='ocr_par' dir='ltr' id='par_1_103' title="bbox 2222 4227 3778 4306">
     <span class='ocr_line' id='line_1_103' title="bbox 2222 4227 3778 4306; baseline 0 -23"><span class='ocrx_word' id='word_1_848' title='bbox 2222 4227 2663 4284; x_wconf 90' lang='lat' dir='ltr'><strong>mathematicos:</strong></span> <span class='ocrx_word' id='word_1_849' title='bbox 2686 4227 2780 4285; x_wconf 88' lang='lat' dir='ltr'><strong>sed</strong></span> <span class='ocrx_word' id='word_1_850' title='bbox 2820 4244 2966 4295; x_wconf 86' lang='lat' dir='ltr'><strong>ecce,</strong></span> <span class='ocrx_word' id='word_1_851' title='bbox 3004 4231 3266 4304; x_wconf 87' lang='lat' dir='ltr'><strong>inquiunt,</strong></span> <span class='ocrx_word' id='word_1_852' title='bbox 3314 4234 3430 4306; x_wconf 85' lang='lat' dir='ltr'><strong>ipse</strong></span> <span class='ocrx_word' id='word_1_853' title='bbox 3473 4234 3619 4299; x_wconf 88' lang='lat' dir='ltr'><strong>dixit,</strong></span> <span class='ocrx_word' id='word_1_854' title='bbox 3648 4228 3778 4287; x_wconf 63' lang='lat' dir='ltr'><strong>Nouo</strong></span> 
     </span>
    </p>
   </div>
   <div class='ocr_carea' id='block_1_104' title="bbox 2222 4319 3776 4396">
    <p class='ocr_par' dir='ltr' id='par_1_104' title="bbox 2222 4319 3776 4396">
     <span class='ocr_line' id='line_1_104' title="bbox 2222 4319 3776 4396; baseline 0.002 -22"><span class='ocrx_word' id='word_1_855' title='bbox 2222 4319 2346 4374; x_wconf 84' lang='lat' dir='ltr'><strong>dunt</strong></span> <span class='ocrx_word' id='word_1_856' title='bbox 2374 4321 2502 4376; x_wconf 77' lang='lat' dir='ltr'><strong>venit</strong></span> <span class='ocrx_word' id='word_1_857' title='bbox 2530 4321 2657 4375; x_wconf 83' lang='lat' dir='ltr'><strong>Itorn</strong></span> <span class='ocrx_word' id='word_1_858' title='bbox 2683 4338 2814 4377; x_wconf 83' lang='lat' dir='ltr'><strong>mea.</strong></span> <span class='ocrx_word' id='word_1_859' title='bbox 2848 4322 2905 4378; x_wconf 82' lang='lat' dir='ltr'><strong>Si</strong></span> <span class='ocrx_word' id='word_1_860' title='bbox 2930 4338 3062 4396; x_wconf 84' lang='lat' dir='ltr'><strong>ergo</strong></span> <span class='ocrx_word' id='word_1_861' title='bbox 3088 4325 3329 4393; x_wconf 84' lang='lat' dir='ltr'><strong>dixisset,</strong></span> <span class='ocrx_word' id='word_1_862' title='bbox 3356 4328 3547 4384; x_wconf 88' lang='lat' dir='ltr'><strong>lloratu</strong></span> <span class='ocrx_word' id='word_1_863' title='bbox 3574 4341 3669 4382; x_wconf 81' lang='lat' dir='ltr'><strong>non</strong></span> <span class='ocrx_word' id='word_1_864' title='bbox 3694 4324 3776 4378; x_wconf 82' lang='lat' dir='ltr'><strong>ha-</strong></span> 
     </span>
    </p>
   </div>
   <div class='ocr_carea' id='block_1_105' title="bbox 2223 4411 3775 4485">
    <p class='ocr_par' dir='ltr' id='par_1_105' title="bbox 2223 4411 3775 4485">
     <span class='ocr_line' id='line_1_105' title="bbox 2223 4411 3775 4485; baseline 0.004 -19"><span class='ocrx_word' id='word_1_865' title='bbox 2223 4411 2347 4477; x_wconf 88' lang='lat' dir='ltr'><strong>beo,</strong></span> <span class='ocrx_word' id='word_1_866' title='bbox 2371 4414 2685 4469; x_wconf 81' lang='lat' dir='ltr'><strong>exclusisset</strong></span> <span class='ocrx_word' id='word_1_867' title='bbox 2725 4416 3147 4485; x_wconf 59' lang='lat' dir='ltr'><strong>mathematici»,</strong></span> <span class='ocrx_word' id='word_1_868' title='bbox 3193 4435 3298 4476; x_wconf 90' lang='lat' dir='ltr'><strong>non</strong></span> <span class='ocrx_word' id='word_1_869' title='bbox 3345 4431 3488 4478; x_wconf 87' lang='lat' dir='ltr'><strong>esset</strong></span> <span class='ocrx_word' id='word_1_870' title='bbox 3529 4418 3660 4475; x_wconf 91' lang='lat' dir='ltr'><strong>unde</strong></span> <span class='ocrx_word' id='word_1_871' title='bbox 3696 4430 3775 4471; x_wconf 86' lang='lat' dir='ltr'><strong>ca-</strong></span> 
     </span>
    </p>
   </div>
   <div class='ocr_carea' id='block_1_106' title="bbox 2224 4503 3777 4583">
    <p class='ocr_par' dir='ltr' id='par_1_106' title="bbox 2224 4503 3777 4583">
     <span class='ocr_line' id='line_1_106' title="bbox 2224 4503 3777 4583; baseline 0.009 -25"><span class='ocrx_word' id='word_1_872' title='bbox 2224 4503 2643 4564; x_wconf 86' lang='lat' dir='ltr'><strong>lumniarentur:</strong></span> <span class='ocrx_word' id='word_1_873' title='bbox 2668 4524 2809 4565; x_wconf 91' lang='lat' dir='ltr'><strong>nunc</strong></span> <span class='ocrx_word' id='word_1_874' title='bbox 2845 4525 2977 4566; x_wconf 86' lang='lat' dir='ltr'><strong>vero</strong></span> <span class='ocrx_word' id='word_1_875' title='bbox 3020 4510 3144 4583; x_wconf 86' lang='lat' dir='ltr'><strong>quia</strong></span> <span class='ocrx_word' id='word_1_876' title='bbox 3185 4511 3338 4579; x_wconf 72' lang='lat' dir='ltr'><strong>dixit,</strong></span> <span class='ocrx_word' id='word_1_877' title='bbox 3389 4513 3624 4570; x_wconf 76' lang='lat' dir='ltr'><strong>Nondum</strong></span> <span class='ocrx_word' id='word_1_878' title='bbox 3665 4506 3777 4564; x_wconf 64' lang='grc' dir='ltr'><strong>παιδί</strong></span> 
     </span>
    </p>
   </div>
   <div class='ocr_carea' id='block_1_107' title="bbox 2223 4595 3775 4677">
    <p class='ocr_par' dir='ltr' id='par_1_107' title="bbox 2223 4595 3775 4677">
     <span class='ocr_line' id='line_1_107' title="bbox 2223 4595 3775 4677; baseline 0.005 -26"><span class='ocrx_word' id='word_1_879' title='bbox 2223 4595 2351 4651; x_wconf 76' lang='lat' dir='ltr'><strong>liora</strong></span> <span class='ocrx_word' id='word_1_880' title='bbox 2374 4614 2505 4666; x_wconf 83' lang='lat' dir='ltr'><strong>mea,</strong></span> <span class='ocrx_word' id='word_1_881' title='bbox 2535 4611 2720 4656; x_wconf 89' lang='lat' dir='ltr'><strong>contra</strong></span> <span class='ocrx_word' id='word_1_882' title='bbox 2751 4601 2917 4672; x_wconf 88' lang='lat' dir='ltr'><strong>ipsius</strong></span> <span class='ocrx_word' id='word_1_883' title='bbox 2944 4604 3101 4660; x_wconf 84' lang='lat' dir='ltr'><strong>verba</strong></span> <span class='ocrx_word' id='word_1_884' title='bbox 3125 4604 3252 4676; x_wconf 90' lang='lat' dir='ltr'><strong>qttid</strong></span> <span class='ocrx_word' id='word_1_885' title='bbox 3279 4621 3557 4677; x_wconf 83' lang='lat' dir='ltr'><strong>possumus</strong></span> <span class='ocrx_word' id='word_1_886' title='bbox 3582 4596 3775 4660; x_wconf 75' lang='lat' dir='ltr'><strong>dicerel</strong></span> 
     </span>
    </p>
   </div>
   <div class='ocr_carea' id='block_1_108' title="bbox 2222 4686 3772 4761">
    <p class='ocr_par' dir='ltr' id='par_1_108' title="bbox 2222 4686 3772 4761">
     <span class='ocr_line' id='line_1_108' title="bbox 2222 4686 3772 4761; baseline 0.007 -19"><span class='ocrx_word' id='word_1_887' title='bbox 2222 4686 2412 4743; x_wconf 76' lang='lat' dir='ltr'><strong>Mirum</strong></span> <span class='ocrx_word' id='word_1_888' title='bbox 2440 4700 2523 4745; x_wconf 90' lang='lat' dir='ltr'><strong>est</strong></span> <span class='ocrx_word' id='word_1_889' title='bbox 2560 4692 2702 4761; x_wconf 90' lang='lat' dir='ltr'><strong>quod</strong></span> <span class='ocrx_word' id='word_1_890' title='bbox 2747 4693 3105 4752; x_wconf 87' lang='lat' dir='ltr'><strong>mathematici</strong></span> <span class='ocrx_word' id='word_1_891' title='bbox 3137 4698 3406 4755; x_wconf 83' lang='lat' dir='ltr'><strong>credendo</strong></span> <span class='ocrx_word' id='word_1_892' title='bbox 3448 4699 3615 4756; x_wconf 77' lang='lat' dir='ltr'><strong>verbis</strong></span> <span class='ocrx_word' id='word_1_893' title='bbox 3638 4692 3772 4752; x_wconf 82' lang='lat' dir='ltr'><strong>Chri-</strong></span> 
     </span>
    </p>
   </div>
   <div class='ocr_carea' id='block_1_109' title="bbox 2222 4780 3773 4863">
    <p class='ocr_par' dir='ltr' id='par_1_109' title="bbox 2222 4780 3773 4863">
     <span class='ocr_line' id='line_1_109' title="bbox 2222 4780 3773 4863; baseline 0.006 -30"><span class='ocrx_word' id='word_1_894' title='bbox 2222 4780 2313 4844; x_wconf 90' lang='lat' dir='ltr'><strong>sti,</strong></span> <span class='ocrx_word' id='word_1_895' title='bbox 2340 4792 2604 4837; x_wconf 86' lang='lat' dir='ltr'><strong>conantur</strong></span> <span class='ocrx_word' id='word_1_896' title='bbox 2640 4784 2957 4840; x_wconf 89' lang='lat' dir='ltr'><strong>convincerc</strong></span> <span class='ocrx_word' id='word_1_897' title='bbox 3001 4785 3333 4845; x_wconf 87' lang='lat' dir='ltr'><strong>Christianos</strong></span> <span class='ocrx_word' id='word_1_898' title='bbox 3370 4791 3508 4863; x_wconf 91' lang='lat' dir='ltr'><strong>quod</strong></span> <span class='ocrx_word' id='word_1_899' title='bbox 3544 4791 3638 4845; x_wconf 85' lang='lat' dir='ltr'><strong>sub</strong></span> <span class='ocrx_word' id='word_1_900' title='bbox 3662 4787 3773 4841; x_wconf 78' lang='lat' dir='ltr'><strong>hora</strong></span> 
     </span>
    </p>
   </div>
   <div class='ocr_carea' id='block_1_110' title="bbox 2224 4867 3768 4951">
    <p class='ocr_par' dir='ltr' id='par_1_110' title="bbox 2224 4867 3768 4951">
     <span class='ocr_line' id='line_1_110' title="bbox 2224 4867 3768 4951; baseline 0.011 -28"><span class='ocrx_word' id='word_1_901' title='bbox 2224 4867 2370 4925; x_wconf 80' lang='lat' dir='ltr'><strong>fatali</strong></span> <span class='ocrx_word' id='word_1_902' title='bbox 2391 4871 2584 4928; x_wconf 84' lang='lat' dir='ltr'><strong>vixerit</strong></span> <span class='ocrx_word' id='word_1_903' title='bbox 2613 4872 2880 4929; x_wconf 88' lang='lat' dir='ltr'><strong>Christus.</strong></span> <span class='ocrx_word' id='word_1_904' title='bbox 2908 4873 3142 4933; x_wconf 88' lang='lat' dir='ltr'><strong>Credattt</strong></span> <span class='ocrx_word' id='word_1_905' title='bbox 3178 4893 3308 4951; x_wconf 88' lang='lat' dir='ltr'><strong>ergo</strong></span> <span class='ocrx_word' id='word_1_906' title='bbox 3333 4880 3544 4938; x_wconf 87' lang='lat' dir='ltr'><strong>Christo</strong></span> <span class='ocrx_word' id='word_1_907' title='bbox 3576 4873 3768 4939; x_wconf 62' lang='lat' dir='ltr'><strong>dicenti.</strong></span> 
     </span>
    </p>
   </div>
   <div class='ocr_carea' id='block_1_111' title="bbox 2226 4952 3854 5038">
    <p class='ocr_par' dir='ltr' id='par_1_111' title="bbox 2226 4952 3854 5038">
     <span class='ocr_line' id='line_1_111' title="bbox 2226 4952 3854 5038; baseline 0.004 -24"><span class='ocrx_word' id='word_1_908' title='bbox 2226 4960 2531 5018; x_wconf 82' lang='lat' dir='ltr'><strong>Potestatent</strong></span> <span class='ocrx_word' id='word_1_909' title='bbox 2559 4964 2718 5020; x_wconf 78' lang='lat' dir='ltr'><strong>habeo</strong></span> <span class='ocrx_word' id='word_1_910' title='bbox 2737 4968 2955 5037; x_wconf 87' lang='lat' dir='ltr'><strong>ponendi</strong></span> <span class='ocrx_word' id='word_1_911' title='bbox 2973 4969 3196 5024; x_wconf 87' lang='lat' dir='ltr'><strong>animam</strong></span> <span class='ocrx_word' id='word_1_912' title='bbox 3222 4987 3402 5038; x_wconf 79' lang='lat' dir='ltr'><strong>nteant,</strong></span> <span class='ocrx_word' id='word_1_913' title='bbox 3435 4981 3481 5027; x_wconf 92' lang='lat' dir='ltr'><strong>et</strong></span> <span class='ocrx_word' id='word_1_914' title='bbox 3500 4972 3671 5026; x_wconf 77' lang='lat' dir='ltr'><strong>iterum</strong></span> <span class='ocrx_word' id='word_1_915' title='bbox 3693 4978 3769 5020; x_wconf 72' lang='grc' dir='ltr'>ιι·</span> <span class='ocrx_word' id='word_1_916' title='bbox 3849 4952 3854 4969; x_wconf 78' lang='grc'><em>’</em></span> 
     </span>
    </p>
   </div>
   <div class='ocr_carea' id='block_1_112' title="bbox 2223 5055 3867 5138">
    <p class='ocr_par' dir='ltr' id='par_1_112' title="bbox 2223 5055 3867 5138">
     <span class='ocr_line' id='line_1_112' title="bbox 2223 5055 3867 5138; baseline 0.005 -31"><span class='ocrx_word' id='word_1_917' title='bbox 2223 5055 2393 5109; x_wconf 79' lang='lat' dir='ltr'><strong>ruendi</strong></span> <span class='ocrx_word' id='word_1_918' title='bbox 2421 5070 2534 5109; x_wconf 84' lang='lat' dir='ltr'><strong>eam</strong></span> <span class='ocrx_word' id='word_1_919' title='bbox 2551 5072 2571 5109; x_wconf 90' lang='lat'><strong><em>:</em></strong></span> <span class='ocrx_word' id='word_1_920' title='bbox 2591 5073 2736 5113; x_wconf 83' lang='lat' dir='ltr'><strong>nemo</strong></span> <span class='ocrx_word' id='word_1_921' title='bbox 2778 5058 2908 5114; x_wconf 87' lang='lat' dir='ltr'><strong>tollit</strong></span> <span class='ocrx_word' id='word_1_922' title='bbox 2931 5077 3040 5116; x_wconf 89' lang='lat' dir='ltr'><strong>eam</strong></span> <span class='ocrx_word' id='word_1_923' title='bbox 3066 5079 3099 5115; x_wconf 72' lang='grc' dir='ltr'><em>α</em></span> <span class='ocrx_word' id='word_1_924' title='bbox 3126 5080 3225 5131; x_wconf 84' lang='lat' dir='ltr'><strong>me,</strong></span> <span class='ocrx_word' id='word_1_925' title='bbox 3254 5066 3345 5120; x_wconf 76' lang='lat' dir='ltr'><strong>sed</strong></span> <span class='ocrx_word' id='word_1_926' title='bbox 3367 5082 3459 5138; x_wconf 82' lang='lat' dir='ltr'><strong>ego</strong></span> <span class='ocrx_word' id='word_1_927' title='bbox 3479 5078 3606 5138; x_wconf 77' lang='lat' dir='ltr'><strong>pono</strong></span> <span class='ocrx_word' id='word_1_928' title='bbox 3628 5073 3725 5115; x_wconf 77' lang='lat' dir='ltr'><strong>em</strong></span> <span class='ocrx_word' id='word_1_929' title='bbox 3742 5068 3773 5108; x_wconf 81' lang='grc' dir='ltr'><strong><em>σ</em></strong></span> <span class='ocrx_word' id='word_1_930' title='bbox 3857 5078 3867 5105; x_wconf 84' lang='grc' dir='ltr'><strong>ι</strong></span> 
     </span>
    </p>
   </div>
   <div class='ocr_carea' id='block_1_113' title="bbox 2224 5144 3769 5230">
    <p class='ocr_par' dir='ltr' id='par_1_113' title="bbox 2224 5144 3769 5230">
     <span class='ocr_line' id='line_1_113' title="bbox 2224 5144 3769 5230; baseline 0.005 -31"><span class='ocrx_word' id='word_1_931' title='bbox 2224 5144 2437 5215; x_wconf 80' lang='lat' dir='ltr'><strong>nteipao,</strong></span> <span class='ocrx_word' id='word_1_932' title='bbox 2466 5156 2514 5201; x_wconf 85' lang='lat' dir='ltr'><strong>et</strong></span> <span class='ocrx_word' id='word_1_933' title='bbox 2541 5147 2719 5202; x_wconf 82' lang='lat' dir='ltr'><strong>iterum</strong></span> <span class='ocrx_word' id='word_1_934' title='bbox 2745 5167 2888 5205; x_wconf 78' lang='lat' dir='ltr'><strong>sunto</strong></span> <span class='ocrx_word' id='word_1_935' title='bbox 2913 5169 3022 5206; x_wconf 85' lang='lat' dir='ltr'><strong>eam</strong></span> <span class='ocrx_word' id='word_1_936' title='bbox 3065 5152 3174 5227; x_wconf 84' lang='lat' dir='ltr'><strong>(Id.</strong></span> <span class='ocrx_word' id='word_1_937' title='bbox 3202 5171 3259 5221; x_wconf 70' lang='grc' dir='ltr'>ι,</span> <span class='ocrx_word' id='word_1_938' title='bbox 3303 5157 3415 5230; x_wconf 80' lang='lat' dir='ltr'><strong>l8).</strong></span> <span class='ocrx_word' id='word_1_939' title='bbox 3459 5157 3654 5228; x_wconf 76' lang='lat' dir='ltr'><strong>Ergone</strong></span> <span class='ocrx_word' id='word_1_940' title='bbox 3686 5149 3769 5204; x_wconf 65' lang='lat' dir='ltr'><strong>ista</strong></span> 
     </span>
    </p>
   </div>
   <div class='ocr_carea' id='block_1_114' title="bbox 2227 5240 3769 5322">
    <p class='ocr_par' dir='ltr' id='par_1_114' title="bbox 2227 5240 3769 5322">
     <span class='ocr_line' id='line_1_114' title="bbox 2227 5240 3769 5322; baseline 0.004 -29"><span class='ocrx_word' id='word_1_941' title='bbox 2227 5248 2463 5307; x_wconf 87' lang='lat' dir='ltr'><strong>potestas</strong></span> <span class='ocrx_word' id='word_1_942' title='bbox 2477 5240 2578 5295; x_wconf 83' lang='lat' dir='ltr'><strong>sub</strong></span> <span class='ocrx_word' id='word_1_943' title='bbox 2599 5242 2706 5295; x_wconf 89' lang='lat' dir='ltr'><strong>fato</strong></span> <span class='ocrx_word' id='word_1_944' title='bbox 2723 5243 2840 5298; x_wconf 80' lang='lat' dir='ltr'><strong>est?</strong></span> <span class='ocrx_word' id='word_1_945' title='bbox 2858 5243 3150 5302; x_wconf 79' lang='lat' dir='ltr'><strong>Ostendam</strong></span> <span class='ocrx_word' id='word_1_946' title='bbox 3175 5247 3444 5306; x_wconf 88' lang='lat' dir='ltr'><strong>hominem</strong></span> <span class='ocrx_word' id='word_1_947' title='bbox 3463 5250 3546 5322; x_wconf 91' lang='lat' dir='ltr'><strong>qui</strong></span> <span class='ocrx_word' id='word_1_948' title='bbox 3571 5249 3769 5318; x_wconf 71' lang='lat' dir='ltr'><strong>potesta-</strong></span> 
     </span>
    </p>
   </div>
   <div class='ocr_carea' id='block_1_115' title="bbox 2228 5328 3769 5409">
    <p class='ocr_par' dir='ltr' id='par_1_115' title="bbox 2228 5328 3769 5409">
     <span class='ocr_line' id='line_1_115' title="bbox 2228 5328 3769 5409; baseline 0.003 -22"><span class='ocrx_word' id='word_1_949' title='bbox 2228 5337 2335 5384; x_wconf 79' lang='lat' dir='ltr'><strong>tem</strong></span> <span class='ocrx_word' id='word_1_950' title='bbox 2363 5328 2556 5387; x_wconf 79' lang='lat' dir='ltr'><strong>habeat</strong></span> <span class='ocrx_word' id='word_1_951' title='bbox 2576 5334 2789 5402; x_wconf 88' lang='lat' dir='ltr'><strong>quando</strong></span> <span class='ocrx_word' id='word_1_952' title='bbox 2813 5337 3090 5405; x_wconf 90' lang='lat' dir='ltr'><strong>moriatur,</strong></span> <span class='ocrx_word' id='word_1_953' title='bbox 3114 5340 3364 5409; x_wconf 86' lang='lat' dir='ltr'><strong>quamdiu</strong></span> <span class='ocrx_word' id='word_1_954' title='bbox 3392 5344 3557 5397; x_wconf 82' lang='lat' dir='ltr'><strong>vivat:</strong></span> <span class='ocrx_word' id='word_1_955' title='bbox 3578 5332 3769 5392; x_wconf 73' lang='lat' dir='ltr'><strong>omnino</strong></span> 
     </span>
    </p>
   </div>
   <div class='ocr_carea' id='block_1_116' title="bbox 2227 5423 3770 5501">
    <p class='ocr_par' dir='ltr' id='par_1_116' title="bbox 2227 5423 3770 5501">
     <span class='ocr_line' id='line_1_116' title="bbox 2227 5423 3770 5501; baseline 0.005 -25"><span class='ocrx_word' id='word_1_956' title='bbox 2227 5435 2335 5476; x_wconf 89' lang='lat' dir='ltr'><strong>non</strong></span> <span class='ocrx_word' id='word_1_957' title='bbox 2355 5423 2656 5479; x_wconf 86' lang='lat' dir='ltr'><strong>ostendent.</strong></span> <span class='ocrx_word' id='word_1_958' title='bbox 2682 5423 2919 5484; x_wconf 87' lang='lat' dir='ltr'><strong>Credaut</strong></span> <span class='ocrx_word' id='word_1_959' title='bbox 2942 5443 3074 5501; x_wconf 80' lang='lat' dir='ltr'><strong>ergo</strong></span> <span class='ocrx_word' id='word_1_960' title='bbox 3109 5430 3219 5487; x_wconf 86' lang='lat' dir='ltr'><strong>Deo</strong></span> <span class='ocrx_word' id='word_1_961' title='bbox 3245 5433 3462 5495; x_wconf 84' lang='lat' dir='ltr'><strong>dicenti.</strong></span> <span class='ocrx_word' id='word_1_962' title='bbox 3502 5430 3770 5487; x_wconf 65' lang='lat' dir='ltr'><strong>Pamme-</strong></span> 
     </span>
    </p>
   </div>
   <div class='ocr_carea' id='block_1_117' title="bbox 2226 5511 3768 5583">
    <p class='ocr_par' dir='ltr' id='par_1_117' title="bbox 2226 5511 3768 5583">
     <span class='ocr_line' id='line_1_117' title="bbox 2226 5511 3768 5583; baseline 0.006 -18"><span class='ocrx_word' id='word_1_963' title='bbox 2226 5511 2386 5568; x_wconf 82' lang='lat' dir='ltr'><strong>habeo</strong></span> <span class='ocrx_word' id='word_1_964' title='bbox 2406 5515 2627 5583; x_wconf 82' lang='lat' dir='ltr'><strong>ponendi</strong></span> <span class='ocrx_word' id='word_1_965' title='bbox 2649 5517 2871 5573; x_wconf 79' lang='lat' dir='ltr'><strong>animum</strong></span> <span class='ocrx_word' id='word_1_966' title='bbox 2897 5537 3078 5583; x_wconf 85' lang='lat' dir='ltr'><strong>meam,</strong></span> <span class='ocrx_word' id='word_1_967' title='bbox 3103 5535 3150 5579; x_wconf 89' lang='lat' dir='ltr'><strong>et</strong></span> <span class='ocrx_word' id='word_1_968' title='bbox 3171 5524 3352 5581; x_wconf 83' lang='lat' dir='ltr'><strong>iterum</strong></span> <span class='ocrx_word' id='word_1_969' title='bbox 3383 5520 3598 5583; x_wconf 73' lang='lat' dir='ltr'><strong>sumendi</strong></span> <span class='ocrx_word' id='word_1_970' title='bbox 3638 5523 3768 5574; x_wconf 70' lang='lat' dir='ltr'><strong>eam:</strong></span> 
     </span>
    </p>
   </div>
   <div class='ocr_carea' id='block_1_118' title="bbox 2225 5611 3767 5681">
    <p class='ocr_par' dir='ltr' id='par_1_118' title="bbox 2225 5611 3767 5681">
     <span class='ocr_line' id='line_1_118' title="bbox 2225 5611 3767 5681; baseline 0.008 -24"><span class='ocrx_word' id='word_1_971' title='bbox 2225 5611 2283 5657; x_wconf 87' lang='lat' dir='ltr'><strong>et</strong></span> <span class='ocrx_word' id='word_1_972' title='bbox 2310 5616 2549 5674; x_wconf 66' lang='lat' dir='ltr'><strong>quaerant</strong></span> <span class='ocrx_word' id='word_1_973' title='bbox 2566 5623 2732 5677; x_wconf 89' lang='lat' dir='ltr'><strong>quare</strong></span> <span class='ocrx_word' id='word_1_974' title='bbox 2755 5611 2824 5664; x_wconf 77' lang='lat' dir='ltr'><strong>sit</strong></span> <span class='ocrx_word' id='word_1_975' title='bbox 2842 5611 3062 5681; x_wconf 82' lang='lat' dir='ltr'><strong>dictum,</strong></span> <span class='ocrx_word' id='word_1_976' title='bbox 3094 5614 3337 5673; x_wconf 83' lang='lat' dir='ltr'><strong>Nondum</strong></span> <span class='ocrx_word' id='word_1_977' title='bbox 3365 5618 3489 5674; x_wconf 84' lang='lat' dir='ltr'><strong>reuit</strong></span> <span class='ocrx_word' id='word_1_978' title='bbox 3511 5614 3628 5669; x_wconf 79' lang='lat' dir='ltr'><strong>liora</strong></span> <span class='ocrx_word' id='word_1_979' title='bbox 3648 5618 3767 5669; x_wconf 58' lang='lat' dir='ltr'><strong>me“;</strong></span> 
     </span>
    </p>
   </div>
   <div class='ocr_carea' id='block_1_119' title="bbox 2230 5695 3767 5778">
    <p class='ocr_par' dir='ltr' id='par_1_119' title="bbox 2230 5695 3767 5778">
     <span class='ocr_line' id='line_1_119' title="bbox 2230 5695 3767 5778; baseline 0.018 -26"><span class='ocrx_word' id='word_1_980' title='bbox 2230 5708 2331 5752; x_wconf 84' lang='lat' dir='ltr'><strong>nec</strong></span> <span class='ocrx_word' id='word_1_981' title='bbox 2358 5695 2478 5753; x_wconf 90' lang='lat' dir='ltr'><strong>ideo</strong></span> <span class='ocrx_word' id='word_1_982' title='bbox 2503 5696 2613 5768; x_wconf 85' lang='lat' dir='ltr'><strong>jam</strong></span> <span class='ocrx_word' id='word_1_983' title='bbox 2642 5700 2742 5757; x_wconf 86' lang='lat' dir='ltr'><strong>sub</strong></span> <span class='ocrx_word' id='word_1_984' title='bbox 2767 5700 2880 5761; x_wconf 84' lang='lat' dir='ltr'><strong>fato</strong></span> <span class='ocrx_word' id='word_1_985' title='bbox 2906 5715 3105 5778; x_wconf 85' lang='lat' dir='ltr'><strong>ponant</strong></span> <span class='ocrx_word' id='word_1_986' title='bbox 3131 5709 3459 5768; x_wconf 74' lang='lat' dir='ltr'><strong>conditorem</strong></span> <span class='ocrx_word' id='word_1_987' title='bbox 3478 5703 3611 5776; x_wconf 70' lang='grc' dir='ltr'><strong>αειε.</strong></span> <span class='ocrx_word' id='word_1_988' title='bbox 3635 5708 3767 5757; x_wconf 65' lang='grc' dir='ltr'><strong>πεδ’</strong></span> 
     </span>
    </p>
   </div>
  </div>
