4036 6394
260 431 378 488 N57

260 558 410 603 torem
431 553 592 617 atque
609 544 974 604 ordinatorem
992 545 1250 603 siderum.
1268 545 1402 616 Quia
1421 548 1465 603 si
1485 559 1631 604 esset
1652 547 1814 602 fatum

259 639 318 694 de
333 638 604 702 sideribus.
622 653 726 692 non
749 647 1087 708 poteratesse
1106 639 1206 694 sub
1225 639 1541 696 necessitate
1558 639 1815 696 siderum.

258 729 480 788 conditor
499 727 757 786 siderum.
786 730 939 787 Adde
955 730 1079 800 quia
1105 747 1211 785 non
1235 731 1408 786 solum
1438 730 1681 788 Christus
1710 748 1816 787 non

258 821 419 875 habuit
435 819 575 891 quod
600 820 838 890 appellas
863 821 1059 888 fatum;
1089 821 1184 878 sed
1213 837 1313 879 nec
1340 831 1416 893 tu,
1444 832 1537 878 aut
1577 839 1697 895 ego,
1727 833 1818 880 aut

254 913 355 976 ille,
377 920 463 966 ant
485 912 764 983 quisquam
783 913 1074 968 hominum.

320 1007 396 1061 il.
439 1004 815 1062 Verumtamen
857 1006 1060 1063 seducti
1107 1007 1387 1070 seducunt,
1418 1016 1476 1064 et
1515 1019 1816 1081 proponunt

255 1096 467 1152 fallacias
510 1097 812 1152 hominibus
836 1116 850 1152 :
875 1099 1094 1154 tendunt
1123 1100 1191 1154 ad
1219 1101 1506 1170 capiendos
1547 1102 1812 1170 homines,

247 1204 300 1246 et
324 1190 417 1245 hoc
454 1191 506 1245 in
550 1192 760 1261 plateis.
786 1191 918 1248 Nam
948 1193 1039 1264 qui
1075 1195 1297 1249 tendunt
1322 1194 1387 1249 ad
1414 1195 1700 1266 capiendas
1732 1195 1812 1252 fe-

248 1297 350 1345 ras,
379 1280 453 1335 vel
481 1279 532 1335 in
562 1281 710 1335 silvis
741 1293 899 1352 atque
930 1283 980 1338 in
1021 1283 1306 1340 solitudine
1335 1285 1387 1340 id
1431 1295 1622 1356 agunt:
1653 1302 1812 1358 quam

248 1371 511 1428 infeliciter
535 1373 653 1428 vani
679 1383 808 1430 sunt
829 1373 1092 1440 homines,
1117 1376 1309 1446 quibus
1323 1379 1595 1448 capiendis
1620 1377 1672 1434 in
1695 1378 1812 1435 foro

246 1463 497 1520 tenditur!
525 1464 781 1521 Nummos
793 1467 1080 1537 accipiunt,
1101 1484 1222 1524 cmn
1238 1483 1296 1524 se
1312 1468 1554 1525 homines
1578 1469 1811 1526 homini-

245 1559 341 1614 bus
356 1557 606 1626 vendunt;
638 1559 767 1615 dant
792 1562 876 1616 isti
900 1577 1167 1626 nummos,
1185 1572 1242 1617 ut
1266 1578 1324 1617 se
1351 1563 1669 1619 vanitatibus
1686 1580 1812 1620 ven-

243 1649 382 1706 dant.
413 1650 608 1707 lntrant
634 1653 778 1708 enim
812 1653 878 1708 ad
906 1654 1360 1721 mathematicum,
1403 1665 1460 1711 ut
1487 1667 1669 1713 emant
1709 1657 1810 1714 sibi

249 1740 493 1807 dominos,
519 1744 698 1815 quales
723 1745 1103 1802 mathematice
1136 1747 1264 1803 dare
1293 1749 1574 1818 placuerit;
1604 1750 1687 1804 Vt‘l
1714 1749 1812 1806 Sa-

251 1843 464 1900 turnum,
494 1839 568 1894 vel
597 1838 806 1904 Jovem,
837 1841 922 1896 vel
962 1839 1300 1907 Mercurium,
1329 1845 1410 1899 vel
1440 1843 1484 1897 si
1512 1844 1637 1914 quid
1667 1844 1809 1900 aliud

250 1930 469 2002 sacrilegi
493 1932 736 1988 nominis.
759 1931 978 1990 Intravit
1005 1935 1160 2000 liber,
1193 1944 1249 1990 ut
1275 1937 1506 1993 nummis
1535 1938 1673 1993 dalis
1697 1954 1812 1996 ser-

253 2035 350 2076 vus
374 2023 539 2079 exiret.
567 2025 677 2081 lmo
697 2041 826 2081 vero
856 2044 960 2083 non
992 2029 1237 2095 intraret,
1268 2032 1313 2087 si
1344 2031 1477 2087 liber
1505 2044 1681 2089 esset:
1713 2035 1808 2091 sed

264 2117 456 2171 intravit
471 2134 564 2189 quo
591 2135 714 2173 eum
744 2119 994 2176 dominus
1023 2138 1196 2184 error,
1225 2133 1278 2178 et
1301 2124 1515 2179 domina
1543 2127 1810 2195 cupiditas

264 2207 424 2262 traxit.
448 2206 580 2264 Unde
597 2219 653 2265 et
672 2209 883 2266 Veritas
903 2212 1030 2266 dicit
1050 2230 1063 2266 :
1085 2211 1264 2269 Omnis
1281 2216 1370 2287 qni
1391 2217 1512 2287 facit
1528 2226 1806 2286 peccatum,

259 2314 410 2354 tam
426 2310 490 2356 est
511 2303 700 2371 peccati
727 2301 907 2375 (Joan.
934 2320 1047 2372 vnt,
1077 2307 1191 2379 δι).

321 2389 398 2444 12.
433 2391 596 2460 Quare
622 2409 754 2463 ergo
777 2395 927 2457 dixit.
959 2395 1200 2452 Nondum
1219 2399 1349 2453 venit
1374 2399 1501 2454 hora
1525 2403 1674 2456 mea?
1697 2401 1808 2457 Ma-

253 2480 451 2551 gisquia
479 2483 527 2537 in
558 2493 822 2554 potestate
854 2487 1080 2542 habebat
1103 2490 1314 2556 quando
1335 2500 1653 2554 moreretur,
1677 2508 1810 2548 non-

255 2569 368 2626 dum
397 2573 736 2632 videlnatasse
753 2588 1112 2646 Opportunum
1140 2589 1198 2635 nt
1222 2582 1305 2634 illa
1338 2590 1599 2650 potestate
1627 2592 1808 2640 ntere-

258 2670 351 2717 tur.
372 2663 633 2733 Quomodo
655 2683 774 2734 nos,
805 2668 1016 2736 fratres,
1038 2670 1186 2725 verbi
1209 2672 1398 2742 gratia,
1421 2673 1498 2728 sic
1522 2673 1806 2743 loquimur,

251 2753 356 2812 1am
381 2769 513 2813 certa
543 2761 670 2815 hora
699 2772 804 2827 eat,
825 2778 929 2832 qna
959 2779 1216 2819 exeamus
1255 2775 1312 2820 ut
1354 2750 1688 2822 celebreums
1720 2782 1808 2822 sa-

255 2861 492 2906 eratut-uta
518 2851 541 2905 ?
567 2851 622 2907 Si
673 2864 797 2908 ante
843 2870 1096 2910 exeatnns
1137 2873 1296 2926 quam
1327 2873 1462 2927 Opus
1499 2866 1598 2918 est.
1635 2873 1810 2915 nonne

254 2942 458 3009 perversi
483 2954 530 2998 et
557 2946 866 3014 pneposteri
887 2948 1110 3003 sumus?
1129 2947 1260 3014 Quia
1283 2965 1410 3020 ergo
1432 2967 1536 3004 non
1565 2951 1805 3019 iacimus,

252 3032 341 3087 nisi
377 3035 578 3105 quando
613 3048 974 3106 opportunum
1003 3049 1113 3102 est;
1146 3051 1422 3111 propterea
1452 3043 1502 3097 in
1532 3042 1615 3098 his
1642 3059 1806 3115 agen-

251 3121 343 3190 dis,
360 3141 471 3182 cum
500 3128 567 3182 ita
596 3130 880 3198 loquimur,
917 3129 1079 3187 fatum
1108 3134 1539 3191 consideramus?
1564 3137 1699 3205 Quid
1724 3149 1808 3196 est

249 3230 382 3287 ergo,
409 3217 640 3274 Nondum
664 3223 795 3275 venit
819 3223 944 3277 liora
967 3227 1113 3278 mea?
1131 3224 1354 3292 Quando
1369 3243 1467 3298 ego
1486 3229 1599 3283 scio
1623 3245 1809 3298 oppor-

253 3315 415 3364 tunum
435 3327 516 3366 me
537 3313 666 3382 pati,
688 3314 903 3375 tutando
920 3318 1095 3386 passio
1115 3333 1230 3375 mea
1260 3321 1402 3375 utilis
1421 3319 1542 3388 erit,
1570 3321 1804 3379 nondum

251 3399 377 3453 venit
410 3402 512 3472 ipsa
541 3403 704 3470 hora;
740 3416 866 3462 tunc
894 3409 1164 3466 voluntate
1203 3413 1405 3480 patiar:
1437 3425 1494 3469 ιιι
1522 3427 1807 3488 utrumque

248 3495 461 3560 serves',
490 3505 563 3563 et,
606 3496 854 3554 Nondum
882 3503 1011 3556 venit
1056 3504 1182 3559 hora
1224 3523 1366 3570 mea;
1391 3518 1466 3568 et.
1503 3507 1807 3565 Potestatem

247 3582 388 3640 Italico
414 3590 626 3655 ponendi
654 3591 880 3646 animum
905 3610 1088 3662 meam,
1137 3604 1184 3649 et
1211 3597 1392 3652 iterum
1416 3601 1646 3654 sumendi
1671 3617 1800 3657 eam.

250 3671 456 3732 Venerat
475 3693 601 3749 ergo
627 3680 831 3736 habens
873 3682 925 3737 in
958 3693 1216 3754 potestate
1238 3689 1453 3756 quando
1484 3701 1801 3748 moreretur.

249 3762 308 3818 At
332 3766 372 3820 si
398 3777 516 3824 ante
544 3782 845 3828 moreretur
869 3790 1026 3843 quam
1048 3776 1338 3848 discipulos
1363 3781 1632 3852 elegisset,
1659 3795 1804 3842 certe

248 3868 600 3927 pra-posumtm
629 3865 867 3920 essrtzsi
897 3878 1041 3923 esset
1070 3867 1231 3924 homo
1255 3873 1344 3941 qui
1368 3888 1471 3927 non
1503 3874 1729 3932 haberet
1751 3877 1804 3933 in

250 3955 483 4013 potestate
514 3951 699 4007 horam
731 3970 906 4020 suam,
938 3969 1116 4027 posset
1141 3971 1264 4016 ante
1291 3965 1423 4018 tuori
1455 3981 1612 4034 quam
1640 3967 1802 4022 disci-

249 4037 385 4104 pulos
401 4041 640 4114 elegisset
662 4061 676 4110 ;
709 4056 764 4100 et
790 4046 835 4102 si
862 4047 1000 4104 forte
1025 4061 1325 4108 moreretur
1341 4055 1452 4122 jam
1477 4057 1663 4113 electis
1681 4076 1807 4115 eruo

247 4125 453 4201 ditisque
477 4133 770 4206 discipulis,
805 4148 1144 4207 przestaretur
1165 4143 1236 4209 ei,
1268 4161 1371 4199 non
1405 4147 1514 4216 ipse
1546 4148 1646 4205 hoc
1667 4149 1804 4206 face-

248 4229 336 4275 ret.
362 4225 423 4278 At
444 4241 568 4281 vero
592 4227 682 4298 qui
706 4239 925 4285 venerat
954 4231 1004 4285 in
1034 4247 1192 4287 manu
1217 4235 1418 4291 habens
1439 4239 1654 4307 quando
1680 4241 1800 4306 iret,

245 4316 433 4384 quando
451 4319 663 4384 rediret.
687 4338 793 4392 quo
815 4340 981 4394 usque
999 4336 1329 4390 excurreret.
1351 4330 1436 4384 cui
1461 4340 1698 4400 paterent
1723 4334 1804 4388 in-

245 4402 352 4468 feri,
377 4423 473 4464 non
497 4419 698 4466 tantum
725 4414 994 4481 morienti,
1025 4415 1119 4470 sed
1147 4425 1200 4470 et
1225 4422 1542 4490 resttrgeltl-i,
1567 4433 1622 4476 ut
1649 4424 1802 4480 nobis

248 4500 524 4557 ostenderet
553 4519 703 4573 spem
735 4505 1143 4564 immortalitatis
1177 4510 1430 4568 Ecclesia!
1459 4529 1590 4578 sine.
1628 4518 1679 4572 in
1709 4532 1800 4573 ea-

248 4587 343 4654 pite
366 4594 589 4650 ostendit
616 4597 759 4668 quod
791 4599 1025 4654 membra
1051 4611 1360 4671 exspectare
1386 4606 1662 4664 deberent.
1694 4609 1800 4668 Re-

246 4691 404 4752 surget
428 4687 582 4741 etiam
626 4688 679 4742 itt
720 4691 927 4746 ceteris
971 4695 1245 4761 membris,
1293 4697 1380 4766 qui
1427 4702 1719 4758 resurrexit
1747 4703 1800 4759 in

247 4771 414 4857 capite.
445 4774 578 4832 llum
604 4793 735 4849 ergo
760 4780 992 4837 nondum
1018 4795 1257 4849 venerat,
1283 4791 1650 4857 opportunitas
1671 4807 1798 4848 non-

249 4856 356 4916 dunt
375 4875 498 4919 erat.
524 4866 758 4925 Vocandi
779 4882 930 4926 erant
950 4873 1215 4944 discipuli,
1241 4856 1664 4937 annuntiandum
1685 4894 1802 4940 erat

250 4963 446 5022 regnum
470 4960 746 5025 caelorum,
789 4961 1045 5019 facienda:
1073 4978 1228 5023 erant
1252 4971 1492 5034 virtutes,
1522 4988 1799 5030 commen-

250 5041 398 5101 danda
425 5062 532 5105 erat
558 5050 810 5110 divinitas
839 5054 1046 5111 Dontini
1095 5058 1147 5114 in
1189 5061 1478 5130 miraculis,
1521 5080 1798 5123 commen-

249 5132 397 5193 danda
431 5154 545 5199 erat
572 5143 872 5230 hptnanitas
922 5149 1127 5206 Domini
1174 5152 1226 5207 in
1273 5152 1386 5223 ipsa
1426 5160 1798 5228 eompassione

251 5234 574 5292 mortalitatis.
609 5237 699 5295 Ille
727 5240 870 5294 enim
900 5242 989 5312 qui
1011 5245 1300 5311 esuriebal,
1326 5248 1448 5316 quia
1481 5249 1640 5304 homo
1659 5261 1794 5320 erat,

250 5321 370 5414 parit
391 5328 616 5398 quinque
641 5331 868 5401 panibus
898 5341 976 5388 tot
1003 5335 1186 5400 millia,
1213 5338 1334 5405 quia
1361 5339 1500 5393 Deus
1531 5352 1676 5396 erat:
1707 5345 1797 5414 qui

255 5407 532 5482 dormiebat,
555 5421 676 5490 quia
709 5421 868 5476 homo
895 5431 1040 5490 erat,
1069 5428 1240 5482 ventis
1266 5437 1321 5484 et
1347 5428 1593 5487 ﬂuctibus
1627 5407 1796 5506 impe-

259 5503 400 5573 Mittit,
420 5511 532 5578 quia
555 5512 693 5568 Dens
714 5523 850 5568 erat.
872 5515 995 5570 llaec
1013 5519 1190 5572 omnia
1213 5523 1630 5578 commendanda
1647 5503 1799 5583 erant

255 5596 392 5688 prius,
414 5613 466 5657 ιιι
481 5616 618 5660 esset
633 5607 774 5677 quod
791 5607 1087 5665 scriberent
1106 5611 1473 5683 Evangelistze,
1501 5617 1640 5687 quod
1663 5633 1798 5688 pne-

255 5683 488 5749 dicaretur
514 5696 785 5754 Ecclesiae.
806 5701 878 5753 At
901 5699 990 5754 ubi
1012 5710 1210 5756 tantum
1245 5705 1386 5772 fecit,
1412 5683 1800 5777 quantum-sul-

251 5779 387 5848 licere
404 5785 690 5857 judicavit;
724 5792 867 5844 venit
903 5790 1029 5845 hora
1061 5809 1165 5848 non
1196 5799 1549 5866 necessitatis,
1581 5801 1676 5856 sed
1705 5817 1798 5859 vo-

293 5897 310 5933 ⁸
327 5904 372 5951 ιιι
387 5899 564 5955 aliquot
584 5908 718 5960 11η..
740 5909 787 5954 et
809 5908 1060 5958 utrumque
1080 5919 1246 5958 verum
1266 5913 1353 5960 est.

1425 429 1837 490 TRACTATUS
1873 429 1966 489 1X.
2030 436 2255 496 CAPUT
2297 440 2366 498 ll.

3358 451 3498 513 “58

1927 550 2162 616 luntatis.
2187 571 2292 611 non
2313 558 2652 627 conditionis,
2675 563 2768 617 sed
2791 566 3089 634 potestatis.

1997 645 2085 700 13.
2125 645 2260 713 Quid
2305 665 2452 720 ergo,
2495 651 2706 721 fratres,
2736 657 2856 727 quia
2887 657 2986 712 i!lis
3019 669 3074 713 et
3100 660 3203 716 illis
3226 664 3512 736 respondi-

1925 750 2064 800 mus,
2089 738 2214 793 nihil
2241 740 2479 797 dicemus
2500 745 2627 814 quid
2655 747 2754 802 sibi
2777 748 2942 804 velint
2963 749 3185 822 hydrim,
3214 756 3338 824 quid
3368 773 3506 829 aqua

1926 827 1977 881 in
2009 829 2188 884 vinum
2216 847 2492 898 conversa,
2517 838 2639 906 qttid
2662 841 3071 908 architriclinus,
3095 847 3220 917 quid
3247 827 3500 918 sponsus,

1921 919 2047 988 quid
2080 931 2251 978 mater
2276 922 2403 980 Jcsu
2433 926 2485 981 in
2515 932 2789 999 mysterio,
2819 933 2944 1002 qttid
2987 937 3113 1005 ipsa:
3142 941 3372 1006 nuptiae?
3413 942 3500 998 Dio

1921 1009 2088 1065 cenda
2109 1023 2238 1067 sunt,
2255 1017 2454 1081 omnia,
2483 1019 2575 1072 sed
2596 1023 2850 1077 onerandi
2877 1041 2980 1079 non
3010 1026 3160 1082 estis.
3194 1028 3346 1084 Volui
3377 1033 3500 1101 qui-

1919 1101 2041 1160 dem
2073 1106 2124 1160 in
2164 1109 2379 1164 nomine
2419 1110 2615 1167 Christi
2664 1126 2717 1169 et
2763 1115 3016 1172 hesterno
3062 1119 3170 1185 die,
3220 1139 3326 1187 qtto
3368 1127 3507 1181 solet

1918 1211 2097 1254 sermo
2110 1200 2290 1258 deberi
2311 1201 2565 1260 Charitati
2591 1218 2802 1274 vestra),
2833 1209 2882 1264 id
2912 1225 3069 1282 agere
3093 1213 3385 1280 vobiscum,
3407 1215 3503 1272 sed

1919 1305 2025 1346 non
2054 1307 2170 1348 sum
2200 1295 2486 1364 permissus
2525 1300 2928 1358 necessitatibus
2967 1303 3280 1373 quihusdam
3329 1308 3502 1379 impe-

1916 1383 2204 1442 dientibus.
2236 1388 2292 1444 Si
2317 1406 2444 1460 ergo
2468 1391 2641 1463 placet
2665 1395 2939 1449 Sanctitati
2969 1408 3179 1464 vestrm,
3225 1401 3326 1456 hoc
3351 1400 3497 1471 quod

1915 1474 1983 1529 ad
2010 1479 2316 1549 mysterium
2347 1483 2576 1548 pertinet
2605 1482 2763 1553 hujus
2788 1483 2932 1549 facti.
2959 1486 3009 1540 in
3033 1489 3322 1544 crastinum
3346 1491 3500 1547 tlill'e-

1916 1579 2119 1633 ramus,
2147 1577 2202 1623 et
2233 1585 2336 1624 non
2359 1585 2642 1627 oneremus
2667 1582 2718 1629 et
2745 1585 2973 1631 vestram
3000 1587 3054 1632 et
3083 1590 3316 1634 noSIratn
3347 1580 3497 1637 inﬁr-

1915 1657 2176 1714 mitatem.
2205 1659 2341 1716 Sunt
2362 1661 2492 1718 forte
2519 1663 2677 1720 hodie
2703 1665 2852 1721 multi
2881 1667 2970 1738 qui
3004 1679 3217 1739 propter
3243 1671 3500 1728 solemni-

1917 1756 2081 1804 tatem
2109 1750 2235 1817 diei,
2268 1767 2373 1806 non
2404 1765 2619 1823 propter
2642 1756 2963 1813 audiendum
2984 1773 3284 1817 sermonem
3303 1777 3502 1820 conve-

1915 1849 2130 1897 nerunt.
2156 1844 2401 1900 Crastino
2425 1847 2515 1916 qui
2544 1849 2776 1912 venient,
2801 1841 3010 1911 veniant
3031 1852 3288 1916 audituri;
3317 1862 3371 1910 ut
3399 1867 3501 1912 nec

1915 1935 2221 1994 fraudemus
2249 1939 2667 2004 studiosos,.nec
2692 1958 2973 2012 grav-emus
2995 1943 3319 2003 fastidiosos.

2438 2055 2848 2114 TRACTATL'S
2884 2058 2976 2114 lX.

1917 2165 1982 2221 In
2019 2167 2248 2222 eamdem
2289 2166 2555 2240 Eenngetii
2582 2171 2860 2225 lectionem.
2896 2171 3033 2236 Quid
3073 2174 3295 2244 mysterii
3335 2175 3402 2230 sit
3444 2175 3501 2232 in

1987 2262 2230 2316 miraculo
2253 2265 2386 2334 facto
2406 2263 2459 2316 in
2480 2265 2669 2334 nuptiis
2692 2265 2832 2335 apud
2851 2263 2990 2319 Cana
3011 2265 3260 2322 (latitare.
3287 2266 3414 2339 Cap.
3437 2284 3498 2335 tt,

2001 2355 2244 2423 9.1-“.

1987 2469 2038 2521 ι.
2079 2467 2234 2523 Adsit
2259 2468 2515 2523 Dominus
2539 2469 2678 2525 Deus
2702 2477 2903 2534 noster,
2934 2479 2992 2524 ut
3014 2469 3178 2527 donet
3199 2471 3353 2527 nobis
3377 2471 3499 2529 red-

1913 2558 2042 2614 dere
2071 2559 2213 2628 qnod
2245 2559 2606 2628 promisimus.
2637 2559 2897 2615 Hesterno
2920 2561 3062 2616 enim
3090 2561 3197 2626 die,
3228 2563 3272 2616 si
3303 2562 3498 2620 memi-

1915 2651 1995 2704 nit
2018 2649 2282 2706 S:mctitas
2311 2660 2508 2716 vestra,
2539 2667 2658 2704 ctnu
2686 2651 2938 2720 temporis
2966 2651 3372 2708 cxclnderemur
3403 2668 3501 2708 an-

1913 2744 2108 2815 gustia,
2140 2760 2206 2798 ne
2232 2758 2532 2798 sermonem
2566 2744 2868 2798 inchoatum
2917 2744 3282 2814 impleremus,
3313 2745 3363 2799 in
3396 2747 3496 2802 ho-

1915 2836 2160 2891 diernum
2192 2836 2514 2896 distulimus,
2532 2845 2666 2890 utea
2683 2852 2799 2906 qua:
2818 2836 2870 2890 in
2895 2835 2996 2890 hoc
3012 2835 3148 2891 facto
3173 2837 3498 2906 evangelica:

1915 2929 2158 2984 lectionis
2186 2931 2407 3001 mystice
2453 2929 2504 2983 in
2554 2930 2901 2983 sacramentis
2939 2929 3104 2998 posita
3144 2939 3346 2992 essent,
3381 2930 3500 3002 ipso

1915 3021 2198 3091 adjuvante
2224 3022 2577 3091 aperirentur.
2624 3021 2738 3076 Non
2775 3023 2952 3090 itaque
2981 3039 3114 3092 opus
3150 3031 3236 3078 est
3256 3023 3366 3091 jam
3393 3024 3500 3080 im-

1915 3114 2110 3167 morari
2155 3113 2350 3168 dintins
2396 3114 2446 3166 in
2492 3113 2917 3168 commendando
2947 3114 3038 3168 Dei
3069 3115 3345 3170 miraculo.
3380 3115 3499 3186 ipse

1913 3215 1996 3261 cst
2019 3208 2159 3260 cnim
2181 3207 2318 3259 Dens
2334 3206 2419 3274 qui
2442 3221 2533 3276 per
2550 3206 2849 3260 universam
2874 3215 3168 3262 creaturam
3190 3207 3498 3278 quoliliana

1914 3297 2167 3350 miracula
2195 3296 2335 3362 facit,
2366 3312 2483 3362 qua:
2512 3297 2811 3352 hominibus
2840 3312 2944 3352 non
2974 3298 3243 3363 facilitate,
3279 3299 3374 3354 sed
3403 3314 3496 3356 as-

1913 3388 2161 3442 siduitate
2188 3389 2489 3443 viluerunt:
2521 3405 2640 3442 rara
2670 3397 2845 3444 autem
2875 3405 2995 3460 qtne
3023 3389 3156 3444 facta
3181 3398 3307 3446 sunt
3324 3392 3500 3448 abeo-

1911 3481 2032 3536 dem
2063 3481 2307 3547 Domino,
2356 3481 2406 3536 id
2436 3490 2518 3536 est
2548 3497 2577 3536 a
2607 3481 2781 3536 Verbo
2821 3492 3038 3552 propter
3067 3499 3165 3538 nos
3193 3483 3492 3552 incarnato,

1912 3573 2169 3642 majorem
2209 3583 2479 3644 stuporem
2527 3573 2832 3629 hominibus
2869 3575 3194 3630 attulerunt:
3223 3590 3328 3629 non
3370 3575 3496 3646 quia

1912 3667 2111 3735 majora
2139 3676 2310 3732 erant,
2343 3683 2499 3737 qttam
2527 3676 2651 3721 sunt
2677 3685 2737 3722 ea
2764 3684 2883 3736 qua:
2902 3668 3138 3737 quotidie
3168 3668 3219 3723 in
3251 3679 3495 3725 creatura

1912 3757 2055 3819 facit,
2085 3758 2179 3813 sed
2219 3758 2339 3827 quia
2392 3759 2488 3812 ista
2517 3773 2633 3829 qua:
2661 3759 2898 3828 quotidie
2929 3759 3079 3823 ﬁunt,
3113 3768 3362 3830 tanquam
3395 3775 3495 3814 na-

1911 3852 2068 3906 turali
2089 3866 2246 3905 cursu
2278 3859 2632 3921 peraguntur;
2664 3851 2751 3905 illa
2800 3866 2926 3904 vero
2965 3851 3200 3905 efﬁcacia
3247 3850 3497 3920 potentia:

1911 3952 2162 4009 tanquam
2189 3940 2464 4010 pnesentis
2482 3941 2712 3995 exhibita
2736 3941 2980 3996 videntur
2999 3942 3168 3996 oculis
3197 3941 3494 3999 hominum.

1913 4032 2174 4096 Diximus,
2203 4032 2336 4086 sicut
2369 4032 2706 4094 meministis,
2752 4033 3042 4087 resurrexit
3067 4049 3202 4086 unus
3227 4043 3494 4100 mortuus,

1911 4126 2296 4194 obstupuerunt
2327 4124 2600 4187 homines;
2626 4139 2746 4179 cum
2774 4125 3010 4194 quotidie
3056 4125 3201 4179 lmst
3245 4125 3334 4195 qui
3385 4140 3492 4183 non

1908 4226 2082 4282 erant,
2108 4231 2269 4270 nemo
2298 4217 2536 4270 miretur.
2565 4215 2652 4270 Sic
2679 4230 2870 4284 aquam
2893 4215 2944 4268 in
2971 4215 3150 4269 vinum
3180 4231 3495 4272 conversam

1907 4307 2028 4378 quis
2057 4322 2161 4362 non
2190 4306 2431 4372 miretur,
2464 4321 2584 4362 cum
2630 4305 2733 4362 hoc
2772 4305 2931 4384 annis
2973 4305 3219 4359 omnibus
3268 4305 3407 4361 Deus
3436 4305 3494 4364 in

1910 4397 2104 4454 vitibus
2136 4397 2325 4454 faciat?
2356 4397 2459 4453 Sed
2485 4399 2608 4468 quia
2631 4397 2805 4451 omnia
2829 4412 2948 4466 qua:
2977 4397 3099 4452 fecit
3130 4396 3385 4454 Dominus
3401 4395 3496 4456 Je-

1906 4507 2020 4555 sns,
2051 4507 2155 4545 non
2187 4490 2356 4545 solum
2382 4490 2560 4546 valent
2588 4489 2654 4541 ad
2684 4487 2963 4543 excitanda
2988 4488 3148 4544 Corda
3178 4499 3356 4544 nostra
3392 4489 3494 4547 mi-

1906 4584 2120 4645 raculis,
2148 4582 2240 4638 sed
2285 4583 2443 4637 etiam
2485 4580 2549 4636 ad
2593 4579 2907 4636 :ediﬁcanda
2951 4579 3002 4634 in
3047 4580 3285 4636 doctrina
3332 4580 3490 4646 ﬁdei;

1906 4674 2129 4729 scrutari
2161 4689 2258 4729 nos
2281 4683 2490 4743 Oportet
2507 4672 2628 4742 quid
2663 4672 2762 4726 sibi
2795 4672 2956 4726 velint
2984 4672 3068 4726 illa
3098 4672 3297 4737 omnia,
3319 4672 3367 4726 id
3385 4682 3490 4738 est,

1905 4767 2029 4838 quid
2057 4767 2373 4837 signiﬁcent.
2410 4766 2606 4820 Ilorum
2630 4767 2772 4820 enim
2798 4765 3034 4820 omnium
3055 4765 3488 4836 signiﬁcationes,

1904 4861 2042 4916 sicut
2071 4859 2443 4921 recordamini,
2471 4859 2522 4913 in
2555 4858 2867 4913 hodiernum
2891 4857 3212 4914 distulimus.

1973 4953 2027 5008 2.
2054 4952 2203 5022 Quod
2231 4951 2486 5006 Dominus
2511 4951 2760 5004 invitatus
2784 4951 2930 5006 venit
2957 4951 3021 5004 ad
3054 4951 3283 5021 nuptias,
3326 4951 3489 5010 etiam

1904 5053 2123 5113 excepta
2146 5043 2366 5114 mystica
2393 5041 2796 5112 signiﬁcatione,
2819 5041 3138 5098 conﬁrmare
3163 5043 3328 5099 voluit
3347 5045 3491 5112 quod

1905 5135 2017 5207 ipse
2034 5134 2159 5189 fecit
2185 5135 2393 5202 nuptias
2419 5134 2458 5185 ί.
2485 5132 2665 5188 Futuri
2694 5133 2838 5188 enim
2862 5143 3034 5199 erant,
3057 5133 3125 5189 de
3143 5136 3335 5205 quibus
3353 5136 3491 5194 dixit

1904 5231 2210 5300 Apostolus,
2243 5227 2585 5299 prohibentes
2602 5226 2802 5282 nubere
2830 5226 2885 5299 (l
2913 5225 3043 5282 Tim.
3076 5243 3144 5292 tv,
3165 5229 3200 5285 5
3225 5233 3262 5296 ),
3305 5239 3361 5285 et
3403 5229 3489 5284 di-

1904 5333 2085 5380 centes
2110 5320 2249 5392 quod
2288 5320 2484 5374 malum
2517 5328 2701 5374 essent
2725 5320 2942 5388 nuptim,
2983 5330 3037 5374 et
3075 5319 3214 5389 quod
3244 5319 3490 5376 diabolus

1904 5430 1996 5470 eas
2017 5413 2228 5468 fecisset
2250 5426 2400 5465 :cum
2423 5411 2561 5466 idem
2587 5410 2841 5466 Dominus
2853 5410 2994 5466 dicat
3016 5410 3066 5465 in
3085 5409 3489 5478 Evangelio,in-

1906 5511 2204 5574 terrogatus
2223 5513 2399 5556 utrum
2419 5503 2573 5558 liceat
2595 5501 2794 5556 homini
2809 5501 3074 5556 dimittere
3093 5515 3312 5554 uvoretn
3334 5514 3485 5554 suam

1905 5611 1967 5650 ex
1996 5594 2227 5664 qualibet
2243 5609 2421 5666 causa,
2448 5610 2550 5647 non
2579 5592 2740 5647 licere
2760 5601 2978 5658 excepta
2995 5605 3152 5643 causa
3180 5588 3489 5644 fornicatio—

1906 5689 2006 5742 nis.
2040 5686 2093 5740 ln
2113 5702 2215 5756 qua
2246 5686 2611 5754 responsione,
2637 5684 2680 5739 si
2703 5679 3038 5742 meministis,
3060 5679 3158 5733 hoc
3186 5681 3260 5734 ait
3293 5697 3306 5734 :
3339 5678 3488 5746 Quod

1904 5778 2044 5833 Deus
2066 5777 2348 5849 conjunxit,
2375 5775 2524 5829 homo
2550 5790 2650 5829 non
2691 5780 2885 5842 separet
2923 5769 3147 5842 (Matth.
3179 5787 3290 5840 xIx,
3319 5768 3422 5829 5-6
3441 5774 3486 5846 ).

1969 5915 1988 5947 ⁸
2005 5919 2111 5964 mss.
2137 5923 2234 5962 non
2255 5908 2436 5960 addunt
2450 5908 2547 5970 hic,
2571 5905 2775 5970 nuptias.
