4036 6388
557 369 699 427 ιιιδ

557 483 758 555 populo
783 479 1030 545 fuerunt,
1056 487 1111 533 et
1146 479 1255 547 ipsa
1284 474 1589 530 distributio
1618 484 1913 539 temporum
1942 481 2131 521 secun-

554 574 683 630 dum
707 571 949 628 eumdem
982 570 1232 641 pupulum
1262 569 1506 621 diSIinCta
1536 576 1653 628 est;
1686 563 1824 617 unde
1849 572 1901 617 el
1932 560 2133 630 hydria:

556 662 811 720 dicuntur
834 661 1106 715 secundum
1134 657 1531 725 puriﬁcationem
1559 654 1854 707 ludit-orum
1887 667 1907 705 :
1931 650 2025 706 sed
2056 659 2134 703 ta.

556 768 683 810 tuen
699 752 838 823 quod
857 752 942 805 illa
968 752 1239 821 prophetia
1262 750 1421 803 etiam
1442 748 1649 801 cameris
1667 744 1909 813 gentibus
1928 756 2132 797 annon-

560 842 815 903 tiabatur.
846 840 1178 896 manifestum
1216 849 1326 902 ομις
1355 836 1779 907 quandoquidem
1804 834 2051 889 Christus
2080 833 2131 887 in

559 949 629 989 eo
657 935 896 987 occultus
920 942 1055 995 crat,
1075 932 1125 985 in
1161 947 1266 1001 quo
1293 929 1675 985 benedicuntur
1698 941 1884 981 onlnes
1908 934 2093 994 gentes
2115 963 2130 988 ,

555 1022 697 1079 sicut
727 1023 1041 1092 promissum
1081 1030 1161 1075 est
1188 1021 1415 1075 Abrahae
1448 1019 1655 1072 dicente
1681 1016 1934 1075 Domino.
1966 1013 2032 1067 In
2054 1029 2133 1068 ιο-

558 1115 696 1169 ntinc
735 1126 821 1168 tuo
850 1115 1200 1168 benedicentur
1236 1130 1406 1166 onum
1452 1121 1620 1183 gente:
1663 1108 1813 1182 (Gen.
1859 1124 1992 1171 un,
2019 1108 2133 1178 18).

556 1201 805 1259 Nondum
862 1214 1038 1259 autem
1089 1204 1507 1272 intelligi-luitur.
1554 1201 1674 1270 quia
1726 1198 1957 1252 nondum
2000 1212 2133 1268 aqua

557 1310 814 1352 conversa
855 1304 969 1350 erat
997 1295 1048 1348 in
1080 1295 1277 1347 vinum.
1310 1294 1446 1360 Ergo
1488 1292 1732 1345 oumilms
1758 1290 2003 1361 gentibus
2019 1290 2133 1345 dis-

560 1388 887 1458 pensabatur
936 1386 1227 1456 prophetia.
1280 1385 1429 1450 Quod
1461 1394 1516 1439 ut
1558 1384 1785 1436 emineat
1812 1383 2133 1450 jucundius,

557 1474 628 1532 de
652 1476 870 1543 singulis
895 1477 1154 1539 a-tatibns,
1181 1486 1429 1545 tanquam
1455 1474 1522 1529 de
1550 1474 1773 1544 singulis
1798 1474 2015 1545 hydriis,
2040 1489 2135 1543 pro

558 1573 797 1636 tempore
826 1568 1065 1635 qutrdam
1087 1581 1584 1621 eotnmetuoremus.

632 1662 719 1716 10.
745 1660 799 1714 In
828 1661 943 1728 ipso
968 1661 1188 1713 esurdio
1219 1660 1383 1713 Adam
1411 1672 1458 1713 et
1486 1658 1597 1714 Eva
1630 1667 1873 1724 parentes
1897 1657 2132 1711 omnium

553 1753 792 1823 gentium
819 1760 991 1811 erant,
1017 1766 1117 1803 non
1142 1750 1508 1803 tantummodo
1531 1750 1831 1803 inda-orum
1858 1766 1871 1811 ;
1901 1762 1953 1804 et
1983 1748 2137 1818 quid-

556 1843 681 1911 quid
708 1844 1023 1907 lignmbatur
1047 1842 1097 1895 in
1126 1845 1291 1894 Adam
1315 1842 1381 1895 de
1400 1841 1631 1905 Christo,
1660 1842 1720 1892 ad
1745 1857 1932 1894 omnes
1952 1842 2134 1910 utique

558 1945 748 2005 gentes
776 1934 1105 2003 pertinebat,
1137 1934 1330 2002 quibus
1358 1933 1502 1987 salus
1541 1942 1622 1986 est
1660 1935 1709 1986 in
1736 1932 1966 1985 Christo.
1995 1932 2132 2001 Quid

557 2039 688 2096 ergo
716 2028 1044 2093 [NiliSSlllllllll
1071 2025 1241 2079 dicam
1281 2024 1349 2077 tle
1382 2040 1513 2093 aqua
1555 2026 1734 2092 primm
1763 2024 1996 2094 hydrae,
2034 2024 2132 2079 nisi

557 2116 700 2186 quod
730 2117 1016 2183 Apostolus
1038 2118 1109 2170 ait
1138 2116 1205 2169 tle
1238 2115 1404 2169 Adam
1432 2125 1482 2168 et
1516 2116 1665 2169 lita?
1693 2115 1857 2168 Nemo
1882 2116 2021 2170 enim
2049 2132 2134 2171 me

557 2205 699 2262 dicet
762 2222 922 2277 prave
972 2207 1328 2263 intellexisse.
1384 2207 1597 2276 quando
1645 2207 1968 2261 intellectum
2026 2224 2131 2262 non

558 2311 759 2359 meum,
788 2296 881 2349 sed
921 2297 1158 2367 Apostoli
1192 2295 1422 2366 profero.
1463 2296 1588 2349 llltul
1615 2312 1742 2366 ergo
1776 2312 1934 2350 unum
1960 2312 2131 2366 quan-

557 2395 669 2441 tum
698 2388 1005 2459 mysterium
1025 2388 1091 2443 de
1113 2388 1328 2442 Christo
1356 2389 1607 2451 enminet,
1642 2388 1779 2457 quod
1808 2403 2135 2442 commemo-

558 2486 643 2533 rat
667 2479 972 2548 Apostolus,
999 2480 1201 2541 dici-us,
1228 2479 1291 2534 Et
1318 2490 1458 2534 erant
1484 2481 1585 2534 duo
1611 2481 1661 2533 in
1691 2498 1839 2533 rnme
1868 2498 1967 2533 una
1998 2497 2018 2534 :
2043 2498 2131 2534 stt-

553 2580 864 2622 cramenlum
893 2570 987 2623 hoc
1023 2587 1258 2641 magnum
1298 2578 1369 2623 est
1400 2569 1613 2640 (Epltes.
1644 2587 1736 2635 ιιι,
1769 2571 1828 2626 3|
1847 2582 1892 2625 et
1912 2570 2001 2640 ’52)
2020 2572 2046 2625 ?
2072 2573 2136 2626 Et

553 2674 627 2715 ne
667 2662 785 2731 quis
822 2662 1233 2730 magnitudinem
1280 2663 1431 2715 istaut
1463 2678 1531 2716 sa-
1557 2664 1779 2716 ramenti
1822 2665 1873 2716 in
1914 2664 2135 2733 singulis

554 2750 852 2821 quibusque
890 2753 1188 2805 hominibus
1217 2768 1409 2805 uxores
1439 2753 1747 2806 habentibus
1779 2754 2130 2823 intelligeret,

552 2837 669 2911 Ego
697 2854 886 2906 amem,
918 2843 1104 2912 inquit,
1135 2843 1248 2894 dico
1267 2843 1316 2895 in
1341 2842 1537 2896 Christo
1555 2856 1599 2896 et
1628 2845 1678 2896 in
1708 2842 1953 2898 Ecclesia.
1980 2845 2131 2912 Quod

552 2943 635 2987 est
674 2933 772 2986 hoc
811 2945 1197 2987 sat-ramentum
1242 2951 1523 3003 ntagunm,
1568 2934 1731 2989 Erunt
1766 2937 1867 2990 duo
1893 2940 1943 2991 in
1983 2955 2135 2994 carne

553 3015 706 3068 una?
730 3017 860 3069 (lum
891 3016 957 3069 de
988 3018 1153 3070 Adam
1193 3028 1246 3071 et
1278 3018 1386 3072 lita
1430 3020 1699 3086 Scriptura
1744 3021 2013 3077 Geneseos
2058 3024 2132 3076 l0-

554 3115 826 3174 qneretnr,
860 3108 998 3161 mule
1039 3116 1252 3162 ventum
1278 3109 1449 3163 estad
1493 3110 1606 3164 ha-c
1631 3112 1787 3164 verba
1808 3152 1824 3176 ,
1862 3111 2135 3182 Propterea

558 3194 801 3263 relinquet
841 3194 987 3250 homo
1018 3209 1210 3268 patrem
1234 3208 1281 3253 et
1322 3212 1527 3254 matrem
1548 3244 1564 3265 ,
1605 3214 1651 3255 et
1679 3203 1949 3257 ιιάΙιαννιὸὶι
1987 3209 2135 3259 iurari

559 3298 705 3349 sum;
734 3295 779 3337 et
805 3297 950 3339 erunt
987 3287 1088 3341 duo
1114 3289 1163 3341 in
1198 3304 1349 3343 carne
1377 3306 1477 3343 una
1512 3290 1661 3359 (Gen.
1687 3309 1743 3356 ιι,
1774 3293 1885 3352 24).
1917 3294 1970 3349 Si
2006 3309 2135 3365 ergo

556 3372 800 3431 Christus
841 3377 1062 3432 adlnesit
1103 3380 1354 3434 Ecclesiae
1378 3422 1392 3447 ,
1440 3392 1496 3435 ut
1524 3395 1703 3437 essent
1740 3386 1845 3438 duo
1881 3387 1931 3440 in
1974 3400 2134 3441 carne

558 3485 696 3535 una,
731 3470 998 3539 quomodo
1027 3474 1236 3544 reliquit
1270 3475 1476 3532 Patrem
1503 3478 1527 3530 ?
1560 3480 1827 3548 quomodo
1865 3487 2134 3540 matrem?

557 3559 790 3631 Reliquit
819 3562 1048 3628 Patrem,
1093 3565 1213 3632 quia
1256 3580 1375 3621 cum
1404 3568 1454 3620 in
1485 3566 1647 3621 forma
1692 3572 1779 3625 Dei
1818 3584 1957 3628 esset
1977 3590 2132 3645 ,gnmr

555 3653 795 3721 rapinam
821 3654 1105 3708 arbitratus
1137 3664 1220 3708 est
1244 3672 1363 3712 esse
1384 3660 1602 3728 arqualis
1639 3662 1743 3714 Deo
1766 3704 1781 3725 ,
1819 3666 1911 3718 sed
1928 3675 2133 3722 semct-

557 3741 733 3809 ipsum
791 3745 1110 3804 exiuanivit.
1144 3746 1366 3802 formam
1401 3750 1541 3804 servi
1583 3754 1846 3822 accipiens
1871 3754 2129 3827 (Philipp.

558 3844 617 3894 tt,
648 3832 702 3892 6,
735 3831 810 3901 7).
835 3832 943 3887 lloe
966 3845 1047 3889 est
1079 3837 1243 3898 cnim,
1266 3840 1478 3908 reliquit
1505 3841 1735 3908 l‘a1rem,
1764 3848 2007 3914 nonquia
2036 3848 2131 3902 de-

556 3922 727 3977 seruit
753 3934 809 3978 et
838 3929 1053 3981 recessit
1089 3944 1118 3982 a
1149 3928 1336 3993 Patre;
1373 3932 1466 3986 sed
1492 3936 1613 4002 quia
1647 3952 1748 3988 ιιιιιι
1778 3953 1838 3993 ea
1872 3939 1921 3993 in
1960 3937 2132 3995 farina

557 4018 799 4085 apparuit
824 4017 1123 4075 hominibus
1151 4023 1199 4075 in
1217 4039 1318 4092 qua
1339 4027 1560 4095 aequalis
1580 4038 1661 4082 ομι
1683 4028 1842 4083 Patri.
1857 4031 2134 4099 Quomodo

558 4108 765 4177 reliquit
786 4112 1051 4166 matrem?
1078 4113 1441 4186 Relinquenda
1463 4133 1781 4190 synagogam
1804 4121 2129 4190 Judazorum,

556 4197 627 4253 de
663 4215 765 4269 qua
810 4203 1102 4258 secundum
1141 4220 1355 4261 carnem
1397 4219 1550 4264 natus
1585 4223 1696 4273 esu;
1744 4222 1797 4265 et
1826 4212 2134 4269 inhaerentia

558 4286 851 4355 Ecclesize,
894 4310 1051 4362 quam
1100 4311 1164 4348 ex
1212 4298 1459 4352 omnibus
1486 4301 1731 4368 gentibus
1774 4306 2128 4374 congregavit.

555 4379 699 4450 Ergo
718 4392 774 4436 et
798 4383 962 4451 prima
987 4384 1170 4456 hydria
1196 4387 1422 4441 habebat
1445 4392 1771 4454 prophetiam
1794 4393 1860 4445 de
1880 4392 2091 4449 Christo
2115 4412 2128 4447 :

556 4471 653 4525 sed
673 4473 882 4540 quando
909 4475 1006 4528 ista
1033 4492 1152 4546 qua:
1180 4478 1364 4548 loquor
1391 4494 1493 4532 non
1523 4482 1941 4549 pra'dicabantur
1961 4486 2011 4539 in
2037 4501 2132 4554 po-

555 4560 725 4630 pulis,
769 4561 943 4617 adhuc
969 4580 1103 4634 aqua
1146 4579 1255 4620 erat
1282 4609 1297 4632 ,
1346 4570 1395 4621 in
1440 4570 1619 4623 vinum
1661 4582 1857 4626 mutata
1899 4576 2131 4632 nondum

556 4660 691 4705 erat.
727 4653 791 4707 Et
825 4655 947 4722 quia
988 4656 1297 4711 illuminavit
1336 4675 1432 4712 nos
1474 4678 1566 4728 per
1608 4664 1916 4733 Apostolnm
1955 4666 2131 4721 Domi-

554 4756 676 4807 nus,
710 4753 767 4797 ut
796 4745 1099 4799 ortenderet
1126 4746 1275 4802 nobis
1302 4749 1423 4817 quid
1453 4751 1519 4804 ibi
1550 4769 1909 4820 (|IltL‘l‘t'rt‘ll|IIS
1934 4757 1984 4811 in
2016 4757 2127 4825 ipsa

553 4848 656 4886 una
687 4838 948 4888 sententia
971 4877 987 4898 ,
1022 4834 1184 4890 Erunt
1210 4839 1310 4907 duo
1334 4842 1385 4892 in
1423 4857 1571 4895 mrne
1600 4858 1735 4901 una:
1765 4858 2128 4902 sarratttettltun

553 4937 789 4992 magnum
806 4926 859 4977 in
875 4924 1071 4980 Christo
1086 4929 1195 4981 etin
1212 4927 1438 4983 Ecclesia
1456 4946 1476 4994 ,'
1491 4931 1597 4998 jam
1623 4933 1741 4988 licet
1762 4936 1910 4990 nobis
1936 4938 2128 5008 ubique

550 5009 821 5067 Christum
848 5031 1108 5083 quaerere,
1140 5029 1192 5072 et
1224 5020 1291 5074 de
1315 5024 1559 5076 omnibus
1592 5022 1791 5094 hytlriis
1831 5028 2006 5083 vinum
2035 5046 2128 5098 po-

557 5112 690 5157 tare.
738 5105 938 5160 Dormit
966 5110 1129 5163 Adam
1160 5122 1216 5164 ut
1243 5111 1331 5167 ﬁat
1364 5114 1465 5166 Eva
1500 5132 1515 5168 :
1548 5119 1770 5173 moritur
1797 5118 2040 5175 Christus
2067 5133 2126 5178 ut

551 5191 641 5246 ﬁat
670 5192 926 5249 Ecclesia.
964 5198 1249 5255 Dormieuti
1293 5202 1421 5257 Ada:
1462 5206 1517 5257 lit
1553 5206 1656 5260 Eva
1682 5210 1748 5263 de
1775 5210 1937 5267 latere
1971 5212 2120 5280 (Gen.

547 5298 606 5349 ll,
636 5285 732 5355 2|)
757 5306 770 5339 :
796 5298 1004 5343 tuortuo
1027 5290 1240 5345 Christo
1266 5294 1442 5350 lancea
1472 5300 1763 5365 percutitur
1784 5300 1916 5355 latus
1938 5303 2121 5374 (Joan.

545 5392 633 5432 XIX
656 5420 671 5445 ,
701 5378 795 5449 δά)
826 5423 840 5444 ,
873 5389 929 5434 ιιι
958 5380 1218 5450 proﬂuunt
1239 5398 1565 5441 sacramenta
1588 5430 1600 5451 ,
1634 5391 1825 5457 quibus
1865 5392 2123 5449 formetur

546 5466 806 5523 Ecclesia.
836 5468 930 5523 Cui
957 5490 1005 5521 ιιι
1027 5489 1060 5527 ιι
1088 5485 1337 5545 appareat
1366 5478 1487 5547 quia
1513 5478 1565 5532 in
1594 5480 1695 5533 illis
1725 5491 1849 5537 tunc
1870 5483 2022 5538 factis
2043 5487 2124 5540 lu-

548 5565 663 5612 tura
720 5561 951 5640 figuntur
990 5573 1145 5630 sunt,
1188 5566 1608 5635 quandoquidem
1658 5570 1783 5623 dicit
1832 5575 2159 5640 Aposmlus

545 5648 716 5720 ipsum
762 5654 928 5707 Adam
972 5653 1194 5710 formam
1234 5656 1395 5713 futuri
1434 5659 1595 5713 esse?
1626 5658 1725 5731 Qui
1761 5671 1867 5727 est,
1908 5664 2074 5737 inquit
2100 5710 2114 5736 ,

541 5743 711 5809 [orato
744 5744 904 5813 futuri
950 5746 1127 5814 (Rom.
1154 5763 1225 5816 ν.
1258 5748 1370 5819 ιι).
1413 5749 1894 5821 Praeligttrabantur
1937 5762 2117 5819 omnia

1472 359 1536 415 IN
1585 355 1860 413 JOANN'lS
1911 348 2372 408 EVANGELIUM.
2413 349 2470 405 S.
2513 350 2876 405 AUCUSTINI

3684 362 3817 421 ιιει

2239 466 2482 534 mystice.
2522 465 2701 536 Neque
2727 468 2865 521 enim
2893 484 3019 523 vere
3044 486 3146 525 non
3170 482 3377 541 poterat
3409 475 3552 534 Deus
3578 478 3817 549 vigilanti

2241 566 2444 609 costam
2481 555 2730 619 educere,
2780 557 3133 630 lentinamqne
3178 563 3426 621 formare.
3457 571 3539 623 An
3571 572 3710 627 forte
3752 590 3821 631 ne

2238 643 2442 699 doleret
2472 645 2605 699 latus
2632 647 2842 714 quando
2883 661 3028 703 costa
3058 652 3289 709 detracta
3320 668 3431 721 est,
3464 670 3685 728 propter
3717 661 3821 720 hoc

2238 737 2515 804 oportebat
2541 750 2597 790 ut
2633 737 2721 792 ille
2745 738 3043 795 dormiret?
3068 743 3198 809 Quis
3223 754 3303 799 cst
3327 748 3417 815 qui
3444 752 3521 804 sic
3548 751 3823 821 dormiat,

2239 836 2297 881 ut
2331 828 2379 883 ei
2416 843 2537 883 ossa
2577 845 2681 886 non
2725 832 2993 901 evigilanti
3036 836 3378 892 evelluntur?
3406 842 3483 894 An
3511 842 3634 910 quia
3681 847 3826 901 Deus

2238 917 2541 983 evellebat,
2590 930 2870 990 propterth
2914 922 3074 978 homo
3116 942 3218 981 non
3262 910 3564 985 sentiebat?
3605 933 3829 991 Poterat

2238 1024 2366 1079 ergo
2393 1021 2447 1065 et
2474 1012 2706 1081 vigilanti
2736 1015 2849 1069 sine
2874 1016 3059 1071 dolore
3085 1018 3315 1074 evellere
3333 1061 3347 1082 ,
3378 1022 3465 1092 qui
3495 1026 3664 1092 potuit
3695 1026 3829 1081 dor-

2240 1102 2443 1155 mienti.
2488 1102 2591 1158 Sed
2623 1104 2802 1173 procul
2827 1105 2992 1160 dubio
3020 1106 3205 1178 hydria
3234 1110 3397 1178 prima
3446 1112 3776 1181 itttplebatttr
3806 1135 3826 1173 :

2241 1191 2516 1261 prnpln-tia
2557 1194 2700 1249 illius
2728 1197 2980 1266 temporis
3020 1197 3089 1253 de
3116 1197 3291 1254 futuro
3312 1201 3413 1256 isto
3440 1212 3681 1274 tempore
3708 1207 3832 1264 dis-

2242 1286 2582 1353 pensabatur.

2312 1375 2396 1429 ll.
2430 1375 2676 1430 Christus
2718 1380 2875 1431 etiam
2918 1377 3169 1449 figuratus
3197 1382 3355 1438 estin
3380 1382 3509 1449 Noe,
3539 1396 3591 1442 et
3641 1388 3699 1443 in
3738 1389 3836 1448 illa

2238 1478 2360 1520 area
2390 1468 2535 1521 orbis
2563 1480 2842 1524 terrarum.
2866 1472 3041 1537 Quare
3061 1474 3201 1528 enim
3231 1475 3283 1530 in
3313 1492 3433 1532 arca
3468 1480 3669 1536 inclusa
3700 1494 3840 1542 sunt

2238 1559 2413 1612 omnia
2439 1560 2683 1615 animalia
2712 1561 2865 1630 (Gen.
2891 1579 2984 1625 vn,
3016 1565 3138 1636 7-9)
3159 1608 3175 1631 ,
3224 1570 3321 1622 nisi
3366 1577 3424 1624 ut
3451 1571 3839 1642 significaren-

2240 1657 2325 1703 tur
2344 1665 2530 1704 onmes
2547 1654 2770 1720 gentes?
2790 1652 2903 1708 Non
2928 1656 3069 1709 enim
3087 1658 3271 1713 deerat
3294 1658 3402 1713 Deo
3427 1677 3610 1718 rursus
3635 1680 3842 1724 crearo

2238 1753 2397 1794 onine
2438 1756 2605 1810 genus
2650 1744 2975 1798 animalium.
3029 1746 3253 1813 Quando
3291 1752 3431 1805 enim
3483 1755 3663 1808 omnia
3721 1772 3841 1813 non

2238 1842 2383 1885 erant
2408 1874 2420 1893 ,
2455 1848 2630 1887 nonne
2651 1834 2817 1897 dixit,
2851 1834 3109 1892 Productu
3137 1851 3289 1904 terra,
3326 1854 3377 1897 et
3401 1846 3650 1915 produxit
3680 1859 3841 1907 terra

2240 1918 2347 1989 (Id.
2374 1938 2407 1985 ι,
2427 1922 2517 1989 24)
2543 1923 2564 1975 ἲ
2594 1921 2740 1978 Unde
2759 1941 2886 1996 ergo
2908 1936 3029 1982 tunc
3045 1927 3188 1992 fecit,
3213 1931 3333 1985 inde
3351 1937 3591 1990 reticeret
3616 1953 3630 2000 ;
3654 1938 3843 1995 verbo

2242 2010 2383 2073 fecit,
2416 2014 2576 2066 verbo
2605 2014 2848 2069 reficeret
2878 2035 2891 2070 :
2922 2019 3016 2071 nisi
3045 2020 3165 2089 quia
3198 2023 3508 2093 mysterium
3536 2040 3840 2084 continen-

2237 2101 2418 2164 dabat.
2456 2114 2510 2158 et
2533 2107 2816 2160 secundam
2850 2108 3087 2178 hydriam
3116 2114 3437 2182 prophetiae
3462 2116 3843 2183 disiensatio-

2240 2194 2320 2247 nis
2347 2194 2619 2263 implebat,
2650 2207 2705 2251 ιιι
2753 2215 2846 2267 per
2884 2200 3078 2270 lignum
3122 2203 3432 2260 liberaretur
3473 2208 3635 2273 lignra
3678 2213 3844 2269 Orbis

2239 2293 2497 2341 terrarum
2528 2304 2543 2352 ;
2570 2289 2691 2358 quia
2723 2290 2773 2343 in
2803 2290 2941 2360 ligno
2979 2290 3180 2361 ﬁgenda
3206 2305 3321 2350 erat
3344 2296 3448 2351 vita
3476 2299 3621 2353 orbis
3649 2310 3845 2359 terra-

2237 2376 2396 2429 rum?

2312 2466 2395 2521 1?"
2428 2466 2541 2520 Jm“
2583 2467 2633 2521 in
2679 2469 2829 2522 wr'i“
2860 2469 3077 2542 "D'd'ia-
3108 2472 3202 2541 ipSi
3229 2473 3479 2542 Abrahte.
3520 2481 3665 2550 Quod
3714 2482 3845 2553 iam

2236 2559 2666 2618 Commemoravi,
2697 2558 2894 2613 dictqu
2919 2574 3019 2625 est,
3059 2561 3121 2615 In
3148 2565 3437 2622 sentinetuo
3465 2568 3849 2631 benedicentur

2239 2662 2409 2699 omnes
2435 2657 2625 2717 gentes.
2663 2650 2725 2701 l-It
2750 2650 2870 2720 quis
2912 2668 3013 2706 non
3053 2654 3401 2725 videatcnjns
3427 2658 3653 2717 habebat
3690 2664 3847 2739 ligu-

2239 2753 2352 2791 ram
2381 2739 2565 2790 unicus
2601 2739 2715 2806 ejus
2739 2781 2753 2800 ,
2785 2741 2871 2805 qui
2902 2742 3001 2795 sibi
3047 2744 3111 2796 ad
3161 2748 3474 2803 sacriﬁcium
3499 2791 3514 2814 ,
3559 2767 3671 2820 quo
3719 2756 3848 2826 ipse

2240 2828 2589 2882 immolandos
2617 2830 2927 2895 ducebatur,
2958 2832 3091 2902 ligna
3113 2837 3393 2902 portabat?
3421 2836 3657 2897 Pnrlavit
3680 2848 3847 2904 enim

2238 2918 2491 2972 Dmrrinus
2533 2935 2745 2974 crucvm
2790 2936 2939 2975 suam
2966 2963 2981 2984 ,
3027 2925 3164 2979 sicut
3201 2925 3537 2997 Evangelium
3582 2931 3850 3001 loquitur

2239 3006 2415 3078 (lorm.
2444 3025 2528 3062 xix
2546 3050 2560 3073 ,
2598 3009 2705 3080 l7).
2738 3010 2849 3065 lloc
2872 3011 2941 3067 de
2977 3013 3127 3067 tertia
3156 3013 3340 3085 hydria
3368 3032 3849 3082 commemorasse

2237 3102 2520 3157 suﬂ'eccrit.

2312 3194 2398 3248 15.
2430 3194 2502 3248 De
2532 3192 2692 3247 David
2720 3202 2894 3248 autem
2920 3236 2935 3258 ,
2980 3195 3103 3263 quid
3139 3196 3311 3253 d‘eam
3341 3198 3480 3268 quod
3522 3200 3589 3255 ad
3630 3214 3848 3266 omnes

2237 3295 2422 3355 gentes
2446 3285 2740 3353 pertinebat
2768 3286 3040 3357 propin-tia
3062 3288 3208 3357 ejus;
3237 3292 3447 3359 quando
3472 3293 3634 3347 modo
3660 3284 3847 3355 audi-

2238 3376 2410 3427 vitnns
2445 3374 2708 3428 l’salmnm
2738 3417 2750 3438 ,
2778 3388 2832 3431 et
2859 3374 3074 3431 difﬁcile
3116 3386 3199 3433 est
3240 3388 3297 3433 ιιι
3336 3380 3541 3435 dicatttr
3578 3387 3849 3452 psalmus

2238 3466 2324 3520 ubi
2350 3468 2447 3519 hoe
2479 3482 2580 3519 non
2606 3466 2803 3520 sonet?
2827 3467 2929 3523 Sed
2956 3478 3121 3534 certe,
3147 3480 3201 3524 ut
3224 3470 3354 3536 disi,
3396 3475 3555 3528 mmlo
3573 3481 3844 3539 cantari-

2239 3570 2377 3622 mns,
2407 3556 2589 3628 Surge,
2625 3557 2775 3618 Dem,
2792 3559 3223 3627 judica‘trrrmn;
3249 3563 3487 3630 quoniam
3517 3576 3569 3619 ιιι
3597 3568 3846 3628 [itan-di.

2238 3648 2366 3700 labis
2395 3649 2447 3700 in
2473 3648 2700 3702 omnibus
2721 3650 2947 3719 gentibus
2965 3649 3135 3720 (Paul.
3162 3669 3339 3717 Lxxst,
3367 3654 3443 3727 8).
3472 3657 3540 3713 Ει
3562 3658 3698 3715 ideo
3729 3664 3846 3720 Do-

2239 3739 2450 3792 natistw
2475 3748 2723 3808 tanquam
2763 3743 2980 3810 projeeti
3006 3743 3073 3797 de
3100 3746 3293 3813 nuptiis
3321 3763 3335 3798 :
3367 3748 3502 3803 sicut
3525 3750 3617 3806 ille
3656 3754 3846 3815 homo

2238 3830 2326 3899 qui
2353 3846 2457 3883 non
2481 3829 2705 3884 habebat
2724 3843 2921 3885 vestem
2946 3833 3252 3901 nuptialem,
3277 3835 3525 3893 invitatus
3542 3851 3629 3897 est
3652 3852 3723 3899 et
3745 3862 3846 3905 vc-

2238 3920 2336 3981 nit.
2364 3920 2456 3973 sed
2486 3922 2750 3988 projeclus
2773 3930 2854 3975 est
2879 3922 2944 3977 de
2965 3938 3185 3979 munero
3208 3936 3531 3995 vocatorum,
3559 3933 3693 4001 quia
3723 3953 3844 3995 non

2241 4009 2470 4065 habebat
2505 4021 2702 4065 vestem
2744 4012 2809 4066 ad
2846 4015 3024 4081 sponsi
3058 4016 3314 4085 gloriam;
3348 4020 3437 4089 qui
3478 4023 3625 4079 enim
3664 4042 3843 4088 suam

2238 4103 2461 4171 gloriam
2490 4103 2712 4171 qua‘rit,
2742 4117 2845 4156 non
2873 4104 3102 4171 Christi,
3145 4124 3247 4161 non
3289 4108 3448 4165 habet
3489 4123 3703 4171 vestem
3739 4136 3841 4177 nu.

2242 4192 2451 4259 [-tialem
2486 4209 2500 4245 :
2538 4206 2641 4246 non
2670 4196 2811 4246 enim
2840 4196 3023 4249 volunt
3055 4211 3351 4255 constmare
3390 4205 3503 4257 voci
3548 4204 3707 4263 illius
3747 4214 3843 4283 qui

2238 4282 2441 4335 amicus
2459 4292 2575 4335 erat
2603 4284 2804 4351 sponsi,
2832 4292 2887 4339 et
2914 4285 3021 4351 ait,
3056 4285 3155 4341 llic
3176 4300 3246 4343 est
3270 4291 3356 4360 qui
3378 4291 3598 4364 baptista
3632 4295 3840 4368 (Ιοαι,

2240 4385 2283 4431 ι,
2315 4370 2427 4442 '53).
2460 4371 2564 4425 Nec
2594 4373 2859 4428 imtnerito
2889 4376 2961 4429 illi
2987 4378 3075 4445 qui
3104 4393 3207 4431 non
3237 4379 3461 4436 habebat
3488 4396 3702 4443 vestem
3734 4408 3845 4450 uu-

2240 4459 2453 4527 ptialem
2476 4501 2491 4525 ,
2522 4462 2622 4517 hoc
2654 4478 2745 4530 per
2772 4466 3185 4534 inerepationem
3215 4470 3480 4539 obiectum
3520 4485 3606 4531 est
3627 4518 3645 4544 ,
3672 4485 3842 4552 quod

2237 4566 2341 4606 non
2369 4564 2482 4606 erat.
2513 4572 2525 4607 :
2556 4554 2740 4620 Amice
2769 4560 2891 4627 quid
2910 4560 3006 4612 Imc
3028 4560 3241 4616 emisti?
3269 4562 3332 4618 Et
3351 4565 3482 4620 sicut
3510 4567 3598 4623 ibe
3621 4570 3843 4633 obmu.

2237 4644 2333 4697 tuit
2360 4644 2570 4714 (Matth.
2594 4663 2720 4711 χιιι,
2748 4648 2959 4720 ll-l5),
2988 4653 3125 4706 itaet
3148 4654 3254 4707 isti.
3271 4654 3407 4722 Quid
3430 4660 3572 4713 enim
3592 4667 3841 4732 ιιι-οδω

2235 4736 2485 4804 strepitus
2523 4738 2652 4803 oris,
2700 4749 2848 4794 muto
2888 4744 3386 4802 corde?Noverunt
3424 4751 3621 4821 quippe
3669 4756 3839 4817 intus

2233 4826 2368 4895 apud
2411 4831 2725 4899 semetipsos
2769 4847 2873 4886 non
2917 4848 2976 4888 se
3020 4834 3215 4891 habere
3256 4839 3395 4908 quod
3438 4840 3635 4898 dicant.
3665 4844 3838 4907 latus

2233 4917 2631 4983 obmutuerunt,
2661 4921 2787 4975 loris
2820 4934 3176 4993 perstrepunt.
3207 4929 3471 4997 Andiunt,
3505 4935 3673 4991 velint
3722 4956 3836 4998 no.

2233 5007 2351 5075 linl,
2378 5011 2534 5064 etiam
2562 5012 2699 5080 apud
2726 5027 2784 5067 se
2804 5016 3027 5077 cantari,
3057 5015 3256 5087 Surge,
3286 5019 3461 5089 Deus,
3494 5026 3681 5095 judico
3715 5042 3834 5087 (er.

2232 5115 2379 5164 ram;
2420 5102 2655 5169 quoniam
2702 5113 2755 5155 tu
2804 5104 3120 5162 [terminabis
3160 5109 3214 5164 in
3260 5114 3489 5168 omnim
3534 5119 3784 5186 gentibus
3808 5141 3834 5180 :

2232 5197 2287 5242 et
2311 5205 2415 5242 non
2443 5193 2879 5249 eommunicnndo
2905 5197 3155 5253 omnibus
3180 5202 3425 5270 gentibus
3449 5244 3465 5269 ,
3494 5208 3621 5276 quid
3661 5211 3829 5273 aliud

2231 5295 2386 5349 quam
2415 5296 2473 5337 se
2499 5283 2875 5340 exlueredatos
2903 5304 3023 5343 esse
3047 5294 3419 5361 mgnascunt?

2302 5373 2387 5429 14.
2425 5376 2575 5441 Quod
2602 5392 2730 5448 ergo
2770 5380 3047 5448 dicebam,
3092 5381 3317 5451 fratres,
3344 5388 3466 5459 quia
3504 5391 3575 5447 ad
3613 5408 3823 5457 omnes

2228 5474 2413 5534 gentes
2440 5467 2668 5534 pertinet
2708 5470 2988 5538 prophetia
3020 5489 3033 5525 :
3065 5474 3190 5529 volo
3217 5477 3357 5531 enim
3388 5480 3548 5537 alium
3581 5497 3821 5547 sensum

2225 5558 2506 5613 ostendere
2550 5560 2600 5613 in
2629 5574 2695 5614 eo
2719 5562 2860 5632 qtmd
2887 5563 3087 5619 dit-tuin
3115 5578 3199 5621 est
3218 5611 3233 5633 ,
3272 5568 3535 5639 Cupientes
3576 5587 3827 5638 metretas

2226 5646 2365 5703 binas
2394 5650 2469 5704 vel
2492 5659 2693 5707 ternas:
2717 5654 2781 5708 ad
2810 5671 2996 5711 omnes
3016 5699 3031 5719 ,
3064 5658 3308 5729 inquam,
3350 5675 3537 5734 gentes
3570 5673 3823 5738 pertinet

2230 5741 2544 5813 prophetia;
2565 5745 2727 5803 modo
2752 5753 3285 5812 commemoravimus
3301 5754 3729 5834 demonstratum
3757 5767 3823 5828 in
