4036 6382
268 351 408 410 N65

265 464 470 531 Adam,
494 462 577 534 qui
601 470 674 518 est
706 465 871 532 [arma
889 459 1075 532 'futuri.
1102 458 1234 529 Quis
1259 465 1435 510 autem
1459 456 1660 510 nesciat
1686 454 1826 525 quod

266 557 332 612 de
358 554 453 611 illo
473 563 663 610 exortae
688 562 812 607 sunt
836 567 1020 608 omnes
1038 559 1223 622 gentes
1244 567 1259 607 :
1286 559 1340 603 et
1361 550 1411 603 in
1433 550 1548 618 ejus
1574 546 1830 602 vocabulo

265 655 491 717 quatuor
515 643 738 709 litteris,
775 653 998 713 quatuor
1025 641 1172 695 orbis
1203 649 1461 694 terrarum
1508 647 1686 707 partes
1733 651 1828 705 per

265 751 466 812 gratas
499 733 875 808 appellationes
899 732 1367 788 demonstrantur?
1404 731 1460 786 Si
1489 731 1630 785 enim
1659 743 1831 799 gra'ce

268 830 537 888 ditantur.
565 827 756 883 Oriens
773 867 788 890 ,
820 826 1078 883 Occidens
1095 868 1110 889 ,
1143 825 1333 894 Aquilo
1353 864 1368 891 ,
1394 823 1641 879 Meridies
1659 865 1674 884 ,
1696 822 1833 877 sicut

265 935 354 976 eas
377 919 636 989 plerisque
666 917 796 973 locis
823 927 1001 973 sancta
1035 916 1304 985 Scriptura
1330 923 1746 976 connnemorat;
1776 911 1828 966 in

267 1011 524 1082 capitibus
567 1010 852 1066 verborum
904 1008 1107 1064 iuvenis
1156 1007 1322 1062 Adam
1356 1025 1370 1059 :
1402 1007 1647 1060 dicuntur
1687 1005 1828 1059 ειιίιιι

262 1117 431 1174 {tn-ce
456 1111 680 1174 quatuor
695 1110 1001 1157 memorata:
1022 1100 1202 1155 mundi
1226 1109 1409 1171 partes
1425 1105 1654 1158 ἀνατολὴ,
1683 1099 1828 1160 δύσις,

262 1199 444 1264 ἄρηος,
464 1202 746 1262 μημϐριοι.
780 1192 880 1247 Ista
900 1200 1126 1262 quatuor
1147 1190 1356 1244 nomina
1376 1190 1419 1243 si
1440 1198 1684 1255 tanquam
1714 1200 1832 1241 rer.

261 1299 348 1340 Sus
375 1294 601 1353 quatuor
627 1283 729 1337 sub
757 1283 978 1337 invicem
1007 1282 1212 1335 scribas
1234 1321 1250 1343 ,
1279 1279 1330 1333 in
1363 1294 1546 1332 corntn
1572 1275 1832 1346 capitibus

264 1375 426 1432 Adam
467 1375 672 1446 legitur.
717 1374 829 1428 lloc
856 1374 909 1429 in
953 1371 1064 1428 Noe
1097 1382 1310 1441 propter
1334 1385 1510 1424 arcam
1554 1367 1829 1434 figuratum

260 1475 364 1532 est,
396 1465 574 1538 inqua
601 1473 754 1521 erant
778 1465 954 1520 omnia
990 1463 1234 1517 animalia
1257 1503 1272 1524 ,
1308 1475 1426 1529 quae
1467 1457 1833 1525 signiﬁcabant

261 1571 440 1613 ontnes
465 1565 684 1628 gentes:
720 1557 817 1609 hoc
839 1555 890 1607 in
919 1552 1182 1608 Abraham
1202 1593 1218 1618 ,
1255 1552 1337 1605 cui
1371 1549 1606 1621 apertius
1631 1548 1830 1602 dictum

261 1657 336 1704 est
354 1688 371 1712 ,
401 1644 467 1701 In
501 1645 692 1701 semine
730 1654 817 1698 tuo
838 1644 1184 1698 benedicentur
1210 1658 1380 1694 antnes
1411 1652 1579 1712 gentes
1601 1654 1620 1692 :
1652 1641 1749 1693 lzoc
1780 1639 1830 1692 in

262 1738 440 1804 David,
469 1737 538 1791 de
565 1737 719 1806 cujus
749 1735 993 1800 Psalmis,
1023 1743 1077 1788 ut
1103 1734 1202 1787 alia
1230 1732 1490 1790 ontittam,
1525 1730 1682 1783 tundo
1709 1745 1832 1784 can-

265 1830 500 1893 tarimus,
531 1830 732 1900 Surge,
773 1827 926 1886 Dens,
941 1826 1119 1898 jmlica
1141 1834 1360 1888 terram;
1385 1823 1617 1891 quoniam
1649 1830 1699 1873 tn
1724 1819 1831 1874 hae-

262 1922 488 1978 reditabis
512 1922 564 1974 in
598 1919 826 1973 omnibus
863 1918 1104 1986 gentibus.
1127 1915 1224 1970 Cui
1264 1914 1404 1968 enim
1449 1914 1555 1966 Deo
1603 1911 1829 1972 dicitur.

268 2011 440 2083 Surge,
473 2011 574 2066 nisi
605 2011 654 2066 ei
685 2011 772 2080 qui
802 2007 1089 2062 dormivit?
1119 2004 1317 2071 Surge,
1351 2002 1512 2064 Deus,
1541 2001 1714 2066 iudica
1735 2011 1834 2054 ter-

269 2121 390 2158 ram.
408 2103 676 2173 Tanquam
706 2101 992 2160 dit-eretur,
1020 2095 1288 2158 Dormisti,
1314 2094 1626 2163 judicalusa
1650 2103 1790 2145 terra
1813 2105 1830 2156 ;

269 2207 448 2264 surge,
479 2204 535 2248 ut
571 2191 784 2262 judices
826 2201 1039 2245 terram.
1091 2188 1156 2242 Et
1181 2202 1288 2257 quo
1337 2189 1565 2256 pertinet
1591 2185 1676 2238 illa
1706 2198 1831 2253 pro-

266 2285 432 2357 phetia
451 2327 467 2350 ,
501 2284 757 2351 Quoniam
779 2295 831 2337 tu
860 2280 1176 2336 hd‘fl'dilhbis
1201 2280 1253 2332 in
1290 2277 1518 2333 omnibus
1537 2276 1800 2347 gentibus?

329 2377 410 2433 15.
447 2375 565 2430 Jam
598 2390 727 2429 vero
767 2375 818 2426 in
845 2373 1022 2442 quinta
1053 2380 1242 2432 amite,
1284 2379 1532 2437 tanquam
1563 2367 1613 2420 in
1651 2365 1831 2433 quinta

265 2465 434 2538 hydria
456 2507 471 2531 ,
505 2465 693 2520 Daniel
719 2464 848 2518 \idit
870 2463 1095 2532 lapidem
1123 2461 1402 2530 pneeisum
1428 2459 1496 2513 de
1515 2466 1693 2513 itionte
1718 2456 1834 2514 sine

267 2553 534 2620 manibus,
564 2563 622 2610 et
649 2554 867 2624 fregisse
893 2554 1069 2606 omnia
1099 2566 1258 2620 regna
1299 2558 1592 2610 tetrarum;
1624 2557 1675 2602 et
1710 2562 1832 2602 cre-

265 2648 392 2702 visse
408 2648 553 2700 illum
574 2645 802 2716 lapidem
819 2685 833 2708 ,
856 2653 909 2697 et
933 2642 1127 2697 factum
1151 2656 1269 2697 esse
1290 2649 1520 2694 montem
1547 2652 1793 2708 magnum
1814 2678 1830 2703 ,

265 2739 330 2793 ita
352 2747 404 2793 ιιι
425 2737 679 2805 itnpleret
709 2735 1008 2790 universam
1037 2732 1221 2788 faciem
1249 2741 1402 2786 terra:
1430 2729 1584 2800 (Dan.
1619 2745 1689 2794 ιι,
1729 2728 1831 2792 54,

267 2829 367 2898 55).
390 2829 524 2899 Quid
547 2827 808 2898 apertius,
837 2825 1026 2881 fratres
1057 2823 1196 2879 mei?
1219 2823 1372 2892 Lapis
1397 2823 1462 2876 de
1491 2830 1667 2876 monte
1699 2836 1836 2890 pra:-

267 2921 441 2977 ciditur
480 2939 496 2976 :
540 2921 659 2991 ipse
696 2929 781 2974 est
825 2918 960 2986 lapis
1007 2933 1164 2987 quem
1209 2914 1620 2984 reprobaVertmt
1664 2910 1833 2966 aedili-

265 3025 430 3070 cantes
447 3056 464 3080 ,
484 3023 540 3069 et
572 3011 742 3068 factus
767 3020 849 3066 est
875 3011 927 3064 in
953 3018 1107 3080 caput
1139 3009 1313 3078 anguli
1341 3004 1510 3079 (Psal.
1534 3019 1696 3066 cxrn,
1716 3002 1831 3075 22).

267 3105 334 3162 De
357 3121 458 3176 quo
483 3114 672 3158 motttc
696 3101 1025 3173 praeciditur,
1056 3099 1155 3154 nisi
1201 3100 1267 3154 de
1295 3114 1459 3169 regna
1495 3096 1798 3152 inda-orum
1816 3137 1833 3161 ,

266 3196 390 3252 unde
415 3196 677 3252 Dominus
706 3202 886 3249 IIOSlel‘
913 3189 1066 3249 Jesus
1089 3190 1335 3245 Christus
1378 3188 1672 3244 secundum
1713 3203 1834 3244 car-

269 3304 377 3344 nem
420 3274 579 3343 natus
627 3285 752 3341 est?
795 3284 861 3340 Et
891 3282 1196 3352 przeciditnr
1237 3281 1351 3334 sine
1395 3279 1672 3344 manilius,
1721 3281 1838 3337 sine

267 3393 413 3450 Opere
450 3378 725 3440 humano;
759 3374 881 3444 quia
922 3373 1042 3428 sine
1083 3371 1332 3442 amplexu
1374 3372 1597 3426 maritali
1637 3371 1704 3427 de
1729 3371 1836 3425 vir-

187 3515 192 3523 .
267 3468 377 3539 giae
412 3478 637 3524 exortus
665 3474 770 3520 est.
819 3463 967 3518 Mons
997 3463 1086 3517 ille
1125 3461 1265 3515 unde
1297 3463 1548 3530 przrcisus
1571 3471 1685 3525 est,
1727 3475 1834 3514 non

267 3560 571 3628 implerent
599 3557 897 3611 universam
928 3552 1113 3608 faciem
1143 3560 1298 3606 terra:
1323 3567 1336 3603 :
1367 3565 1471 3604 non
1514 3550 1654 3604 enim
1681 3559 1834 3605 tenu-

266 3658 370 3704 erat
392 3664 617 3718 regnttm
660 3646 962 3702 Iudaeorum
1000 3656 1188 3697 omnes
1217 3650 1418 3710 gentes.
1477 3644 1542 3694 At
1585 3656 1710 3694 vero
1749 3655 1836 3695 re-

263 3754 410 3811 gnum
444 3738 649 3796 Christi
671 3777 691 3805 ,
730 3736 1038 3792 universum
1067 3733 1253 3787 orbem
1283 3741 1540 3786 terrarum
1567 3731 1836 3786 cernimus

267 3821 528 3900 occupare.

332 3921 407 3977 l6.
445 3921 573 3977 iam
598 3918 664 3974 ad
701 3926 904 3974 sextam
940 3924 1148 3971 :etatem
1189 3915 1419 3985 pertinet
1460 3914 1691 3971 Joannes
1744 3915 1836 3969 Ba-

268 4011 560 4084 ptista,quo
577 4023 734 4064 nemo
756 4009 1052 4063 exsurrexit
1083 4005 1252 4076 major
1277 4005 1328 4058 in
1357 4005 1492 4072 natis
1513 4005 1789 4060 nmlierum
1816 4021 1829 4058 :

268 4101 440 4174 dequo
456 4103 664 4157 dictant
684 4108 796 4163 est,
842 4097 1010 4168 Major
1032 4114 1182 4166 quam
1224 4097 1466 4167 propheta
1495 4095 1707 4164 (Matth.
1740 4112 1829 4163 ιιι,

270 4194 357 4260 11,
379 4195 455 4265 9).
476 4192 762 4264 Quomodo
785 4205 837 4246 et
863 4193 974 4258 ipse
1004 4191 1269 4255 ostendit,
1293 4190 1413 4259 quia
1440 4190 1684 4244 onmibus
1702 4205 1828 4260 gen-

270 4282 395 4340 tibus
418 4287 618 4343 missus
641 4293 720 4338 est
743 4283 1025 4338 Christus?
1041 4282 1262 4349 Quando
1286 4281 1450 4336 Jttdn'i
1482 4290 1740 4335 venerunt
1764 4279 1831 4335 ad

270 4388 377 4433 eum
402 4387 458 4433 ιιι
495 4377 930 4446 baptizarentur.
961 4385 1013 4430 et
1055 4391 1120 4431 ne
1148 4375 1483 4444 superbirent
1523 4373 1588 4427 de
1618 4373 1832 4428 nomine

270 4463 516 4522 Abraham
535 4509 552 4529 .
583 4466 883 4529 Generatio,
917 4466 1114 4534 inquit,
1146 4465 1446 4536 viperarum,
1479 4464 1590 4534 quis
1618 4463 1830 4518 ostendit

272 4556 392 4614 vobis
410 4561 583 4630 [agere
601 4557 666 4612 ab
686 4557 765 4611 ira
795 4567 999 4612 ventura
1014 4557 1042 4612 2’
1062 4557 1211 4627 facile
1244 4572 1360 4625 ergo
1380 4559 1598 4625 fructum
1624 4554 1831 4624 dignum

274 4647 588 4715 penitentice;
640 4646 691 4702 id
729 4656 842 4712 est,
895 4645 1120 4701 humiles
1160 4654 1330 4700 estote
1358 4663 1372 4699 :
1404 4647 1646 4714 superbis
1686 4647 1828 4700 enim

274 4734 587 4808 loquebatur.
621 4737 773 4795 Unde
813 4748 990 4792 autem
1037 4745 1189 4793 erant
1217 4736 1467 4805 superbi?
1516 4737 1587 4791 De
1631 4751 1828 4804 genere

275 4829 466 4894 armis,
514 4844 624 4884 non
650 4829 718 4883 de
761 4827 932 4883 fructu
977 4826 1282 4883 imitationis
1322 4825 1488 4898 patris
1537 4825 1825 4880 Abraham.

274 4915 392 4982 Quid
414 4921 491 4974 eis
514 4920 630 4974 ait?
658 4917 832 4974 Nolite
851 4918 1035 4980 dicere,
1074 4915 1277 4970 Patrem
1298 4915 1532 4970 habemus
1551 4913 1829 4970 Abraham:

277 5017 433 5072 potens
459 5021 532 5064 est
572 5009 703 5062 enim
741 5007 878 5062 Deus
915 5009 976 5060 de
1003 5006 1255 5077 lapidibus
1290 5006 1399 5060 istis
1428 5005 1670 5059 suscitare
1694 5004 1828 5072 filios

275 5095 470 5152 Abrahw
499 5099 610 5170 (Id.
641 5111 715 5163 ιιι,
748 5097 894 5169 7-9).
936 5097 1160 5165 Lapides
1185 5097 1367 5152 dicens
1395 5111 1580 5150 omnes
1604 5107 1789 5165 gentes
1807 5135 1823 5160 ,

277 5198 367 5239 non
394 5197 604 5259 propter
638 5189 935 5243 lirmmttem
959 5228 976 5254 ,
1021 5188 1159 5242 sicut
1199 5187 1332 5255 lapis
1354 5187 1524 5241 dictus
1562 5196 1645 5241 est
1667 5200 1823 5256 quem
1873 5205 1875 5207 ί

277 5275 670 5344 repmbarenmt
712 5278 1073 5341 aediﬁcantes;
1120 5276 1212 5331 sed
1241 5287 1456 5346 propter
1482 5276 1820 5332 stoliditatem

278 5373 325 5420 et
347 5367 581 5427 duritiam
605 5373 838 5430 stultitia:
856 5414 871 5438 ,
902 5373 1021 5442 quia
1048 5373 1126 5426 eis
1150 5387 1281 5440 quos
1305 5369 1594 5424 adorabant
1618 5369 1818 5425 similes
1874 5386 1879 5393 ·

281 5451 386 5513 facti
408 5463 558 5516 erant
582 5480 596 5518 :
625 5462 914 5518 adorabant
932 5461 1076 5518 enim
1101 5461 1367 5518 insensata
1397 5459 1698 5521 simulacra,
1722 5473 1815 5528 pa-

281 5544 399 5603 τίκτ’
427 5551 690 5628 inseris-ali.
735 5553 884 5610 Unde
913 5553 1206 5608 insensati?
1232 5551 1493 5620 Quoniam
1525 5550 1576 5604 in
1609 5549 1820 5604 Psalmo

280 5636 488 5712 dicitur,
513 5645 711 5704 Similes
734 5649 836 5704 illis
863 5649 988 5719 fiant
1006 5651 1094 5719 qui
1122 5651 1312 5720 faciunt
1341 5666 1430 5713 ea,
1462 5657 1512 5701 et
1550 5664 1718 5702 omnes
1737 5649 1821 5712 qui

282 5734 528 5808 soan
563 5737 613 5792 in
639 5739 720 5795 eis”
745 5737 915 5811 (Psal.
939 5755 1103 5808 cxnt,
1134 5737 1210 5812 8).
1245 5739 1369 5796 ldeo
1408 5753 1530 5795 cum
1560 5741 1820 5810 «cperim

1498 338 1903 398 TRACTATUS
1937 340 2006 397 Χ.
2045 339 2274 402 CAPUT
2309 344 2374 402 11.

1937 455 2179 513 homines
2225 461 2387 516 Deum
2417 461 2669 530 adorare,
2705 465 2830 535 quid
2859 466 3111 524 audiunt?
3156 469 3223 525 Ut
3263 472 3371 525 sitis
3412 474 3510 541 ﬁlii

1938 547 2111 606 Patris
2139 553 2288 606 vestri
2312 555 2398 624 qui
2425 553 2476 606 in
2501 557 2635 608 caelis
2660 566 2752 621 est,
2777 558 2862 625 qui
2885 558 3038 611 solem
3065 576 3210 612 suum
3236 563 3355 631 facit
3384 565 3506 618 oriri

1935 658 2084 711 super
2110 643 2264 697 bonos
2288 654 2336 697 et
2386 645 2574 706 malos,
2605 656 2649 698 et
2678 644 2805 716 pluit
2841 664 2994 719 super
3027 650 3198 719 justas
3219 647 3269 703 et
3297 652 3507 722 injustas

1937 732 2150 802 (Matth.
2177 750 2231 799 γ,
2259 735 2370 802 45).
2393 733 2724 807 Quapropter
2741 737 2853 792 sici
2883 741 2938 793 lit
2957 740 3116 794 homo
3134 741 3321 794 similis
3348 759 3504 812 queat

1935 824 2152 889 adorat;
2200 825 2324 894 qttid
2364 836 2479 889 est,
2513 825 2698 882 Potens
2722 839 2796 882 est
2823 827 2956 884 Deus
2996 831 3060 883 de
3099 830 3350 901 lapidibus
3397 834 3508 889 istis

1936 918 2177 970 suscitare
2203 918 2338 985 [ilics
2365 918 2614 973 Abrahat.’
2640 919 2745 974 Nos
2767 922 2910 988 ipsos
2929 923 3337 991 interrogemus,
3360 935 3415 982 et
3439 926 3511 981 ri-

1935 1003 2122 1060 demus
2146 1008 2268 1076 quia
2288 1007 2480 1062 factum
2497 1019 2599 1064 est.
2618 1009 2723 1063 Nos
2738 1014 2877 1064 en'm
2895 1009 2961 1065 de
2981 1013 3226 1081 gentibus
3241 1014 3502 1080 venimus;

1935 1095 2003 1151 de
2029 1098 2276 1165 gentibus
2301 1107 2476 1153 autem
2505 1117 2607 1153 non
2637 1101 2966 1166 veniremus,
2998 1103 3095 1156 nisi
3129 1103 3266 1158 Deus
3287 1105 3353 1160 de
3379 1105 3508 1175 lapi-

1935 1186 2091 1243 dibus
2110 1191 2416 1245 suscitasset
2445 1191 2578 1245 filios
2601 1192 2842 1246 Abralue.
2869 1193 3010 1248 Facti
3035 1209 3216 1248 sumus
3234 1194 3324 1251 lilii
3341 1196 3508 1251 Abra—

1939 1277 2020 1332 ha:
2050 1279 2302 1334 imitando
2330 1280 2483 1334 Iidem
2504 1324 2519 1346 ,
2550 1296 2651 1336 non
2680 1283 2944 1337 nascendo
2968 1300 3064 1355 per
3085 1300 3321 1340 carnem.
3349 1287 3501 1344 Sicut

1937 1371 2076 1424 enim
2109 1371 2180 1423 illi
2207 1372 2578 1441 degenerando
2603 1374 2958 1438 exim-redati;
3009 1375 3086 1430 sic
3124 1390 3220 1430 nos
3251 1376 3507 1435 imitando

1936 1461 2195 1531 adoptati.
2228 1463 2394 1532 Ergo.
2427 1464 2644 1530 fratres,
2689 1465 2754 1519 ad
2785 1481 2970 1519 ontnes
2997 1477 3184 1537 gentes
3212 1468 3509 1536 pertinebat

1936 1555 2094 1609 etiam
2126 1554 2223 1610 ista
2249 1564 2412 1610 sexta:
2444 1555 2642 1627 hydria-
2673 1555 2980 1626 prophetia;
3009 1567 3062 1610 ct
3089 1556 3207 1612 ideo
3233 1557 3301 1613 de
3336 1558 3509 1615 muni-

1937 1645 2034 1698 bus
2059 1647 2255 1700 dietnm
2285 1657 2364 1700 est
2385 1688 2400 1710 ,
2431 1644 2694 1716 Cupientes
2722 1657 2950 1701 metretas
2979 1647 3118 1701 binas
3142 1648 3216 1701 vel
3243 1657 3432 1704 ternas.

2011 1737 2095 1790 l7.
2136 1736 2238 1791 Sed
2272 1736 2882 1807 quomodoostendimus
2909 1751 3098 1792 omnes
3123 1747 3306 1807 gentes
3344 1737 3507 1808 portio

1937 1842 2066 1882 nere
2095 1828 2158 1880 ad
2187 1829 2335 1883 binas
2359 1829 2438 1883 vel
2472 1838 2649 1884 ternas
2687 1829 2975 1884 metretas?
3005 1828 3337 1884 Estimantis
3361 1830 3505 1886 enim

1937 1919 2032 1974 fttit
2061 1921 2451 1991 quodammodo
2471 1964 2484 1987 ,
2519 1930 2569 1975 ιιι
2601 1925 2739 1993 ipsis
2765 1921 2965 1976 diceret
2997 1921 3146 1976 binas
3164 1963 3180 1986 ,
3207 1936 3338 1989 quas
3358 1921 3509 1978 dixe-

1938 2024 2016 2066 rat
2042 2021 2218 2066 ternas
2235 2053 2249 2075 ,
2285 2012 2352 2066 ad
2369 2013 2845 2067 conuncrulamlnm
2868 2012 3068 2067 scilicet
3093 2019 3503 2066 sacramentum.

1937 2104 2216 2170 Quonuulo
2242 2115 2363 2158 sunt
2391 2105 2527 2158 bime
2556 2105 2830 2159 metretae?
2850 2104 3196 2159 (Iircnmcisio
3225 2115 3278 2160 et
3304 2119 3507 2176 pra-pu-

1938 2197 2089 2249 tinm.
2124 2195 2230 2251 llos
2269 2194 2406 2252 duas
2436 2198 2656 2266 populos
2699 2197 2968 2266 Scriptura
2996 2208 3408 2264 commemorat,
3455 2208 3511 2256 et

1937 2288 2136 2341 tmllnm
2185 2287 2535 2355 praetermittit
2574 2287 2844 2342 hominum
2873 2303 3040 2356 genus
3059 2330 3075 2354 ,
3103 2289 3314 2358 quando
3339 2290 3469 2346 dicit
3489 2331 3507 2357 ,

1937 2375 2260 2431 Circumcisio
2281 2387 2326 2430 et
2351 2379 2653 2448 prteputium
2696 2377 2912 2444 (Co/oss.
2940 2395 3018 2440 ιιι,
3051 2380 3178 2450 11);
3207 2381 3259 2434 in
3302 2381 3510 2439 duobus

1937 2469 2052 2524 istis
2099 2470 2399 2524 nmniuilms
2427 2469 2590 2524 habes
2613 2485 2799 2524 onmes
2838 2481 3056 2541 gentes:
3090 2473 3228 2527 bina:
3271 2484 3512 2530 metretc

1937 2573 2079 2618 sunt.
2111 2563 2204 2620 llis
2233 2564 2438 2618 duobus
2469 2563 2751 2634 parietibus
2766 2563 2833 2619 de
2852 2563 3064 2620 diverso
3086 2567 3416 2624 venientibus
3441 2567 3510 2624 ad

1938 2670 2120 2727 pacem
2150 2657 2201 2709 in
2229 2655 2407 2725 seipso
2433 2654 2726 2709 faciendam
2750 2695 2766 2719 ,
2796 2656 2927 2724 lapis
2947 2656 3212 2725 angularis
3238 2657 3404 2712 factus
3426 2668 3512 2716 est

1941 2747 2183 2804 Christus
2227 2746 2453 2820 (Ephes.
2487 2761 2544 2806 tt.
2575 2745 2786 2819 14-20).
2833 2745 3184 2802 Ostenduntus
3229 2757 3282 2801 ct
3332 2758 3511 2806 ternas

1939 2849 2193 2894 metretas
2213 2838 2264 2891 in
2289 2837 2490 2892 eisdem
2504 2838 2630 2908 ipsis
2649 2839 2891 2891 omnibus
2906 2838 3170 2907 gentibus.
3197 2838 3332 2895 Tres
3354 2849 3508 2896 erant

1941 2932 2031 2986 lilii
2061 2930 2172 2988 Noe
2217 2929 2368 3003 (Gen.
2391 2945 2445 2995 γ,
2474 2929 2585 3000 51),
2617 2946 2709 3000 per
2738 2945 2872 2998 ιιιιιιε
2913 2940 3211 3000 reparatum
3239 2941 3318 2987 est
3344 2945 3511 3001 genus

1941 3021 2249 3077 humanum.
2281 3020 2433 3078 Unde
2465 3021 2714 3074 Dominus
2733 3022 2841 3074 ait:
2872 3020 3053 3077 Simile
3076 3032 3149 3077 est
3176 3037 3380 3094 regnum
3412 3039 3513 3078 cc-

1938 3112 2100 3167 lorum
2135 3116 2406 3183 fermento,
2442 3112 2576 3178 quod
2595 3113 2784 3182 accepit
2808 3112 2985 3166 mulier
3008 3123 3056 3167 et
3077 3101 3332 3168 abscondit
3345 3115 3397 3169 in
3426 3116 3510 3187 {a-

1891 3273 1896 3283 ι
1937 3205 2066 3258 rinte
2099 3203 2346 3258 mensuris
2375 3201 2532 3256 tribus
2550 3243 2565 3267 ,
2595 3203 2916 3272 quoadusque
2955 3208 3335 3275 fermentaretur
3354 3214 3511 3258 totum

1940 3293 2087 3368 (Luc.
2117 3310 2230 3358 χιιι,
2257 3293 2376 3365 21).
2406 3293 2534 3360 Quae
2561 3302 2640 3349 est
2671 3295 2769 3348 ista
2815 3295 3036 3358 mulier,
3089 3295 3188 3349 nisi
3227 3309 3353 3350 caro
3401 3296 3506 3350 Do-

1939 3385 2066 3440 mini
2092 3385 2115 3438 ?
2138 3385 2288 3451 Quod
2330 3393 2415 3440 est
2443 3386 2789 3450 fermentum,
2831 3384 2932 3439 nisi
2961 3384 3339 3456 Evangelinm?
3383 3385 3512 3453 Qua

1937 3487 2062 3533 sunt
2087 3487 2194 3532 tres
2220 3491 2515 3542 mensurae,
2547 3475 2644 3530 nisi
2671 3491 2861 3532 onmes
2883 3488 3098 3547 gentes,
3144 3488 3380 3546 prapter'
3401 3487 3512 3532 tres

1939 3571 2079 3626 ﬁlios
2115 3568 2258 3625 Noe?
2290 3569 2432 3638 Ergo
2454 3585 2543 3624 sea:
2578 3568 2774 3640 hydria.-
2804 3569 3056 3639 capientes
3079 3569 3220 3622 binas
3239 3567 3316 3622 ιρι
3344 3579 3511 3625 ternas

1937 3672 2169 3717 metretas
2187 3703 2203 3728 ,
2229 3676 2324 3717 sex
2349 3668 2472 3715 sunt
2517 3668 2700 3714 a'tates
2723 3667 3055 3728 temporum,
3088 3659 3360 3728 capientes
3388 3674 3510 3728 pro.

1941 3757 2169 3827 pltetiam
2203 3756 2552 3825 pertinentem
2578 3752 2643 3806 ad
2671 3767 2855 3807 omnes
2883 3761 3098 3823 gentes,
3145 3751 3257 3807 δίκε
3295 3751 3350 3806 in
3378 3751 3510 3806 duo.

1939 3851 2038 3905 bus
2065 3848 2348 3918 generibus
2378 3845 2646 3900 hominum
2667 3887 2682 3908 ,
2733 3843 2784 3900 id
2826 3854 2909 3901 est
2928 3886 2942 3908 ,
2969 3843 3170 3900 inda-is
3198 3853 3252 3898 et
3278 3843 3506 3912 Gratis,

1936 3942 2074 3995 sicut
2093 3955 2234 4008 saepe
2260 3941 2296 3992 Α
2308 3938 2540 4008 postolus
2567 3947 2948 3992 commemorat
2977 3935 3150 4006 (llam.
3175 3952 3234 4002 ιι,
3264 3936 3319 4001 9;
3345 3936 3360 3990 I
3387 3934 3504 3991 Cor.

1936 4048 1976 4097 ι,
2006 4031 2098 4095 24,
2128 4028 2282 4099 etc.);
2312 4031 2423 4083 sive
2461 4030 2512 4082 in
2543 4030 2739 4092 trilms,
2773 4037 2985 4098 pt'Oplet'
3027 4027 3138 4082 Noe
3181 4036 3288 4082 tres
3337 4026 3506 4092 illius,

1935 4123 2276 4193 significatus.
2327 4119 2568 4190 Figurata
2596 4129 2679 4174 est
2704 4119 2845 4172 enim
2886 4119 3157 4188 prophetia
3201 4117 3504 4187 pertingens

1936 4229 2101 4283 usque
2126 4211 2191 4266 ad
2233 4226 2418 4265 omnes
2456 4220 2662 4281 gentes.
2706 4209 2836 4265 Nam
2865 4212 2916 4263 in
2943 4225 3008 4264 eo
3040 4208 3179 4278 quod
3213 4210 3503 4279 pertingit,

1934 4306 2073 4362 dicta
2102 4312 2186 4360 est
2214 4310 2470 4367 metreta,
2519 4301 2655 4356 sicut
2690 4301 2818 4356 dicit
2853 4302 3170 4371 Apostolus,
3215 4300 3506 4370 Accepimus

1935 4411 2217 4452 mensuram
2230 4391 2539 4462 pertingendi
2566 4409 2717 4462 usque
2736 4393 2803 4446 ad
2825 4391 2984 4465 vos(ll
3009 4388 3127 4446 Cor.
3148 4406 3204 4452 χ,
3231 4391 3335 4459 15).
3364 4388 3505 4446 Ceno

1937 4493 2076 4547 tibus
2101 4489 2242 4544 enim
2268 4487 2637 4558 erangelizans
2659 4526 2674 4550 ,
2707 4486 2808 4542 hoc
2853 4484 2962 4552 ait,
2999 4499 3281 4539 mensuram
3309 4483 3502 4555 pertin-

1932 4585 2082 4656 gendi
2110 4599 2265 4654 usque
2290 4582 2358 4637 ad
2382 4598 2485 4637 vos.

2455 4713 2863 4771 TBACTATUS
2907 4711 2978 4769 Χ.

1932 4830 2010 4887 Ab
2035 4846 2094 4886 eo
2118 4828 2384 4902 Evangelii
2407 4828 2538 4892 loco,
2581 4826 2706 4882 Post
2732 4825 2844 4881 haec
2873 4822 3145 4881 descendit
3173 4822 3239 4878 ad
3262 4823 3500 4895 Caphar-

2003 4937 2161 4976 naum
2181 4921 2292 4989 ipse
2311 4927 2367 4973 et
2390 4927 2559 4973 mater
2583 4916 2720 4988 ejus.
2747 4926 2867 4981 etc.,
2890 4931 3046 4985 usque
3067 4915 3136 4968 ad
3179 4915 3253 4981 id,
3286 4913 3378 4972 Ille
3401 4930 3501 4971 auc

2003 5008 2401 5067 temdicebatde
2422 5009 2616 5077 templo
2627 5009 2864 5077 corporis
2883 5009 2983 5062 sui.
3001 5007 3126 5077 Cap.
3141 5023 3197 5069 ιι,
3218 5007 3252 5076 Ῡ
3275 5005 3496 5063 ,12-21.

2004 5104 2055 5157 1.
2098 5102 2153 5156 In
2202 5100 2413 5156 Psalmo
2459 5099 2681 5154 audistis
2729 5100 2981 5170 gemitum
3026 5099 3304 5169 pauperis,
3349 5099 3501 5168 cujus

1931 5193 2167 5249 membra
2225 5207 2318 5260 per
2358 5198 2521 5245 totam
2576 5202 2769 5246 terram
2819 5191 3181 5247 tribulationes
3230 5191 3500 5260 patiuntur

1930 5299 2097 5354 usque
2118 5284 2166 5336 in
2191 5282 2348 5337 linem
2373 5281 2573 5337 saeculi.
2620 5281 2760 5336 Satis
2793 5281 2964 5352 agite.
2993 5281 3182 5337 fratres
3202 5282 3334 5346 mei,
3375 5295 3498 5338 esse

1934 5377 1988 5430 in
2033 5374 2113 5429 his
2158 5375 2412 5430 membris
2435 5383 2489 5429 et
2517 5374 2584 5430 dc
2615 5374 2698 5430 his
2735 5374 2988 5429 membris
3017 5393 3031 5429 :
3061 5390 3180 5430 nam
3225 5373 3497 5429 tribulatio

1874 5483 1879 5488 ‘
1931 5477 2038 5522 tota
2067 5468 2348 5522 transitura
2373 5477 2473 5522 est.
2506 5467 2593 5521 νω
2619 5467 2966 5538 gaudentibus
2989 5466 3227 5539 (Lucri.
3247 5465 3362 5533 25)!
3395 5464 3500 5522 Ve-

1926 5561 2056 5615 ritas
2084 5561 2240 5616 dicit:
2278 5559 2420 5613 Beati
2443 5562 2685 5631 lugentes,
2711 5562 2945 5630 quoniam
2980 5561 3079 5628 ipsi
3102 5559 3493 5616 consolabuntur

1927 5649 2137 5722 (Matth.
2160 5667 2212 5713 ν,
2241 5652 2317 5720 5).
2351 5651 2490 5706 Deus
2519 5650 2677 5704 immo
2698 5649 2864 5705 frctus
2887 5659 2965 5703 est
2990 5667 3005 5703 :
3034 5649 3156 5717 quid
3181 5648 3387 5704 futurus
3408 5660 3492 5708 est

1927 5741 2091 5796 homo
2109 5781 2125 5810 ,
2150 5751 2366 5813 propter
2383 5755 2543 5812 quem
2564 5740 2702 5795 Deus
2722 5737 2892 5793 factus
2909 5747 2992 5792 est
3017 5736 3209 5793 homo?
3228 5738 3356 5797 Hau:
3371 5755 3498 5813 spes
