4036 6412
557 450 583 510 Ι
594 452 689 510 4η

558 565 970 642 cognoscebant.
1010 561 1111 631 Qui
1141 576 1270 634 ergo
1291 561 1480 616 volunt
1505 573 1690 632 pacem
1719 557 1858 612 servi
1881 554 2018 627 ejus,
2043 567 2140 624 pa-

557 673 676 716 cem
699 657 881 729 populi
917 655 1052 728 ejus,
1083 669 1268 726 pacem
1309 651 1465 708 unius
1489 667 1646 722 quam
1689 650 1817 705 dicit
1842 650 2064 712 unicam,
2089 652 2146 700 et

560 766 720 824 quam
747 749 860 804 vult
884 748 998 804 erui
1037 762 1066 800 a
1109 747 1282 808 leone,
1318 745 1458 799 Erue
1493 744 1557 797 de
1590 759 1743 796 manu
1777 741 1919 795 canis
1944 739 2145 793 unicam

560 858 722 898 meum
764 839 933 911 (Psal.
976 855 1094 903 xxt,
1132 836 1526 909 2|et2‘2)?Qui
1552 835 1734 890 dicunt
1765 847 1994 903 semper,
2025 829 2146 885 Ma-

559 933 828 1004 gniﬁcetur
854 929 1123 985 Dominus.
1150 930 1287 997 Ergo
1309 930 1471 983 boves
1506 927 1577 982 illi
1603 925 1880 981 Dominum
1908 919 2149 993 magniﬁ-

562 1032 840 1085 caverunt,
884 1036 989 1077 non
1031 1036 1112 1076 se.
1146 1019 1334 1076 Videte
1364 1019 1555 1074 bovem
1590 1016 2016 1088 magnificantem
2043 1013 2150 1068 Do-

561 1115 762 1170 minum
809 1129 985 1180 suum,
1030 1113 1152 1183 quia
1195 1113 1409 1184 agnovit
1448 1112 1544 1166 hos
1587 1122 1948 1180 possessorem
1992 1119 2148 1162 suum

565 1205 717 1278 (lsai.
757 1222 794 1271 ι,
823 1205 879 1276 3)
911 1223 928 1259 τ
957 1203 1215 1260 attendite
1245 1204 1432 1259 bovem
1464 1204 1737 1257 timentem
1780 1214 1846 1255 ne
1873 1198 2150 1253 deseratur

566 1311 845 1369 possessor
884 1296 1053 1360 bovis,
1100 1305 1155 1350 et
1202 1294 1254 1349 in
1296 1294 1431 1350 bove
1459 1300 1840 1363 prmsumatur;
1883 1286 2150 1359 quomodo

567 1388 986 1458 expavescimus
1011 1387 1100 1456 qui
1123 1386 1306 1441 volunt
1327 1385 1380 1440 in
1403 1385 1495 1439 illo
1519 1398 1718 1454 ponere
1735 1395 1921 1452 spem:
1949 1400 1967 1431 ι
1987 1377 2152 1434 Num-

566 1480 694 1551 quid
728 1479 920 1534 l‘aulus
949 1494 1046 1550 pro
1079 1478 1234 1534 vobis
1271 1478 1554 1534 crucifixus
1579 1477 1698 1530 est?
1724 1484 1814 1528 aut
1849 1475 1900 1528 in
1932 1472 2146 1526 nomine

568 1570 716 1626 Pauli
747 1569 994 1641 baptizati
1029 1570 1159 1626 estis
1191 1589 1211 1623 ι
1245 1569 1292 1640 (ι
1321 1567 1438 1623 Cor.
1467 1566 1664 1638 1,13)?
1690 1565 1843 1634 Quod
1869 1563 2013 1629 dedi,
2045 1577 2150 1617 non

566 1677 668 1735 ego
689 1662 808 1718 dedi
837 1681 848 1716 :
881 1663 1045 1733 gratis
1066 1662 1366 1730 accepistis,
1392 1660 1634 1715 columba
1664 1659 1731 1714 de
1756 1657 1896 1713 coelo
1923 1656 2152 1711 descen-

567 1754 666 1810 dit.
722 1773 742 1806 t
775 1754 905 1825 Ego,
938 1775 956 1807 ι
1001 1755 1190 1824 inquit,
1235 1771 1253 1805 t
1284 1753 1537 1822 plantavi,
1580 1749 1769 1823 Apollo
1798 1751 2025 1821 rigavit;
2058 1748 2153 1805 sed

567 1847 712 1903 Deus
742 1848 1131 1902 incrementum
1171 1845 1354 1901 dedit:
1383 1860 1557 1915 neque
1593 1844 1682 1914 qui
1712 1844 1914 1914 plantat
1948 1852 2031 1898 est
2059 1843 2155 1897 ali-

569 1937 732 2008 quid,
777 1951 949 2005 neque
1001 1937 1090 2006 qui
1135 1936 1305 2006 rigat,
1355 1935 1450 1990 sed
1493 1936 1579 2005 qui
1630 1934 2015 1989 incrementum
2063 1932 2157 1987 dat

572 2028 714 2083 Deus
743 2026 853 2100 (Id.
893 2043 971 2090 Ill,
1004 2030 1056 2090 6,
1091 2028 1168 2100 7).
1199 2028 1266 2081 Et
1298 2026 1478 2081 dicant
1516 2041 1746 2097 semper,
1792 2024 2156 2096 Magnificetur

573 2117 848 2182 Dominus,
875 2118 963 2188 qui
991 2118 1173 2172 volunt
1197 2133 1378 2186 pacem
1405 2117 1543 2172 servi
1572 2117 1707 2186 ejus.
1739 2136 1757 2167 ι

644 2209 698 2264 8.
739 2208 827 2264 lsti
849 2218 1024 2265 autem
1051 2209 1118 2264 de
1143 2208 1430 2278 Scripturis
1459 2208 1586 2279 ipsis
1612 2208 1798 2262 fallunt
1821 2208 2069 2279 populos,
2100 2216 2157 2262 ut

576 2300 838 2371 accipiant
865 2301 932 2355 ab
968 2300 1093 2370 ipsis
1128 2300 1363 2355 honores
1401 2310 1456 2355 et
1484 2300 1683 2364 laudes,
1710 2309 1764 2355 et
1791 2316 1894 2354 non
1935 2314 2158 2355 conver-

577 2399 757 2445 tautur
781 2390 1027 2445 homines
1047 2389 1112 2444 ad
1133 2391 1430 2445 veritatem.
1457 2391 1588 2459 Quia
1615 2406 1742 2445 vero
1767 2391 1894 2460 ipsis
1916 2390 2157 2459 Scriptu-

575 2481 652 2536 ris
681 2481 868 2536 falluut
900 2481 1148 2552 populos,
1177 2497 1208 2536 a
1245 2482 1438 2552 quibus
1465 2491 1709 2552 qumruut
1735 2482 1999 2546 honores;
2029 2497 2157 2536 ven-

572 2571 704 2627 dunt
734 2573 917 2638 boves,
947 2573 1183 2628 vendunt
1216 2584 1270 2629 et
1307 2589 1454 2637 oves,
1488 2573 1540 2628 id
1567 2584 1650 2629 est
1685 2574 1827 2643 ipsas
1852 2572 2057 2643 plebes.
2090 2572 2159 2627 Et

571 2663 658 2718 cui
685 2663 955 2728 vendunt,
984 2663 1083 2719 nisi
1120 2663 1372 2720 diabolo?
1401 2664 1661 2734 Namque,
1709 2664 1900 2720 fratres
1943 2665 2068 2729 mei,
2112 2665 2158 2718 si

572 2754 768 2813 Christi
800 2759 952 2813 unica
977 2757 1213 2814 Ecclesia
1241 2767 1342 2822 est,
1383 2767 1438 2812 et
1468 2773 1568 2812 una
1608 2767 1724 2823 est;
1753 2757 2007 2827 quidquid
2036 2757 2158 2812 inde

573 2848 898 2919 pneciditur,
935 2849 1055 2918 quis
1075 2849 1236 2912 tollit,
1265 2849 1365 2903 nisi
1394 2849 1479 2903 leo
1507 2849 1593 2903 illc
1613 2848 1825 2918 rugiens
1841 2859 1895 2904 et
1927 2850 2159 2904 circum-

573 2939 707 3003 iens,
746 2954 990 3009 qtuereus
1040 2954 1198 3009 quem
1251 2939 1471 2994 devoret
1515 2939 1556 3011 (l
1586 2939 1725 2994 Patr.
1761 2957 1815 3007 v,
1843 2942 1934 3012 8)?
1956 2940 2050 2995 Vae
2076 2942 2159 2997 his

572 3031 662 3101 qui
691 3031 1085 3100 pra-ciduntur!
1121 3047 1241 3085 nam
1275 3031 1359 3086 illa
1391 3031 1591 3101 integra
1621 3048 1819 3102 permat
1842 3034 1970 3089 ebit.
2003 3033 2160 3089 Novit

576 3121 719 3175 enim
747 3120 1005 3175 Dominus
1037 3122 1125 3192 qui
1153 3131 1277 3176 sunt
1312 3123 1429 3192 eius
1455 3122 1519 3193 (ll
1559 3122 1692 3177 Tim.
1725 3140 1779 3187 ιι,
1813 3126 1925 3196 l9).
1956 3125 2158 3181 Tamen

575 3216 831 3283 quantum
856 3215 906 3266 iu
933 3214 1060 3282 ipsis
1079 3224 1182 3277 est,
1215 3215 1451 3270 vendunt
1479 3216 1646 3271 boves
1669 3225 1720 3270 et
1744 3231 1892 3281 oves,
1924 3217 2162 3272 vendunt

577 3313 632 3356 et
675 3302 988 3358 columbas:
1020 3303 1305 3359 observent
1348 3305 1610 3374 ﬂagellum
1655 3315 1992 3374 peccatorum
2037 3322 2162 3363 suo-

576 3407 717 3447 rum.
759 3390 917 3449 Certe
963 3395 1176 3464 quando
1227 3396 1422 3465 aliquid
1469 3397 1572 3452 tale
1623 3397 1897 3469 patiuntur
1946 3410 2164 3470 propter

579 3484 712 3540 istas
753 3485 1055 3555 iniquitates
1098 3501 1241 3551 suas,
1275 3497 1564 3557 agnoscant
1591 3489 1713 3557 quia
1756 3489 2010 3544 Dominus
2041 3491 2163 3546 fecit

577 3575 842 3646 ﬂagellum
873 3577 940 3632 de
965 3577 1251 3641 resticulis,
1280 3587 1333 3634 et
1351 3577 1417 3630 ad
1447 3578 1546 3633 hoc
1569 3579 1821 3634 admouet
1838 3594 1932 3636 eos
1958 3591 2014 3635 ut
2043 3597 2162 3636 mu-

571 3675 696 3724 tent
720 3683 799 3733 se,
826 3677 883 3722 ut
909 3684 1014 3722 non
1055 3670 1161 3723 sint
1188 3669 1540 3738 negotiatores
1563 3687 1577 3723 :
1605 3685 1723 3724 nam
1763 3671 1805 3724 si
1833 3686 1892 3726 se
1919 3688 2023 3726 non
2050 3689 2166 3727 mtt-

576 3761 824 3822 taverint,
855 3761 1072 3816 audient
1101 3760 1153 3815 in
1195 3763 1319 3826 line,
1349 3760 1526 3833 Ligate
1557 3763 1660 3817 illis
1699 3780 1881 3819 manus
1909 3774 1957 3820 et
1991 3766 2160 3836 pedes,

576 3857 626 3902 et
648 3851 878 3923 projicite
901 3852 954 3906 in
978 3851 1206 3906 tenebras
1236 3855 1527 3908 exteriores.

651 3939 705 3995 9.
749 3940 889 3995 Tunc
913 3943 1156 4015 scriptam
1183 3961 1307 4010 esse,
1330 3943 1483 3999 Zelus
1503 3944 1684 4000 domus
1709 3955 1808 4001 tute
1830 3948 2042 4003 comedit
2063 3965 2158 4017 me,

576 4033 829 4088 recordati
863 4047 979 4090 sunt
1017 4036 1252 4107 discipuli
1282 4037 1444 4105 :quia
1480 4038 1595 4092 zelo
1638 4038 1827 4095 donms
1876 4040 1965 4096 Dei
2008 4041 2167 4111 ejecit

578 4125 711 4181 istos
737 4125 803 4180 de
829 4127 1028 4196 urmplo
1056 4128 1327 4182 Dominus.
1362 4128 1596 4192 Fratres,
1626 4131 1988 4201 unuSquisque
2016 4132 2167 4187 chri-

576 4215 780 4271 stiauus
806 4217 856 4271 in
890 4219 1142 4273 membris
1185 4219 1380 4274 Christi
1415 4221 1530 4275 zelo
1555 4220 1746 4275 donms
1791 4221 1880 4276 Dei
1911 4224 2162 4278 comeda-

578 4316 684 4362 tur.
722 4308 850 4376 Quis
874 4311 1170 4366 comeditnr
1190 4312 1306 4366 zelo
1331 4312 1521 4368 domus
1551 4313 1682 4368 Dei?
1707 4313 1806 4382 Qui
1839 4316 2017 4369 omnia
2045 4331 2164 4386 qua:

580 4399 722 4455 forte
748 4402 817 4456 ibi
849 4403 986 4458 videt
1022 4419 1291 4472 perversa,
1337 4406 1525 4474 satagit
1565 4406 1778 4475 corrigi,
1809 4407 1956 4475 cupit
1983 4421 2167 4461 emen-

583 4489 753 4552 dari‘,
781 4509 883 4546 lion
909 4493 1133 4562 quiescit
1158 4511 1169 4545 :
1199 4495 1242 4547 si
1271 4496 1556 4550 emendare
1593 4511 1696 4549 non
1722 4505 1914 4565 potest,
1952 4497 2162 4565 tolerat,

579 4581 764 4650 gemit.
797 4580 913 4636 Non
952 4583 1218 4637 excutitur
1245 4583 1312 4637 de
1355 4599 1476 4639 area
1520 4600 1768 4654 granum,
1810 4587 2035 4642 sustinet
2070 4605 2165 4659 pa-

582 4673 753 4739 leam;
776 4684 828 4728 ut
853 4674 1007 4730 intret
1036 4675 1086 4728 in
1108 4674 1377 4737 horreum,
1396 4692 1516 4731 cum
1545 4677 1693 4746 palea
1720 4678 1875 4734 fuerit
1899 4692 2163 4749 separata.

590 4764 670 4820 Tu
694 4774 820 4822 ante
851 4767 1121 4832 horreum,
1149 4767 1191 4821 si
1219 4783 1439 4837 granum
1469 4785 1548 4834 es,
1580 4770 1685 4824 noli
1712 4771 1884 4826 excuti
1915 4771 1984 4826 de
2005 4787 2162 4839 area;

587 4871 657 4911 ne
684 4856 827 4925 prius
851 4857 919 4911 ab
955 4858 1141 4912 avibus
1168 4858 1456 4928 colligaris,
1487 4876 1643 4930 quam
1675 4861 1727 4914 in
1759 4861 2008 4918 horreum
2036 4879 2166 4920 con-

583 4950 839 5019 gregeris.
866 4947 1006 5003 Aves
1029 4949 1172 5004 enim
1198 4949 1319 5006 celi
1352 4951 1511 5006 aeria:
1539 4961 1826 5021 potestates
1853 4962 2168 5022 exspectant

579 5037 780 5109 aliquid
815 5054 1001 5108 rapere
1029 5040 1098 5095 de
1124 5056 1270 5108 arca,
1300 5049 1356 5097 et
1381 5056 1485 5097 non
1513 5043 1722 5112 rapiunt
1745 5044 1845 5098 nisi
1871 5046 2011 5116 quod
2041 5045 2165 5102 inde

546 5117 548 5120 i
581 5131 742 5187 luerit
770 5147 1075 5187 excussum.
1118 5134 1259 5204 Ergo
1284 5135 1430 5190 zelus
1459 5134 1650 5189 domus
1674 5135 1764 5190 Dei
1799 5137 2042 5191 comedat
2071 5149 2123 5194 te
2148 5157 2162 5192 :

583 5239 1013 5295 unumquemque
1054 5225 1400 5280 christianum
1451 5227 1596 5281 zelus
1634 5227 1824 5283 domus
1866 5231 1956 5286 Dei
2015 5226 2164 5286 cum-

579 5318 788 5383 edat.in
820 5335 921 5390 qua
947 5320 1108 5375 domo
1137 5321 1226 5375 Dei
1256 5320 1548 5376 membrum
1564 5331 1663 5376 est.
1691 5320 1805 5377 Non
1831 5324 1972 5378 enim
1998 5325 2166 5394 magis

578 5424 664 5470 est
688 5414 880 5470 domus
919 5423 1028 5482 tua,
1056 5430 1213 5486 quam
1245 5414 1435 5470 domus
1461 5415 1549 5469 ubi
1579 5415 1744 5470 habes
1771 5417 1995 5473 salutem
2023 5432 2166 5473 sem-

580 5507 866 5577 piternam.
897 5506 1120 5561 Domum
1150 5515 1293 5560 tuam
1326 5507 1491 5561 intras
1520 5516 1734 5576 propter
1771 5510 2005 5579 requiem
2034 5516 2168 5563 tem-

584 5599 821 5670 poralem
843 5617 858 5663 ;
882 5598 1100 5654 domum
1137 5599 1231 5654 Dei
1269 5599 1434 5654 intras
1457 5609 1674 5670 propter
1703 5601 1938 5670 requiem
1969 5599 2166 5670 sempi-

585 5699 809 5747 ternam.
869 5688 926 5747 Si
952 5685 1100 5762 ergo
1139 5690 1192 5744 in
1245 5689 1407 5744 domo
1460 5699 1545 5744 tua
1590 5705 1658 5745 ne
1695 5689 1820 5760 quid
1862 5705 2164 5760 perversum

585 5779 679 5837 Lat
700 5782 930 5853 satagis;
956 5782 1008 5838 in
1035 5782 1198 5838 domo
1224 5782 1316 5837 Dei
1339 5781 1426 5836 ubi
1456 5781 1598 5836 salus
1617 5782 1886 5852 proposita
1911 5793 1993 5837 est
2013 5793 2069 5838 et
2086 5801 2169 5839 re-

650 5892 669 5926 ι
690 5893 766 5945 Sic
783 5900 892 5945 Mss.
912 5899 969 5946 At
986 5893 1125 5958 editi,
1145 5892 1318 5958 satagit
1339 5890 1617 5953 mundare,
1636 5891 1771 5958 cupit
1789 5889 2049 5959 corrigere.

1513 442 1578 500 IN
1613 438 1892 500 JOANNIS
1929 432 2392 500 EVANGELlUll,
2431 431 2490 490 S.
2531 428 2892 489 AUGUSTINI

3734 430 3852 490 ll?!

2252 563 2404 619 quies
2431 552 2546 604 sine
2576 550 2700 611 line.
2727 554 2894 610 debes
2923 546 3028 616 pati
3058 551 3335 618 quantum
3366 539 3427 602 in
3456 551 3514 601 te
3548 553 3654 613 est,
3680 545 3849 620 siquid

2252 643 2388 698 forte
2421 655 2726 712 perversum
2755 639 2986 696 videris?
3016 639 3174 696 Verbi
3215 640 3428 711 gratia,
3463 639 3616 693 vides
3652 638 3846 698 fratrem

2251 747 2468 788 currere
2492 731 2559 786 ad
2585 731 2889 788 theatrum?
2927 731 3170 801 prohibe,
3207 745 3408 798 mone,
3450 731 3780 798 contristare,
3806 734 3846 789 si

2253 825 2400 880 zelus
2420 825 2615 880 domus
2652 825 2744 881 Dei
2785 823 3020 882 comedit
3045 835 3118 882 te.
3150 825 3328 880 Vides
3381 825 3522 879 alios
3563 839 3774 882 currere
3803 837 3852 884 et

2253 917 2503 973 inebriari
2525 918 2681 984 velle,
2702 928 2757 974 et
2779 918 2880 973 hoc
2900 918 3036 974 velle
3062 918 3113 972 in
3138 917 3284 973 locis
3314 917 3552 976 sanctis.
3578 919 3718 988 quod
3739 936 3847 975 ous-

2255 1026 2413 1081 qnam
2449 1010 2640 1067 decet?
2685 1011 2908 1082 prohibe
2946 1027 3079 1082 quos
3124 1021 3308 1082 potes,
3352 1019 3488 1066 tene
3525 1026 3663 1082 quos
3697 1022 3849 1084 putes,

2257 1110 2399 1156 terre
2423 1117 2558 1173 quos
2587 1113 2758 1172 ponas,
2798 1104 2994 1175 quibus
3022 1113 3173 1174 potes
3205 1102 3503 1163 blandire:
3550 1104 3659 1160 noli
3697 1114 3850 1164 ulmea

2255 1195 2552 1265 quiescere.
2576 1195 2793 1251 Amicus
2812 1197 2929 1252 est?
2957 1195 3323 1252 admoneatur
3345 1195 3576 1252 leniter.
3600 1195 3740 1252 Uxor
3753 1200 3853 1254 est?

2257 1286 2592 1342 severissime
2617 1286 2936 1344 refrenetur.
2967 1288 3170 1344 Ancilla
3207 1287 3340 1344 est?
3367 1287 3540 1344 etiam
3570 1288 3852 1347 verberibus

2256 1387 2641 1446 compescatur.
2690 1378 2793 1435 Fac
2821 1379 3072 1451 quidquid
3103 1388 3286 1451 potes,
3321 1395 3426 1450 pro
3460 1395 3693 1448 persona
3715 1398 3850 1451 quam

2255 1480 2467 1542 portas;
2509 1481 2566 1527 et
2595 1474 2823 1542 perficis,
2866 1472 3022 1528 Zelus
3053 1471 3238 1527 doctius
3271 1481 3383 1528 utar
3411 1471 3641 1527 consedit
3683 1490 3772 1528 me.
3804 1475 3851 1532 Si

2257 1573 2434 1619 autem
2462 1564 2622 1619 fueris
2637 1563 2878 1635 frigidus,
2907 1554 3196 1630 marcidus,
3217 1563 3291 1619 ad
3318 1574 3378 1619 te
3393 1563 3579 1618 solum
3604 1573 3850 1633 spectans,

2258 1663 2313 1710 et
2338 1657 2486 1726 quasi
2515 1655 2606 1710 tibi
2643 1655 2931 1720 sufﬁciens,
2964 1664 3018 1710 et
3053 1655 3245 1710 dicens
3295 1654 3351 1708 in
3382 1653 3562 1710 eo"de
3600 1663 3710 1717 tuo,
3735 1656 3849 1723 Quid

2259 1746 2388 1800 mihi
2435 1755 2519 1800 est
2548 1761 2735 1801 curare
2774 1745 2944 1801 aliena
2981 1746 3240 1815 peccata?
3268 1744 3485 1801 sufﬁcit
3533 1745 3665 1802 tnihi
3699 1746 3850 1802 anima

2260 1855 2407 1904 mea;
2438 1840 2605 1908 ipsam
2638 1840 2894 1910 integram
2928 1853 3138 1894 servem
3171 1839 3290 1894 Deo
3318 1857 3332 1892 :
3361 1838 3473 1899 eia,
3522 1852 3631 1892 non
3659 1838 3745 1894 tibi
3774 1853 3848 1895 vc-

2260 1931 2339 1984 nit
2364 1932 2412 1984 in
2445 1939 2674 1985 mentem
2707 1946 2893 1986 servus
2936 1930 3025 1985 ille
3050 1930 3140 2000 qui
3170 1927 3479 1985 abscondit
3513 1928 3782 1996 talentum,
3805 1938 3849 1984 et

2261 2023 2428 2077 noluit
2471 2024 2729 2092 erogare?
2773 2021 3038 2092 Numquid
3091 2022 3238 2078 enim
3289 2031 3591 2076 accusatus
3627 2033 3710 2077 est
3747 2021 3845 2094 quia

2261 2115 2510 2187 perdidit,
2534 2126 2588 2172 et
2616 2132 2724 2172 non
2754 2117 2874 2187 quia
2905 2117 3022 2170 sine
3054 2117 3207 2172 lucro
3233 2116 3487 2172 servavit
3510 2113 3720 2185 (Matth.
3739 2129 3846 2180 xxv,

2260 2209 2494 2280 ‘25-'50)?
2521 2209 2610 2264 Sic
2636 2223 2763 2278 ergo
2788 2208 2986 2272 audite,
3014 2207 3202 2263 fratres
3224 2207 3362 2273 mei,
3393 2218 3457 2261 ut
3497 2221 3607 2262 non
3631 2207 3845 2277 quiesca-

2263 2301 2350 2356 tis.
2379 2301 2493 2371 Ego
2520 2301 2670 2356 vobis
2685 2301 2965 2356 consilium
2991 2299 3212 2355 daturus
3229 2314 3360 2356 sum
3393 2317 3407 2354 :
3441 2299 3539 2354 det
3568 2299 3657 2355 ille
3679 2298 3760 2369 qui
3782 2297 3844 2352 ia.

2264 2401 2348 2446 tus
2373 2401 2480 2458 est;
2511 2392 2631 2462 quia
2658 2393 2755 2446 etsi
2787 2408 2881 2463 per
2907 2408 2991 2446 me
3017 2390 3242 2455 dederit,
3276 2390 3373 2446 ille
3402 2390 3520 2444 dat.
3550 2389 3724 2444 Nostis
3741 2387 3845 2458 quid

2263 2484 2432 2553 agatis
2457 2486 2820 2554 unusquisque
2845 2485 2898 2538 in
2931 2483 3093 2538 domo
3121 2499 3215 2538 sua
3241 2497 3374 2538 cum
3402 2482 3605 2547 amico,
3630 2497 3744 2536 cum
3775 2480 3843 2534 in-

2262 2577 2486 2646 quilino,
2519 2591 2639 2630 cum
2667 2575 2861 2630 cliente
2886 2590 3006 2640 suo,
3037 2589 3157 2630 cum
3187 2578 3431 2641 majore,
3461 2589 3587 2629 cum
3624 2572 3840 2628 minore:

2263 2668 2532 2738 quomodo
2560 2667 2652 2722 dat
2683 2668 2823 2722 Deus
2862 2667 3085 2733 aditum,
3131 2666 3418 2736 quomodo
3456 2666 3638 2734 aperit
3652 2664 3842 2734 jauuam

2263 2761 2428 2814 verbo
2454 2773 2572 2822 suo,
2607 2758 2767 2812 nolite
2795 2759 3070 2828 quiescere
3101 2757 3303 2812 lucrari
3341 2755 3604 2820 Christo;
3637 2754 3747 2825 quia
3773 2752 3842 2806 lu-

2263 2851 2393 2905 crati
2413 2850 2543 2905 estis
2569 2865 2600 2902 a
2626 2847 2856 2902 Christo.
3478 2912 3482 2916 ,

2337 2943 2424 2998 10.
2470 2961 2489 2992 ι
2526 2942 2785 2997 Dixerunt
2823 2940 2894 2995 illi
2924 2938 3092 2995 Judasi
3121 2957 3134 2994 :
3161 2938 3320 3006 Quod
3368 2938 3588 3007 signum
3629 2931 3838 2990 ostendis

2265 3035 2437 3098 nobis,
2468 3034 2589 3104 quia
2620 3033 2735 3088 [nec
2762 3032 2928 3087 facis?
2958 3052 2976 3083 ι
3004 3031 3071 3086 Et
3097 3031 3361 3085 Dominus
3387 3048 3401 3083 :
3438 3048 3457 3080 ι
3491 3027 3696 3085 Solvite
3719 3035 3836 3081 tetu-

2265 3127 2409 3197 phun
2439 3127 2556 3190 hoc,
2583 3126 2713 3179 etin
2743 3125 2912 3178 tribus
2931 3122 3118 3178 diebus
3145 3122 3399 3176 excitabo
3426 3120 3580 3176 illud.
3612 3119 3837 3172 Dixerunt

2266 3234 2392 3289 ergo
2415 3218 2582 3274 Judaei
2607 3235 2620 3270 :
2653 3215 3006 3284 Quadraginta
3035 3223 3090 3269 et
3119 3228 3216 3267 sex
3249 3213 3413 3268 annis
3440 3211 3836 3266 :edificatumeSt

2268 3312 2520 3382 templum
2555 3311 2676 3376 hoc,
2717 3319 2770 3364 ct
2805 3317 2859 3363 tu
2886 3307 3040 3373 dicis,
3075 3306 3129 3360 lu
3175 3306 3353 3360 tribus
3391 3305 3589 3360 diebus
3619 3296 3837 3376 excitabo

2267 3405 2436 3461 illud?
2459 3423 2478 3455 ι
2509 3405 2647 3459 Caro
2678 3410 2853 3466 erant,
2883 3399 3117 3455 carnalia
3148 3397 3439 3466 sapiebant
3465 3414 3480 3450 :
3512 3396 3599 3450 ille
3626 3406 3745 3448 vero
3766 3389 3833 3443 lo-

2268 3501 2526 3570 quebatur
2561 3495 2924 3566 spiritualiter.
2963 3493 3093 3560 Quis
3129 3500 3307 3547 autem
3350 3497 3538 3560 posset
3569 3485 3834 3554 intelligere

2268 3592 2337 3648 de
2365 3605 2471 3662 quo
2499 3589 2696 3657 templo
2719 3585 2964 3640 dicebat?
2987 3583 3091 3638 Sed
3135 3596 3242 3636 non
3274 3581 3507 3636 multum
3537 3575 3830 3662 quzeritnus;

2269 3696 2368 3751 per
2383 3660 2790 3749 iEvaogelistam
2818 3674 2973 3730 nobis
2999 3673 3230 3743 aperuit,
3258 3672 3393 3728 divit
3430 3671 3499 3726 de
3531 3686 3634 3739 quo
3663 3660 3830 3733 templo

2268 3771 2506 3827 diceret:
2538 3770 2730 3826 Solvite
2753 3766 2992 3836 templum
3026 3765 3141 3828 hoc,
3177 3774 3223 3817 et
3248 3765 3302 3817 in
3334 3762 3499 3816 tribus
3529 3761 3695 3814 diebus
3717 3751 3828 3808 exci-

2272 3864 2386 3917 tabo
2436 3862 2586 3916 illud.
2637 3859 2986 3928 Quadraginta
3030 3865 3077 3910 et
3118 3872 3207 3909 sex
3245 3855 3399 3909 armis
3433 3852 3736 3912 mdiﬁcntnut
3760 3851 3830 3916 est

2273 3955 2533 4024 templum,
2561 3961 2608 4006 et
2637 3951 2802 4004 tritluo
2824 3946 3084 4003 suscitabis
3107 3945 3281 4000 illud?
3312 3944 3526 3998 Dicebat
3562 3949 3740 4001 autem,
3769 3931 3829 3986 ait

2274 4044 2630 4114 Evangelista,
2673 4041 2736 4095 de
2774 4040 2958 4110 templo
2995 4037 3222 4106 corporis
3250 4036 3353 4090 sui.
3412 4035 3480 4088 lit
3525 4027 3828 4086 tmtnifestutn

2273 4149 2375 4204 ρει,
2423 4137 2654 4192 occisum
2703 4133 2980 4188 Dominum
3033 4138 3150 4200 post
3192 4129 3430 4184 triduum
3483 4118 3824 4181 rcsurrexisse-

2273 4230 2386 4285 Hoc
2422 4227 2581 4282 modo
2620 4225 2867 4279 omnibus
2913 4222 3066 4277 nobis
3101 4230 3284 4276 notum
3330 4231 3417 4276 est
3451 4234 3464 4268 ε
3496 4224 3551 4272 et
3587 4214 3630 4269 si
3658 4206 3827 4266 ,Ιηὼὼ

2274 4321 2512 4376 clausum
2558 4326 2659 4383 est,
2690 4317 2812 4388 quia
2845 4315 2971 4369 foris
3008 4323 3182 4378 stant;
3222 4312 3378 4366 nobis
3404 4320 3580 4366 tamen
3615 4307 3823 4374 apertum

2274 4419 2376 4475 est,
2404 4409 2524 4479 quia
2547 4407 2858 4462 novimusin
2878 4421 3036 4477 quem
3062 4403 3351 4458 credimus.
3381 4399 3554 4470 Ipsius
3573 4389 3736 4473 tt‘mpii
3755 4400 3826 4440 εθ-

2275 4503 2528 4558 lationem
2549 4509 2604 4555 et
2621 4498 3106 4559 retudilicationem,
3130 4493 3496 4549 anniversaria
3522 4481 3822 4544 solemnitate

2274 4595 2588 4651 celebraturi
2617 4607 2801 4646 Stltlltls
2824 4608 2838 4644 :
2861 4590 2924 4644 ad
2947 4603 3105 4660 quam
3128 4602 3222 4642 vos
3246 4585 3608 4644 exhortamur,
3639 4584 3690 4666 ut
3709 4582 3821 4666 ιξπιξο

2275 4685 2473 4756 paretis
2509 4699 2626 4750 vos,
2671 4685 2713 4736 si
2751 4681 2841 4752 qui
2879 4680 3008 4735 estis
3042 4675 3434 4740 catechumeni,
3483 4680 3540 4725 ut
3577 4660 3817 4756 accipin“!

2272 4753 2532 4852 gratiam;
2549 4777 2658 4847 jam
2687 4789 2826 4829 nunc
2855 4783 3062 4840 tempus
3094 4777 3196 4829 est,
3222 4768 3330 4838 jam
3364 4780 3502 4821 nunc
3529 4753 3818 4833 parturiat“!

2273 4867 2416 4940 quod
2443 4875 2568 4922 tunc
2599 4873 2864 4920 nascatur.
2887 4861 3026 4931 Ergo
3056 4859 3180 4915 illud
3207 4858 3471 4914 novinms.

2351 4961 2434 5014 ll.
2475 4957 2584 5014 Sed
2615 4955 2747 5010 forte
2786 4953 2886 5008 hoc
2922 4951 3149 5022 exigitur
3180 4965 3212 5004 a
3241 4947 3414 5011 notis,
3447 4956 3615 4999 utrum
3653 4932 3814 4992 habe“

2273 5049 2488 5122 aliquod
2515 5056 2901 5103 sacramentum
2929 5042 3272 5114 quadraginta
3300 5055 3395 5095 sex
3435 5035 3584 5093 annis
3618 5026 3815 5122 παρηίσιν

2275 5118 2386 5197 tum
2416 5139 2691 5208 templum.
2718 5136 2854 5192 Sunt
2878 5130 3090 5204 quidem
3117 5132 3278 5186 multa
3304 5145 3423 5196 qua:
3453 5128 3570 5182 hinc
3593 5118 3809 5213 dici

2275 5235 2409 5298 sint;
2449 5206 2544 5286 sed
2568 5230 2709 5300 quod
2739 5229 2972 5282 breviter
2999 5225 3100 5279 dici
3130 5233 3302 5294 potest
3331 5232 3386 5279 et
3419 5218 3566 5273 facile
3600 5206 3806 5300 intelligi.

2275 5326 2377 5380 hoc
2396 5294 2607 5381 interitu
2628 5320 2872 5376 dicimus.
2897 5317 3133 5381 Fratres,
3155 5315 3389 5370 diximus
3405 5311 3535 5380 jam,
3550 5303 3639 5360 nisi
3661 5294 3806 5352 fallor,

2236 5472 2238 5474 ,
2275 5417 2527 5474 hesterno
2555 5414 2666 5478 die,
2696 5411 2866 5467 Adam
2897 5426 3058 5465 unum
3081 5407 3349 5463 hominem
3379 5403 3556 5464 fuisse,
3589 5401 3639 5449 et
3664 5391 3807 5460 ipsum

2276 5525 2396 5565 esse
2422 5517 2588 5564 totum
2615 5519 2782 5576 genus
2804 5503 3113 5558 lmmanum.
3139 5499 3270 5554 Nam
3303 5498 3369 5552 ita
3393 5492 3628 5550 diximus,
3652 5479 3690 5534 si
3716 5486 3805 5576 tuo:

2276 5601 2509 5657 ministis
2535 5567 2645 5670 (In.
2661 5595 2908 5666 superiori
2935 5591 3215 5664 Tractattt).
3245 5588 3403 5669 Quasi
3440 5585 3621 5666 fractus
3647 5578 3735 5632 ρει,
3762 5567 3806 5670 ξι

2277 5707 2493 5764 sparsus
2533 5666 2827 5758 colligitur,
2871 5695 2927 5741 et
2957 5684 3111 5756 quasi
3160 5667 3422 5738 conflatur
3462 5677 3511 5729 in
3549 5676 3693 5764 unum
3730 5666 3803 5764 8ιῖ-

2274 5757 2469 5842 cictate
2519 5757 2681 5852 atque
2723 5778 3005 5834 concordia
3047 5775 3358 5848 spirituali'.
3408 5772 3466 5825 lit
3507 5758 3657 5837 gemit
3689 5757 3802 5806 υηυθ

2340 5897 2356 5931 ι
2379 5895 2453 5946 sic
2471 5900 2579 5945 Mss.
2604 5899 2661 5943 Λι
2683 5891 2817 5954 editi,
2839 5889 2891 5942 in
2913 5903 3058 5942 totam
3076 5887 3347 5940 societatem
3370 5888 3504 5948 atque
3538 5858 3799 5926 milia!
