4036 6388
169 344 294 409 1473

167 477 355 536 μνη-ει·
387 463 554 519 modo
591 461 706 536 ipse
732 458 925 529 Adam,
952 460 1044 520 sed
1076 463 1131 519 in
1165 461 1384 519 Christo
1408 461 1737 517 innovatur:

165 558 276 630 quia
296 558 413 612 sine
430 566 666 626 peccato
686 556 827 612 venit
854 554 1043 620 Adam,
1072 563 1128 609 ιιι
1144 564 1419 626 peccatum
1441 552 1612 609 Adam
1631 551 1742 609 sol-

164 656 296 705 rvret
317 648 372 703 in
388 661 557 715 eam
584 660 703 713 sua,
722 656 777 701 et
796 655 854 702 ut
874 646 1260 717 redintegraret
1282 644 1385 701 sibi
1412 642 1582 700 Adam
1604 643 1739 700 ima-

162 756 321 813 ginem
349 740 364 773 '
395 738 515 795 Dei.
557 738 639 793 De
678 738 846 794 Adam
882 752 1012 809 ergo
1051 751 1181 793 caro
1205 736 1399 793 Chrisli
1433 753 1447 790 :
1477 736 1545 791 de
1570 735 1739 791 Adam

162 847 281 903 ergo
304 832 567 901 templum
591 829 735 902 quod
758 829 1139 885 destruat-runt
1160 828 1352 895 Judmi,
1380 828 1737 884 ctresnscita-

161 926 229 981 vit
254 923 505 980 “minus
532 918 734 978 triduo.
758 921 1120 978 lit-suscitavit
1143 919 1285 976 enim
1314 934 1534 977 carnem
1552 934 1734 975 suam:

160 1017 343 1083 videte,
365 1016 493 1088 quia
525 1015 670 1073 Dens
691 1024 805 1071 erat
823 1014 1048 1085 a-qualis
1070 1013 1236 1070 Patri.
1263 1012 1481 1069 Fratres
1508 1012 1637 1080 mei,
1665 1010 1741 1065 die

160 1110 227 1166 cit
247 1108 559 1178 Apostolus,
596 1106 696 1174 Qui
717 1122 832 1161 eum
860 1105 1092 1162 excitarit
1110 1121 1143 1158 α
1166 1104 1395 1159 mortuis.
1427 1102 1505 1159 De
1522 1118 1631 1175 quo
1652 1101 1739 1158 di-

161 1200 261 1257 cit?
279 1200 351 1256 De
372 1198 538 1255 Patre
563 1213 581 1250 :
609 1217 628 1251 ι
659 1197 873 1266 l-'actns,
899 1217 918 1250 ι
945 1196 1135 1267 inquit,
1163 1212 1184 1247 ι
1211 1195 1466 1252 obediens
1483 1208 1650 1265 usque
1667 1191 1738 1249 ad

165 1299 392 1357 mortem,
422 1301 657 1345 mortem
678 1300 855 1346 autem
879 1289 1092 1344 crucis:
1126 1296 1339 1358 propter
1363 1284 1505 1356 quod
1524 1296 1580 1342 et
1598 1285 1738 1341 Deus

163 1382 295 1440 illum
308 1380 570 1437 excitavit
595 1394 628 1436 a
651 1379 933 1446 mortuis',
955 1390 1009 1436 et
1035 1377 1184 1435 dedit
1201 1378 1251 1433 ei
1274 1391 1468 1432 nomen
1493 1375 1633 1447 quod
1652 1383 1739 1432 est

162 1490 303 1548 super
324 1488 488 1531 omne
512 1489 712 1530 nomen
740 1492 761 1526 ι
790 1471 1051 1544 (Philipp.
1080 1487 1137 1537 tt,
1169 1471 1224 1536 8,
1250 1469 1329 1543 9).
1366 1468 1737 1527 Resuscitat‘us

164 1577 213 1624 et
227 1567 480 1624 esalcttus
508 1575 597 1622 est
616 1564 892 1621 Dominus.
916 1564 1271 1622 llcsnscitavit
1295 1581 1440 1626 cum.
1465 1564 1621 1635 quis?
1636 1564 1737 1620 Pa-

168 1670 255 1726 ter,
277 1662 357 1717 cui
384 1658 525 1716 dixit
553 1659 609 1714 in
637 1658 884 1726 Psalmis,
928 1657 1113 1713 Excita
1153 1675 1251 1724 me,
1294 1668 1341 1713 et
1369 1656 1582 1712 reddam
1607 1657 1731 1714 illis.

164 1752 315 1826 (ιιωι.
344 1768 429 1816 ιι..
460 1753 579 1826 ll).
621 1753 764 1823 Ergo
794 1752 952 1807 Pater
981 1766 1104 1807 eum
1137 1751 1491 1806 resuscitavit.
1532 1748 1735 1823 NODjO

165 1842 296 1916 ipse?
319 1843 454 1914 Qttid
481 1842 669 1900 autem
707 1842 832 1900 facit
873 1843 1032 1899 Pater
1055 1844 1174 1899 sine
1207 1841 1424 1898 Verbo?
1448 1842 1574 1914 quid
1604 1842 1734 1898 facit

164 1935 305 1994 Pater
334 1939 448 1993 sine
464 1936 642 1993 Unico
687 1936 821 1993 stin?
864 1934 996 1990 Nam
1030 1936 1153 1990 audi
1186 1935 1313 2006 quia
1346 1944 1402 1989 et
1447 1935 1560 2005 ipse
1591 1935 1734 1990 Deus

166 2037 272 2084 erat
292 2044 311 2083 :
340 2028 526 2085 Solvite
550 2028 799 2100 templum
831 2027 946 2091 hoc,
975 2036 1022 2082 et
1049 2027 1101 2081 in
1128 2028 1286 2081 tribus
1313 2026 1486 2083 diebus
1503 2027 1732 2081 excitabo

166 2118 308 2173 illud.
332 2118 581 2190 Numquid
598 2119 757 2185 dixit,
776 2118 978 2174 Solvite
993 2119 1272 2187 templum,
1291 2117 1430 2188 quod
1448 2117 1623 2173 triduo
1642 2117 1732 2172 Pa-

167 2219 244 2267 ter
261 2213 560 2269 resuscitet?
581 2210 694 2268 Sed
714 2211 985 2283 quomodo
999 2225 1120 2267 cum
1140 2210 1295 2267 Pater
1313 2211 1554 2277 suscitat,
1571 2220 1627 2266 et
1644 2209 1732 2264 Fi-

166 2300 257 2357 lius
272 2304 505 2369 suscitat;
532 2305 617 2359 sic
636 2319 759 2359 cum
784 2300 1198 2366 Filiussuscitat.
1220 2313 1275 2359 et
1295 2302 1452 2359 Pater
1475 2305 1723 2359 suscitat:

164 2394 269 2465 quia
284 2394 610 2463 Filiusdixit,
634 2394 746 2468 Ego
757 2406 804 2450 et
817 2392 974 2452 Pater
984 2414 1139 2452 unum
1154 2413 1328 2452 sumus
1341 2395 1394 2469 (1
1401 2413 1515 2450 υαη.
1538 2411 1596 2462 κ,
1609 2395 1724 2468 30).

224 2485 304 2542 12.
339 2487 470 2556 Quid
512 2503 651 2560 ergo
688 2488 789 2544 sibi
836 2488 950 2545 vult
991 2505 1245 2546 numerus
1277 2489 1730 2561 quadragenarius

165 2579 416 2637 senarius?
445 2582 670 2638 Interim
707 2583 822 2653 ipse
855 2581 1025 2637 Adam
1049 2582 1172 2654 quia
1215 2598 1309 2654 per
1334 2592 1500 2639 totum
1540 2582 1728 2639 orbem

166 2678 393 2728 terrarum
417 2682 527 2741 est,
553 2673 782 2731 audistis
805 2675 913 2744 jam
940 2674 1192 2731 hesterno
1211 2674 1297 2730 die
1323 2673 1376 2730 in
1396 2682 1625 2746 quatuor
1644 2673 1730 2729 lit-

161 2767 267 2819 teris
296 2769 481 2838 grecis
534 2776 762 2840 quatuor
807 2767 1091 2824 verborqu
1128 2780 1445 2838 grzccorum.
1488 2764 1546 2821 Si
1582 2766 1725 2823 enim

163 2856 246 2911 ista
261 2858 402 2913 verba
422 2871 669 2931 qltatuor
687 2859 891 2917 scribas
918 2858 1019 2915 sub
1040 2858 1288 2925 invicem,
1314 2858 1363 2913 id
1389 2866 1492 2923 est,
1512 2858 1727 2915 nomina

161 2957 354 3018 quath
373 2953 611 3021 partium
643 2949 847 3018 mundi,
869 2949 1122 3016 Orientis,
1144 2948 1470 3014 Occidentis,
1499 2949 1725 3020 Aquilo-

164 3040 231 3096 nis
251 3052 299 3098 et
322 3041 623 3107 Meridiani,
646 3042 787 3115 quod
809 3051 894 3099 est
917 3052 1061 3098 tatus
1087 3043 1266 3108 orbis;
1298 3041 1439 3097 unde
1465 3041 1595 3096 dicit
1619 3042 1725 3097 Do-

164 3132 310 3190 minus
334 3151 364 3191 a
386 3147 628 3207 quatuor
656 3136 830 3192 ventis
865 3135 1218 3192 collecturum
1246 3150 1308 3191 se
1332 3135 1535 3190 electos
1571 3149 1721 3204 suos,

165 3237 263 3280 cum
284 3229 485 3285 venerit
509 3228 576 3285 ad
598 3228 859 3299 judicium
886 3225 1076 3300 (Marc.
1103 3243 1222 3291 xm,
1247 3226 1380 3297 27):
1410 3228 1454 3283 si
1477 3228 1619 3283 enim
1643 3225 1725 3281 fa-

165 3314 258 3371 cias
285 3317 375 3376 ista
407 3331 646 3392 qstautor
682 3320 897 3377 nomina
940 3335 1135 3392 gneca,
1178 3324 1413 3386 ἀνατολὴ,
1458 3319 1600 3391 quod
1640 3328 1727 3376 est

166 3404 361 3478 Oriens;
401 3416 561 3475 δὺσις,
602 3412 746 3484 quod
788 3422 873 3469 est
912 3411 1203 3475 Occidens;
1233 3416 1426 3481 ἄρκτος,
1465 3410 1606 3482 quod
1641 3420 1725 3468 est

166 3493 463 3567 Septentrio;
504 3512 810 3574 μεσημϐρία,
846 3503 987 3574 quod
1026 3510 1110 3558 est
1142 3501 1427 3559 Meridies:
1460 3502 1716 3570 Anatnle,

168 3584 517 3659 ἠδίκει-ειυς,
556 3593 895 3660 mesembria,
916 3594 1087 3664 capita
1118 3592 1404 3650 verborum
1435 3593 1602 3649 Adam
1626 3593 1724 3650 ha-

168 3676 285 3736 bent.
309 3684 588 3752 Quomodo
626 3701 757 3758 ergo
799 3686 871 3741 ibi
910 3687 1213 3743 invenimus
1258 3698 1313 3745 ει
1352 3687 1722 3759 quadragena-

167 3769 279 3827 tiutn
299 3776 566 3834 senarium
589 3778 905 3833 numerum?
928 3778 1061 3847 Quia
1084 3792 1212 3833 caro
1233 3777 1431 3834 Christi
1458 3778 1526 3836 de
1553 3779 1722 3839 Adam

169 3871 279 3918 etet.
296 3866 369 3921 Ad
389 3868 600 3923 litteras
620 3883 875 3924 numeros
891 3878 1203 3939 computant
1224 3868 1416 3925 Graeci.
1444 3869 1597 3937 Quod
1624 3885 1723 3927 nos

170 3950 356 4014 lat-intus
377 3977 408 4013 α
442 3959 699 4025 litteram,
731 3960 829 4033 ipsi
851 3960 1029 4032 lingua
1058 3977 1152 4015 sua
1182 3972 1384 4031 ponunt
1410 3961 1568 4033 alpha
1584 3985 1639 4026 α.
1666 3972 1723 4019 ει

168 4056 352 4105 Vocatur
384 4050 550 4121 alpha
578 4074 615 4105 α
643 4067 826 4106 ιιιιιιιιι.
876 4050 973 4108 libi
1013 4059 1192 4107 autem
1222 4050 1275 4107 in
1305 4053 1542 4108 numeris
1584 4054 1723 4109 scri-

168 4132 405 4198 buntheta
434 4154 495 4215 ρ,
535 4141 676 4212 quod
702 4152 786 4199 est
807 4142 838 4197 ιι
868 4142 1125 4214 ipsorum,
1157 4154 1374 4200 vocatur
1402 4144 1454 4199 in
1485 4145 1723 4201 numeris

172 4226 273 4286 duo.
292 4230 381 4293 libi
405 4234 650 4291 scribunt
683 4250 892 4306 gamma
912 4258 962 4301 ν,
989 4244 1208 4291 vocatur
1232 4235 1285 4290 in
1313 4236 1551 4292 numeris
1576 4235 1722 4306 ipso-

174 4330 269 4375 rum
304 4325 419 4379 tria.
459 4324 560 4382 Ubi
603 4326 844 4381 scribunt
869 4324 1010 4383 delta
1053 4330 1099 4389 δ,
1153 4335 1373 4381 vocatur
1399 4327 1451 4382 in
1487 4327 1724 4384 numeris

144 4406 372 4479 ﬁliorum
399 4426 630 4488 quatuor
657 4435 672 4475 :
704 4424 761 4474 et
785 4418 862 4474 sic
896 4434 989 4488 per
1018 4414 1208 4474 omnes
1235 4419 1442 4476 litteras
1473 4435 1725 4478 numeros

178 4499 355 4566 hbuit.
376 4507 458 4574 Π,
480 4509 622 4581 quod
650 4508 1011 4577 nosdicimus,
1032 4519 1087 4566 et
1110 4509 1181 4565 illi
1198 4509 1384 4567 dicunt
1404 4527 1492 4584 my
1511 4536 1569 4580 μ,
1593 4527 1724 4583 qua-

176 4592 380 4670 dﬂgiuta
420 4601 684 4675 signiﬁcat
711 4619 727 4658 :
756 4601 940 4658 dicunt
968 4603 1112 4659 enim
1146 4619 1232 4674 my
1276 4629 1315 4672 μ
1357 4610 1720 4676 rtemann.

177 4682 271 4745 hut
295 4691 460 4751 videte
497 4694 611 4749 ista:
638 4694 828 4750 littera:
871 4709 1030 4766 quem
1072 4711 1350 4751 numerum
1379 4694 1640 4763 habeant;
1669 4707 1726 4754 et

180 4775 238 4834 ibi
267 4780 527 4843 invenietis
554 4784 903 4857 quadraginta
933 4800 1030 4841 sex
1066 4785 1220 4841 anuis
1242 4785 1560 4843 aediﬁcatum
1591 4798 1726 4844 tem-

182 4869 316 4937 plina.
337 4875 500 4934 liabet
515 4877 660 4933 enim
686 4876 858 4933 Adam
876 4876 1037 4947 alpha
1055 4900 1113 4944 α,
1137 4878 1278 4948 quod
1296 4888 1380 4935 est
1405 4895 1566 4934 ttnum
1591 4895 1605 4934 :
1631 4880 1725 4935 ha-

183 4955 254 5017 bet
270 4964 396 5023 delet
419 4971 469 5035 δ,
489 4967 635 5038 quod
660 4978 787 5024 sunt
806 4977 1064 5039 quatuor;
1088 4968 1252 5024 habes
1270 4971 1504 5041 quinque
1530 4988 1544 5025 :
1565 4969 1726 5027 habet

185 5048 337 5115 ίιεηιι
362 5059 519 5131 alpha
535 5083 592 5129 α,
618 5060 762 5132 quod
787 5069 870 5116 est
896 5075 1094 5126 unum;
1127 5059 1292 5117 babes
1319 5076 1415 5117 sex
1444 5079 1458 5116 :
1490 5061 1649 5118 habet
1672 5071 1728 5119 et

186 5153 913 5227 l“utquodestqttadraginta:
928 5153 1093 5210 habes
1103 5155 1445 5226 quadraginta
1458 5169 1548 5212 sex
1559 5156 1725 5224 .Hzec,

188 5232 344 5299 intres
360 5244 484 5314 mei,
502 5245 663 5301 etiam
686 5245 756 5302 ab
769 5246 1119 5302 auterioribus
1133 5245 1423 5316 majoribus
1437 5249 1633 5302 nostris
1647 5248 1728 5303 di-

188 5335 256 5384 αδ
270 5344 396 5403 sunt,
409 5346 465 5392 et
478 5336 729 5392 inventus
740 5345 822 5392 est
839 5337 939 5393 iste
951 5352 1205 5394 numerus
1220 5338 1272 5393 in
1288 5337 1480 5395 litteris
1499 5339 1728 5410 quadra-

191 5428 393 5489 πηοτιυς
417 5428 664 5486 senarius
689 5429 794 5500 (ιι).
833 5428 903 5486 Et
923 5430 1046 5501 quia
1078 5429 1336 5488 Dominus
1362 5442 1547 5488 noster
1570 5430 1730 5490 .lcsus

238 5616 1041 5711 mmmam

272 5687 375 5747 ἶνα
392 5692 519 5747 ιω..
539 5687 773 5739 uallauit
792 5700 824 5736 α
844 5687 1061 5742 titortut's.

241 5738 599 5861 ξῖἒιωόυιὶἓέε
612 5751 859 5800 montibus
876 5738 1054 5805 sineret
1071 5751 1182 5804 Sion
1193 5758 1361 5805 contra
1378 5751 1586 5820 ludens,
1602 5755 1732 5813 inter

393 5822 556 5876 opera.

1361 342 1775 405 TBACTATUS
1812 343 1905 405 XI.
1941 347 2170 410 CAPUT
2206 350 2271 411 ll.

1849 458 2093 519 Christus
2115 464 2183 521 de
2209 465 2378 523 Adam
2405 482 2599 542 corpus
2617 471 2841 547 accepit,
2868 492 2974 535 non
3003 479 3075 538 de
3103 481 3270 539 Adam
3298 502 3427 556 pec-

1846 565 2023 610 catum
2051 558 2241 626 traxit;
2267 563 2518 631 templum
2545 579 2859 637 corporeum
2890 571 3012 629 inde
3046 577 3290 645 sumpsit,
3321 592 3427 634 non

1846 645 2176 718 iniquitatem
2197 667 2316 722 qua:
2342 653 2411 710 de
2431 658 2628 728 templo
2653 660 2895 730 pellenda
2914 673 3029 719 est:
3052 664 3220 736 ipsatn
3250 679 3431 728 autem

1844 752 2059 796 carnem
2084 759 2241 813 quam
2274 747 2431 802 traxit
2451 746 2520 804 de
2548 749 2716 806 Adam
2745 752 2931 823 (Maria
2966 757 3109 813 enim
3140 758 3210 815 de
3232 762 3430 828 Adam.

1843 838 1900 887 et
1925 830 2132 890 Domini
2153 850 2283 892 caro
2305 837 2372 893 de
2396 837 2606 912 Maria),
2628 842 2796 899 Judwi
2822 848 3230 919 crucitiveruut;
3258 862 3314 909 et
3344 855 3432 911 ille

1844 927 2253 985 resuscitatnrus
2288 941 2404 987 erat
2447 933 2614 1004 ipsam
2652 952 2866 995 carnem
2917 942 2969 996 in
3019 944 3210 1007 triduo.
3260 963 3423 1017 quam

1843 1015 1916 1071 illi
1961 1017 2016 1074 in
2053 1034 2217 1077 cruce
2248 1026 2662 1083 erant'occisuri
2689 1045 2704 1083 :
2734 1029 2807 1085 illi
2850 1033 3125 1090 solverunt
3164 1015 3421 1106 templum

1841 1111 2185 1181 quadraginta
2229 1129 2324 1170 sex
2363 1117 2518 1174 annis
2559 1119 2899 1192 aediﬁcatum,
2931 1132 2987 1181 et
3029 1126 3117 1183 ille
3158 1128 3212 1184 in
3253 1131 3430 1187 triduo

1843 1203 2181 1258 resuscitavit
2206 1206 2357 1262 illud.

1913 1295 2001 1351 l3.
2040 1294 2417 1355 Benedicimus
2443 1299 2698 1358 Dominus
2724 1304 2833 1361 Deo
2861 1318 3067 1374 nostro,
3091 1310 3180 1381 qui
3199 1310 3267 1365 ad
3293 1312 3425 1367 lazti-

1842 1383 1968 1439 tiam
1986 1387 2315 1456 spiritualem
2336 1394 2677 1465 congregavit
2701 1410 2818 1450 nos.
2841 1396 3018 1455 Simus
3047 1402 3100 1455 in
3127 1402 3426 1462 humilitate

1841 1478 2023 1533 cordis
2047 1493 2283 1553 semper,
2309 1492 2365 1538 et
2391 1485 2639 1554 gaudium
2668 1498 2907 1545 nostrum
2938 1507 3101 1562 penes
3132 1495 3301 1566 ipsum
3332 1498 3421 1553 sit.

1840 1566 1955 1624 Non
1978 1569 2047 1626 de
2073 1573 2420 1641 prosperitate
2442 1575 2616 1647 aliqua
2647 1577 2805 1649 hujus
2827 1581 3006 1636 sa-culi
3036 1584 3302 1655 iubemur,
3325 1587 3421 1645 sed

1842 1663 2147 1718 noverimus
2175 1664 2479 1723 felicitatem
2506 1680 2742 1726 nostram
2769 1687 2874 1728 non
2897 1689 3021 1730 esse
3046 1677 3146 1734 nisi
3173 1694 3292 1734 cum
3322 1682 3422 1737 ista

1838 1756 2165 1810 transierint.
2196 1756 2352 1814 Modo
2377 1759 2625 1829 gaudium
2656 1774 2931 1833 nostrum,
2960 1766 3151 1825 fratres
3182 1746 3296 1827 (mei
3317 1816 3332 1836 ,
3368 1773 3421 1830 in

1837 1859 1934 1916 spe
1956 1848 2061 1902 sit:
2087 1863 2243 1903 nemo
2264 1851 2491 1920 gaudeat
2515 1855 2664 1924 quasi
2694 1856 2745 1910 in
2764 1873 2822 1911 re
2847 1862 3115 1928 pncseuti,
3139 1879 3206 1919 ne
3224 1864 3425 1923 littreat

1836 1934 1891 1991 in
1919 1937 2021 1991 via.
2045 1936 2238 1994 Tutum
2264 1942 2512 2010 gaudium
2537 1944 2606 2000 de
2634 1964 2677 2016 ει
2697 1961 2729 2003 ε
2756 1947 2930 2004 futura
2959 1950 3047 2014 sit,
3074 1962 3240 2009 totutn
3270 1955 3420 2012 desi-

1834 2025 2040 2084 derium
2065 2029 2185 2085 vita:
2210 2042 2423 2088 a-ternae
2444 2034 2529 2090 sit.
2554 2033 2741 2093 Omnia
2767 2041 2992 2111 suspiria
3013 2041 3227 2100 Christo
3247 2047 3418 2106 anhe-

1834 2117 1945 2174 lent
1968 2138 1983 2175 :
2008 2118 2098 2176 ille
2127 2138 2262 2176 unus
2291 2124 2699 2195 pulcherrimus,
2726 2131 2814 2200 qui
2852 2142 2906 2187 et
2947 2132 3117 2189 ftedos
3149 2136 3334 2194 dilexit
3360 2147 3417 2196 ut

1832 2211 2086 2281 pulchros
2113 2213 2340 2280 faceret,
2367 2215 2734 2288 desideretur;
2763 2222 2828 2276 ad
2861 2223 3009 2280 illum
3040 2244 3203 2284 unum
3228 2246 3414 2287 curra-

1834 2312 1940 2370 tur,
1976 2304 2051 2360 illi
2096 2305 2503 2377 ingemiscatur;
2535 2321 2581 2365 et
2609 2313 2781 2367 dicunt
2819 2331 3032 2387 semper,
3064 2318 3420 2393 Magni/imor

1831 2393 2100 2464 Dominus,
2121 2401 2206 2473 qui
2234 2401 2405 2457 volunt
2433 2420 2608 2473 pacem
2635 2408 2764 2461 servi
2789 2410 2919 2479 ejus.

2355 2534 2764 2595 TRACTATUS
2801 2540 2892 2596 XI.

1829 2644 1907 2700 Ab
1931 2661 1990 2701 ea
2013 2646 2149 2718 quod
2169 2649 2411 2720 scriptum
2421 2660 2511 2713 est,
2532 2649 2665 2707 Cum
2686 2662 2865 2709 autem
2892 2665 3036 2711 esset
3061 2658 3413 2733 Jerosolymis

1901 2736 1954 2792 in
1985 2737 2185 2794 Pascha
2218 2740 2268 2793 in
2295 2741 2384 2796 die
2406 2742 2559 2805 l't-sm,
2589 2745 2736 2799 multi
2754 2746 3093 2804 crediderunt
3118 2750 3170 2804 in
3198 2753 3415 2811 nomine

1899 2818 2050 2899 ejus;
2082 2846 2238 2899 usque
2260 2832 2328 2886 ad
2359 2833 2433 2894 id,
2459 2833 2567 2889 Nisi
2592 2838 2713 2901 quis
2737 2848 2955 2892 renatus
2977 2839 3135 2896 fuerit
3162 2857 3228 2897 ex
3274 2859 3415 2915 aqua

1898 2926 1955 2974 et
1972 2920 2197 2989 Spiritu,
2218 2938 2320 2978 non
2345 2933 2519 2995 potest
2535 2925 2755 2982 introire
2773 2927 3058 2999 inrcgnum
3072 2930 3188 2987 Dei.
3204 2932 3332 3004 Cap.
3352 2950 3411 3005 tt,

1906 3011 1943 3083 ᾖ
1968 3051 1983 3065 .
2004 3012 2198 3081 25-25,
2225 3026 2272 3069 et
2291 3032 2407 3088 cup.
2435 3032 2510 3083 Itl,
2547 3017 2583 3088 ᾖ
2607 3057 2622 3071 .
2652 3018 2674 3073 1
2715 3018 2771 3075 5.

1900 3127 1953 3182 l.
1994 3126 2305 3198 Opportune
2340 3129 2493 3186 nobis
2522 3130 2774 3189 llotninns
2814 3136 3119 3205 procuravit
3155 3137 3415 3197 hodierno

1826 3219 1915 3276 die
1963 3220 2206 3277 lcetionis
2252 3224 2409 3290 hujus
2457 3223 2700 3280 ordinem
2744 3243 2757 3279 :
2797 3242 2919 3282 nam
2959 3229 3080 3299 quia
3122 3246 3188 3287 ex
3226 3233 3415 3291 ordine

1830 3312 2176 3385 Evangelium
2225 3316 2516 3373 secundum
2561 3316 2822 3375 Joannem
2868 3323 3212 3382 considerare
3254 3324 3421 3399 atque

1828 3412 2055 3461 tractare
2089 3407 2452 3476 suscepiums.
2484 3407 2646 3464 credo
2673 3409 2815 3481 quod
2849 3412 3135 3470 adverterit
3166 3415 3415 3474 Charitas

1826 3509 2023 3553 vestra.
2050 3497 2359 3568 Opportune
2377 3515 2503 3571 ergo
2527 3502 2761 3556 occurrit
2790 3512 2847 3557 ut
2873 3502 3031 3560 hodie
3058 3506 3315 3563 audiretis
3343 3524 3411 3565 ex

1828 3587 2138 3659 EVangcliu,
2161 3591 2283 3657 quia
2303 3589 2421 3645 Nisi
2440 3592 2551 3654 quis
2573 3603 2776 3648 renatus
2801 3594 2951 3659 fuerit
2974 3612 3038 3651 ex
3060 3614 3193 3669 aqua
3218 3610 3267 3654 et
3289 3598 3413 3672 Spi-

1826 3682 1948 3743 ritu.
1980 3698 2080 3737 non
2106 3681 2289 3737 videbit
2314 3699 2521 3755 regnum
2546 3684 2657 3739 Dei.
2688 3685 2925 3757 Tempus
2953 3697 3037 3745 est
3063 3690 3204 3745 enim
3230 3700 3286 3746 ut
3316 3707 3411 3748 vos

1826 3772 2196 3839 exhortamur,
2222 3775 2327 3846 qui
2372 3775 2549 3831 adhuc
2586 3777 2716 3832 estis
2761 3780 3127 3836 catechumeni
3158 3799 3171 3835 :
3200 3783 3288 3854 qui
3331 3784 3412 3840 sic

1826 3867 2129 3924 credidistis
2159 3868 2210 3923 in
2236 3869 2528 3935 Christum,
2554 3881 2610 3924 ιιι
2635 3872 2809 3928 adhuc
2834 3884 3007 3928 vestra
3041 3884 3256 3946 peccata
3287 3891 3411 3947 por-

1828 3960 1969 4016 tetis.
1990 3959 2180 4016 Nullus
2206 3971 2383 4017 autem
2414 3978 2635 4033 regnum
2657 3966 2914 4021 t‘fBlnt‘ttnl
2941 3967 3135 4023 videbit
3157 3980 3411 4025 oneratus

1825 4052 2090 4122 peccatis;
2117 4052 2240 4119 quia
2268 4052 2371 4108 nisi
2400 4054 2485 4107 cui
2527 4054 2747 4110 dimissa
2777 4054 3003 4120 fut-rint,
3035 4073 3140 4113 non
3172 4060 3412 4129 regnabit

1824 4157 1946 4198 cmn
1973 4140 2442 4198 Christozdimilti
2481 4153 2659 4201 autem
2703 4161 2809 4200 non
2845 4160 3085 4216 possunt,
3115 4151 3216 4204 nisi
3245 4152 3292 4206 ei
3318 4152 3408 4223 qui

1826 4244 2044 4291 renatus
2083 4234 2244 4290 fuerit
2270 4252 2334 4292 ex
2363 4250 2498 4306 aqua
2530 4250 2583 4291 et
2610 4235 2809 4306 Spiritu
2839 4247 3041 4293 sancto.
3080 4239 3187 4295 Sed
3228 4242 3407 4298 omnia

1825 4327 1985 4383 verba
2016 4326 2461 4398 quemadmodum
2497 4344 2556 4383 se
2584 4328 2812 4385 habeant
2838 4330 3198 4399 advertamus,
3234 4344 3291 4389 ιιι
3321 4333 3408 4392 hic

1828 4417 2101 4475 inveniant
2129 4419 2218 4487 qui
2251 4417 2382 4489 pigri
2412 4428 2552 4483 sunt,
2585 4429 2779 4490 quanta
2807 4420 3162 4478 Sollicitudine
3190 4425 3289 4480 sibi
3326 4424 3410 4482 fe-

1827 4508 2131 4565 stinandum
2161 4510 2233 4564 sit
2255 4509 2321 4564 ad
2349 4525 2487 4564 enus
2523 4510 2917 4580 deponendum.
2950 4513 3083 4580 Quia
3118 4514 3163 4569 si
3208 4514 3412 4587 ferrent

1826 4601 2055 4672 aliquam
2097 4602 2359 4659 sarcinam
2396 4617 2632 4672 gravem,
2655 4613 2745 4659 aut
2786 4604 2992 4674 lapidis,
3022 4614 3114 4661 aut
3143 4606 3290 4678 ligni,
3316 4617 3412 4666 aut

1826 4695 2049 4765 alicujus
2091 4696 2252 4750 ctiam
2293 4694 2449 4762 lucri,
2482 4696 2527 4752 si
2571 4698 2891 4751 frumentum
2933 4708 3223 4767 portarent,
3254 4703 3297 4757 si
3330 4701 3411 4757 vi-

1828 4803 1978 4853 num,
2021 4787 2068 4842 si
2113 4790 2413 4857 includam,
2455 4798 2731 4844 currerent
2760 4798 2817 4844 ut
2849 4789 3178 4859 deponerent
3204 4809 3365 4850 onera
3396 4814 3411 4851 :

1827 4890 2043 4951 portant
2079 4883 2341 4939 sarcinam
2383 4894 2744 4953 peccatorum,
2774 4894 2827 4938 et
2857 4885 2987 4955 pigri
3018 4896 3144 4942 sunt
3170 4902 3410 4946 currere.

1828 4970 2164 5028 Currendum
2191 4983 2274 5028 est
2302 4982 2359 5027 ut
2381 4973 2680 5043 deponatur
2706 4974 2820 5030 hanc
2843 4976 3084 5043 sarcina;
3113 4978 3327 5049 premit,
3358 4990 3415 5038 et

1830 5065 2042 5134 mergit.
2180 5108 2187 5115 .
3216 5120 3221 5125 .

1900 5155 1959 5211 2.
2002 5155 2139 5212 Ecce
2185 5156 2406 5212 audistis
2456 5156 2578 5226 quia
2630 5174 2746 5212 eum
2789 5168 2914 5213 esset
2964 5160 3217 5220 Dominus
3257 5162 3418 5223 Jcsus

1834 5248 2079 5304 Christus
2101 5246 2430 5320 Jerosolymis
2456 5250 2511 5303 iu
2535 5247 2739 5315 Pascha
2765 5252 2818 5306 iu
2846 5253 2929 5307 die
2952 5257 3102 5325 festo,
3129 5257 3279 5311 multi
3302 5275 3415 5313 creo

1833 5340 2066 5397 diderqu
2090 5342 2145 5396 iu
2170 5343 2370 5396 nantiue
2394 5342 2533 5412 ejus,
2565 5344 2783 5398 videntes
2804 5345 2950 5416 signa
2974 5347 3086 5418 ejus
3110 5363 3223 5418 quc
3254 5350 3418 5420 [acie-

1835 5434 1937 5490 bat.
1971 5433 2121 5489 Multi
2147 5434 2465 5490 crediderunt
2505 5436 2559 5490 in
2603 5437 2802 5493 nomine
2825 5438 2936 5508 ejus
2958 5454 2978 5493 :
3002 5448 3057 5495 ct
3078 5440 3205 5510 quid
3228 5446 3413 5511 sequi-

1836 5526 1955 5583 tur?
1994 5526 2115 5597 Ipse
2151 5538 2319 5582 autem
2355 5526 2391 5581 .1
2395 5544 2508 5582 esus
2549 5545 2650 5583 non
2691 5528 2923 5583 credebat
2959 5531 3277 5599 semetipsum
3319 5529 3415 5587 eis.

1833 5618 1972 5690 Quid
1997 5620 2097 5675 sibi
2125 5633 2256 5691 ergo
2281 5619 2382 5674 hoc
2407 5622 2538 5685 vult,
2564 5619 2641 5674 llli
2663 5620 2948 5676 credebant
2976 5621 3027 5675 iu
3055 5620 3254 5675 nomine
3274 5621 3419 5693 ejus:

1836 5723 1912 5781 et,
1941 5711 1969 5766 1
1975 5730 2062 5784 pse
2086 5712 2236 5768 Iesus
2265 5730 2367 5768 non
2405 5714 2632 5768 credebat
2676 5717 2995 5783 semetipsum
3023 5713 3132 5767 eis?
3154 5714 3236 5769 Au
3278 5712 3420 5776 forte

1840 5822 1950 5869 non
1974 5805 2313 5868 credulorum
2333 5815 2406 5885 ei,
2426 5822 2483 5872 et
2504 5804 2772 5873 ﬁngebant
2797 5818 2856 5858 se
2880 5802 3194 5875 credidisse.
3212 5813 3270 5866 et
3288 5820 3420 5888 pro-
