4036 6418
203 359 320 438 ti"

195 493 344 566 patres
384 489 534 552 nostri
709 482 838 547 nube
881 484 1085 552 [uerunt
1101 518 1116 546 ,
1166 493 1211 534 et
1253 494 1426 536 omnes
1473 494 1562 548 per
1607 494 1748 531 mare

199 575 486 640 transierunt.
518 570 712 640 thuid
743 587 837 640 per
863 587 1007 625 mare
1032 572 1359 626 transierunt
1378 613 1392 634 ,
1421 570 1570 640 quasi
1596 584 1744 639 quaa-

197 681 326 734 reres
344 665 407 730 ab
421 663 539 731 illo;
557 671 786 734 secutus
811 664 883 720 ait
901 704 916 730 ,
937 661 1007 720 Et
1031 679 1201 726 omnes
1221 679 1310 733 per
1334 662 1545 733 Moysen
1577 661 1746 731 bapti-

197 761 408 836 satisttnt
435 759 495 821 ἐκ
518 757 802 836 nubent):
830 757 958 809 mari
983 755 1035 828 (Ι
1065 755 1184 810 Cor.
1214 772 1278 820 x,
1310 755 1376 819 1',
1407 756 1484 826 2).
1517 755 1573 810 Si
1619 771 1746 826 ergo

197 851 335 924 ﬁgura
357 850 514 915 maris
535 858 746 906 tantum
769 848 954 913 valuit,
983 849 1188 917 species
1218 848 1468 918 Baptismi
1490 857 1744 919 quantum

196 942 392 997 valebit?
413 940 466 997 Si
492 939 634 1011 quod
659 948 868 1010 gestum
894 947 978 995 est
1010 939 1063 993 in
1107 939 1271 1009 ﬁgura
1294 982 1308 1006 ,
1340 941 1613 1010 trajectum
1648 957 1746 1010 po-

196 1035 346 1112 puum}
373 1032 947 1104 “mper'duxit;
971 1030 1096 1101 quid
1123 1030 1392 1085 exhibebit
1418 1020 1663 1112 Christus

197 1108 386 1185 veritate
413 1127 670 1198 baptismi
699 1128 780 1192 sui
802 1167 818 1193 ,
851 1127 1073 1195 trajecta
1103 1140 1194 1194 per
1223 1141 1344 1180 eum
1389 1126 1583 1196 popqu
1607 1108 1744 1180 suo”?

198 1223 280 1278 Per
298 1219 604 1294 baptismum
627 1235 782 1274 suum
811 1220 1006 1288 trajicit
1031 1218 1328 1282 credentes,
1354 1218 1545 1273 occisis
1573 1218 1746 1272 omni-

197 1318 278 1374 δικ
299 1314 535 1385 pereatis,
568 1323 819 1384 tanquam
840 1313 1080 1367 hostibus
1108 1312 1575 1382 consequentibus,
1606 1311 1745 1365 sicut

197 1411 238 1467 in
273 1408 356 1478 illo
395 1408 527 1475 mari
556 1408 747 1464 dumos
771 1401 1007 1478 Egyptii
1040 1406 1329 1475 perierunt.
1362 1395 1478 1471 Quo
1515 1391 1740 1474 trajicit,

197 1501 357 1557 intres
379 1496 880 1570 iiteilquo’trajicit
907 1493 998 1568 per
1027 1499 1352 1568 Baptismum
1380 1495 1556 1563 Jcsus,
1594 1499 1745 1566 cujus

196 1595 383 1665 ﬁguram
399 1595 537 1648 stuic
569 1591 788 1664 gerebat
813 1591 1059 1663 Moyses,
1089 1586 1177 1662 qui
1199 1589 1311 1661 per
1337 1607 1483 1647 mare
1512 1591 1744 1660 trajicie-

197 1685 298 1741 lnt?
328 1687 426 1756 quo
469 1683 751 1754 trajicit'l?
792 1685 874 1739 Ad
923 1677 1138 1738 marina.
1183 1684 1333 1751 Quod
1383 1695 1463 1738 est
1509 1685 1744 1766 manna?

198 1777 288 1849 Ego
311 1795 413 1833 sunt
433 1821 447 1845 ,
480 1774 690 1849 inquit,
717 1771 868 1849 panis
892 1779 1064 1841 vivus;
1111 1779 1198 1849 qui
1220 1769 1300 1832 de
1345 1778 1468 1856 cado
1512 1767 1746 1834 descendi

198 1868 347 1941 (iam.
373 1870 605 1938 vui“).
635 1861 822 1924 Manna
861 1859 1124 1940 accipiunt
1156 1871 1336 1925 fideles
1361 1852 1744 1941 ,Fjam'trajecti

196 1976 276 2032 per
302 1961 434 2017 mare
473 1961 720 2018 rubrum.
755 1963 932 2030 Quare
959 1951 1104 2016 inare
1141 1951 1400 2016 rubrum?
1422 1963 1529 2032 jam
1558 1960 1705 2018 mare
1726 2005 1742 2032 ,

196 2068 334 2124 quare
357 2063 405 2116 et
425 2049 1053 2123 rubrutn'18igniiicabat
1079 2069 1222 2108 mare
1251 2041 1374 2108 illud
1406 2054 1624 2108 rubrum
1648 2054 1744 2136 ba-

199 2147 416 2216 ptismum
437 2143 662 2202 Christi.
703 2137 858 2203 Uiide
885 2146 1039 2202 rubet
1068 2148 1360 2215 baptismus
1385 2141 1615 2213 Christi,
1645 2147 1745 2202 nisi

196 2226 364 2294 Christi
384 2240 637 2311 sanguine
654 2231 1036 2294 consecratus?
1063 2226 1179 2307 Quo
1209 2225 1336 2309 ergo
1363 2239 1605 2308 perducit
1628 2256 1746 2295 cre-

196 2327 351 2386 dentes
377 2325 433 2387 'et
455 2325 798 2402 baptizatos?
825 2331 904 2386 Ad
935 2318 1145 2384 mantia.
1185 2315 1319 2385 Ecce
1357 2330 1476 2386 dico
1507 2347 1699 2386 manna
1727 2349 1743 2388 :

196 2408 348 2487 notum
373 2433 448 2480 est
469 2424 601 2495 quid
624 2421 926 2494 "aeceperinl
948 2410 1134 2488 Iudaei,
1170 2406 1393 2493 populus
1419 2423 1518 2478 iste
1543 2417 1702 2478 Israel
1726 2466 1742 2492 ,

197 2520 350 2568 notum
385 2509 476 2569 est
503 2509 632 2585 quid
687 2506 794 2570 illis
835 2501 1058 2584 pluisset
1089 2499 1318 2567 Deus'de
1347 2515 1517 2592 (mlo;
1563 2523 1616 2570 et
1655 2531 1746 2570 ne—

196 2603 340 2660 sciunt
368 2605 733 2662 eatecitumeni
760 2606 884 2676 quid
915 2607 1174 2675 accipiant
1196 2591 1500 2661 Christiani.
1537 2607 1744 2664 Erube-

196 2684 320 2752 scatit
333 2713 472 2769 ergo,
503 2691 629 2768 'q'uia
644 2699 907 2762 nesciunt;
924 2687 1192 2753 transeant
1219 2715 1312 2769 per
1333 2715 1477 2754 mare
1503 2702 1744 2769 rubrum,

196 2787 476 2846 manducent
507 2781 701 2844 manna
733 2808 747 2842 :
779 2798 835 2844 ut
872 2792 1138 2861 quomodo
1177 2792 1514 2847 crediderunt
1550 2791 1605 2847 in
1644 2785 1748 2848 no-

196 2875 442 2937 minue—5"
469 2924 486 2948 ν
522 2872 675 2937 87.530
697 2882 825 2953 ipsis
853 2884 1033 2938 credat
1071 2883 1245 2941 Iesus.
1327 2875 1333 2885 ’
1377 2877 1384 2884 ’
1441 2877 1448 2887 “
1645 2879 1649 2883 ’
1689 2877 1710 2884 ’-

247 2972 297 3028 5.
321 2971 436 3028 ldeo
452 2967 738 3040 intendite,
774 2973 965 3029 fratres
993 2975 1271 3046 mei,-quid
1303 2977 1622 3052 respondeat
1650 2978 1750 3036 iste

197 3065 269 3135 qui
292 3078 431 3123 nocte
456 3067 607 3124 venit
631 3069 697 3122 ad
719 3068 918 3124 Jesum.
943 3071 1192 3150 Quamvis
1220 3072 1284 3126 ad
1313 3071 1492 3127 Jesum
1522 3075 1743 3141 venerit,

197 3167 343 3216 tamen
367 3164 481 3232 quia
514 3149 673 3217 nocte
709 3159 848 3217 venit
868 3204 882 3229 ,
906 3149 1077 3218 adhuc
1097 3164 1161 3219 de
1183 3165 1414 3221 tenebris
1442 3168 1618 3222 carnis
1639 3183 1749 3222 sum

198 3249 412 3321 loquitur.
429 3253 576 3309 Non
608 3237 853 3324 intelligit
877 3243 1017 3325 quod
1061 3256 1210 3310 audit
1241 3247 1286 3309 la
1332 3241 1591 3323 Domino,
1642 3273 1748 3313 non

196 3344 404 3417 intelligit
425 3347 571 3418 quod
594 3348 744 3402 audit
763 3362 793 3402 a
825 3327 1108 3420 luce,'qu:e
1127 3348 1386 3404 illuminat
1407 3336 1618 3406 omnem
1648 3337 1746 3406 ho-

196 3433 364 3512 minem'
381 3439 683 3495 venientem
710 3440 763 3492 in
792 3438 931 3494 hunc
957 3439 1209 3494 mundum
1238 3437 1346 3511 (Id.
1378 3457 1427 3507 ι,
1449 3429 1534 3513 9).’¹
1555 3426 1668 3496 Jam
1699 3443 1746 3497 ei

197 3510 418 3583 Dominus
441 3528 612 3593 dixit,
641 3526 760 3582 Nisi
784 3530 894 3598 quis
917 3539 1063 3583 natus
1092 3510 1254 3602 fuerit
1269 3520 1452 3596 denuo,
1477 3510 1577 3586 non
1609 3533 1746 3600 vide-

198 3614 252 3669 bit
287 3617 482 3689 regnum
514 3618 629 3673 Dei.
675 3607 811 3672 Dicit
850 3619 918 3673 ad
955 3637 1066 3674 eum
1096 3619 1406 3698 Nicodemus
1437 3609 1747 3689 :Quont‘odo

193 3711 492 3787 potest-Itme
684 3723 800 3764 cum
828 3711 890 3764 sit
917 3712 1102 3792 senex?
1125 3699 1351 3782 Spiritus
1369 3705 1424 3769 ei
1448 3705 1682 3783 loquitur
1703 3705 1744 3785 ί,

195 3810 239 3854 et
260 3800 340 3858 ille
361 3795 574 3859 carnem
595 3794 757 3873 lsapit.
784 3789 1179 3861 Carnetnsuatn
1203 3810 1359 3878 sapit,
1388 3811 1508 3879 quia
1532 3826 1746 3868 carnem

193 3883 363 3949 Christi
389 3881 621 3949 nondum
650 3895 806 3965 sapit.
853 3894 983 3951 Cum
1032 3891 1172 3951 enim
1220 3887 1439 3955 dixisset
1490 3887 1744 3964 Dominus

194 3981 326 4041 Jesus
343 4028 356 4051 ,
383 3977 504 4042 Nisi
521 3989 634 4057 quis
661 3975 1034 4043 inanducaueiit
1057 3973 1257 4043 carnem
1284 4009 1463 4058 meam,
1497 4003 1542 4047 et
1571 3994 1747 4049 biberit

192 4081 456 4150 sanguinem
500 4068 699 4149 meum,
740 4097 840 4136 non
871 4083 1065 4136 habebit
1107 4085 1157 4137 in
1187 4101 1240 4137 se
1276 4086 1426 4138 vitam
1446 4105 1464 4151 ;
1491 4067 1746 4142 scaiidali-

195 4169 280 4222 uti
300 4181 430 4227 sunt
472 4171 685 4242 quidam
717 4158 804 4242 qui
840 4189 959 4228 eum
991 4175 1380 4244 sequebantur,
1408 4187 1462 4232 et
1489 4163 1748 4239 dixerunt

195 4260 314 4328 apud
339 4250 642 4332 semetipsos
663 4306 678 4330 ,
703 4263 878 4319 Durus
905 4275 977 4319 est
1006 4265 1086 4319 hic
1109 4283 1293 4333 sermo;
1315 4259 1426 4338 quis
1451 4279 1608 4340 potest
1634 4288 1747 4325 eum

196 4351 384 4408 audiret
399 4341 662 4410 Putabant
699 4357 838 4412 enim
870 4356 970 4412 hoc
997 4355 1174 4438 dicere
1208 4347 1386 4415 Jesum
1407 4404 1421 4427 ,
1453 4349 1593 4437 quod
1625 4344 1744 4419 eum

195 4453 388 4510 possent
420 4449 689 4503 concisum
730 4449 865 4504 sicut
902 4465 1092 4520 agnum
1121 4443 1382 4521 eoquere,
1430 4439 1493 4508 et.
1524 4439 1748 4516 mandu-

197 4527 302 4592 εει-ὲ
321 4556 334 4592 :
355 4523 700 4598 abhorrentes
728 4557 758 4596 a
789 4523 963 4598 verbis
988 4523 1103 4612 ejus
1123 4587 1136 4609 ,
1165 4527 1600 4611 recesserunt,"et
1627 4566 1743 4606 am-

197 4627 314 4696 plius
337 4645 454 4687 eum
481 4649 581 4712 non
616 4616 742 4689 sunt
767 4637 952 4689 secuti.
982 4621 1070 4690 Sic
1096 4625 1431 4708 Evangelista
1476 4622 1741 4712 loquitur:

195 4715 253 4770 Et
291 4710 653 4794 Dein-inus'ipse
678 4725 916 4778 remansit
958 4711 1376 4804 cuin‘duodecim
1410 4745 1427 4782 :
1466 4710 1641 4785 eti-illi
1678 4733 1745 4785 ad

169 4827 291 4864 .eunt
309 4854 322 4876 ,
571 4802 598 4882 ,‘l
619 4833 733 4870 ecce
769 4811 868 4898 [illi
896 4802 1307 4906 dimiseruntltei;
1334 4809 1381 4904 et
1419 4819 1505 4906 itte
1525 4804 1747 4906 ,zINutt-t-

194 4903 298 4966 quid
321 4914 365 4957 et
397 4893 482 4960 tuis
509 4910 653 4962 vultis
682 4891 820 4963 abire
848 4909 908 4964 '?
941 4891 1235 4990 QStepdere
1264 4897 1593 4986 volens-quia
1616 4898 1745 4986 ipse

196 4991 281 5048 illis
300 5007 410 5051 erat
428 5002 776 5080 necessarius,
797 5018 902 5080 non
925 4981 999 5056 illi
1031 4981 1742 5065 erant'Cbristenecessarii.

196 5080 258 5138 Ne
278 5086 389 5155 quis
417 5077 607 5147 terreat
639 5075 941 5159 Christum,
971 5085 1182 5165 quando
1202 5086 1394 5153 dicitur
1424 5085 1490 5153 uti
1506 5101 1574 5154 sit
1598 5084 1742 5156 chri-

197 5167 794 5260 stianus;_quasi'beatior
821 5171 924 5240 erit
947 5184 1190 5242 Christus
1208 5180 1230 5254 ,'
1245 5179 1300 5242 "si
1330 5179 1382 5243 tu
1412 5176 1743 5260 fuerisehri-

197 5257 620 5356 sliattus.'-B_t_inu'tit
660 5283 746 5332 est
785 5275 912 5344 tibi,
960 5267 1018 5332 ut
1044 5267 1120 5333 sis
1159 5266 1742 5356 cuii'suanus‘é’nain‘si

198 5351 288 5450 non
325 5351 758 5450 "fueris,‘inalum
799 5365 1014 5450 Christo
1061 5361 1168 5450 non
1209 5353 1328 5427 erit:
1363 5357 1744 5450 ’Audih‘viicem

199 5443 372 5507 Psalt'ni
401 5441 818 5540 :Did‘Doiitino,’
838 5441 1200 5540 Deus'rneus‘es
1217 5449 1282 5516 tu
1297 5506 1312 5530 ,
1338 5451 1576 5534 quoniam
1592 5449 1747 5522 borib-

199 5549 298 5622 ηαξ
557 5551 666 5638 iiou'
677 5535 802 5657 quas1
813 5545 981 5625 (Psbt.
1693 5579 1745 5654 qs

1367 349 1772 414 TRACTATUS
1809 351 1879 410 X.
1918 351 2146 411 CAPUT
2183 353 2250 412 ll.

3295 367 3434 437 “78

1855 486 1909 530 tu
1928 519 1942 542 ,
1975 483 2211 550 quoniam
2233 483 2473 539 bonorum
2503 504 2724 543 meorum
2767 508 2867 546 non
2895 510 3027 567 eges.
3049 491 3103 551 Si
3131 497 3299 552 tueris
3322 499 3439 556 sine

1857 571 1966 627 Deo
1985 614 2000 640 ,
2030 575 2203 629 minor
2225 577 2366 642 eris;
2391 579 2433 632 si
2461 579 2622 635 fueris
2651 599 2770 638 cum
2799 586 2906 641 Deo
2925 573 3142 658 ,imajor
3167 585 3308 646 Deus
3333 581 3436 648 non

1855 665 1974 719 erit.
2004 665 2118 720 Non
2147 684 2210 722 ex
2243 678 2294 724 te
2343 671 2430 726 ille
2473 673 2678 744 major,
2711 676 2803 733 sed
2847 687 2902 733 tu
2946 681 3063 736 sine
3107 681 3198 737 illo
3240 673 3436 740 mino}.

1851 751 2048 814 Cresee.
2075 775 2202 830 ergo
2228 762 2278 816 in
2311 764 2435 830 illo,
2465 767 2569 820 noli
2619 775 2671 823 te
2712 765 3054 836 subtrahere,
3081 783 3138 828 ut
3157 753 3314 846 quasi
3347 763 3436 831 ille

1853 845 2082 903 detiei'at.
2110 851 2384 908 Reticieris
2403 897 2416 920 ,
2442 857 2484 910 si
2513 861 2836 926 accesseris;
2868 845 3434 928 deticies,’sireéesse‘-

1851 941 1947 996 ris.
1978 942 2184 1012 Integer
2226 955 2403 1000 manet
2428 956 2478 1002 te
2504 950 2790 1005 accedente
2811 994 2825 1017 ,
2856 952 3060 1024 integer
3087 953 3266 1010 manet
3291 952 3345 1011 et
3371 953 3434 1013 'te

1853 1033 2094 1088 cadente.
2140 1036 2273 1090 Cum
2314 1053 2442 1108 ergo
2485 1040 2708 1096 dixisset
2744 1037 3052 1112 discipulis,
3088 1038 3435 1115 Numquid'Et

1851 1140 1937 1179 vos
1957 1123 2105 1178 vultis
2130 1126 2307 1180 abire?
2332 1129 2603 1197 respondit
2625 1131 2830 1200 Petrus,
2855 1143 3001 1203 petra
3029 1135 3138 1203 illa,
3165 1142 3295 1192 vo'ce
3317 1121 3432 1192 oni:

1853 1219 1998 1271 nium
2021 1260 2038 1284 ,
2078 1216 2328 1286 Domine,
2372 1222 2439 1274 ad
2474 1239 2621 1293 quem
2659 1225 2878 1280 ibimus?
2911 1217 3072 1281 Verba
3099 1230 3213 1283 vita:
3231 1212 3436 1286 ἆιᾶηω

1852 1310 2024 1364 habes.
2057 1307 2198 1365 Bene
2226 1311 2399 1382 sapuit
2441 1315 2492 1367 in
2522 1329 2615 1369 ore
2641 1317 2803 1386 ipsius
2829 1317 2961 1372 caro
2997 1307 3222 1375 Domini.
3258 1304 3434 1377 Domi-

1854 1416 1955 1456 nus
1983 1411 2162 1457 autem
2191 1406 2434 1473 exposuit
2461 1406 2557 1467 eis,
2581 1417 2634 1460 et
2658 1407 2820 1476 dixit,
2846 1408 3070 1480 Spiritus
3099 1421 3171 1466 est
3196 1403 3280 1484 qui
3306 1398 3432 1468 uivi—

1851 1497 1974 1563 [icat
2001 1511 2021 1550 :
2047 1511 2166 1550 cum
2214 1495 2470 1561 dixisset,
2515 1497 2632 1553 Nisi
2670 1500 2780 1569 quis
2823 1489 3200 1557 manducauerit
3231 1489 3434 1558 saniem

1851 1603 2047 1654 meum,
2078 1597 2126 1641 et
2162 1587 2333 1641 biberit
2371 1590 2662 1660 sanguinem
2693 1609 2854 1646 meum
2877 1635 2892 1661 ,
2939 1582 3038 1648 non
3081 1581 3436 1650 habebit‘in's'e

1851 1680 2041 1744 vitam;
2079 1694 2146 1734 ne
2184 1681 2467 1735 carnaliter
2507 1671 2890 1752 intelligerent,
2932 1684 3154 1756 Spiritus
3195 1697 3305 1754 est,
3353 1687 3434 1742 iii-

1851 1771 1990 1841 quit,
2024 1773 2109 1842 qui
2132 1773 2368 1842 vitw'ﬁcat,
2395 1789 2512 1828 caro
2539 1785 2707 1829 autem
2729 1777 2855 1830 nihil
2876 1779 3075 1847 prodest
3104 1771 3123 1834 ἐ
3147 1776 3294 1834 verba
3319 1777 3432 1851 qui:

1852 1863 2049 1918 locutus
2092 1881 2202 1918 sum
2257 1865 2395 1919 vobis
2423 1907 2436 1931 ,
2491 1866 2699 1937 spiritus
2743 1877 2815 1921 est
2866 1877 2912 1923 et
2959 1869 3060 1923 vita
3111 1862 3430 1966 (Ιοαξιοὶῖέ

1923 2048 1975 2102 6.
2011 2049 2160 2104 Hunc
2185 2050 2428 2120 Spiritum
2475 2059 2529 2106 et
2557 2051 2693 2106 hanc
2717 2052 2877 2106 vitam
2914 2069 3019 2108 non
3057 2055 3292 2125 sapiebat
3333 2057 3434 2113 iste

1851 2141 2206 2209 Nicodemus,
2247 2145 2337 2213 qui
2367 2153 2520 2198 nocte
2549 2151 2764 2200 venerat
2789 2145 2854 2200 ad
2901 2145 3100 2202 Jesum.
3140 2145 3227 2202 Ait
3252 2149 3298 2218 ei
3345 2139 3438 2222 de;

1851 2247 1944 2286 sus
1967 2249 1984 2288 :
2018 2231 2137 2286 Nisi
2161 2234 2272 2304 quis
2300 2244 2450 2288 natus
2476 2235 2628 2306 fuerit
2649 2221 2812 2289 denuo
2835 2277 2849 2300 ,
2878 2227 2976 2290 non
3003 2227 3184 2292 videbit
3226 2221 3435 2310 regnum

1852 2322 1969 2378 Dei.
2001 2323 2068 2378 Et
2111 2324 2198 2378 ille
2219 2313 2439 2378 carnem
2471 2339 2618 2379 suam
2646 2327 2889 2394 sapiens,
2927 2327 2975 2380 in
3003 2314 3154 2396 cujus
3182 2343 3280 2383 ore
3303 2322 3435 2384 noti-

1851 2413 1977 2468 dum
2005 2415 2240 2484 sapiebat
2265 2429 2390 2469 caro
2415 2415 2608 2469 Christi
2638 2434 2650 2468 :
2685 2416 2986 2482 Quomodo,
3027 2419 3193 2489 inquit
3219 2462 3231 2484 ,
3277 2429 3438 2490 potest

1854 2507 2022 2569 homo,
2054 2522 2171 2558 cum
2197 2507 2258 2559 sit
2276 2522 2427 2560 senex
2447 2548 2462 2571 ,
2490 2507 2669 2559 iterum
2697 2509 2834 2561 nasci
2851 2508 2878 2562 .9
2908 2507 3172 2579 Numquid
3196 2520 3354 2579 potest
3381 2505 3436 2568 iis

1853 2607 2070 2652 ventrem
2111 2599 2285 2651 matris
2303 2612 2410 2651 sua:
2435 2598 2617 2651 iterum
2643 2599 2854 2654 introire
2873 2640 2888 2664 ,
2919 2609 2968 2653 et
2985 2601 3125 2654 nasci
3140 2601 3167 2655 2
3193 2601 3305 2655 Non
3335 2593 3435 2656 no”-

1854 2698 2004 2744 verat
2029 2689 2129 2744 iste
2156 2689 2253 2742 nisi
2281 2704 2436 2742 unam
2465 2689 2792 2744 nativitatem
2823 2705 2888 2744 ex
2916 2690 3082 2745 Adam
3120 2700 3173 2746 et
3208 2693 3344 2758 Eva;
3367 2708 3434 2749 ex

1855 2780 1966 2834 Deo
1992 2789 2046 2834 et
2085 2779 2320 2834 Ecclesia
2352 2779 2583 2834 nondum
2621 2790 2844 2834 noverat
2877 2799 2889 2834 :
2928 2788 3032 2835 non
3073 2769 3295 2838 noverat
3333 2783 3435 2839 nisi

1855 2887 1948 2927 eos
1978 2880 2225 2942 parentes
2249 2872 2337 2941 qui
2365 2884 2618 2941 generant
2645 2872 2709 2927 ad
2739 2863 2984 2939 mortem;
3010 2875 3240 2929 nondum
3269 2863 3435 2932 nove-

1855 2973 1937 3018 rat
1960 2977 2053 3018 eos
2084 2971 2328 3032 parentes
2351 2963 2438 3032 qui
2467 2972 2724 3033 generant
2751 2963 2816 3018 ad
2852 2965 3011 3018 vitam
3039 2983 3050 3017 :
3080 2980 3182 3020 non
3213 2976 3436 3023 noverat

1856 3054 1954 3108 nisi
1981 3068 2074 3109 eos
2105 3045 2350 3124 parentes
2379 3054 2467 3124 qui
2502 3064 2758 3121 generant
2785 3069 3128 3111 successuros
3153 3073 3168 3118 ;
3201 3043 3434 3113 nondum

1855 3153 2077 3199 noverat
2104 3159 2196 3198 eos
2225 3145 2311 3214 qui
2342 3159 2554 3214 semper
2575 3136 2812 3199 viventes
2848 3156 3101 3215 generant
3125 3137 3436 3216 pe'rmanSu~

1855 3251 1965 3291 ros.
1991 3236 2119 3291 Cum
2143 3251 2268 3306 ergo
2296 3235 2402 3288 sint
2422 3235 2541 3290 duze
2574 3235 2874 3291 nativitates
2894 3277 2908 3301 ,
2938 3237 3025 3293 ille
3049 3254 3205 3291 unam
3238 3239 3437 3296 intelli-
3511 3255 3514 3258 '

1854 3327 2027 3398 gebat.
2059 3326 2172 3382 Una
2226 3335 2306 3380 est
2349 3326 2416 3381 de
2465 3335 2640 3391 terra,
2682 3329 2782 3382 alia
2829 3328 2896 3382 de
2920 3328 3082 3395 coelo;
3115 3319 3230 3384 una.
3248 3339 3331 3386 est
3371 3331 3440 3387 de

1854 3433 2032 3482 carne,
2061 3419 2161 3472 alia
2191 3419 2258 3472 de
2281 3419 2514 3488 Spiritu;
2538 3434 2643 3474 una
2671 3430 2751 3475 est
2778 3420 2848 3475 de
2872 3422 3210 3486 mortalitate,
3243 3424 3344 3478 alia
3370 3423 3437 3479 de

1854 3512 2169 3576 aeternitate;
2205 3525 2304 3564 una
2331 3521 2413 3566 est
2435 3512 2502 3566 de
2532 3513 2767 3567 masculo
2789 3522 2841 3567 et
2870 3512 3084 3577 femina,
3109 3515 3207 3569 alia
3235 3515 3302 3570 de
3328 3517 3438 3572 Deo

1853 3613 1907 3658 et
1935 3604 2190 3658 Ecclesia.
2225 3599 2331 3658 Sed
2375 3603 2500 3672 ipsae
2530 3602 2648 3658 duze
2669 3604 2886 3672 singula:
2913 3613 3062 3666 sunt;
3092 3619 3190 3660 nec
3224 3605 3309 3659 illa
3350 3611 3439 3677 pd-

1857 3703 1957 3749 test
1982 3696 2182 3764 repeti,
2219 3709 2314 3748 nec
2344 3694 2446 3747 illa.
2477 3695 2637 3748 Recte
2667 3683 2924 3749 intellexit
2952 3695 3270 3752 Nicoclemus
3301 3682 3437 3753 nisti-

1854 3787 2067 3842 vitatem
2095 3787 2268 3842 carnis
2298 3803 2310 3838 :
2340 3786 2416 3840 sic
2435 3795 2487 3841 et
2515 3795 2568 3840 tu
2595 3786 2825 3855 intellige
2849 3787 3173 3843 nativitatem
3196 3789 3434 3860 spiritus,

1852 3877 2118 3948 quomodo
2181 3877 2436 3932 intellexit
2494 3875 2815 3931 Nicodemus
2865 3878 3190 3932 nativitatem
3231 3876 3434 3935 'carnis'.

1854 3967 1990 4035 Quid
2042 3968 2364 4021 Nicodemus
2412 3967 2710 4021 intellexit?
2761 3963 3028 4038 Numquid
3083 3977 3241 4038 potest
3289 3963 3437 4025 homo

1852 4058 2017 4112 denuo
2046 4059 2098 4112 in
2144 4069 2361 4113 ventrem
2399 4057 2572 4111 matris
2607 4073 2713 4112 suae
2753 4058 2969 4124 intrare,
3018 4069 3063 4114 et
3106 4048 3285 4116 nasci?
3312 4061 3432 4126 Sic,

1852 4152 2165 4220 quicumque
2193 4150 2284 4204 tibi
2315 4149 2507 4203 dixerit
2534 4157 2593 4203 ut
2631 4149 2976 4218 Spiritualiter
3012 4151 3201 4204 iterum
3245 4168 3429 4207 nasca-

1852 4242 1925 4296 ris
1948 4285 1961 4308 ,
1992 4241 2252 4311 responde
2277 4241 2418 4312 quod
2446 4241 2576 4295 dixit
2598 4241 2918 4296 Nicodemus
2937 4283 2952 4307 ,
2986 4241 3248 4314 Numquid
3273 4254 3436 4322 potest

1853 4335 2000 4390 homo
2026 4337 2203 4388 iterum
2241 4336 2292 4388 in
2331 4345 2547 4389 ventrem
2579 4334 2751 4388 matris
2775 4321 2881 4389 sua:
2903 4327 3126 4401 intrare,
3171 4345 3217 4390 et
3256 4333 3438 4393 nasci?

1851 4429 1966 4484 Jam
1998 4438 2151 4483 natus
2177 4445 2294 4484 sum
2321 4428 2385 4484 de
2415 4428 2602 4494 Adam,
2631 4443 2732 4482 non
2756 4443 2842 4482 me
2862 4439 3037 4498 potest
3053 4429 3244 4486 iterum
3273 4432 3435 4502 gene-

1851 4538 1970 4578 rare
2012 4522 2178 4577 Adam
2209 4540 2221 4574 :
2249 4522 2357 4592 jam
2384 4531 2536 4576 natus
2565 4537 2682 4576 sum
2707 4521 2774 4576 de
2792 4519 3007 4577 Christo
3029 4565 3044 4588 ,
3087 4538 3192 4577 non
3222 4519 3307 4579 m’e
3337 4539 3436 4594 po-

1851 4624 1953 4669 test
1978 4615 2166 4669 iterum
2197 4628 2452 4685 generare
2485 4597 2745 4669 Christus.
2788 4613 3066 4682 Quomodo
3105 4613 3288 4672 uterus
3320 4623 3432 4673 ’non
3529 4679 3536 4682 _

1852 4716 2028 4777 potest
2047 4707 2214 4777 repeti
2235 4749 2250 4772 ,
2278 4707 2354 4760 sic
2379 4721 2477 4760 nec
2501 4705 2820 4775 Baptismus.

1923 4801 1973 4854 7.
2007 4799 2105 4867 Qui
2139 4799 2370 4853 nascitur
2398 4799 2464 4852 de
2491 4797 2728 4853 Ecclesia
2755 4798 3011 4854 catholica
3032 4840 3047 4866 ,
3084 4807 3332 4870 tanquam
3367 4801 3437 4858 de

1851 4891 1980 4947 Sara
2023 4892 2042 4922 ³
2084 4891 2354 4955 nascitur,
2393 4888 2652 4944 delibera
2693 4887 3077 4960 nascitur:qui
3107 4889 3340 4946 nascitur
3368 4893 3436 4950 de

1852 4975 2044 5038 hazresi
2068 5024 2084 5050 ,
2119 4991 2365 5051 tanquam
2393 4981 2461 5035 de
2487 4981 2676 5035 ancilla
2705 4982 2939 5035 nascitur
2962 5024 2976 5046 ,
3011 4980 3106 5036 sed
3143 4997 3207 5036 ex
3231 4984 3436 5041 semine

1851 5074 2140 5129 Abraham.
2162 5073 2418 5127 Advertat
2437 5059 2682 5125 Charitas
2705 5082 2877 5126 vestra
2898 5088 3054 5142 quam
3079 5088 3329 5143 magnum
3349 5073 3434 5130 sa-

1851 5174 2201 5221 cramentum.
2233 5163 2490 5218 Testatur
2518 5160 2690 5228 Deus,
2723 5171 2774 5216 et
2814 5159 2978 5224 dicit,
3020 5161 3132 5233 Ego
3156 5179 3270 5218 sum
3297 5164 3438 5222 Deus

1854 5256 2129 5322 Abraham,
2160 5265 2207 5310 et
2233 5252 2540 5308 Deus'Isaac
2557 5293 2573 5319 ,
2595 5264 2640 5307 et
2671 5253 2810 5308 Deus
2831 5245 3150 5310 JacobaNon
3173 5268 3325 5312 erant
3345 5245 3436 5312 alii

1854 5348 2205 5421 patriarchas?
2231 5363 2334 5401 non
2359 5358 2474 5402 erat
2500 5355 2623 5402 ante
2647 5347 2778 5402 istos
2809 5357 3024 5403 sanctus
3039 5333 3160 5404 Noe
3178 5391 3194 5416 ,
3223 5349 3311 5420 qui
3341 5349 3433 5403 50'-

1854 5442 1938 5497 lus
1964 5443 2014 5496 in
2048 5450 2159 5495 toto
2177 5455 2372 5511 genere
2402 5439 2633 5494 humano
2652 5425 2774 5494 cum
2805 5448 2910 5494 tota
2941 5440 3100 5494 domo
3125 5440 3437 5495 sua‘meruit

1857 5533 1925 5589 de
1956 5531 2396 5588 diluvio'liberari
2415 5575 2429 5596 ,
2455 5532 2506 5586 in
2528 5519 2635 5602 quo
2654 5541 2707 5586 et
2741 5533 2792 5586 in
2821 5531 2942 5586 ﬁliis
2969 5531 3085 5601 ejus
3106 5518 3325 5599 figurata
3348 5537 3433 5586 est

1857 5625 2126 5682 Ecclesia?
2139 5618 2304 5696 Ligno
2315 5634 2560 5695 portante
2569 5621 3062 5680 evaduntdiluvitim
3083 5619 3336 5694 (Geram,
3351 5623 3434 5698 7).

1862 5717 2060 5802 Deinde
2077 5732 2256 5794 postea
2283 5725 2456 5795 magni
2479 5738 2612 5794 quos
2627 5722 2887 5789 novimus,
2907 5738 3045 5794 quos
3083 5733 3261 5786 sancta
3279 5725 3439 5789 seri-

1966 5843 2018 5898 tn
2037 5843 2139 5891 Mss.
2166 5837 2241 5891 hic
2266 5844 2313 5889 et
2339 5835 2448 5888 alibi
2471 5841 2762 5898 constanter,
2787 5842 2950 5900 Sarra,
2973 5847 3084 5890 cum
3098 5833 3274 5906 duplici
3293 5852 3366 5902 rr.
