4036 6386
572 334 707 397 N79
1506 334 1571 389 IN
1606 333 1883 392 JOANNIS
1918 329 2383 403 EVANGELIUM,
2439 341 2495 395 S.
2537 336 2901 399 AUGUSTIN!

568 466 719 525 plura
749 451 1082 507 uinuneudat
1106 492 1121 514 ,
1154 450 1359 521 Moyses
1393 450 1563 505 fidelis
1592 453 1641 505 in
1689 461 1793 505 tota
1843 451 2001 505 domo
2029 450 2143 519 ejus

566 544 753 612 (Nam.
784 561 873 605 an,
904 546 978 614 7).
1016 544 1079 597 Et
1104 543 1171 597 illi
1199 554 1307 597 tres
1332 544 1686 605 nomiumuur,
1721 546 1867 612 quasi
1898 558 2016 598 eum
2043 542 2142 596 soli

3695 352 3827 414 μω

2250 451 2412 507 clesia
2438 496 2453 519 ,
2490 466 2548 511 ut
2576 472 2679 512 non
2711 460 2779 513 ibi
2820 461 2925 515 sint
2949 463 3098 531 palea
3120 505 3135 529 ,
3166 464 3259 521 sed
3286 466 3628 523 frumentum.
3661 470 3823 536 Quam

2247 537 2388 591 enim
2436 541 2584 594 multi
2625 543 2765 605 siut,
2812 548 2950 599 novit
2980 545 3226 603 Charitas
3266 561 3456 606 vestra.
3508 553 3611 609 Per
3662 559 3823 614 malos

566 640 973 708 promerueriut,
1011 635 1119 706 Ego
1139 654 1248 690 sum
1272 636 1404 689 Deus
1428 637 1711 697 Abraham,
1740 645 1783 688 et
1810 634 1941 690 Deus
1969 633 2137 693 Isaac,

562 740 606 781 et
631 728 763 783 Deut
792 727 951 780 λιιι-ου
980 744 998 781 :
1025 730 1118 781 hoc
1145 728 1267 780 mihi
1293 744 1471 779 nomen
1498 738 1566 779 est
1596 728 1646 778 iu
1668 736 1907 779 wteruum
1941 722 2135 795 (Exod.

562 838 651 876 ιιι.
683 822 752 882 6,
792 823 893 884 15).
935 821 1333 875 Sacramcutmu
1372 820 1607 888 grande!
1642 819 1833 873 l‘olens
1851 828 1933 871 est
1964 817 2139 869 Domi-

561 929 661 969 nus
685 925 736 967 et
761 930 852 967 ora
880 924 1057 967 nostra
1083 915 1289 982 aperire
1311 954 1326 976 ,
1356 924 1407 966 et
1436 912 1593 967 corda
1625 923 1794 965 vestra
1821 952 1834 971 ,
1865 921 1922 964 ut
1958 911 2136 965 dicere

561 1006 824 1074 possimus
845 1007 975 1058 sicut
1002 1006 1237 1059 revelare
1262 1004 1505 1074 dignatus
1526 1013 1607 1058 est
1626 1044 1642 1068 ,
1669 1012 1724 1057 et
1749 1017 1938 1072 capere
1960 1001 2132 1071 ρος»δί-

559 1100 626 1154 tis
651 1100 786 1154 sicut
812 1100 1027 1168 expedit
1054 1099 1219 1153 Vobis.

628 1194 678 1248 8.
709 1192 842 1248 Tres
882 1208 1009 1262 ergo
1038 1192 1121 1245 isti
1149 1191 1494 1261 patriarrhze,
1542 1189 1835 1253 Abraham,
1867 1188 2046 1252 Isaac,
2078 1198 2133 1245 et

555 1285 738 1341 Jacob.
769 1284 885 1339 Jam
917 1284 1083 1337 nostis
1112 1285 1199 1336 lilii
1229 1283 1392 1337 Jacob
1417 1284 1536 1351 quia
1575 1282 1764 1336 duo.lei
1783 1281 1851 1336 im
1884 1280 2126 1347 luerunt,

555 1390 604 1434 et
631 1380 751 1433 inde
774 1378 994 1447 populus
1019 1375 1177 1430 Isaac!
1210 1396 1222 1430 :
1253 1378 1374 1445 quia
1407 1377 1517 1446 ipse
1542 1374 1704 1429 Jacob
1734 1374 1894 1428 Israel
1919 1416 1933 1433 .
1958 1383 2009 1429 et
2032 1387 2128 1443 po-

556 1471 711 1539 pulus
738 1468 893 1523 Israel
924 1469 1091 1521 uibus
1118 1468 1396 1522 duodecim
1422 1509 1437 1533 ,
1471 1468 1797 1537 pertinentes
1836 1466 1900 1520 ad
1928 1466 2130 1521 duode-

552 1562 653 1614 cim
684 1561 816 1615 lilios
840 1561 1016 1615 Israel.
1045 1562 1348 1621 Abraham,
1377 1558 1550 1621 Isaac,
1581 1568 1632 1610 ct
1656 1557 1820 1611 Jacob
1842 1597 1857 1621 ,
1896 1566 2001 1609 tres
2036 1572 2128 1627 pa-

553 1662 659 1706 tres
679 1694 693 1717 ,
720 1664 770 1706 et
800 1653 1020 1720 populus
1047 1668 1181 1703 uiuis
1205 1651 1243 1700 ¹.
1268 1648 1401 1703 Tres
1429 1658 1601 1716 patres
1630 1657 1877 1715 tat-.quam
1901 1648 1950 1699 in
1986 1648 2127 1716 prin-

550 1743 689 1811 cipio
717 1743 889 1810 populi
915 1758 929 1800 ;
960 1751 1066 1794 tres
1090 1750 1266 1809 patres
1306 1740 1355 1791 iu
1395 1739 1584 1807 quibus
1613 1738 1931 1805 tigurabatur
1971 1752 2127 1805 pepu-

552 1833 634 1887 lus
659 1851 672 1886 :
698 1843 746 1885 et
773 1833 995 1900 populus
1017 1832 1126 1897 ipse
1146 1830 1307 1897 prior,
1328 1845 1557 1897 prmsens
1580 1828 1822 1896 populus.
1851 1826 1901 1880 In
1933 1828 2124 1897 populo

550 1926 690 1980 enim
724 1924 1024 1977 Juda-ormn
1055 1922 1307 1991 figuratus
1328 1932 1410 1976 est
1439 1924 1660 1989 populus
1680 1920 2119 1976 Christianorum.

552 2014 626 2070 Ibi
659 2018 819 2086 ligura
842 2056 857 2079 ,
891 2015 976 2069 hic
1024 2016 1216 2068 veritas
1249 2056 1261 2068 .
1296 2015 1362 2066 ibi
1389 2014 1569 2066 utubm
1591 2055 1606 2076 ,
1647 2015 1732 2068 hic
1777 2029 2002 2081 Corpus,
2050 2013 2123 2068 di-

548 2116 701 2160 ccnte
732 2107 984 2175 Apostqu
1004 2147 1018 2166 ,
1056 2103 1178 2158 Ηωε
1202 2115 1365 2157 autem
1404 2105 1454 2156 iu
1480 2106 1645 2175 ﬁgura
1672 2104 2019 2174 comiugcbaut
2051 2106 2119 2159 il-

548 2197 629 2251 lis.
672 2196 783 2251 Vox
809 2206 890 2251 est
933 2197 1169 2264 Apostuli
1201 2214 1213 2247 :
1248 2196 1451 2263 Scripta
1490 2204 1603 2249 sunt
1626 2236 1641 2258 ,
1682 2197 1847 2265 inquit
1870 2237 1885 2257 ,
1918 2206 2121 2267 prapler

547 2304 671 2350 nos,
703 2288 754 2339 iu
792 2303 915 2355 quos
958 2286 1075 2354 ﬁnis
1102 2288 1398 2339 ueruloium
1435 2286 1625 2339 obvenit
1661 2285 1711 2356 (I
1752 2285 1871 2340 Cor.
1903 2303 1971 2350 ιι,
2010 2288 2115 2355 ll).

548 2379 801 2433 ltrcurrat
824 2396 961 2433 nunc
994 2380 1200 2432 animus
1226 2388 1399 2431 vester
1426 2380 1489 2430 ad
1526 2378 1789 2433 Abraham
1810 2420 1825 2441 ,
1860 2378 2002 2432 IaltilC
2022 2420 2038 2444 ,
2064 2390 2119 2435 et

541 2471 724 2525 Jacob.
746 2476 803 2525 ln
827 2473 940 2525 istis
968 2474 1137 2526 tribus
1161 2472 1456 2525 invenimus
1478 2486 1662 2540 parere
1692 2472 1903 2535 liberas,
1930 2487 2115 2540 parere

541 2574 595 2618 et
632 2564 849 2617 ancillas
878 2581 891 2616 :
926 2564 1220 2619 inuenimus
1250 2564 1316 2617 ibi
1348 2574 1529 2633 pattus
1559 2564 1878 2628 liberarum,
1916 2564 2117 2617 iuveni-

538 2671 657 2711 mus
686 2656 755 2711 ibi
788 2665 842 2710 et
874 2668 1052 2725 partus
1086 2658 1422 2710 ancillarum.
1469 2656 1667 2709 Ancilla
1707 2656 1836 2709 nihil
1878 2655 1998 2709 boui
2037 2655 2114 2709 si-

536 2752 789 2821 guiiieat:
828 2750 969 2814 Eiice
1002 2752 1274 2810 ancillam,
1308 2750 1503 2819 inquit,
1543 2759 1588 2802 et
1626 2750 1789 2817 filmm
1833 2751 1979 2818 ejus;
2014 2766 2113 2802 aen

535 2843 668 2897 enim
692 2843 849 2895 limes
882 2842 973 2893 erit
999 2842 1136 2909 ﬁlius
1163 2840 1363 2893 ancilia:
1396 2856 1505 2890 cum
1529 2839 1635 2906 [ilio
1666 2838 1853 2892 liberte.
1887 2840 2115 2906 Aposto-

536 2934 618 2987 lus
644 2934 745 2989 hoc
768 2940 1174 2995 commemorat;
1199 2940 1250 2984 et
1277 2931 1327 2984 iu
1353 2931 1454 2983 iliis
1478 2930 1683 2983 duobus
1713 2930 1831 2981 liliis
1863 2930 2105 2996 Abrahae,

533 3025 659 3079 dicit
705 3023 993 3092 Apostolus
1037 3024 1195 3077 fuisse
1243 3026 1459 3091 liguraut
1492 3022 1714 3076 dttotutn
1744 3020 2026 3077 Testamen
2052 3039 2111 3075 o-

536 3132 649 3169 rum
673 3156 688 3179 ,
711 3114 921 3169 Veteris
941 3124 994 3168 et
1022 3115 1165 3168 .\ovi.
1205 3116 1281 3168 Ad
1318 3112 1477 3167 Vetus
1520 3115 1914 3168 'l'est.uucntu:n
1944 3116 2108 3183 perti-

535 3215 663 3259 nent
705 3206 990 3259 dilectores
1021 3206 1424 3274 tetnpora'ium,
1454 3205 1737 3259 dilectores
1776 3207 1951 3259 szeeuli
1987 3223 1999 3259 :
2040 3206 2105 3260 ad

533 3298 733 3352 Novum
751 3298 1146 3352 Testatneutuut
1169 3301 1450 3351 dilectores
1475 3308 1590 3350 \ILI!
1620 3308 1851 3351 u-terum.
1878 3297 1999 3350 Idm
2021 3297 2104 3351 illa

530 3388 822 3445 Jerusalem
868 3390 917 3442 in
951 3400 1086 3442 terra
1110 3430 1123 3448 .
1157 3391 1340 3441 uiubra
1385 3401 1493 3443 Clai
1542 3389 1775 3443 eieiestis
1812 3389 2104 3443 Jt‘l‘ltsttlem

530 3483 713 3536 matris
740 3480 973 3536 muniam
1003 3492 1238 3532 nuarum
1264 3520 1274 3539 .
1322 3497 1438 3547 qua:
1484 3490 1563 3533 est
1609 3497 1659 3532 ιιι
1690 3481 1826 3534 cudo
1857 3498 1869 3533 :
1900 3492 1953 3534 rt
1992 3480 2107 3535 lm-c

530 3574 764 3642 Apusluli
789 3573 947 3625 verba
977 3578 1091 3623 sunt
1120 3568 1267 3639 (Ceu.
1296 3586 1380 3623 XXI
1408 3611 1423 3635 ,
1465 3571 1560 3633 ll);
1586 3569 1755 3623 Colat.
1796 3586 1865 3635 IV,
1891 3570 2101 3637 22-30).

530 3664 595 3718 Et
628 3663 695 3717 de
724 3664 819 3716 ista
850 3661 1062 3715 chilate
1086 3660 1223 3713 unde
1253 3660 1681 3729 |ercgriuaniur,
1709 3661 1869 3713 multa
1901 3672 2100 3726 nostis,

527 3756 688 3811 tnulta
722 3754 830 3823 jam
858 3755 1096 3807 audistis.
1133 3754 1429 3806 Iuvcnimus
1455 3764 1629 3808 autem
1671 3768 1780 3807 rem
1824 3772 1872 3807 tu
1898 3770 2008 3807 rant
2050 3754 2101 3808 in

527 3846 642 3899 istis
665 3845 935 3913 partubus,
962 3845 1009 3897 id
1034 3858 1106 3896 est
1142 3846 1190 3896 in
1221 3846 1333 3897 istis
1351 3844 1539 3897 fetibus~
1561 3885 1574 3907 ,
1600 3845 1648 3897 in
1672 3844 1785 3897 i~tis
1805 3845 2103 3911 generatio-

528 3936 679 3988 tiibus
701 3938 983 3991 liberarum
1006 3946 1059 3991 et
1085 3936 1414 3999 ancilluum,
1437 3945 1659 4001 quatuor
1684 3935 1876 3989 scilicet
1902 3952 2098 4006 genera

527 4029 796 4082 hominum
829 4044 841 4077 :
885 4028 933 4079 iu
979 4028 1166 4095 quibus
1196 4036 1418 4095 ιιυιιιλξυγ
1448 4027 1762 4095 generibus,
1805 4028 2100 4097 i-ouipletur

525 4123 686 4190 lignra
707 4118 861 4173 futuri
888 4132 991 4189 pop
1012 4117 1059 4170 tli
1088 4117 1358 4171 christiaai
1379 4158 1395 4182 ,
1433 4129 1482 4170 ut
1514 4135 1615 4172 non
1645 4120 1712 4173 sit
1744 4119 1932 4173 tuirtnn
1955 4122 2095 4192 quod

522 4212 573 4265 i.t
607 4212 707 4265 illzs
731 4212 896 4265 tribus
920 4209 1115 4264 dictum
1147 4219 1225 4264 cst
1252 4253 1265 4271 ,
1300 4208 1409 4278 Ego
1447 4227 1555 4262 sum
1586 4210 1719 4265 Deus
1745 4211 2029 4280 Abraham,
2051 4224 2096 4266 et

520 4300 657 4355 Deus
680 4300 828 4354 Isaac
851 4342 866 4364 ,
890 4311 932 4353 ct
960 4300 1091 4354 Deus
1110 4299 1287 4352 Jacoh.
1316 4300 1369 4352 ln
1400 4302 1645 4355 munibus
1672 4304 1811 4354 enim
1840 4303 2095 4357 Christia-

524 4398 603 4448 nis
628 4438 641 4456 ,
667 4395 855 4447 fratres
884 4394 1158 4455 iuteud.te,
1192 4402 1283 4444 aut
1311 4408 1401 4459 per
1426 4394 1591 4444 titulus
1623 4404 1911 4447 n.-.scuutur
1938 4396 2057 4448 boni
2078 4437 2093 4462 ,

522 4496 609 4538 aut
638 4501 730 4551 per
773 4486 874 4536 ben
898 4502 936 4531 »μ
964 4493 1249 4534 nascuntur
1289 4483 1409 4532 ntali
1431 4521 1444 4542 ,
1474 4492 1565 4533 aut
1604 4498 1695 4549 per
1736 4485 1901 4538 lmttos
1932 4486 2052 4539 lam
2077 4527 2092 4550 ,

522 4585 607 4627 aut
641 4590 732 4643 per
763 4575 928 4625 malus
955 4573 1075 4624 tnali
1110 4589 1122 4623 :
1152 4572 1374 4639 amplius
1416 4571 1529 4625 istis
1555 4587 1781 4641 quatuor
1814 4578 2095 4643 generibus

523 4686 625 4723 nam
655 4665 871 4735 potestis
898 4666 1150 4718 iuvetne.
1174 4663 1301 4729 Qua.-
1326 4664 1512 4718 iterum
1539 4674 1795 4736 repetam,
1813 4668 2092 4739 advertite,

523 4761 767 4821 retinete;
797 4757 1024 4811 mentite
1050 4755 1209 4809 corda
1243 4766 1436 4819 vestra,
1470 4759 1629 4813 nolite
1659 4758 1788 4829 pigri
1810 4776 1929 4815 esse
1961 4780 1973 4816 :
2001 4778 2092 4817 ca-

520 4856 648 4927 ρίιο,
672 4868 738 4906 ne
762 4850 1064 4920 c..piamini,
1082 4851 1346 4919 quomoio
1366 4864 1591 4919 quatuor
1612 4868 1803 4922 genera
1834 4862 1955 4908 sunt
1975 4871 2091 4910 onl-

522 4948 664 5001 Itium
695 4944 1134 4998 Cbriuiaiorum.
1178 4945 1281 4995 Aut
1309 4960 1398 5007 μϊ
1425 4943 1591 4998 bonos
1620 4956 1905 5000 nascuntur
1934 4946 2054 5002 boui
2074 4991 2089 5015 ,

520 5052 607 5093 aut
642 5054 734 5107 per
760 5037 928 5090 malos
956 5044 1241 5089 nascuntur
1279 5035 1395 5087 mali
1420 5077 1434 5100 ,
1467 5046 1557 5089 aut
1592 5053 1683 5105 per
1722 5038 1886 5091 bonos
1928 5042 2048 5094 tuali
2073 5082 2089 5106 ,

521 5142 609 5184 aut
647 5145 739 5199 per
766 5128 932 5181 malus
955 5128 1096 5181 boui.
1131 5126 1261 5179 Pam
1287 5129 1406 5195 quia
1435 5128 1645 5196 planum
1673 5139 1773 5182 est.
1804 5130 1903 5185 Per
1926 5131 2093 5187 bonos

523 5222 643 5277 boui
676 5240 687 5275 :
718 5222 759 5273 si
788 5218 945 5287 etqui
970 5219 1233 5285 baptizaut
1253 5258 1268 5281 ,
1298 5218 1417 5270 boui
1447 5228 1587 5274 sunt;
1617 5228 1672 5272 et
1695 5220 1781 5288 qui
1825 5221 2093 5292 itaptiza"-

522 5328 604 5373 tur
628 5356 644 5381 ,
676 5324 817 5369 recte
846 5310 1095 5373 credunt,
1128 5320 1181 5363 et
1224 5312 1235 5364 i
1262 5334 1270 5361 ι
1311 5311 1563 5364 membris
1597 5312 1789 5366 Christi
1832 5332 1901 5369 νυ(
1922 5326 1972 5371 te
1995 5334 2094 5371 Itu-

520 5418 810 5464 mcrantur.
839 5406 933 5459 Pet
966 5406 1131 5457 malos
1163 5403 1283 5457 Iltuli
1314 5420 1327 5456 :
1362 5403 1404 5455 si
1427 5414 1479 5456 et
1508 5406 1595 5473 qui
1627 5404 1887 5472 liaptizaut
1909 5450 1924 5469 ,
1969 5410 2089 5463 tnali

519 5512 673 5564 sunt;
702 5510 754 5556 et
782 5499 870 5569 qui
899 5498 1228 5566 baptizantur
1250 5536 1266 5560 ,
1300 5496 1491 5563 duplci
1537 5499 1697 5551 corde
1724 5517 1786 5553 ac
1818 5500 1981 5556 edunt
2024 5502 2093 5557 ad

520 5595 683 5651 Deum
707 5637 719 5657 ,
760 5602 813 5648 et
842 5610 945 5646 uuu
976 5601 1156 5645 tenent
1184 5606 1275 5641 eos
1306 5606 1481 5643 mures
1506 5607 1642 5659 quo.
1671 5594 1891 5648 atldl‘ttat
1915 5597 1965 5649 iu
1988 5597 2093 5653 lle-

583 5730 602 5759 ¹
630 5736 677 5777 In
696 5734 803 5777 Mss.
831 5729 907 5776 hic
927 5733 1027 5797 [ost
1044 5720 1410 5797 vocetanm'Oh!
1433 5734 1527 5772 nou
1548 5723 1756 5786 additur,
1780 5731 1875 5777 tres
1896 5736 2093 5797 pura;

522 5802 706 5854 neque.
727 5804 865 5846 imus.
891 5784 996 5850 post
1018 5800 1179 5845 voces,
1202 5792 1245 5837 et
1267 5784 1483 5849 populus

2246 626 2367 681 boni
2397 648 2410 683 :
2441 632 2722 701 aliquando
2753 634 2983 703 baptizat
3019 638 3227 694 adulter
3248 681 3263 702 ,
3303 652 3357 696 et
3394 644 3481 713 qui
3527 644 3824 713 baptizatur

2238 716 2579 787 justiticatur.
2608 722 2714 778 Per
2736 725 2903 779 honos
2933 728 3053 781 mali
3079 746 3093 781 :
3116 731 3400 799 aliquando
3415 735 3504 804 qui
3532 735 3819 805 baptizaut,

2242 811 2412 865 Sancti
2459 823 2614 879 sunt;
2654 816 2743 886 qui
2779 816 3152 888 baptizautur,
3194 831 3376 881 tenere
3418 825 3556 881 viam
3596 826 3695 885 Dei
3724 846 3820 888 no-

2241 898 2376 954 lunt.

2310 990 2364 1045 9.
2414 990 2565 1059 Puto,
2596 994 2804 1061 fratres,
2837 1010 3020 1053 uotum
3049 1016 3170 1057 esse
3194 1002 3246 1057 iu
3275 1003 3533 1073 Ecclesia,
3559 1018 3618 1064 et
3650 1013 3820 1079 quoti-

2236 1078 2409 1136 diauis
2440 1085 2698 1155 exemplis
2736 1088 3063 1145 manilestari
3092 1108 3153 1147 ea
3194 1110 3313 1163 quze
3336 1096 3563 1155 dicimus
3592 1120 3606 1153 :
3763 1104 3817 1159 in

2237 1173 2502 1242 prioribus
2527 1179 2721 1233 nostris
2744 1181 2985 1252 patribus
3008 1198 3068 1236 ea
3098 1186 3498 1242 consideremus
3520 1230 3538 1257 ,
3565 1193 3697 1261 quia
3725 1195 3842 1261 ba—i

2232 1267 2460 1324 buerunt
2488 1282 2542 1326 et
2573 1272 2646 1326 illi
2678 1274 2774 1327 ista
2805 1284 3033 1342 quatuor
3059 1292 3276 1343 genera.
3310 1278 3413 1335 Per
3438 1281 3611 1337 bonos
3640 1284 3765 1341 boni
3798 1270 3841 1342 τ’

2234 1362 2465 1418 Anauias
2494 1364 2712 1419 Paulum
2758 1368 3036 1438 baptizavit
3072 1368 3207 1443 (Art.
3247 1386 3303 1426 ιι
3327 1413 3343 1436 ,
3383 1372 3495 1443 i8).
3536 1374 3680 1443 Quid
3725 1393 3820 1448 per

2234 1453 2403 1507 malus
2446 1456 2605 1510 mali?
2644 1457 2778 1513 Dicit
2818 1459 3110 1529 Apostolus
3147 1462 3404 1531 quosdam
3434 1464 3818 1533 pnedicamres

2233 1545 2532 1617 Evangelii,
2577 1565 2713 1619 quos
2757 1550 2887 1607 dicit
2929 1568 3032 1606 non
3080 1563 3227 1608 caste
3270 1556 3591 1613 annuutiare
3638 1562 3818 1618 solere

2232 1637 2568 1709 Evangelium
2588 1681 2605 1707 ,
2635 1657 2767 1711 quos
2793 1643 2982 1698 tolerat
3007 1644 3058 1697 in
3096 1645 3356 1703 societate
3388 1646 3688 1705 christiana
3716 1692 3733 1714 ,
3761 1661 3817 1709 et

2228 1728 2386 1792 dicit,
2434 1730 2570 1795 Quid
2607 1732 2778 1786 enim?
2815 1733 2936 1787 dum
2986 1736 3121 1788 omni
3150 1736 3337 1801 modo,
3380 1738 3482 1792 sive
3522 1743 3815 1807 occasione,

2227 1821 2327 1874 sive
2350 1822 2551 1876 veritate
2564 1820 2792 1877 Chn’atua
2811 1827 3151 1888 auauutietur,
3175 1837 3221 1880 et
3239 1828 3292 1881 iu
3317 1828 3411 1883 hoc
3430 1829 3633 1900 gaudeo
3656 1829 3817 1904 (ΡΙιὲ-

2228 1913 2353 1983 lipp.
2385 1929 2437 1979 ι,
2468 1914 2576 1987 18).
2620 1914 2880 1987 Numquid
2920 1918 3211 1973 malevolus
3254 1929 3405 1985 erat,
3435 1932 3490 1977 et
3528 1921 3600 1978 de
3636 1924 3818 1980 alieno

2228 2006 2368 2057 malo
2390 2006 2686 2075 gaudebat?
2713 2010 2814 2063 Sed
2848 2010 2970 2079 quia
3008 2020 3059 2065 et
3089 2025 3186 2080 per
3210 2012 3377 2067 malos
3405 2028 3589 2069 verum
3622 2016 3820 2084 pradi-

2225 2099 2475 2160 eabatur,
2502 2110 2555 2154 ct
2583 2117 2677 2171 per
2702 2102 2959 2158 malorum
2984 2119 3074 2156 ora
3105 2102 3350 2159 Christus
3376 2106 3816 2176 prdicabatur;

2225 2189 2267 2241 si
2294 2204 2425 2257 quos
2456 2190 2538 2244 isti
2568 2192 2649 2245 sui
2674 2192 2873 2247 similes
2898 2194 3255 2263 baptizabant,
3285 2195 3408 2249 mali
3434 2198 3606 2253 malos
3635 2201 3817 2270 bapti-

2223 2280 2413 2336 zabant
2439 2300 2451 2335 :
2482 2282 2525 2337 si
2548 2298 2680 2352 quos
2704 2284 2787 2338 isti
2807 2285 3142 2355 baptizabant
3165 2286 3316 2351 tales,
3341 2287 3524 2358 quales
3550 2289 3818 2348 admonet

2225 2371 2479 2427 Dominus
2505 2390 2624 2427 cum
2651 2375 2795 2439 dicit,
2832 2376 2958 2441 Qua:
2983 2378 3154 2431 dicunt
3180 2379 3363 2447 facile;
3389 2396 3502 2451 quae
3522 2393 3705 2437 autem
3733 2387 3816 2456 [a-

2220 2466 2379 2529 ciuul,
2406 2470 2568 2536 [arere
2605 2468 2757 2522 nolite
2789 2467 3000 2541 (Matth.
3030 2486 3159 2525 χχιιι
3183 2513 3198 2536 ,
3230 2472 3306 2542 5).
3350 2474 3473 2527 mali
3504 2474 3683 2529 bonos
3719 2477 3816 2531 ba-

2224 2556 2506 2624 ptizabant.
2541 2556 2669 2611 Βιθιιί
2715 2560 2882 2613 malos
2918 2560 3291 2630 baptizabant,
3318 2564 3587 2632 quomodo
3612 2582 3645 2619 a
3680 2565 3814 2623 l’bi-

2221 2648 2361 2715 lippo
2380 2658 2564 2703 sancto
2580 2649 2759 2703 SitttOu
2785 2666 2967 2720 magus
2986 2652 3276 2721 baptizatus
3292 2665 3368 2707 est
3388 2656 3524 2723 (Act.
3553 2670 3674 2719 rut.
3698 2658 3811 2729 I3).

2218 2737 2349 2791 Nota
2377 2749 2501 2794 sunt
2528 2756 2653 2810 ergo
2684 2741 2779 2795 ista
2807 2753 3034 2811 quatuor
3053 2760 3267 2813 genera,
3297 2744 3485 2800 fratres
3506 2748 3637 2802 mei.
3667 2749 3813 2807 Ecce

2218 2830 2406 2884 iterum
2437 2846 2498 2885 ca
2528 2848 2621 2902 rep
2641 2842 2728 2897 διο,
2761 2844 2935 2888 tenete
2961 2834 3068 2897 illa,
3094 2848 3365 2892 numerate
3392 2838 3499 2903 illa,
3538 2839 3815 2900 advertite

2219 2919 2301 2973 illa
2322 2936 2337 2981 ;
2368 2932 2551 2976 cavete
2574 2939 2691 2991 qua-
2714 2924 2846 2977 mala
2868 2934 3011 2990 sunt,
3040 2933 3214 2981 tenete
3232 2944 3349 2997 quze
3371 2929 3505 2983 bona
3526 2941 3679 2985 sunt.
3715 2933 3813 2990 Per

2218 3016 2385 3067 bonos
2428 3015 2549 3085 boui
2589 3025 2909 3081 nascuntur,
2949 3033 3068 3071 cum
3107 3035 3203 3089 per
3244 3030 3453 3075 sanctus
3492 3026 3672 3079 sancti
3727 3028 3812 3083 ba-

2218 3105 2481 3172 plizaulur
2526 3124 2538 3157 :
2575 3122 2668 3173 per
2698 3108 2864 3161 malos
2893 3110 3014 3162 mali
3040 3150 3055 3172 ,
3086 3127 3205 3165 cum
3233 3122 3287 3167 et
3329 3115 3416 3182 qui
3448 3114 3739 3184 baptizaut
3761 3133 3812 3177 et

2213 3196 2300 3266 qui
2349 3198 2710 3266 baptizautur,
2745 3199 2921 3269 inique
2963 3210 3017 3254 et
3055 3201 3214 3271 impie
3249 3205 3468 3261 vivunt:
3500 3223 3597 3275 per
3633 3213 3811 3271 maloa

2215 3286 2335 3339 boni
2361 3329 2375 3351 ,
2408 3304 2525 3340 cum
2563 3288 2684 3341 mali
2733 3299 2856 3344 sunt
2885 3290 2971 3360 qui
3014 3292 3312 3361 baptizaut;
3352 3307 3401 3350 et
3435 3298 3555 3351 hom
3587 3304 3693 3369 qui
3723 3303 3811 3358 ba.

2215 3380 2475 3448 ptizantur
2501 3400 2513 3433 :
2549 3399 2641 3452 per
2671 3384 2837 3438 boaos
2868 3388 2989 3440 ntali
3013 3429 3029 3452 ,
3057 3404 3177 3443 cum
3205 3391 3326 3445 boui
3360 3402 3482 3447 sunt
3508 3396 3605 3465 qui
3635 3398 3806 3471 bapti-

2212 3483 2351 3535 zaut,
2380 3482 2433 3527 et
2458 3475 2576 3526 mali
2599 3476 2685 3544 qui
2713 3475 3060 3545 baptizautur.

2283 3564 2363 3618 10.
2378 3564 2654 3632 Quomodo
2671 3567 2964 3623 iuveniums
2981 3572 3075 3625 ista
3091 3571 3140 3625 in
3159 3572 3326 3627 tribus
3338 3574 3447 3630 istis
3465 3579 3806 3650 nominibus,

2210 3652 2321 3723 Ego
2350 3674 2461 3708 sum
2493 3656 2628 3711 Deus
2651 3658 2905 3713 Abraham
2930 3704 2944 3727 ,
2977 3661 3117 3715 Deus
3150 3663 3319 3728 Isaac,
3350 3678 3396 3720 et
3423 3665 3559 3723 Deut
3584 3670 3806 3729 Iacob!

2213 3746 2443 3800 Ancillas
2478 3748 2765 3816 accipimus
2793 3750 2845 3804 in
2878 3753 3048 3815 malls,
3077 3754 3270 3810 liberas
3294 3758 3586 3827 accipimus
3630 3764 3688 3817 in
3715 3765 3807 3821 bo-

2210 3835 2293 3888 nis
2326 3855 2337 3888 :
2370 3839 2578 3905 pariunt
2616 3840 2793 3894 liberm
2831 3841 3037 3909 bonos;
3065 3844 3192 3898 Sara
3226 3849 3428 3917 peperit
3457 3849 3611 3906 Isaac
3643 3854 3800 3924 (Ceu.

2209 3944 2323 3992 xm,
2355 3931 2407 3997 5)
2443 3948 2454 3983 :
2488 3932 2694 4000 pariunt
2722 3934 2927 3988 ancilla:
2967 3938 3164 3999 malos;
3194 3943 3333 4008 Agar
3368 3944 3569 4011 peperit
3606 3945 3802 4006 lsmael

2208 4020 2314 4090 (Id.
2366 4040 2447 4078 xvi
2476 4067 2490 4087 ,
2542 4026 2647 4094 15).
2699 4027 2963 4083 llaheuuts
3008 4030 3057 4084 iu
3104 4047 3207 4086 uno
3247 4034 3511 4090 Abraham
3563 4050 3629 4093 et
3678 4040 3802 4097 illud

2204 4128 2369 4184 genus
2393 4130 2513 4169 eum
2545 4132 2637 4183 per
2664 4117 2831 4172 bonos
2872 4117 3038 4181 boui,
3069 4130 3122 4174 et
3153 4122 3278 4176 illud
3320 4140 3487 4193 genus
3523 4142 3661 4184 cum
3709 4146 3803 4202 per

2206 4207 2374 4262 malos
2405 4208 2549 4261 mal.
2581 4209 2679 4263 Per
2710 4208 2875 4262 bonos
2903 4211 3022 4263 mali
3055 4212 3139 4265 ubi
3174 4215 3373 4282 ligurati
3398 4218 3564 4271 sunt?
3593 4218 3794 4277 Libera

2203 4310 2317 4350 erat
2364 4298 2485 4352 lieb.
2509 4316 2599 4352 cca
2651 4316 2782 4353 uxor
2821 4300 2963 4355 Isaac
3004 4320 3016 4354 :
3051 4302 3229 4373 legite,
3273 4305 3476 4374 peperit
3516 4311 3795 4379 geminos,

2205 4405 2337 4443 unus
2360 4400 2473 4442 erat
2504 4391 2672 4445 lamus
2693 4434 2707 4455 ,
2739 4394 2874 4447 alter
2903 4395 3089 4449 malus.
3126 4396 3298 4452 llabes
3326 4409 3509 4468 aperte
3534 4400 3791 4475 Scriptu-

2203 4497 2313 4534 ram
2344 4483 2606 4537 dii-cutem
2640 4485 2727 4539 llei
2757 4502 2901 4547 voce,
2928 4484 3089 4541 Iacob
3118 4488 3291 4550 dilexi,
3314 4490 3449 4544 Esau
3468 4505 3652 4550 autent
3680 4499 3796 4554 odio

2203 4572 2353 4627 habui
2392 4574 2642 4642 (.llalach.
2677 4592 2712 4637 l,
2746 4576 2797 4640 Ξ,
2830 4579 2894 4641 5;
2931 4579 3079 4633 Itoni.
3112 4597 3184 4648 ιιι,
3219 4582 3323 4652 15)
3369 4582 3502 4638 Istos
3528 4587 3676 4644 duos
3703 4607 3796 4662 ge-

2202 4666 2310 4720 nuit
2365 4666 2623 4731 llcbecea,
2668 4668 2833 4723 .lacub
2869 4678 2923 4724 et
2964 4670 3102 4725 Esau
3147 4689 3160 4725 :
3209 4690 3342 4727 unus
3382 4673 3506 4730 inde
3544 4679 3791 4751 eligitur,

2200 4759 2338 4812 alius
2380 4760 2689 4829 reprohatur
2730 4763 2786 4824 ¹;
2838 4779 2972 4817 unus
3016 4764 3247 4819 succedit
3294 4767 3344 4820 iu
3388 4766 3789 4840 bzcreditatem,

2200 4851 2333 4905 alter
2355 4852 2742 4905 exuet-edatur.
2773 4852 2887 4907 Non
2920 4853 3041 4909 facit
3082 4856 3328 4925 populum
3359 4873 3513 4913 suum
3547 4862 3695 4920 Deus
3723 4866 3790 4921 de

2203 4945 2373 5009 Esau;
2407 4946 2499 4999 sed
2544 4945 2666 4999 facit
2694 4946 2758 4999 de
2787 4945 2972 5002 .lacob.
3012 4947 3205 5003 Semen
3235 4966 3434 5015 unum,
3467 4951 3673 5011 diversi
3700 4958 3789 5027 qui

2199 5038 2440 5107 concepti
2483 5048 2604 5092 sunt
2647 5056 2659 5092 :
2704 5048 2884 5094 uterus
2922 5055 3077 5104 unus,
3124 5041 3316 5096 diversi
3356 5043 3444 5112 qui
3486 5046 3597 5099 nati
3639 5058 3786 5103 sunt.

2200 5130 2460 5199 Numquid
2488 5146 2592 5184 nou
2620 5130 2781 5184 libera
2813 5133 3009 5199 peperit
3036 5131 3222 5196 Jacob,
3251 5148 3369 5203 qua:
3388 5134 3551 5191 libera
3575 5140 3787 5207 peperit

2202 5220 2381 5275 Esau?
2413 5219 2770 5276 Luctabautur
2797 5222 2846 5273 iu
2883 5232 3065 5276 ventre
3110 5224 3291 5277 matris
3328 5240 3439 5279 sua:
3462 5266 3479 5287 ,
3505 5236 3558 5282 et
3581 5227 3785 5283 dictqu

2200 5324 2280 5368 cst
2312 5312 2586 5376 Rebeccae,
2614 5328 2734 5366 eum
2764 5312 2831 5365 ibi
2861 5313 3203 5381 luctarentur,
3239 5313 3352 5369 Duo
3379 5319 3555 5387 populi
3581 5330 3705 5374 aunt
3732 5321 3785 5375 in

2200 5416 2340 5457 utero
2370 5414 2454 5456 tuo
2491 5401 2643 5473 (Ceu.
2677 5418 2812 5467 xxv,
2835 5403 3050 5475 22-24).
3085 5404 3197 5459 Duo
3233 5405 3514 5475 homines,
3551 5410 3663 5465 duo
3694 5427 3786 5481 ρο-

2202 5497 2341 5566 puli;
2378 5496 2545 5551 bonus
2572 5496 2797 5565 populus
2818 5536 2834 5557 ,
2866 5498 3037 5551 malus
3077 5499 3302 5569 populus
3334 5518 3347 5555 :
3384 5503 3476 5556 sed
3509 5514 3687 5559 tamen
3730 5504 3784 5560 in

2203 5602 2309 5641 uno
2356 5602 2540 5642 ventre
2570 5588 2851 5643 luctantur.
2892 5589 3083 5656 Quanti
3111 5593 3234 5647 mali
3265 5605 3389 5649 sunt
3418 5595 3469 5650 in
3502 5595 3740 5652 Ecclesia
3762 5636 3781 5663 ,

2200 5687 2255 5733 et
2284 5695 2416 5734 ttttltS
2443 5689 2624 5733 uterus
2654 5689 2849 5750 portat,
2878 5679 3050 5738 donec
3075 5682 3130 5740 in
3152 5683 3258 5741 line
3282 5684 3657 5744 discernantur
3684 5703 3701 5743 :
3726 5692 3786 5749 et

2272 5792 2288 5826 ⁸
2313 5798 2441 5854 διεδ..
2461 5790 2761 5856 inter

3738 5900 3746 5907 Ι
3771 5863 3793 5891 θ

3688 6172 3982 6386 αι
