4036 6378
218 309 332 365 1481

212 415 324 473 noni
346 413 607 471 adversus
629 411 795 466 malos
819 410 1068 474 clamant,
1099 415 1152 463 et
1182 407 1304 462 mali
1330 406 1583 461 adversus
1603 407 1769 461 bonos

211 511 524 573 reclamant,
567 505 695 562 etin
733 504 891 558 unius
919 500 1206 555 visceribus
1235 499 1442 568 utrique
1482 497 1765 552 luctantur.

211 600 456 673 Numquid
478 613 688 669 semper
707 595 864 650 simul
886 592 1072 648 erunt?
1091 590 1146 644 In
1169 591 1272 645 line
1291 589 1464 644 exitur
1488 588 1552 642 ad
1572 589 1767 650 lucem,

211 697 489 752 declaratur
502 689 749 746 nativitas
763 702 882 757 qua:
895 685 980 739 hic
996 684 1046 738 in
1064 689 1397 737 sacramento
1416 679 1668 750 tiguratur
1685 697 1696 730 :
1716 686 1771 733 et

211 800 327 845 tunc
348 784 657 856 apparebit,
688 779 852 835 Iacob
879 777 1054 843 dilexi,
1089 775 1226 829 Esau
1254 783 1420 827 autem
1449 773 1564 826 odio
1596 771 1765 825 habui.

273 881 352 936 ll.
380 878 494 933 iam
516 890 644 946 ergo
663 872 981 935 invenimus,
1008 869 1214 932 fratres,
1242 874 1295 921 et
1313 866 1380 921 de
1402 867 1552 922 bonis
1577 865 1767 929 bonos,

211 970 447 1029 delibera
465 969 650 1022 lsaac;
678 975 734 1020 et
756 964 823 1019 de
851 962 1004 1018 malis
1024 961 1208 1026 malos,
1238 958 1306 1014 de
1325 957 1514 1013 ancilla
1542 956 1726 1010 lsmael
1755 973 1767 1007 :

211 1075 259 1121 et
280 1064 341 1119 de
363 1062 514 1117 bonis
543 1058 732 1122 malos,
768 1057 906 1111 Esau
933 1055 1001 1110 de
1031 1054 1292 1108 Rebecca.
1322 1051 1397 1105 De
1426 1050 1578 1104 malis
1604 1049 1771 1102 bonos

211 1154 290 1210 ubi
315 1150 681 1209 inveniemus?
720 1149 905 1203 Restat
941 1145 1106 1202 Jacob
1128 1186 1144 1210 ,
1175 1153 1231 1198 ut
1268 1143 1324 1198 in
1351 1142 1520 1196 tribus
1552 1141 1770 1210 patriar-

212 1247 313 1301 chis
366 1252 592 1315 quatuor
636 1255 894 1311 generum
960 1238 1181 1291 istorum
1249 1233 1497 1305 perfectio
1558 1231 1773 1286 conclu-

212 1337 366 1392 datur.
390 1335 583 1390 Habuit
608 1347 802 1388 uxores
821 1330 986 1386 Jacob
1013 1329 1225 1390 liberas,
1251 1325 1431 1379 habuit
1447 1322 1732 1380 etancillas
1757 1339 1768 1374 :

213 1429 402 1500 pariunt
424 1427 638 1493 liberae,
664 1424 875 1494 pariunt
903 1432 958 1478 et
986 1421 1187 1474 ancilla:
1209 1460 1224 1486 ,
1252 1428 1306 1473 et
1335 1418 1468 1472 ﬁunt
1495 1414 1771 1471 duodecim

212 1520 293 1576 lilii
316 1519 465 1574 Israel
493 1517 645 1587 (Gen.
671 1531 824 1580 xxix,
849 1530 980 1578 xxx,
1009 1509 1208 1584 xxxv).
1236 1511 1290 1564 Si
1319 1523 1567 1564 numeres
1588 1521 1774 1562 omnes

213 1611 272 1667 de
295 1610 474 1681 quibus
496 1607 606 1663 nati
634 1615 778 1672 sunt,
810 1621 911 1659 non
939 1618 1126 1657 omnes
1150 1601 1216 1656 de
1244 1601 1448 1665 liberis,
1467 1614 1570 1653 non
1590 1612 1774 1651 omnes

215 1703 268 1756 de
302 1701 497 1757 ancillis
528 1718 540 1753 :
572 1699 669 1755 sed
709 1708 883 1753 tamen
929 1710 1115 1750 omnes
1150 1709 1214 1748 ex
1253 1707 1356 1745 uno
1386 1690 1610 1746 semine.
1640 1688 1825 1756 Quidv

215 1811 355 1866 ergo,
385 1794 574 1848 fratres
607 1791 751 1846 mei?
778 1787 1032 1859 numquid
1059 1787 1148 1858 qui
1177 1785 1283 1839 nati
1305 1794 1426 1838 sunt
1455 1783 1520 1837 de
1549 1781 1769 1846 ancillis,

217 1902 307 1941 non
328 1886 472 1940 simul
505 1883 865 1954 possederunt
891 1890 1085 1935 terram
1118 1875 1485 1947 promissionis
1512 1889 1630 1929 cum
1668 1873 1774 1926 fra-

218 1979 364 2033 tribus
384 1977 524 2030 suis?
552 1974 862 2029 lnvenimus
891 1971 960 2025 ibi
986 1971 1156 2024 bonos
1183 1968 1318 2021 filios
1340 1965 1504 2020 Jacob
1531 1974 1680 2018 natos
1710 1962 1777 2017 dc

220 2069 400 2125 ancillis
421 2109 434 2131 ,
462 2078 514 2122 et
537 2069 714 2121 bonos
754 2065 890 2120 lilios
926 2061 1090 2117 Jacob
1132 2069 1283 2113 natos
1312 2058 1378 2112 de
1409 2056 1605 2110 liberis.
1639 2053 1778 2108 Nihil
1819 2081 1840 2094 ρ

220 2159 314 2215 illis
345 2158 494 2214 obluit
523 2156 776 2211 nativitas
804 2153 871 2208 de
911 2152 1075 2206 uteris
1104 2149 1412 2204 ancillarum
1438 2187 1452 2211 ,
1485 2143 1696 2214 quando
1727 2143 1778 2197 in

220 2259 349 2319 patre
379 2255 739 2319 Cognoverth
759 2259 941 2300 semen
969 2257 1124 2297 suum
1148 2281 1164 2306 ,
1204 2249 1258 2294 ΘΙ.
1281 2243 1670 2305 consequenter
1689 2249 1778 2288 re-

218 2359 357 2414 gnum
379 2359 494 2397 cum
519 2340 778 2396 fratribus
804 2345 1107 2392 tenuerunt.
1133 2331 1408 2400 Quomodo
1434 2345 1562 2398 ergo
1583 2328 1635 2380 in
1659 2326 1778 2381 filiis

217 2433 359 2488 lacob
385 2448 484 2487 non
529 2430 707 2486 obfuit
755 2429 856 2483 illis
893 2427 981 2497 qui
1009 2424 1115 2478 nali
1146 2431 1269 2478 sunt
1290 2420 1356 2475 de
1388 2418 1612 2482 ancillis,
1641 2432 1776 2488 quo-

221 2527 371 2580 minus
400 2531 639 2578 tenerent
670 2534 890 2591 regnum
917 2559 933 2583 ,
961 2527 1014 2572 et
1037 2525 1231 2571 terram
1263 2509 1630 2583 promissionis
1655 2522 1777 2563 cum

220 2618 444 2673 fratribus
465 2634 529 2673 ex
556 2630 719 2686 atquo
737 2613 1079 2682 acciperent;
1112 2624 1215 2663 non
1245 2608 1348 2662 illis
1377 2605 1656 2661 obfuerunt
1683 2617 1776 2656 na-

223 2710 333 2764 tales
355 2709 682 2770 ancillarum,
713 2704 806 2760 sed
837 2701 1309 2773 praevaluitsemen
1348 2707 1622 2768 paternum
1660 2711 1672 2746 :
1704 2693 1780 2747 sic

221 2802 503 2871 quicumque
528 2815 626 2869 per
643 2795 818 2852 malos
841 2793 1192 2863 baptizantur,
1214 2800 1461 2859 tanquam
1485 2786 1552 2840 de
1575 2783 1780 2839 ancillis

224 2893 436 2949 videntur
471 2894 614 2958 nati;
647 2889 746 2945 sed
783 2900 959 2943 tamen
992 2886 1113 2956 quia
1151 2899 1216 2938 ex
1255 2882 1457 2936 semine
1487 2879 1634 2934 verbi
1665 2877 1776 2940 Dei,

223 2988 340 3055 quod
363 2987 611 3055 ﬁguratur
641 2983 696 3036 in
717 2979 901 3044 Jacob,
927 2993 1032 3032 non
1058 2974 1458 3038 contristentur,
1487 2969 1643 3024 simul
1672 2967 1781 3021 ha:-

224 3076 466 3132 redilatem
492 3091 613 3130 cum
645 3070 902 3127 fratribus
928 3066 1291 3139 possidebunt.
1317 3065 1549 3119 Securus
1569 3073 1696 3128 ergo
1713 3059 1782 3112 sit

224 3169 297 3238 qui
335 3168 394 3224 de
423 3168 626 3224 semine
679 3166 820 3219 bono
863 3162 1130 3224 nascitur;
1161 3167 1362 3212 tantum
1402 3171 1505 3210 non
1550 3155 1782 3208 imitetur

226 3261 437 3316 ancillam
457 3303 470 3326 ,
498 3262 541 3315 si
567 3260 638 3315 de
671 3257 860 3312 ancilla
885 3255 1138 3309 nascitur.
1168 3251 1426 3306 Ancillam
1469 3248 1659 3302 malam
1689 3262 1780 3300 su-

228 3352 521 3420 perbientem
543 3368 652 3406 non
682 3348 924 3404 imiteris.
949 3344 1101 3402 Unde
1128 3345 1268 3399 enim
1300 3341 1388 3395 lilii
1414 3341 1578 3395 Jacob
1601 3340 1668 3394 de
1688 3355 1782 3392 an-

227 3442 343 3498 cillis
364 3443 485 3508 nati,
520 3441 880 3513 possederunt
907 3448 1100 3492 terram
1131 3432 1496 3505 promissionis
1521 3446 1640 3485 cum
1672 3429 1780 3483 fra-

229 3533 388 3595 tribus,
412 3535 597 3589 lsmael
627 3541 808 3586 autem
831 3529 898 3585 de
923 3529 1110 3583 ancilla
1137 3535 1311 3590 natus,
1335 3523 1585 3593 expulsus
1613 3530 1694 3577 est
1716 3522 1783 3577 ab

228 3621 543 3681 hereditate?
573 3623 733 3682 Unde
757 3665 771 3688 ,
807 3623 906 3676 nisi
945 3620 1066 3691 quia
1099 3619 1186 3673 ille
1231 3617 1489 3687 superbus
1523 3625 1636 3670 erat
1659 3655 1674 3681 ,
1707 3614 1784 3669 illi

231 3719 462 3775 humiles?
489 3721 681 3777 Erexit
707 3719 795 3774 ille
817 3718 1101 3782 cervicem,
1129 3723 1184 3770 et
1208 3713 1374 3768 voluit
1403 3712 1659 3767 seducere
1680 3712 1784 3766 fra-

232 3816 344 3864 trem
360 3826 523 3876 suum,
547 3811 743 3866 ludens
768 3823 886 3863 cum
913 3807 1022 3861 illo.

292 3901 364 3954 li.
400 3901 647 3972 Magnum
697 3900 770 3954 ibi
826 3906 1236 3953 sacramentum.
1297 3893 1572 3949 Ludebant
1627 3891 1785 3947 simul

230 3988 393 4047 lsmael
407 4007 453 4048 ct
468 3993 610 4049 Isaac
627 4011 645 4059 ;
659 3992 790 4046 vidit
803 3992 918 4046 illos
933 3989 1338 4054 Saralndentes,
1356 3996 1410 4041 et
1428 3988 1501 4040 ait
1519 3985 1744 4040 Abrahae
1768 4003 1780 4036 :

238 4083 355 4153 Ejice
384 4085 617 4140 ancillam
641 4095 688 4140 et
715 4085 878 4154 [ilium
905 4083 1049 4154 ejus;
1071 4099 1172 4136 non
1191 4080 1324 4135 enim
1348 4080 1505 4134 [iteres
1531 4078 1622 4131 erit
1647 4077 1785 4145 ﬁlius

233 4178 402 4230 aucillte
424 4194 534 4232 cum
560 4177 675 4246 [alio
704 4191 813 4229 meo
839 4172 1008 4228 Isaac.
1040 4173 1107 4228 Et.
1131 4187 1250 4228 cum
1282 4170 1622 4226 contristatus
1643 4176 1786 4223 esset

238 4269 487 4337 Abraham,
517 4268 856 4325 confirmavit
875 4269 922 4322 ei
946 4267 1200 4322 Dominus
1221 4265 1421 4320 dictum
1449 4263 1630 4318 uxoris
1646 4262 1781 4332 ejus.

237 4358 332 4415 iam
373 4362 452 4418 hic
494 4361 839 4418 manifestum
884 4368 966 4414 est
997 4368 1404 4434 sacramentum,
1453 4356 1576 4427 quia
1606 4355 1785 4410 nescio

239 4451 340 4518 quid
366 4454 587 4510 futurum
623 4451 948 4523 parturiebat
977 4451 1065 4504 illa
1094 4465 1179 4504 res
1203 4457 1373 4520 gesta.
1405 4447 1673 4502 Ludentes
1701 4447 1786 4500 vi-

240 4540 334 4606 dit,
360 4553 408 4598 ct
432 4545 555 4600 dicit
586 4562 599 4598 :
635 4542 782 4611 Ejice
827 4541 1066 4596 ancillam
1100 4549 1146 4594 et
1173 4541 1334 4610 filium
1372 4540 1500 4610 ejus.
1530 4536 1666 4605 Quid
1705 4544 1789 4591 est

244 4629 354 4696 hoc.
383 4635 604 4690 fratres?
637 4633 775 4701 Quid
813 4633 954 4688 enim
1000 4631 1122 4685 mali
1166 4629 1363 4686 fecerat
1391 4628 1577 4684 lsmael
1624 4641 1788 4697 puero

245 4722 382 4790 Isaac,
417 4728 532 4797 quia
573 4725 790 4781 ludebat
832 4741 950 4779 cum
996 4721 1254 4777 illo?Sed
1287 4721 1374 4776 illa
1421 4720 1576 4783 lusio,
1615 4719 1789 4773 illusio

247 4823 372 4880 erat;
408 4817 488 4871 illa
527 4818 665 4872 lusio
715 4815 1079 4886 deccptionem
1127 4811 1474 4883 significabat.
1511 4809 1641 4866 Nam
1674 4825 1788 4863 ma-

245 4919 381 4973 gnum
414 4917 795 4964 sacramentum
837 4905 1073 4960 attendat
1098 4903 1343 4960 Charitas
1369 4910 1566 4957 vestra.
1598 4901 1788 4955 Perse-

248 4997 477 5055 cutionem
524 5000 666 5055 illam
711 5007 864 5054 vocat
907 4997 1225 5068 Apostolus;
1280 4995 1446 5064 ipsam
1488 4993 1745 5046 Iusionem
1771 5030 1788 5057 ,

249 5085 393 5156 ipsum
439 5091 607 5147 lusum
648 5089 1074 5161 persecutionem
1123 5094 1276 5142 vocat
1319 5103 1332 5139 :
1374 5087 1448 5139 ait
1477 5084 1639 5149 enim,
1685 5081 1791 5136 Sed

251 5177 488 5240 sicuttuuc
514 5185 600 5239 ille
624 5184 706 5256 qui
743 5181 1020 5238 secundum
1045 5195 1245 5233 carnem
1269 5186 1415 5231 natus
1452 5185 1557 5230 erat
1577 5217 1591 5241 ,
1622 5189 1790 5244 perse-

252 5273 457 5337 quentur
474 5293 584 5330 eum
596 5277 678 5347 qui
696 5274 968 5330 secundum
989 5272 1234 5344 spiritum,
1259 5269 1331 5324 ita
1355 5279 1400 5322 et
1425 5283 1586 5330 nunc;
1613 5265 1662 5320 id
1688 5272 1789 5330 est,

254 5359 326 5428 (ιυί
365 5366 640 5422 secundum
690 5380 904 5422 carnem
944 5363 1051 5419 nati
1093 5371 1249 5429 sunt,
1285 5367 1670 5432 persequuntur
1697 5370 1791 5412 eos

255 5450 330 5518 (ιηί
349 5458 621 5512 secundum
641 5457 881 5529 spiritum
907 5456 1014 5510 nati
1037 5462 1180 5509 sunt.
1212 5453 1313 5520 Qui
1350 5459 1471 5506 sunt
1498 5447 1787 5502 secundum

258 5551 440 5601 carnem
469 5549 611 5603 nati?
632 5549 920 5604 Dilectores
945 5545 1148 5610 mundi,
1177 5554 1438 5598 amatores
1465 5538 1664 5594 saeculi.
1691 5536 1793 5604 Qui

255 5642 361 5694 διιιιι
380 5638 655 5694 secundum
697 5638 940 5709 spiritum
981 5635 1129 5691 nati?
1172 5636 1451 5690 Amatores
1495 5629 1643 5700 regni
1685 5644 1795 5684 cae-

260 5720 426 5797 lorum,
461 5730 736 5790 dilectores
776 5730 989 5796 Christi,
1033 5729 1397 5787 desiderantes
1439 5725 1598 5779 vitam
1638 5731 1794 5778 aiter-

503 5821 726 5887 Sutc'r.
775 5824 1047 5886 Anonsr.
1082 5821 1161 5883 Ill

1358 293 1768 350 TRAC'l‘A'l‘US
1797 291 1894 349 XI.
1937 291 2160 350 CAPUT
2199 289 2261 346 ll.

3318 294 3340 348 i
3351 294 3454 352 482

1878 420 2021 470 nam,
2040 405 2201 475 gratis
2221 403 2456 458 colentes
2476 403 2660 456 Deum.
2681 401 2909 471 Ludunt,
2938 411 2990 458 et
3014 402 3140 457 dicit
3167 401 3456 474 Apostolus

1875 497 2318 568 persecutionem.
2372 495 2504 549 Nam
2559 503 2898 565 posteaquam
2953 494 3084 548 dixit
3135 493 3249 548 hare
3291 497 3452 552 verba

1876 583 2163 658 Apostolus
2187 629 2201 653 ,
2231 586 2299 641 Et
2325 587 2454 642 sicut
2482 595 2598 640 tunc
2619 586 2704 639 ille
2730 585 2812 655 qui
2836 584 3111 638 secundum
3131 600 3330 638 carnem
3358 602 3453 639 na-

1878 689 1957 734 tus
1979 688 2107 746 erat,
2136 679 2518 751 persequebatur
2543 693 2655 731 eum
2688 677 2770 746 qui
2805 676 3078 730 secundum
3106 676 3358 746 spiritum,
3385 676 3460 729 ita

1877 779 1924 824 et
1949 785 2117 833 nunc;
2147 777 2356 824 secutus
2383 777 2466 823 est
2489 809 2503 832 ,
2536 776 2589 822 et
2616 767 2845 821 ostendit
2869 767 2936 821 de
2961 781 3061 835 qua
3091 766 3459 836 persecutione

1876 860 2078 916 diceret
2114 879 2126 912 :
2162 860 2265 915 Sed
2301 860 2422 930 quid
2465 857 2584 911 dicit
2625 857 2926 927 Scriptura?
2962 855 3106 926 Ejice
3143 855 3383 910 ancillam
3411 865 3459 911 et

1876 953 2039 1019 [ilium
2067 954 2212 1023 ejus;
2245 969 2342 1006 non
2370 953 2501 1006 enim
2521 951 2678 1004 haeres
2705 951 2795 1002 erit
2821 949 2959 1018 ﬁlius
2989 949 3190 1002 ancilla:
3211 964 3324 1002 cum
3349 947 3459 1016 ﬁlio

1878 1060 1984 1096 meo
2022 1042 2169 1096 Isaac
2195 1041 2344 1114 (Gen.
2376 1058 2489 1105 χχι,
2536 1040 2697 1105 9-12;
2732 1039 2898 1093 Galat.
2933 1056 3002 1104 tv,
3035 1039 3126 1104 29,
3155 1040 3270 1108 30).
3297 1038 3458 1106 Qua:-

1877 1133 2044 1188 rimns
2090 1133 2174 1187 ubi
2219 1132 2319 1186 hoc
2359 1132 2501 1187 dicat
2547 1132 2841 1200 Scriptura,
2877 1139 2933 1184 ut
2971 1131 3243 1184 videamus
3280 1137 3456 1184 utrum

1879 1223 2050 1292 aliqua
2096 1223 2395 1293 persecutio
2437 1223 2767 1292 praecesserit
2807 1221 3132 1276 lsmaelis-in
3174 1220 3317 1275 Isaac
3360 1229 3461 1276 :ct

1879 1313 2174 1369 invenimus
2202 1313 2302 1368 hoc
2328 1313 2523 1368 dictum
2546 1328 2664 1367 esse
2689 1328 2720 1366 a
2746 1312 2899 1379 Sara,
2929 1311 3141 1382 quando
3170 1311 3300 1366 vidit
3329 1327 3458 1380 pue-

1879 1423 1970 1464 ros
2011 1408 2250 1462 ludentes
2292 1407 2469 1462 simul.
2511 1406 2677 1472 Quam
2719 1405 2980 1460 lnsionem
3025 1404 3155 1459 dicit
3179 1403 3452 1473 Scriptura

1878 1498 2073 1553 vidisse
2102 1498 2284 1553 Suram
2307 1538 2321 1561 ,
2355 1497 2489 1551 hanc
2529 1497 2949 1566 persecutionem
2987 1495 3116 1549 dicit
3140 1495 3451 1564 Apostolus.

1882 1589 2002 1644 Plus
2037 1606 2162 1659 ergo
2192 1605 2284 1644 vos
2321 1596 2704 1659 persequuntur
2728 1588 2817 1658 qui
2853 1602 2948 1642 vos
2983 1586 3254 1642 illudendo
3292 1586 3450 1642 sedu-

1879 1690 2006 1735 cunt
2051 1698 2062 1733 :
2095 1679 2256 1746 Veni,
2300 1679 2462 1743 veni;
2495 1678 2758 1748 baptizare
2800 1678 2885 1732 hic
2907 1719 2922 1745 ,
2950 1677 3036 1730 hic
3075 1677 3236 1732 habes
3263 1692 3452 1733 verum

1879 1772 2219 1843 baptismum.
2255 1771 2372 1826 Noli
2419 1771 2632 1837 ludere,
2675 1786 2810 1824 unus
2848 1779 2929 1824 est
2961 1784 3153 1834 verus;
3185 1769 3272 1824 ille
3310 1770 3459 1823 lusus

1881 1875 1961 1920 est
2008 1885 2020 1916 :
2063 1864 2331 1920 seduceris
2363 1865 2380 1896 ¹
2412 1905 2426 1929 ,
2455 1874 2505 1918 et
2551 1863 2649 1916 ista
2682 1862 2976 1932 persecutio
3004 1861 3177 1931 gravis
3203 1860 3300 1915 tibi
3335 1861 3456 1917 erit.

1880 1957 2064 2012 Melius
2091 1958 2182 2011 tibi
2209 1967 2320 2012 erat
2349 1965 2407 2011 ut
2431 1957 2706 2011 lsmaelem
2730 1965 2783 2009 tu
2809 1954 3088 2009 lucrareris
3114 1953 3179 2007 ad
3199 1968 3456 2022 regnum;

1883 2049 1974 2104 sed
2003 2064 2106 2103 non
2133 2049 2244 2102 vult
2271 2047 2480 2114 lsmael,
2511 2049 2631 2117 quia
2659 2047 2840 2102 ludere
2865 2047 2994 2099 vult.
3024 2045 3169 2100 Tene
3199 2052 3256 2099 tu
3281 2044 3453 2098 haere-

1882 2138 2098 2193 ditatem
2132 2138 2313 2207 patris,
2345 2147 2398 2192 et
2423 2137 2540 2192 audi
2576 2156 2588 2191 :
2629 2136 2774 2208 Ejice
2805 2137 3043 2190 ancillam
3071 2146 3115 2190 et
3133 2136 3295 2205 filium
3319 2137 3461 2207 ejus;

1883 2246 1982 2284 non
2011 2231 2142 2283 enim
2161 2230 2319 2284 [iteres
2344 2230 2438 2282 erit
2463 2229 2599 2298 ﬁlius
2623 2229 2822 2283 ancilla:
2845 2245 2958 2282 cum
2985 2227 3094 2296 ﬁlio
3121 2243 3228 2282 meo
3250 2225 3422 2281 Isaac.

1955 2321 2040 2374 15.
2076 2319 2164 2374 lsti
2185 2320 2342 2374 etiam
2372 2319 2569 2373 audent
2589 2318 2768 2374 dicere
2787 2318 2908 2388 quia
2927 2318 3348 2388 persecutionem
3376 2333 3465 2372 so-

1883 2412 1992 2466 lent
2019 2412 2125 2482 pati
2155 2426 2186 2464 a
2212 2409 2484 2464 catholicis
2512 2409 2745 2478 regibus,
2778 2417 2867 2462 aut
2895 2423 2924 2461 a
2951 2409 3229 2463 catholicis
3259 2410 3458 2478 princi-

1881 2504 2054 2573 pibus.
2104 2502 2270 2570 Quam
2320 2501 2738 2571 persecutionem
2795 2500 3057 2554 tolerant?
3102 2501 3460 2557 Aftlictionem

1883 2595 2153 2666 corporis:
2183 2596 2226 2649 si
2250 2603 2424 2649 tamen
2439 2592 2721 2663 aliquando
2744 2593 2882 2661 passi
2909 2601 3052 2656 sunt,
3081 2603 3172 2648 aut
3192 2596 3458 2663 quomodo

1883 2687 2023 2758 passi
2070 2695 2231 2751 sunt,
2284 2686 2381 2754 ipsi
2431 2685 2620 2749 sciant,
2643 2692 2698 2738 et
2743 2684 3063 2739 conveniant
3111 2687 3464 2742 conscientias

1883 2792 2041 2843 suas;
2075 2786 2250 2830 tamen
2274 2775 2613 2829 afllictionem
2646 2774 2882 2843 corporis
2910 2775 3049 2844 passi
3079 2784 3204 2829 sunt
3229 2791 3244 2827 :
3277 2791 3463 2846 perse-

1884 2871 2026 2924 cutio
2050 2885 2206 2939 quam
2239 2868 2432 2923 faciunt
2457 2867 2668 2938 gravior
2689 2875 2790 2922 est.
2831 2865 2970 2921 Cave
2997 2867 3208 2937 quando
3237 2869 3349 2923 vult
3379 2870 3465 2924 lu-

1885 2959 2013 3015 dere
2034 2959 2221 3015 Ismael
2247 2974 2366 3014 cum
2393 2958 2556 3022 Isaac,
2586 2956 2796 3027 quando
2824 2957 2914 3011 tibi
2938 2957 3223 3024 blanditur,
3250 2959 3464 3028 quando

1886 3051 2042 3106 otTert
2066 3054 2289 3108 alterum
2318 3052 2634 3120 baptismum
2665 3068 2678 3102 :
2707 3050 2989 3118 responde,
3019 3050 3198 3106 Habeo
3221 3052 3330 3122 jam
3361 3054 3465 3107 Ba-

1887 3144 2156 3214 ptismum.
2203 3143 2257 3199 Si
2286 3144 2426 3197 enim
2457 3157 2613 3197 verus
2640 3149 2723 3197 est
2761 3142 2862 3197 iste
2899 3141 3224 3211 baptismus,
3253 3144 3343 3213 qui
3370 3144 3462 3199 tibi

1885 3237 1998 3290 vult
2025 3235 2155 3290 dare
2184 3235 2428 3298 alterum,
2457 3232 2677 3288 illudere
2704 3241 2756 3287 te
2785 3233 2913 3288 vult.
2949 3231 3091 3287 Cave
3116 3233 3306 3287 animm
3338 3248 3464 3303 per-

1886 3334 2206 3381 secutorem.
2253 3323 2383 3379 Nam
2424 3323 2469 3376 si
2504 3339 2534 3376 a
2581 3322 2902 3393 principibus
2948 3323 3221 3378 catholicis
3261 3323 3462 3393 aliquid

1887 3434 2042 3488 passa
2081 3427 2162 3473 est
2199 3431 2319 3487 pars
2361 3415 2546 3470 Donati
2585 3414 2869 3484 aliquando
2894 3456 2909 3481 ,
2941 3416 3228 3470 secundum
3270 3431 3464 3486 corpus

1889 3523 2040 3578 passa
2062 3518 2142 3563 est
2166 3551 2180 3573 ,
2210 3522 2312 3562 non
2343 3505 2632 3562 secundum
2674 3506 2976 3560 illusionem
3003 3506 3241 3575 spiritus.
3269 3506 3464 3562 Audite

1888 3608 1942 3654 et
1965 3599 2140 3654 videte
2175 3599 2226 3652 in
2270 3598 2399 3669 ipsis
2427 3597 2694 3652 veteribus
2734 3595 2887 3652 factis
2909 3640 2923 3663 ,
2953 3598 3128 3652 omnia
3168 3597 3463 3655 futurarum

1889 3706 2066 3747 rerum
2095 3691 2240 3760 signa
2269 3699 2322 3744 et
2352 3689 2564 3744 indicia.
2593 3688 2862 3743 Invenitur
2888 3687 3019 3743 Sara
3044 3688 3295 3743 afﬂixisse
3322 3691 3465 3759 Agar

1888 3782 2132 3838 ancillam
2178 3801 2191 3837 :
2236 3781 2364 3838 Sara
2418 3781 2580 3835 libera
2621 3789 2702 3836 est
2744 3799 2758 3835 :
2807 3790 3148 3851 posteaquam
3191 3782 3469 3851 superbire

1889 3877 2048 3944 cmpit
2076 3875 2284 3938 ancilla,
2315 3883 2494 3945 questa
2521 3883 2602 3928 est.
2629 3873 2854 3927 Abrahm
2881 3871 3032 3940 Sara,
3062 3882 3118 3930 et
3145 3875 3296 3939 dixit,
3325 3874 3471 3946 Ejice

1888 3968 2125 4021 ancillam
2147 3983 2166 4031 ;
2194 3968 2348 4022 erexit
2377 3968 2637 4021 adversum
2666 3983 2746 4020 me
2767 3968 3003 4021 cervicem
3029 3985 3192 4022 suam.
3225 3970 3290 4022 Et
3314 3970 3468 4039 quasi

1889 4058 1956 4111 ab
1985 4058 2248 4113 Abraham
2291 4059 2442 4114 ﬁeret
2464 4100 2477 4122 ,
2510 4059 2577 4113 de
2613 4058 2879 4112 Abraham
2924 4068 3109 4130 questa
3141 4070 3222 4115 est
3256 4063 3464 4116 mulier.

1889 4149 2155 4205 Abraham
2193 4165 2320 4206 vero
2359 4151 2446 4220 qui
2485 4165 2589 4204 non
2633 4151 2684 4203 in
2719 4151 2908 4204 ancilla
2956 4150 3175 4206 libidine
3214 4153 3465 4208 abntendi

1893 4241 2188 4308 tenebatur,
2214 4241 2307 4296 sed
2331 4240 2505 4296 officio
2533 4240 2838 4311 generandi,
2863 4241 3111 4311 quoniam
3141 4240 3269 4297 Sara
3296 4242 3344 4297 ei
3370 4243 3466 4298 dc-

1892 4333 2043 4389 derat
2101 4333 2238 4388 unde
2268 4333 2469 4403 prolem
2523 4333 2846 4402 susciperet,
2878 4333 2951 4387 ait
2977 4333 3025 4388 ei
3060 4349 3072 4384 :
3116 4332 3249 4388 Ecce
3275 4336 3482 4390 ancilla.

1892 4434 1999 4493 tua,
2031 4436 2166 4481 utere
2189 4443 2252 4510 ea
2274 4427 2400 4481 sicut
2419 4427 2512 4480 vis.
2536 4426 2603 4480 Et
2627 4425 2812 4480 afﬂixit
2839 4441 2956 4481 eam
2979 4428 3208 4497 graviter
3231 4430 3382 4496 Sara,
3411 4442 3467 4487 et

1893 4518 2023 4589 fugit
2049 4534 2078 4573 a
2112 4518 2241 4574 facie
2265 4520 2398 4590 ejus.
2430 4519 2569 4574 Ecce
2595 4519 2758 4574 libera
2785 4518 2971 4574 amixit
2991 4521 3257 4589 ancillam,
3282 4533 3336 4578 ct
3360 4540 3468 4580 non

1896 4610 2037 4664 illam
2077 4619 2232 4666 vocat
2272 4611 2698 4679 persecutionem
2748 4609 3064 4680 Apostolus;
3109 4612 3241 4666 ludit
3281 4629 3471 4670 servus

1898 4718 2018 4759 cum
2049 4703 2292 4769 domino,
2324 4712 2378 4758 et
2409 4703 2830 4774 persecutionem
2869 4712 3023 4759 vocat
3063 4722 3076 4757 :
3112 4705 3329 4760 afﬂictio
3367 4708 3468 4763 ista

1896 4811 2002 4851 non
2030 4806 2248 4852 vocatur
2286 4797 2618 4867 persecutio,
2647 4804 2703 4852 et
2739 4796 2872 4851 lusio
2915 4797 3003 4850 illa
3041 4808 3260 4853 vocatur
3286 4815 3468 4870 perse-

1895 4887 2058 4942 cutio.
2090 4886 2223 4955 Quid
2251 4886 2402 4940 vobis
2430 4887 2636 4941 videtur
2655 4928 2669 4952 ,
2702 4885 2933 4940 fratres?
2962 4886 3146 4942 Nonne
3179 4889 3470 4961 intelligitis

1897 4977 2022 5048 quid
2048 4977 2396 5047 significatum
2424 4977 2526 5031 sit?
2551 4975 2640 5032 Sic
2659 4990 2785 5046 ergo
2809 4976 3020 5046 quando
3044 4978 3154 5033 vult
3183 4979 3319 5035 Deus
3342 4997 3474 5037 con-

1896 5069 2064 5124 citare
2101 5077 2389 5139 potestates
2413 5067 2668 5123 adversus
2695 5068 2972 5122 haereticos
2991 5110 3006 5136 ,
3035 5069 3290 5126 adversus
3333 5073 3476 5129 schi-

1898 5161 2164 5224 smaticos,
2209 5159 2462 5214 adversus
2512 5159 2855 5229 dissipatores
2911 5161 3176 5228 Ecclesiae,
3222 5164 3478 5222 adversus

1898 5251 2262 5308 exsufﬂatores
2299 5248 2533 5317 Christi,
2576 5250 2829 5305 adversus
2877 5251 3331 5322 hlaSphematores
3370 5257 3476 5309 Ba-

1899 5344 2078 5415 ptismi
2101 5385 2116 5409 ,
2148 5359 2253 5398 non
2284 5343 2572 5408 mirentur;
2599 5345 2720 5413 quia
2753 5344 2890 5400 Deus
2918 5348 3170 5408 concitat.
3201 5357 3309 5400 uta
3341 5346 3474 5402 Sara

1899 5435 2208 5492 verberetur
2259 5435 2418 5505 Agar.
2467 5434 2766 5504 Cognoseat
2807 5451 2867 5490 se
2919 5437 3094 5504 Agar,
3143 5445 3300 5506 ponat
3357 5454 3481 5492 cer—

1899 5530 2069 5585 vicem
2099 5545 2113 5582 :
2142 5528 2262 5596 quia
2288 5542 2408 5582 cum
2439 5527 2705 5582 humiliata
2729 5526 3025 5581 discederet
3047 5541 3075 5579 a
3105 5526 3316 5581 domina
3344 5543 3476 5596 sua,

1901 5618 2132 5676 occurrit
2169 5616 2218 5672 ei
2247 5617 2464 5688 angelus
2488 5659 2502 5680 ,
2532 5623 2586 5672 et
2628 5616 2758 5671 dixit
2781 5658 2794 5681 ,
2827 5615 2961 5679 Quid
2985 5623 3054 5668 est
3079 5656 3092 5674 ,
3119 5614 3256 5683 Agar
3283 5619 3477 5673 ancilla

1967 5733 1984 5764 ι
2011 5737 2063 5780 In
2085 5731 2241 5782 tribus
2262 5738 2385 5790 Mss,
2409 5727 2540 5780 lamis
2558 5733 2628 5779 est
2647 5727 2890 5778 seducens.
2919 5731 2971 5773 In
2993 5738 3108 5786 uno,
3131 5725 3412 5783 seductoris.

2667 5808 3228 5890 (Quamnte-sept.)
