4036 6384
592 351 729 415 N85

583 474 775 531 Sara?
793 489 914 531 cum
940 485 1228 547 conquesta
1265 485 1409 532 esset
1432 476 1502 533 de
1530 477 1747 533 domina
1769 514 1785 544 ,
1817 477 1943 549 quid
1968 475 2172 532 audivit

583 565 653 621 ab
668 565 903 636 Angela?
918 564 1183 622 Revertere
1202 566 1269 621 ad
1287 566 1545 622 dentium
1560 577 1700 624 tuam
1717 567 1871 640 (Gen.
1897 585 2007 634 ιη,
2032 566 2169 639 5-9).

581 655 667 712 Ad
708 656 810 713 hoc
844 671 974 729 ergo
1001 656 1252 729 afﬂigitur
1273 698 1288 726 ,
1315 668 1374 714 ut
1408 668 1724 716 revertatur.
1753 662 1927 732 Atque
1968 660 2171 716 utinam

580 756 910 817 revertatur;
947 749 1072 819 quia
1105 749 1284 820 proles
1310 750 1428 822 ejus
1453 788 1468 818 ,
1511 752 1650 808 sicut
1679 752 1771 807 ﬁlii
1815 751 1981 809 Jacob
2003 792 2019 821 ,
2047 766 2169 809 cum

578 838 835 897 fratribus
865 837 1232 897 haereditatem
1260 842 1479 899 tenebit.

655 931 743 986 ll.
773 922 1032 987 Mirantur
1056 940 1234 988 autem
1271 933 1393 1004 quia
1422 944 1831 992 commoventur
1875 946 2167 1008 potestates

580 1021 890 1079 christiana:
901 1021 1156 1079 adversus
1172 1023 1514 1081 detestandos
1534 1026 1879 1097 dissipatorcs
1890 1029 2162 1085 Ecclesiae.

576 1113 694 1170 Non
741 1128 870 1185 ergo
916 1116 1295 1173 moverentur?
1337 1116 1405 1172 Et
1444 1118 1710 1188 quomodo
1758 1120 2045 1176 redderent
2081 1134 2167 1176 ra-

583 1207 783 1263 tionem
807 1205 875 1262 de
900 1207 1124 1278 imperio
1144 1222 1244 1264 suo
1269 1207 1421 1265 Deo?
1442 1210 1685 1267 intendat
1704 1210 1950 1268 Charitas
1988 1220 2165 1270 vestra

575 1295 703 1367 quid
732 1295 928 1364 dicam,
957 1297 1081 1368 quia
1128 1298 1359 1369 pertinet
1379 1299 1481 1356 hoc
1508 1300 1577 1356 ad
1603 1315 1756 1373 reges
1808 1303 1988 1358 saeculi
2015 1302 2162 1359 ebrio

574 1391 798 1458 stianos,
826 1398 883 1445 ut
921 1391 1246 1461 temporibus
1279 1393 1391 1449 suis
1434 1402 1677 1464 pacatam
1722 1396 1889 1451 velint
1937 1404 2162 1454 matrem

577 1492 729 1536 suam
761 1481 1075 1551 Ecclesiam,
1096 1483 1237 1540 unde
1252 1485 1596 1555 spiritualiter
1620 1488 1729 1543 nati
1747 1495 1889 1543 sunt.
1912 1486 2162 1559 Legimus

577 1573 813 1629 Danielis
845 1574 1080 1630 visiones
1133 1582 1189 1631 et
1223 1585 1371 1645 gesta
1410 1577 1737 1647 prophetica.
1759 1578 1895 1634 Tres
1932 1579 2080 1649 pueri
2106 1580 2159 1635 in

572 1662 695 1734 igne
738 1663 1087 1720 laudaverunt
1142 1666 1425 1721 Dominum
1460 1686 1474 1722 :
1504 1670 1726 1725 miratus
1766 1680 1849 1726 est
1874 1669 2157 1727 Nabucho~

572 1755 808 1811 donosor
853 1770 947 1810 rex
980 1755 1261 1811 laudantes
1310 1757 1477 1812 Deum
1527 1768 1743 1828 pueros,
1796 1768 1850 1816 et
1891 1761 2032 1816 circa
2063 1772 2159 1817 eos

569 1846 748 1917 ignem
776 1846 1190 1926 innocentem‘;
1235 1855 1289 1901 et
1325 1863 1446 1903 cum
1493 1849 1787 1906 admiratus
1835 1861 1997 1921 esset,
2030 1852 2157 1924 quid

568 1940 645 1994 ait
663 1938 1152 1995 Nabuchodonosor
1174 1955 1289 2005 rex,
1322 1955 1427 1995 non
1465 1942 1546 1997 vel
1570 1942 1787 2000 Iudaeus
1814 1945 1901 2001 vel
1925 1947 2154 2001 circum-

1512 354 1577 411 1N
1614 353 1893 412 JOANNIS
1932 332 2401 425 EV’ANGELIUM,
2442 358 2499 415 s.
2541 348 2908 425 AUGUSTINI

2281 481 2352 575 sit
2376 491 2581 553 gestum
2611 488 2794 543 nescio
2819 505 2833 541 :
2865 497 3041 546 tanien
3068 491 3198 563 quid
3226 493 3445 552 tradunt
3479 501 3673 557 nosti!
3705 505 3816 575 Quia

2278 573 2377 644 ipsi
2420 588 2481 631 se
2513 578 2993 648 pracipitavertntt,
3021 590 3077 639 et
3100 592 3393 655 potestates
3432 573 3807 654 infamaveraat.

2276 664 2641 724 Recordemur
2658 673 3097 731 comuetudinem
3124 685 3448 747 potesan
3472 680 3813 755 Romam,
3850 662 3861 713 ⁵

2276 767 2333 813 et
2357 760 2629 819 videamus
2649 765 2736 821 cui
2759 765 3085 825 credendum
3108 770 3197 825 sit.
3224 771 3423 829 Dicunt
3454 777 3618 832 nostri
3636 777 3747 835 illes
3767 796 3814 839 se

2275 852 2638 923 prateipitasse
2670 874 2684 911 :
2715 857 2762 912 si
2792 873 2898 915 non
2933 869 3058 916 sunt
3093 862 3191 933 ipsi
3219 863 3467 938 discipuli
3492 867 3714 939 ipsorum
3744 877 3815 943 qni

2273 956 2333 998 se
2352 944 2514 1001 modo
2537 945 2607 1003 de
2631 954 2776 1005 saxis
2801 951 2950 1007 nullo
2986 964 3342 1026 persequente
3362 959 3703 1032 praeustam.
3726 975 3813 1023 Ml

2270 1037 2554 1094 eredamtts
2585 1058 2598 1094 :
2626 1041 2750 1112 quid
2776 1044 2990 1114 mirum,
3019 1047 3065 1103 si
3092 1047 3335 1106 fecerunt
3360 1051 3441 1107 illi
3480 1055 3620 1124 quod
3643 1057 3816 1116 solent?

2270 1128 2401 1184 Nam
2432 1139 2725 1202 potestates
2747 1133 3001 1193 Romanis
3037 1150 3309 1211 nunquam
3353 1143 3549 1201 talibus
3579 1148 3813 1219 suppliciis

2270 1236 2382 1277 usze
2401 1233 2543 1278 sunt.
2587 1225 2719 1281 Num
2755 1229 2896 1284 enim
2942 1246 3046 1286 non
3073 1241 3318 1303 poterant
3340 1235 3589 1294 occidere
3614 1242 3814 1311 aperte?

2269 1313 2374 1371 Sed
2402 1316 2478 1371 illi
2503 1318 2594 1387 qui
2637 1334 2696 1375 se
2739 1331 2979 1378 mortuos
3006 1324 3109 1379 coli
3157 1324 3466 1394 voluerunt,
3512 1328 3811 1391 famosiotsta

2267 1417 2494 1465 mortem
2517 1425 2624 1466 non
2655 1414 2987 1471 invenerunt.
3018 1415 3295 1474 Postremo
3307 1419 3566 1492 quidquid
3592 1422 3709 1480 illud
3728 1436 3809 1493 est,

2266 1519 2373 1560 non
2418 1506 2563 1561 novi.
2607 1505 2676 1562 Et
2703 1508 2748 1562 si
2774 1518 2931 1579 passa
2954 1524 3033 1578 es,
3056 1526 3095 1565 ο
3118 1526 3242 1583 pars
3267 1513 3485 1582 Donati,
3519 1518 3812 1588 tormina

2264 1597 2606 1655 alﬂictionem
2649 1600 2721 1656 ab
2759 1599 2999 1658 Ecclesia
3044 1603 3326 1673 catholica,
3361 1621 3396 1662 ι
3428 1604 3563 1664 Sara
3590 1616 3735 1681 passa
3764 1622 3811 1667 ss

2265 1689 2439 1761 Agar;
2462 1689 2572 1745 rati
2599 1691 2669 1745 ed
2695 1692 2954 1748 dominam
2969 1703 3129 1751 tam.
3152 1696 3326 1754 Locus
3350 1698 3567 1770 quidem
3591 1710 3808 1759 amsa-

2263 1779 2375 1835 rius
2424 1780 2697 1852 aliquanto
2742 1781 2944 1840 diutius
2983 1796 3083 1842 nos
3122 1789 3310 1852 tenuit,
3340 1797 3405 1844 ut
3440 1798 3639 1847 textum
3664 1801 3803 1854 tutata

2261 1872 2580 1942 evangelica
2639 1872 2885 1930 lectionis
2930 1891 3199 1947 exponere
3242 1879 3471 1936 minime
3519 1882 3803 1940 valerem.

2260 1958 2498 2034 Fratres,
2515 1964 2743 2023 sufﬁciat
2770 1967 2985 2024 interim
2997 1968 3254 2027 Charitati
3269 1982 3484 2039 vestras,
3505 1985 3573 2031 ne
3587 1976 3691 2032 iure
3709 1990 3804 2049 qua

566 2028 730 2095 cistis,
758 2028 848 2084 ille
885 2029 975 2100 qui
1000 2037 1227 2084 statuam
1254 2045 1401 2085 suam
1428 2042 1693 2101 erexerat,
1720 2043 1773 2090 et
1798 2035 1865 2091 ad
1886 2051 2004 2091 eam
2025 2035 2139 2092 ado-

2257 2052 2398 2113 dicta
2439 2028 2584 2127 sunt,
2632 2059 2862 2117 dicendo
2906 2028 3568 2128 alia,”excludantur

563 2121 786 2177 randum
810 2134 997 2178 omnes
1022 2132 1303 2193 coegerat;
1345 2131 1526 2180 tamen
1557 2126 1801 2183 laudibus
1829 2128 1987 2183 trium
2017 2144 2151 2199 pus-

562 2226 747 2268 rerum
767 2220 1089 2281 commotus,
1122 2213 1207 2269 ubi
1239 2214 1369 2270 vidit
1387 2216 1719 2287 majestatem
1746 2218 1839 2274 Dei
1869 2222 2151 2290 praesentis

562 2303 618 2358 in
640 2304 782 2376 igne,
808 2304 938 2377 quid
961 2304 1073 2360 ait?
1094 2322 1113 2357 t
1149 2306 1215 2360 Et
1235 2321 1334 2377 ego
1365 2322 1655 2378 proponam
1677 2309 1948 2366 decretum
1971 2314 2147 2367 omni-

559 2396 664 2451 bus
678 2395 918 2452 tribubus
931 2404 986 2451 et
1005 2396 1261 2467 linguisin
1284 2400 1428 2454 omni
1446 2408 1603 2455 terra.
1621 2418 1639 2453 ι
1665 2403 1832 2470 Quale
1848 2402 2146 2461 decretum?

567 2505 586 2539 t
609 2487 940 2559 Quicumque
968 2488 1200 2544 dixerint
1225 2490 1607 2560 blasphemiam
1639 2494 1691 2549 in
1720 2496 1897 2563 Deum
1935 2497 2143 2566 Sidrac,

562 2578 746 2645 Nisae,
788 2586 845 2635 et
884 2579 1195 2652 Abdenago,
1229 2581 1282 2636 in
1336 2582 1609 2639 interitum
1645 2596 1821 2654 erunt,
1875 2589 2146 2645 etdomus

560 2685 748 2728 eorum
787 2672 839 2727 in
876 2672 1226 2742 perditionem
1266 2692 1286 2727 ι
1320 2673 1488 2747 (Dan.
1534 2677 1649 2749 tn).
1694 2679 1832 2736 Ecce
1877 2682 2144 2750 quomodo

550 2764 708 2819 saevit
744 2778 841 2819 rex
891 2763 1208 2835 alienigena,
1248 2780 1316 2821 ne
1342 2765 1739 2837 blasphematur
1777 2770 1916 2824 Deus
1955 2770 2137 2837 Israel,

553 2857 677 2929 quia
717 2856 890 2927 potuit
938 2865 1050 2912 tres
1092 2871 1289 2926 pueros
1315 2857 1383 2912 de
1410 2859 1531 2929 igne
1577 2859 1802 2916 liberare
1832 2880 1844 2915 :
1872 2871 1929 2918 et
1955 2863 2144 2919 nolunt

553 2957 614 3005 ut
635 2950 859 3006 saviant
876 2963 1031 3019 reges
1052 2946 1350 3012 christiani,
1381 2950 1508 3019 quia
1536 2948 1781 3007 Christus
1803 2951 2137 3024 exsufﬂatur,

550 3057 582 3095 a
613 3050 723 3113 quo
751 3056 858 3096 non
905 3048 1013 3095 tres
1030 3040 1205 3110 pueri,
1229 3040 1324 3096 sed
1366 3041 1514 3098 orbis
1550 3053 1812 3100 terrarum
1861 3062 1982 3102 cum
2011 3048 2141 3118 ipsis

550 3132 768 3204 regibus
793 3148 824 3188 a
865 3132 1229 3204 gebennarum
1267 3133 1389 3204 igne
1416 3134 1711 3191 liberatur?
1746 3138 1876 3193 Nam
1927 3149 2036 3196 tres
2064 3141 2139 3197 illi

551 3226 726 3299 pueri,
757 3226 951 3283 fratres
973 3226 1100 3293 mei,
1156 3226 1367 3283 liberati
1411 3232 1539 3285 sunt
1564 3230 1634 3285 ab
1662 3232 1784 3302 igne
1833 3235 2133 3304 temporali.

552 3316 822 3390 Numquid
876 3333 982 3374 non
1024 3319 1139 3389 ipse
1167 3328 1250 3375 est
1295 3319 1438 3376 Deus
1483 3320 1926 3390 Machabmorum,
1960 3325 2051 3395 qui
2078 3336 2138 3382 et

555 3410 718 3467 trium
748 3410 1078 3482 puerorum?
1112 3410 1238 3466 Illos
1259 3411 1329 3468 ab
1355 3414 1475 3483 igne
1496 3412 1739 3470 liberavit
1772 3435 1784 3471 :
1814 3416 1907 3471 illi
1928 3417 1980 3471 in
2026 3427 2137 3472 tor-

550 3504 751 3563 mentis
792 3502 962 3574 igneis
1017 3515 1245 3573 corpore
1291 3502 1619 3571 deiecerunt,
1664 3506 1760 3561 sed
1798 3507 1852 3561 in
1886 3508 2135 3579 legitimis

548 3595 819 3652 mandatis
870 3595 1050 3649 animo
1113 3604 1540 3664 permanserunt.
1596 3596 1671 3650 illi
1694 3608 1877 3668 aperte
1923 3599 2133 3655 liberati

542 3694 690 3749 sunt,
720 3685 796 3742 illi
834 3685 1044 3742 occulte
1090 3686 1330 3740 coronati
1358 3693 1482 3740 sunt
1507 3684 1575 3757 (ll
1593 3684 1829 3742 Maelius.
1860 3688 1977 3758 va).
2007 3688 2133 3745 Plus

546 3786 633 3835 est
653 3777 869 3834 liberari
896 3777 965 3833 de
991 3777 1202 3833 ﬂamma
1220 3777 1605 3848 gehennarum,
1635 3794 1794 3849 quam
1820 3781 1887 3836 de
1912 3781 2133 3838 tornum

542 3869 825 3943 potestatis
852 3868 1120 3925 humanae.
1144 3870 1203 3926 Si
1226 3882 1355 3941 ergo
1375 3869 1866 3930 Nabuchodonosor
1893 3887 1988 3930 rex
2018 3876 2132 3931 lau-

543 3963 691 4020 davit
744 3970 799 4019 et
831 3962 1144 4035 praedicavit
1177 3972 1232 4018 et
1256 3963 1479 4033 gloriam
1505 3962 1652 4019 dedit
1695 3964 1826 4030 Deo,
1849 3966 1969 4037 quia
1999 3966 2129 4023 lihe~

542 4055 690 4115 ravit
711 4055 778 4112 de
800 4056 922 4127 igne
945 4063 1055 4111 tres
1076 4068 1295 4126 pueros,
1326 4062 1382 4112 et
1411 4065 1610 4112 tantam
1633 4058 1855 4128 gloriam
1881 4059 2044 4128 dedit,
2070 4069 2130 4117 ut

539 4148 814 4206 decretum
832 4148 1066 4203 mitteret
1093 4162 1188 4217 per
1204 4162 1424 4219 regnum
1442 4162 1618 4215 suum,
1645 4150 1958 4223 Quicumque
1981 4155 2127 4209 diate-

538 4242 644 4298 rint
684 4239 1054 4311 blasphemiam
1092 4238 1149 4293 in
1185 4236 1353 4294 Deum
1397 4239 1603 4307 Sidrac,
1651 4241 1834 4309 Misce,
1879 4254 1927 4297 et
1955 4244 2125 4300 Alide:-

540 4349 693 4408 nego,
730 4333 787 4387 in
824 4334 1087 4389 interitum
1118 4341 1283 4401 aunt,
1318 4341 1364 4387 et
1393 4333 1572 4387 demus
1596 4349 1766 4388 serunt
1803 4337 1856 4390 in
1886 4338 2130 4408 perstitit»-

542 4441 691 4483 nem:
728 4424 1000 4495 quomodo
1048 4423 1133 4477 isti
1186 4434 1343 4494 reges
1369 4436 1474 4478 non
1523 4435 1859 4493 moveantur,
1899 4429 1987 4498 qui
2018 4440 2122 4485 non

541 4528 653 4573 tres
696 4529 892 4585 pueros
929 4512 1211 4568 attendunt
1247 4513 1497 4569 liberatos
1546 4514 1614 4571 de
1638 4514 1870 4585 ﬂamma,
1924 4518 2017 4574 sed
2048 4533 2125 4576 se»

537 4610 686 4680 ipsos
701 4592 953 4661 liberatos
973 4604 1041 4659 de
1061 4603 1323 4674 gehenna.
1351 4606 1564 4675 quando
1576 4607 1758 4663 vident
1779 4608 2067 4681 Christum,
2090 4624 2121 4670 a

537 4715 644 4772 quo
688 4696 893 4752 liberati
945 4703 1087 4761 sunt,
1133 4695 1401 4750 cxsolﬂari
1429 4698 1481 4752 in
1524 4698 1860 4770 Christianis,
1911 4707 2122 4776 quando

540 4788 763 4845 audiunt
790 4786 894 4842 dici
914 4785 1225 4851 christiano,
1256 4786 1347 4842 Dic
1374 4795 1426 4843 te
1454 4803 1560 4844 non
1586 4805 1706 4846 esse
1727 4792 2120 4854 christianum?

538 4880 687 4937 Talia
724 4877 901 4934 facere
929 4877 1134 4945 volunt,
1166 4884 1224 4933 et
1250 4877 1436 4934 saltem
1462 4880 1583 4935 talia
1611 4884 1717 4951 pati
1742 4886 1949 4943 nolunt.

609 4971 700 5027 15.
741 4968 870 5024 Nam
902 4968 1078 5023 videte
1116 4969 1291 5039 qualia
1316 4971 1532 5040 faciunt,
1554 4983 1607 5029 et
1628 4977 1801 5045 qualia
1828 4982 2111 5049 patiuntur.

535 5063 801 5121 Occidunt
830 5063 1051 5127 animas,
1091 5060 1397 5133 afﬂiguntur
1442 5065 1494 5119 in
1536 5080 1762 5139 corpore
1795 5088 1808 5125 :
1837 5077 2118 5146 sempiter.

531 5172 634 5215 nas
658 5168 861 5212 mortes
888 5153 1104 5220 iaciunt,
1136 5165 1189 5209 et
1212 5159 1537 5227 temporales
1565 5175 1624 5218 se
1648 5167 1851 5236 perpeti
1878 5182 2113 5243 conque.

529 5258 742 5310 runtur.
791 5248 860 5304 Et
906 5256 1082 5302 tamen
1126 5262 1259 5318 quas
1293 5250 1603 5320 patiuntur?
1628 5255 1909 5316 Proferam
1956 5266 2109 5322 nobis

530 5343 716 5403 nescio
751 5355 888 5412 quos
941 5339 995 5394 in
1045 5342 1416 5410 persecutione
1463 5358 1594 5400 suos
1638 5360 1920 5422 martyres.
1971 5354 2109 5413 Ecce

530 5435 797 5494 Marcul
847 5431 916 5487 de
953 5439 1103 5502 petra
1159 5432 1518 5503 praecipitatus
1551 5445 1634 5492 est
1661 5454 1676 5494 ε
1707 5454 1835 5498 ecce
1874 5442 2108 5505 Donatus

523 5526 837 5601 Bagaiensis
871 5524 926 5579 in
953 5532 1173 5596 puteum
1201 5523 1399 5581 missus
1417 5535 1518 5582 est.
1546 5528 1769 5597 Quando
1820 5546 2110 5606 potestates

526 5622 787 5679 Romana:
824 5616 948 5673 talia
996 5615 1256 5687 supplicia
1306 5617 1676 5690 decreveram,
1716 5630 1775 5679 ut
1812 5630 2108 5701 prmclpua.

528 5720 712 5770 rentur
732 5706 1011 5765 homines?
1025 5706 1163 5775 Quid
1187 5715 1364 5765 autem
1394 5713 1718 5782 respondent
1740 5721 1943 5775 nostri?
1969 5724 2105 5792 Quid

594 5823 612 5857 ι
634 5821 772 5886 Edlti,
794 5826 888 5872 non
904 5822 1166 5872 mum.
1198 5826 1323 5885 usa,
1348 5818 1657 5877 ὺυιοοωιιειη.

2256 2151 2469 2207 vestris.
2513 2150 2639 2207 llaec
2675 2158 2871 2218 tenete,
2918 2152 3040 2210 talia
3084 2155 3265 2226 dicite,
3317 2158 3649 2220 iiannnantss
3702 2163 3803 2220 illuc

2255 2243 2546 2313 procedits,
2575 2247 2850 2304 accendite
2878 2245 3116 2320 frigidos.

2770 2374 3181 2445 TRACTATUS
3206 2374 3323 2445 XII.

2253 2494 2327 2547 Αό
2356 2511 2415 2550 eo
2440 2495 2704 2566 Evangelii
2728 2498 2855 2562 loco.
2888 2499 3040 2567 Quod
3067 2510 3249 2558 natum
3278 2513 3366 2560 est
3401 2505 3473 2562 de
3511 2521 3679 2575 carne,
3698 2522 3800 2564 cara

2321 2597 2424 2658 est,
2458 2600 2578 2658 eia,
2608 2606 2764 2660 usque
2804 2593 2872 2647 ad
2893 2593 2976 2661 id,
3003 2593 3103 2663 Qui
3146 2603 3326 2652 autem
3364 2596 3492 2655 facit
3530 2600 3798 2669 veritatem.

2321 2680 2468 2736 venit
2535 2682 2602 2736 ad
2672 2682 2867 2751 lucem,
2916 2693 2973 2740 ut
3035 2687 3447 2746 tnanifestenlur
3485 2691 3599 2763 ejus
3643 2705 3797 2762 spera,

2320 2774 2441 2844 quia
2469 2774 2520 2830 in
2545 2775 2655 2831 Deo
2678 2785 2801 2832 sunt
2830 2777 2984 2834 facta.
3007 2778 3134 2851 Cap.
3167 2795 3245 2847 nt,
3264 2782 3300 2852 ᾗ
3328 2820 3342 2836 .
3367 2781 3521 2841 6-34.

2319 2886 2371 2943 1.
2404 2886 2486 2943 Er
2511 2900 2578 2945 eo
2601 2889 2742 2960 quod
2764 2889 3017 2948 hesterno
3037 2893 3124 2950 die
3146 2896 3409 2953 intentam
3438 2894 3654 2955 fecimus
3675 2898 3793 2955 (ΞΜ-

2247 2980 2457 3037 ritatem
2484 2992 2736 3050 vestram,
2774 2985 3118 3057 intelligimus
3163 2996 3260 3045 vos
3287 2990 3521 3048 alacrius
3548 3000 3600 3048 et
3634 3000 3794 3046 nume-

2245 3072 2421 3128 rosius
2442 3076 2752 3131 conveniSsc
2784 3090 2797 3129 ε
2822 3076 2916 3131 sed
2945 3078 3154 3134 interim
3181 3080 3399 3138 lectioni
3423 3083 3722 3154 evangelica
3741 3089 3793 3136 es

2244 3163 2434 3220 ordine
2501 3167 2802 3222 sertuonem
2852 3167 3091 3225 debitum
3155 3171 3468 3242 reddamus,
3526 3174 3570 3229 si
3620 3173 3796 3244 placet;

2243 3254 2437 3310 deinde
2484 3257 2664 3312 audiet
2707 3254 2951 3315 Charitas
2992 3271 3169 3317 vestra
3198 3260 3266 3319 de
3300 3276 3440 3335 pace
3470 3263 3708 3321 Ecclesia
3729 3263 3795 3320 vel

2242 3347 2369 3416 quid
2393 3348 2677 3418 egerimus,
2708 3350 2796 3406 vel
2836 3348 2961 3421 quid
3001 3348 3176 3410 adhuc
3214 3356 3484 3424 agendum
3530 3366 3793 3427 speremus.

2241 3436 2392 3493 Nunc
2412 3448 2541 3509 ergo
2558 3447 2667 3494 tota
2695 3440 2915 3499 intentio
2936 3443 3114 3500 cordis
3139 3446 3206 3501 ad
3227 3446 3579 3520 Evangeliunl
3600 3447 3789 3512 feratur,

2241 3542 2401 3586 nemo
2444 3530 2656 3587 aliunde
2696 3532 2910 3604 cogitet.
2938 3530 2995 3590 Si
3040 3538 3182 3592 enim
3228 3540 3321 3609 qui
3355 3548 3507 3597 totos
3533 3540 3694 3605 adest,
3717 3534 3789 3594 vis

2239 3623 2416 3692 capit;
2448 3624 2535 3694 qui
2567 3634 2626 3679 se
2655 3636 2750 3694 per
2768 3625 3115 3696 cogitationes
3139 3628 3387 3687 diversas
3412 3626 3614 3700 dividit,
3639 3638 3789 3688 nom

2239 3720 2293 3766 et
2317 3711 2459 3782 quod
2483 3723 2699 3784 ceperat
2729 3712 2940 3771 fundit?
2969 3717 3210 3774 Meminit
3237 3730 3420 3777 autem
3456 3722 3692 3779 Charitas
3712 3733 3789 3776 ve-

2237 3812 2346 3857 stra
2372 3803 2648 3859 Dominico
2676 3807 2967 3875 praeterito,
2999 3818 3257 3879 quantum
3285 3812 3546 3870 Dominus
3566 3813 3787 3883 adiuvato

2235 3890 2483 3965 dignatus
2524 3905 2627 3963 est,
2663 3895 2980 3956 disseruisse
3025 3914 3127 3957 nos
3148 3902 3216 3957 de
3241 3902 3507 3973 spirituali
3532 3915 3784 3977 regenera-

2234 3985 2378 4041 tione
2411 3984 2501 4059 (In
2523 3990 2770 4059 superiori
2804 3988 3064 4064 Troctatst)
3096 4010 3110 4047 :
3140 4004 3298 4064 quam
3336 3994 3618 4053 lectionem
3656 3993 3786 4049 vobis

2233 4075 2424 4132 iterum
2454 4077 2554 4149 legi
2577 4078 2818 4149 iecimus,
2846 4090 2907 4136 ut
2948 4096 3069 4154 qum
3097 4091 3225 4142 utne
3263 4098 3371 4143 non
3422 4088 3560 4145 dicta
3582 4093 3713 4153 sunt,
3738 4086 3783 4139 in

2232 4165 2427 4223 Christi
2457 4170 2671 4226 nomine
2696 4170 3070 4242 adjuvantibus
3094 4176 3431 4243 orationibus
3469 4177 3652 4237 vestris
3695 4175 3783 4231 im~

2229 4259 2490 4330 pieamus.

2299 4351 2355 4407 9.
2398 4353 2752 4424 Regeneratio
2777 4356 3070 4427 spiritus-lis
3095 4374 3201 4416 una
3237 4370 3342 4431 est,
3371 4365 3513 4421 sicut
3534 4358 3779 4435 generatio

2233 4445 2465 4499 carnalis
2492 4458 2596 4501 una
2621 4455 2724 4503 est.
2753 4448 2823 4504 Et
2843 4449 2984 4520 quod
3011 4447 3334 4509 Nicodamus
3354 4455 3580 4511 Domino
3597 4453 3683 4520 ait,
3703 4465 3779 4506 να*

2228 4548 2348 4591 rum
2363 4536 2513 4602 dixit,
2539 4539 2665 4610 quia
2686 4555 2791 4596 non
2814 4548 2991 4611 potest
3008 4541 3170 4600 homo
3187 4559 3308 4601 cum
3332 4542 3406 4602 sit
3429 4560 3608 4614 senes,
3624 4543 3775 4600 redire

2227 4640 2438 4683 rursum
2483 4629 2536 4685 in
2573 4639 2780 4687 uterum
2811 4633 2997 4689 matris
3023 4648 3153 4701 suae,
3184 4645 3237 4692 et
3257 4638 3423 4693 nasci.
3474 4637 3567 4694 ille
3581 4633 3771 4707 quidem

2225 4719 2378 4787 dixit,
2431 4721 2553 4793 quia
2610 4723 2769 4779 homo
2820 4735 2943 4780 cum
2988 4725 3061 4780 sit
3083 4740 3269 4795 senex,
3317 4726 3423 4786 hoc
3467 4743 3570 4785 non
3600 4731 3771 4798 potest.

2223 4813 2393 4884 quasi,
2419 4822 2475 4869 et
2501 4814 2546 4869 si
2578 4809 2756 4870 infans
2791 4825 2954 4881 esset,
3007 4828 3208 4888 posset.
3254 4818 3487 4876 Otnnitto
3524 4819 3656 4876 enim
3682 4826 3773 4871 son

2222 4913 2420 4976 petest,
2450 4908 2562 4964 sive
2584 4922 2774 4964 recens
2798 4909 2867 4965 ab
2899 4919 3071 4976 utero,
3095 4912 3207 4967 sive
3245 4924 3446 4969 annosa
3477 4913 3584 4985 iam
3606 4916 3767 4971 ωκ,

2220 4998 2395 5054 redire
2423 5008 2635 5054 rursum
2665 5002 2719 5056 in
2738 5010 2977 5057 materna
3009 5004 3235 5072 viscera,
3259 5012 3315 5060 et
3337 5002 3503 5062 irasci.
3524 5002 3624 5061 Sed
3648 5001 3767 5057 sicut

2220 5090 2285 5146 ad
2326 5090 2648 5149 nativitatem
2695 5095 2963 5152 carnalem
2997 5096 3176 5153 valent
3198 5097 3478 5155 muliebria
3500 5086 3765 5153 viscera“

2219 5184 2386 5239 semel
2413 5185 2753 5254 pariendum;
2784 5187 2863 5242 sic
2891 5187 2958 5243 ad
2990 5188 3319 5245 nativitatem
3342 5188 3664 5261 spiritualem
3681 5191 3762 5237 vs-

2216 5276 2331 5331 lent
2368 5277 2567 5333 viscera
2608 5279 2880 5348 Ecclesiae,
2907 5291 2966 5336 ut
3005 5281 3173 5338 semel
3213 5281 3436 5354 quisque
3474 5278 3761 5351 hsptlsetul'.

2218 5366 2502 5438 Propterea
2529 5385 2597 5425 ne
2624 5372 2744 5442 quis
2771 5371 2905 5428 tot-te
2941 5372 3102 5441 dicat,
3128 5373 3236 5430 Sed
3257 5374 3359 5430 iste
3387 5374 3438 5430 in
3466 5368 3649 5428 Mosi
3680 5374 3760 5420 ιη’

2218 5468 2301 5515 tus
2323 5468 2426 5529 est,
2454 5469 2510 5517 et
2530 5463 2627 5517 iste
2654 5464 2706 5517 in
2731 5462 3017 5522 schismate
3037 5474 3195 5522 natus
3221 5474 3338 5533 est;
3364 5470 3622 5535 amputata
3646 5458 3768 5514 mli

2215 5556 2413 5619 omnia,
2440 5556 2484 5611 si
2510 5556 2846 5626 meministis,
2869 5568 2986 5629 qua:
3004 5559 3157 5615 Vobis
3175 5560 3437 5631 disputata
3451 5564 3570 5616 sunt
3587 5553 3651 5610 de
3667 5550 3757 5605 ιη-

2213 5647 2315 5704 bus
2354 5648 2591 5719 patribus
2619 5651 2835 5717 nostris,
2879 5660 3106 5723 quorum
3134 5652 3274 5708 Deus
3326 5651 3433 5709 disi
3460 5648 3632 5711 voluit.
3655 5648 3751 5698 Μ

2213 5739 2332 5810 quia
2350 5743 2451 5796 soli
2476 5750 2646 5808 erant,
2669 5741 2763 5797 sed
2791 5741 2914 5813 quia
2938 5742 2991 5797 in
3010 5741 3138 5799 solis
3159 5745 3369 5816 capiet!
3395 5750 3479 5801 est
3501 5733 3749 5807 om:

2213 5831 2538 5904 signiﬁcandi
2573 5832 2748 5903 pepuli
2789 5832 2970 5889 futuri.
3003 5833 3303 5894 Inventum
3322 5836 3463 5894 enim
3494 5838 3662 5888 natum
3683 5818 3743 5879 de
