4036 6376
201 396 326 464 1485

197 513 367 572 ancilla
418 508 828 578 exheredatum,
883 513 1062 562 natum
1098 507 1165 562 de
1218 506 1382 561 libera
1429 501 1743 560 itaet-edem:

197 613 390 662 rursum
445 602 736 656 invenimus
788 608 967 654 natum
1008 598 1076 653 de
1119 598 1286 653 libera
1323 595 1743 662 extiteredatum,

198 703 360 751 natum
389 693 456 748 de
480 692 664 747 ancilia
688 691 974 747 haeredem.
1012 688 1176 745 Natus
1204 688 1273 744 de
1301 689 1489 744 ancilla
1506 688 1750 746 eximere-

197 788 334 842 datus
361 783 544 840 isntael
583 782 728 854 (Gen.
757 797 868 850 xxi,
895 783 1008 853 iii),
1041 793 1198 837 natus
1249 782 1318 837 de
1369 783 1536 837 libera
1574 782 1747 838 haeres

198 877 328 931 Isaae
371 873 480 946 (id.
527 883 649 940 xu,
693 873 773 944 ii);
820 880 979 928 natus
1023 872 1096 928 de
1138 873 1302 927 libora
1376 869 1746 928 exheredatus

197 965 320 1023 Esau
344 962 447 1038 (Id.
473 973 646 1030 axvn,
677 962 791 1035 35),
819 966 927 1018 uati
956 963 1028 1018 de
1059 962 1264 1018 ancillis
1288 961 1528 1018 heredes
1550 963 1748 1018 lllilJa-

195 1058 284 1112 coh
325 1055 449 1127 (Ιό.
500 1065 625 1110 tux
651 1053 695 1126 ).
746 1053 804 1108 in
854 1051 958 1108 illis
1016 1054 1192 1124 itque
1253 1052 1423 1108 tribus
1485 1054 1742 1122 patribus,

196 1149 348 1204 omnis
369 1145 532 1202 futuri
557 1147 731 1217 populi
759 1146 923 1216 ﬁgura
966 1153 1241 1216 perspecta
1269 1153 1384 1200 est:
1410 1155 1511 1200 nec
1551 1145 1744 1200 imme-

197 1244 286 1295 rito
306 1240 436 1294 Deus
479 1239 664 1308 inquit,
718 1237 832 1309 Ego
876 1253 988 1292 sunt
1038 1237 1178 1291 υειι
1203 1237 1478 1303 Abraham,
1524 1247 1571 1291 et
1606 1236 1746 1293 Dm

199 1327 345 1395 Isaac,
374 1336 418 1382 et
438 1327 574 1382 Deus
597 1326 760 1382 Iacob
783 1329 914 1382 τῆος
955 1328 1100 1395 mihi,
1132 1329 1320 1398 inquit,
1353 1343 1536 1383 nomen
1578 1337 1653 1382 est
1691 1329 1744 1382 in

195 1432 408 1477 amnt
434 1419 624 1490 (Exod.
653 1433 732 1484 In,
766 1422 819 1486 8,
854 1421 963 1489 £5).
992 1420 1162 1490 Magis
1187 1421 1590 1476 meminerimus
1619 1420 1744 1490 quid

196 1515 488 1586 promissum
513 1515 581 1568 sit
601 1513 702 1584 ipsi
728 1512 958 1569 Abrahm
989 1531 1002 1567 :
1027 1513 1127 1568 hoc
1154 1515 1295 1569 enim
1323 1515 1644 1584 promissum
1663 1524 1746 1570 est

197 1607 337 1673 isaac,
365 1607 460 1661 hoc
480 1606 798 1676 promissum
823 1613 906 1662 est
935 1615 987 1662 et
1016 1605 1201 1662 Iacob.
1229 1606 1366 1674 Quid
1408 1606 1744 1663 invenimus?

197 1697 438 1753 inmitte
483 1705 570 1751 tuo
593 1697 946 1777 benedicentur
995 1711 1168 1753 omnes
1205 1709 1378 1769 gentes
1403 1698 1556 1771 (Gen.
1602 1715 1740 1768 χιιι,

200 1787 291 1858 i8).
317 1788 540 1844 Gt'etlidit
592 1797 717 1844 tunc
757 1801 892 1843 unus
943 1789 1085 1858 quod
1119 1789 1354 1844 nondum
1383 1790 1634 1846 videbat:
1662 1791 1743 1845 vi-

198 1883 304 1937 dent
326 1882 577 1947 homines,
607 1890 663 1936 et
687 1890 1038 1937 excaecautur.
1062 1880 1396 1952 Complutum
1435 1891 1518 1937 est
1543 1883 1594 1937 in
1615 1897 1746 1954 gena

200 1975 317 2028 tibus
337 1971 804 2043 quodpromissum
831 1981 914 2027 est
945 1971 1034 2026 uni
1067 1990 1080 2027 :
1111 1977 1166 2027 et
1207 1980 1521 2042 separantur
1540 1987 1568 2027 a
1595 1987 1743 2029 com-

200 2067 418 2121 munione
439 2065 696 2138 gentium,
753 2065 844 2135 qui
887 2072 939 2120 et
973 2064 1114 2135 quod
1156 2065 1426 2135 impletum
1456 2073 1540 2122 est
1564 2066 1745 2122 videre

201 2160 376 2214 nolunt.
399 2157 491 2214 Sed
518 2157 649 2228 quid
670 2159 774 2213 illis
804 2155 1019 2227 prodest
1039 2159 1161 2229 quia
1189 2158 1371 2214 videre
1398 2161 1625 2214 nolunt?
1650 2160 1739 2213 Vi-

197 2248 321 2317 dent,
347 2249 497 2305 velint
537 2249 734 2315 nolint;
778 2257 962 2319 aperta
1006 2251 1200 2305 veritas
1226 2251 1509 2306 etclausos
1557 2249 1746 2307 oculos

200 2340 315 2395 ierit.

256 2437 301 2490 3.
337 2436 660 2508 Responsum
688 2445 772 2491 est
809 2435 1120 2502 Nicodemo,
1152 2436 1242 2507 qui
1268 2451 1333 2492 ex
1364 2437 1442 2491 eis
1489 2443 1605 2491 erat
1655 2437 1742 2507 Qui

201 2525 492 2582 crediderant
518 2528 568 2582 in
597 2525 805 2595 Iesum,
850 2538 901 2582 et
929 2523 1043 2598 ipse
1084 2528 1237 2583 .lesus
1265 2544 1368 2583 non
1406 2543 1465 2584 se
1496 2527 1746 2582 credebat

201 2616 278 2670 eis.
316 2615 624 2684 Quibusdam
671 2619 814 2674 enim
855 2630 959 2673 non
985 2634 1041 2672 se
1069 2617 1340 2683 credebat,
1391 2633 1512 2673 cum
1548 2618 1656 2688 jam
1695 2617 1746 2673 in

201 2707 323 2764 illum
341 2710 700 2767 credidissent.
723 2711 811 2766 Sic
837 2709 1006 2766 habes
1028 2714 1280 2780 scriptum
1311 2729 1324 2765 :
1353 2731 1370 2762 ‹
1401 2711 1548 2766 Multi
1575 2711 1748 2766 credi-

202 2800 362 2855 derunt
397 2803 447 2856 in
494 2803 714 2857 nomine
743 2803 878 2872 ejus,
905 2799 1149 2857 videntes
1172 2803 1318 2872 signa
1350 2818 1467 2871 qua:
1497 2802 1741 2857 faciebat.

203 2893 298 2963 ipse
318 2901 478 2951 autem
508 2893 671 2952 Iesus
697 2911 802 2950 non
829 2893 1083 2950 credebat
1110 2897 1458 2965 semetipsum
1485 2895 1605 2949 illis.
1631 2895 1747 2949 Non

203 2986 316 3041 enim
334 3002 455 3059 opus
480 2988 715 3044 habebat
746 2997 802 3043 ut
836 2990 1114 3060 quisquam
1157 2988 1517 3042 testimonium
1564 2987 1745 3057 perhi-

205 3079 324 3135 beret
346 3079 406 3136 de
432 3081 679 3144 homine;
709 3081 825 3150 ipse
853 3081 994 3134 enim
1025 3078 1226 3132 sciebat
1254 3078 1378 3148 quid
1409 3087 1552 3132 esset
1583 3079 1633 3132 in
1655 3079 1750 3130 ho-

156 3193 161 3196 ·
203 3168 318 3225 mine
341 3189 359 3223 ι
393 3169 558 3245 (Joan.
589 3185 652 3237 tt,
683 3168 895 3241 25-35).
938 3169 1075 3223 Ecce
1097 3169 1205 3238 jam
1263 3169 1337 3222 illi
1363 3168 1652 3223 credebant
1694 3168 1746 3222 in

204 3257 371 3328 lesum,
417 3270 466 3319 et
502 3263 616 3332 ipse
673 3262 828 3317 Jesus
871 3275 978 3316 non
1010 3276 1068 3316 se
1115 3261 1364 3316 credebat
1392 3261 1490 3314 eis.
1531 3260 1750 3326 Quare?

204 3353 311 3422 Quia
355 3355 572 3410 nondum
619 3363 778 3410 erant
822 3355 990 3409 renati
1031 3365 1094 3408 ex
1125 3369 1256 3422 aqua
1281 3362 1334 3407 et
1372 3352 1590 3422 Spiritu.
1626 3352 1749 3407 inde

206 3444 368 3502 hortati
386 3459 584 3514 sumus,
614 3453 674 3502 et
702 3445 983 3499 hortamur
1013 3444 1204 3498 fratres
1245 3451 1457 3498 nostros
1495 3443 1744 3498 catechu-

205 3551 376 3592 menos.
423 3535 476 3594 Si
511 3539 658 3593 enim
694 3539 990 3606 interroges
1028 3549 1138 3600 eos,
1169 3535 1277 3603 jam
1331 3533 1671 3588 crediderunt
1697 3535 1749 3588 in

206 3625 352 3684 Iesum
381 3647 393 3682 :
418 3627 505 3685 sed
530 3631 657 3700 quia
686 3627 922 3682 nondum
963 3639 1178 3680 carnem
1207 3627 1323 3694 ejus
1345 3635 1396 3679 et
1436 3625 1748 3694 sanguinem

206 3721 450 3790 accipiunt,
481 3721 721 3778 nondum
768 3736 825 3775 se
879 3720 982 3773 illis
1029 3719 1252 3773 credidit
1287 3716 1459 3772 Jesus.
1491 3718 1626 3785 Quid
1671 3715 1749 3770 l‘a-

207 3813 338 3883 ciant,
366 3823 416 3871 ut
441 3833 496 3872 se
533 3818 647 3872 illis
689 3815 871 3871 credat
899 3813 1086 3869 Jesus?
1118 3813 1481 3870 Renascantur
1517 3828 1580 3868 ex
1612 3825 1749 3883 aqua

207 3913 250 3959 et
270 3903 460 3976 Spiritu,
493 3909 728 3978 proferat
769 3905 1004 3961 Ecclesia
1047 3921 1180 3976 quos
1220 3905 1466 3976 parturit.
1496 3903 1750 3974 Concepti

209 4005 325 4063 sunt,
344 3999 554 4056 edantur
574 4002 630 4057 in
650 3999 824 4054 lucem
856 4017 868 4051 :
896 3997 1092 4052 habent
1118 3997 1278 4050 ubera
1304 3997 1494 4066 quibus
1516 3997 1753 4049 nutrian-

211 4095 295 4155 tur,
337 4105 433 4145 non
476 4091 701 4146 timeant
751 4105 816 4143 ne
859 4088 966 4143 nati
1005 4086 1352 4152 suffoceutur,
1401 4086 1468 4140 ab
1502 4085 1750 4141 uberibus

211 4184 425 4240 malemis
452 4200 550 4240 non
578 4183 853 4240 recedant.

269 4274 312 4329 ι.
346 4275 513 4333 Nullus
557 4285 734 4349 potest
771 4276 929 4330 homo
957 4274 1128 4330 redire
1160 4274 1210 4328 in
1242 4272 1426 4329 matris
1449 4272 1670 4337 viscera,
1699 4278 1752 4326 et

216 4362 370 4425 ilet'tun
392 4373 547 4426 nasci.
590 4371 696 4428 Sed
727 4370 794 4426 de
820 4367 1010 4424 ancilla
1053 4368 1232 4423 nescio
1271 4367 1389 4438 quis
1445 4376 1598 4421 natus
1637 4365 1751 4420 est?

219 4455 439 4532 Numquid
466 4473 588 4519 tunc
616 4463 705 4534 qui
743 4463 848 4516 nati
877 4470 1002 4516 sunt
1027 4460 1092 4514 de
1119 4460 1344 4523 ancillis,
1396 4457 1670 4514 redierunt
1699 4459 1748 4513 in

219 4558 388 4606 uterum
448 4554 752 4619 liberarum,
807 4564 865 4608 ut
917 4551 1094 4608 denuo
1138 4551 1517 4605 nascerentur?
1560 4549 1752 4605 Semen

220 4637 444 4698 Abraham
470 4655 521 4700 et
545 4646 597 4700 in
634 4639 824 4699 lsmaei
846 4661 860 4707 ;
885 4628 936 4697 et
963 4650 1017 4696 ut
1053 4649 1230 4712 posset
1262 4641 1529 4695 Abraham
1579 4638 1755 4695 facere

223 4729 357 4788 lilium
381 4735 442 4792 de
467 4739 676 4804 ancilla,
721 4753 853 4791 uxor
875 4745 1059 4790 auctor
1089 4733 1204 4790 luit.
1236 4733 1398 4789 Natus
1444 4743 1526 4789 est
1575 4750 1638 4789 ex
1672 4747 1755 4790 se-

225 4825 340 4882 mine
360 4829 464 4895 viri,
492 4842 547 4887 et
575 4845 678 4885 non
705 4839 874 4893 utero,
919 4827 1010 4884 sed
1038 4827 1154 4882 solo
1177 4826 1368 4896 placito
1386 4825 1571 4880 uxoris
1601 4822 1748 4897 (Cen.

224 4918 458 4995 una-tl).
508 4921 768 4993 Numquid
799 4921 922 4992 quia
962 4919 1029 4975 de
1080 4919 1292 4985 ancilla,
1342 4916 1463 4972 ideo
1513 4916 1754 4972 ethre-

228 5008 381 5068 ditus?
402 5014 451 5069 Si
474 5024 748 5086 propterea
764 5011 1138 5070 exhtcredatus
1154 5010 1272 5080 quia
1303 5006 1368 5064 de
1385 5007 1574 5064 ancilla
1603 5017 1757 5062 natus

229 5111 308 5164 est.
333 5105 449 5161 nulli
479 5107 786 5163 ancillarum
834 5104 926 5159 lilii
973 5101 1383 5158 admitterentur
1431 5101 1497 5156 ad
1529 5100 1756 5156 hrcredi-

233 5201 377 5250 tatem.
422 5198 531 5254 Filii
581 5200 746 5258 Jacob
789 5197 1012 5253 admissi
1063 5203 1189 5252 sunt
1224 5192 1288 5250 ad
1343 5194 1755 5250 hmrcditatem:

233 5281 602 5360 balnei-autem,
631 5309 735 5349 non
775 5291 898 5363 quia
924 5305 990 5346 ex
1016 5289 1210 5344 ancilla
1240 5298 1417 5354 natus,
1447 5287 1759 5344 exhazreda-

237 5383 319 5442 lus,
345 5381 424 5436 sed
441 5385 554 5452 quia
576 5384 834 5454 superbus
858 5381 1034 5447 matri,
1075 5379 1334 5451 superbus
1371 5379 1423 5434 in
1449 5378 1612 5434 ﬁlium
1644 5396 1761 5436 ma-

241 5468 517 5536 tris;mater
538 5475 677 5530 enim
702 5476 818 5545 ejus
860 5473 1026 5544 magis
1051 5470 1181 5529 Sara
1211 5486 1368 5542 quam
1406 5471 1568 5541 Agar.
1623 5465 1766 5526 Illius

243 5568 396 5619 Item
416 5567 852 5634 accommodatus,
903 5568 1045 5623 illius
1087 5565 1336 5621 voluntas
1362 5565 1626 5629 accessit;
1658 5579 1765 5619 non

1285 378 1288 382 ’
1332 379 1744 447 τηΑοτΑτυςι
1778 373 1894 446 tiu.
1938 381 2167 452 caper
2205 385 2290 451 ut.

1853 503 1956 559 tam
2003 515 2050 560 et
2087 509 2248 577 ﬁlium
2271 512 2534 580 ejus;non
2563 513 2695 568 enim
2729 514 2888 572 luem
2928 519 3023 574 erit
3048 518 3184 590 ﬁlius
3227 523 3436 580 ωιι-ἲιιρϋ

1854 611 1968 650 cum
1997 597 2106 668 filia
2130 615 2240 654 meo
2268 597 2422 656 Isaac
2461 601 2609 674 (Gen.
2631 615 2741 672 ut,
2765 605 2820 676 9,
2854 605 2967 680 i0).
2999 605 3114 665 Non
3133 623 3261 684 ergo
3282 613 3432 670 illum

1852 687 2058 745 viscera
2087 689 2294 748 ancilla:
2339 695 2611 763 eiecerunt
2651 694 2811 762 foras,
2854 698 2952 756 sed
2993 701 3171 757 cervix
3200 704 3428 760 servilis.

1854 777 1988 834 Etsi
2019 777 2153 836 liber
2181 780 2440 854 superbus
2465 785 2553 852 sit,
2587 796 2772 844 servus
2787 797 2886 856 est:
2917 799 2970 845 et
2995 793 3136 863 quod
3155 793 3304 865 pejus
3324 804 3427 863 est,

1852 870 2008 925 mala:
2036 869 2288 942 dominae,
2336 875 2501 946 ipsius
2522 879 2802 948 superbize.
2845 877 3048 953 itaque,
3083 881 3274 941 fratres
3303 887 3429 954 mei,

1853 963 2171 1033 respondete
2199 961 2402 1023 homini
2432 977 2538 1024 non
2566 985 2722 1041 posse
2748 985 2934 1030 rursus
2960 977 3106 1032 nasci
3137 976 3432 1048 hominem;

1853 1053 2170 1125 respondete
2194 1059 2370 1114 securi
2395 1075 2502 1116 non
2528 1077 2682 1132 posse
2723 1079 2909 1122 rursus
2951 1069 3096 1124 nasci
3137 1069 3430 1130 hominem.

1852 1143 2118 1218 Quidquid
2159 1149 2348 1206 iterum
2391 1147 2469 1218 dt‘,
2499 1151 2675 1209 illusio
2696 1166 2808 1223 est;
2855 1157 3108 1230 quidquid
3131 1162 3321 1218 iterum
3348 1163 3430 1234 iit,

1851 1237 1996 1293 lusus
2019 1249 2119 1294 est.
2154 1238 2340 1297 lsmaei
2385 1243 2539 1312 ludit,
2569 1245 2711 1302 foras
2740 1249 2997 1305 mittatur.
3045 1253 3434 1312 Animadvertit

1851 1331 1992 1386 enim
2024 1344 2116 1388 eos
2147 1332 2274 1390 Sara
2298 1335 2563 1404 ludentes,
2597 1338 2671 1392 ait
2698 1339 2990 1410 Scriptura,
3031 1355 3083 1398 et
3102 1341 3235 1401 dixit
3259 1345 3434 1402 Διπλα-

1852 1423 1955 1490 hac,
1981 1421 2125 1495 Ejtce
2149 1428 2390 1482 ancillam
2415 1440 2460 1482 et
2481 1429 2642 1499 filium
2663 1433 2791 1502 ejus.
2823 1431 3098 1505 Dlsplicuit
3117 1435 3261 1494 Sorte
3288 1441 3434 1498 lusus

1850 1531 2158 1588 puerorum;
2183 1520 2378 1590 aliquid
2410 1533 2601 1576 ιιονυηι
2627 1523 2760 1578 vidit
2790 1537 2984 1595 pueros
3015 1527 3214 1585 ludere.
3240 1528 3430 1589 Nonne

1851 1615 2036 1678 aptant
2064 1609 2162 1664 hoc
2195 1626 2313 1681 qua:
2365 1610 2501 1667 filios
2530 1613 2745 1682 habent,
2786 1613 2966 1673 videre
2994 1618 3241 1676 ludentes
3295 1622 3436 1682 liiios

1851 1701 2016 1754 suos?
2043 1700 2185 1755 Vidit
2221 1701 2328 1766 illa,
2381 1712 2434 1758 et
2482 1703 2817 1774 improbavit.
2853 1705 3048 1765 Nescio
3071 1710 3198 1782 quid
3224 1713 3354 1770 vidit
3379 1716 3434 1770 in

1851 1791 1970 1846 lusu
2001 1812 2014 1848 :
2046 1793 2346 1848 illusionem
2381 1796 2512 1850 vidit
2544 1796 2595 1852 in
2620 1795 2710 1853 illo
2733 1797 2872 1866 lusu,
2893 1801 3267 1859 animadvertit
3291 1807 3436 1864 servi

1852 1884 2186 1954 superbiam;
2206 1885 2472 1955 diSplicuit
2499 1887 2594 1956 illi,
2619 1889 2775 1959 ejecit
2808 1891 2968 1946 ibras.
2997 1891 3116 1948 Nati
3139 1894 3205 1950 de
3231 1897 3436 1955 ancillis

1852 1967 2079 2045 improbi
2107 1977 2385 2032 mittuntur
2411 1976 2551 2034 foras
2570 1979 2609 2044 ί,
2639 1987 2694 2035 et
2731 1991 2883 2037 natus
2907 1980 2974 2039 de
3016 1983 3182 2040 libera
3211 1987 3438 2044 mittitur

1850 2064 1992 2119 foras
2035 2065 2195 2120 Esau.
2227 2066 2392 2122 Nemo
2423 2081 2550 2140 ergo
2593 2081 2879 2141 praesumat
2903 2075 3026 2145 quia
3054 2075 3121 2131 de
3164 2075 3318 2135 bonis
3343 2095 3438 2136 na-

1851 2158 2036 2222 scitur,
2065 2173 2222 2213 nemo
2265 2171 2552 2228 praesumat
2578 2163 2700 2233 quia
2733 2177 2832 2235 per
2861 2177 3072 2222 sanctos
3114 2169 3434 2240 baptizatur.

1851 2245 1951 2314 Qui
1977 2262 2071 2319 per
2092 2259 2304 2306 sanctos
2343 2252 2660 2323 baptizatur,
2686 2253 2860 2311 adhuc
2890 2267 3078 2313 caveat
3111 2273 3178 2316 ne
3229 2273 3338 2317 non
3367 2263 3439 2320 sit

1851 2338 2036 2406 Jacob,
2067 2341 2160 2396 sed
2203 2342 2358 2397 Esau.
2392 2342 2503 2399 Hoc
2544 2359 2692 2417 ergo,
2723 2345 2935 2416 fratres,
2964 2349 3224 2407 dixerim:
3248 2353 3439 2410 melius

1853 2441 1933 2486 est
1959 2432 2024 2486 ab
2072 2433 2374 2490 hominibus
2414 2451 2509 2490 sua
2546 2439 2904 2508 quaerentibus
2945 2449 3001 2496 et
3031 2441 3285 2498 mundum
3311 2443 3437 2500 dili¢

1851 2520 2122 2592 gentibus,
2152 2524 2292 2592 quod
2321 2524 2583 2594 signiﬁcat
2612 2541 2807 2581 nomen
2835 2529 3062 2596 ancillae,
3089 2531 3346 2602 baptizari
3381 2545 3437 2591 ct

1854 2613 2204 2684 Spiritualiter
2227 2615 2593 2672 hmreditatem
2617 2633 2858 2688 quaerere
2883 2618 3103 2690 Christi,
3137 2632 3192 2678 ut
3221 2625 3291 2680 sit
3321 2632 3440 2683 tan-

1853 2719 2010 2776 quam
2074 2703 2210 2762 lilius
2256 2705 2423 2763 Jacob
2464 2709 2532 2764 de
2567 2709 2781 2777 ancilla,
2840 2725 2997 2784 quam
3045 2713 3298 2784 baptizari
3341 2729 3441 2788 per

1856 2805 2072 2853 sanctos
2121 2808 2174 2854 et
2199 2801 2496 2870 superbire,
2550 2810 2607 2856 ut
2635 2803 2706 2858 sit
2735 2800 2876 2859 Esau
2929 2806 3072 2862 foras
3126 2808 3435 2878 mittendus,

1856 2891 2097 2961 quamvis
2146 2901 2301 2948 natus
2343 2908 2407 2949 ex
2429 2891 2618 2950 libera.
2668 2895 2813 2962 limo,
2837 2895 3051 2965 fratres,
3085 2907 3281 2957 tenete.
3322 2898 3440 2959 Non

1861 2993 1958 3037 vos
1991 2985 2287 3054 palpamus,
2314 2985 2456 3040 nulla
2477 2997 2602 3057 spes
2630 2989 2876 3045 vestrain
2901 2989 3058 3046 nobis
3083 2990 3153 3047 sit
3183 3001 3318 3050 :nec
3352 3011 3442 3052 no-

1863 3069 1944 3128 bis
1981 3075 2307 3142 blandimur,
2343 3092 2440 3132 nec
2481 3077 2662 3143 vobis;
2695 3082 3062 3152 unusquisque
3084 3092 3233 3138 suam
3270 3087 3440 3142 sarci-

1856 3179 1976 3220 nam
2008 3175 2198 3236 portat.
2227 3165 2478 3224 Nostrum
2506 3178 2588 3226 est
2611 3171 2809 3240 dicere,
2837 3187 2904 3228 ne
2925 3173 3064 3231 male
3093 3173 3393 3245 iudicemur
3423 3196 3438 3234 :

1857 3268 2092 3314 vestrum
2143 3267 2224 3315 e'st
2264 3261 2466 3327 audire,
2516 3269 2570 3318 et
2616 3264 2777 3319 corde
2825 3264 3029 3331 audire,
3099 3277 3174 3323 ne
3203 3270 3445 3342 exigatur

1857 3351 1996 3422 quod
2020 3351 2240 3418 damus;
2277 3355 2380 3408 imo
2397 3354 2867 3428 quandoexigitur,
2893 3353 3096 3413 lucrum
3118 3359 3437 3428 inveniatur.

1858 3454 1963 3495 non
1984 3441 2383 3498 detrimentum.

1928 3532 1980 3586 5.
2025 3531 2156 3588 Dicit
2189 3533 2443 3591 Dominus
2467 3535 2788 3606 Nicodemo,
2822 3548 2875 3595 et
2895 3541 3111 3610 erponit
3138 3543 3185 3597 ei
3211 3559 3224 3597 :
3259 3543 3437 3612 Amen,

1855 3639 2002 3677 amen
2034 3626 2144 3678 dico
2174 3625 2288 3692 tibi,
2319 3628 2414 3681 nisi
2443 3630 2552 3698 quis
2580 3638 2781 3684 renatus
2811 3630 2962 3700 fuerit
2987 3647 3049 3685 e1:
3080 3648 3212 3706 aqua
3238 3644 3285 3688 et
3312 3633 3439 3707 Spi-

1856 3715 1991 3782 ritu,
2025 3733 2122 3770 non
2160 3727 2320 3788 potest
2355 3720 2561 3773 introire
2600 3721 2652 3774 in
2693 3737 2902 3792 regnum
2935 3719 3049 3776 Dei.
3095 3723 3172 3779 Tu
3194 3767 3208 3791 ,
3242 3725 3438 3796 inquit,

1858 3809 2126 3862 carnalem
2160 3811 2554 3878 generationem
2601 3810 2848 3882 intelligis
2868 3855 2881 3878 ,
2912 3823 3030 3869 cum
3059 3813 3190 3870 dicis
3210 3856 3224 3883 ,
3266 3815 3439 3870 Num-

1858 3897 1980 3965 quid
2009 3907 2169 3967 potest
2198 3899 2345 3954 homo
2369 3901 2529 3954 redire
2554 3901 2607 3955 in
2635 3904 2822 3955 uiscera
2845 3904 3017 3958 matris
3038 3917 3145 3959 suae
3163 3906 3190 3960 γ
3211 3919 3276 3961 ex
3303 3921 3442 3978 aqua

1859 4001 1912 4046 et
1941 3990 2138 4059 Spiritu
2166 4002 2374 4062 Oportet
2405 4002 2459 4048 ut
2487 4006 2734 4049 nascatur
2759 4004 2973 4065 propter
2995 4009 3216 4068 regnum
3242 3997 3357 4054 Dei.
3381 3997 3440 4055 Sl

1858 4093 2074 4153 propter
2095 4083 2455 4139 inercdttatem
2480 4087 2643 4154 patris
2661 4085 2891 4141 hominis
2909 4090 3249 4158 temporalem
3268 4091 3441 4145 nasci-

1857 4183 1981 4241 tur,
2010 4185 2257 4230 nascatur
2296 4191 2360 4231 ex
2392 4177 2684 4232 visceribus
2709 4178 2896 4233 matris
2923 4179 3148 4234 carnalis
3176 4195 3190 4233 :
3231 4181 3275 4235 si
3318 4166 3467 4250 pro-,'

1857 4274 1978 4337 pter
2023 4265 2382 4320 increditatem
2413 4267 2572 4337 patris
2605 4267 2698 4322 Dei
2737 4269 3148 4340 sempiternam,
3194 4255 3469 4334 nascatur:l

1860 4379 1923 4418 ex
1963 4360 2255 4417 visceribus
2300 4360 2571 4416 Ecclesiae.
2615 4360 2845 4419 Generat
2882 4375 2976 4432 per
3017 4375 3237 4419 uxorem
3271 4351 3465 4420 illium'

1859 4465 2009 4526 pater
2047 4453 2338 4507 moriturus
2365 4463 2734 4507 successurum
2765 4469 2778 4506 :
2810 4463 3029 4524 generat
3065 4453 3203 4510 Deus
3231 4453 3300 4512 de
3336 4453 3465 4534 Ec-l

1859 4547 2020 4603 clesia
2051 4545 2186 4601 ﬁlios
2228 4559 2333 4600 non
2369 4557 2742 4614 successuros,
2774 4547 2868 4603 sed
2899 4561 3079 4603 secum
3118 4561 3400 4606 mansuros
3423 4539 3468 4620 ,ἲ

1861 4639 1927 4696 Et
1948 4640 2216 4711 sequitur:
2244 4633 2394 4704 Quod
2410 4647 2584 4692 natum
2604 4650 2675 4707 est
2697 4637 2757 4692 de
2779 4651 2947 4705 carne,
2971 4656 3088 4694 caro
3109 4649 3180 4694 est
3196 4655 3217 4696 :
3241 4650 3290 4696 et
3307 4641 3442 4713 quod
3458 4635 3467 4718 ι’

1860 4741 2035 4788 natum
2074 4742 2146 4788 est
2183 4732 2246 4786 de
2270 4731 2498 4803 Spiritu,
2545 4731 2751 4801 spiritus
2794 4740 2885 4785 est.
2927 4727 3279 4803 Spiritualiter
3315 4747 3467 4806 ergo;

1861 4827 2149 4892 nascimur,
2174 4835 2223 4880 et
2248 4825 2298 4879 in
2328 4826 2512 4895 Spiritu
2541 4823 2806 4879 nascimur
2827 4823 2988 4881 verbo
3013 4834 3066 4881 et
3085 4838 3440 4883 sacramento.

1861 4920 2029 4975 Adest
2068 4918 2330 4988 Spiritus,
2373 4926 2430 4972 ut
2467 4933 2785 4973 nascamur:
2834 4916 3062 4988 Spiritus
3110 4905 3467 4979 invisibiliter.

1863 5013 2012 5069 adest
2038 5012 2178 5066 unde
2207 5010 2440 5066 nasceris
2461 5053 2475 5077 ,
2503 5009 2624 5080 quia
2653 5017 2708 5064 et
2734 5015 2788 5064 tu
2820 5008 3152 5066 invisibiliter
3185 5011 3472 5096 nasceris:

1864 5105 2109 5175 Sequitur
2136 5102 2276 5159 enim
2300 5145 2315 5169 ,
2346 5110 2401 5157 et
2437 5099 2609 5156 dicit:
2653 5097 2774 5157 Non
2805 5102 3002 5160 mireris
3034 5103 3155 5175 quia
3192 5104 3300 5161 dixi
3336 5104 3468 5172 tibi,’

1866 5210 2060 5272 oportet
2089 5216 2174 5254 vos
2214 5197 2354 5252 nasci
2390 5195 2591 5252 denuo:
2639 5192 2864 5269 Spiritus
2907 5196 2992 5253 ubi
3036 5198 3142 5254 uult
3183 5199 3372 5272 spirat,
3403 5183 3469 5270 et?

1866 5310 2033 5349 vocem
2055 5294 2162 5366 ejus
2186 5291 2353 5356 audis,
2381 5289 2468 5346 sed
2487 5291 2648 5345 nescis
2677 5290 2811 5345 unde
2830 5292 2994 5346 veniat
3011 5333 3027 5362 ,
3047 5301 3136 5348 aut
3154 5307 3252 5365 quo
3274 5291 3468 5365 vadat:

1867 5385 2033 5444 Nemo
2075 5386 2216 5442 videt
2255 5385 2509 5457 Spiritum
2536 5403 2551 5441 :
2576 5391 2631 5440 et
2668 5384 2936 5458 quomodo
2981 5384 3224 5442 audimus
3267 5373 3468 5440 vocem
3503 5401 3506 5405 λ

1867 5477 2128 5554 Spiritus?
2177 5479 2342 5536 Sonat
2391 5479 2666 5546 Psalmus,
2711 5495 2811 5535 vox
2858 5489 2943 5537 est
2982 5476 3248 5552 Spiritus;
3299 5463 3468 5535 sonat.

1870 5569 2214 5646 Evangeiium
2237 5616 2252 5641 ,
2280 5589 2384 5630 vox
2412 5581 2494 5628 est
2525 5569 2784 5643 Spiritus;
2811 5579 2964 5626 sonat
2991 5579 3168 5626 sermo
3203 5567 3416 5626 divinus
3437 5612 3455 5640 ,
3505 5603 3512 5646 ι

243 5651 408 5765 goat-et
446 5660 704 5717 Abraham
747 5661 886 5732 quod
921 5660 1051 5718 Sara
1082 5659 1246 5716 nollet
1269 5679 1282 5715 :
1308 5658 1476 5730 magis
1517 5673 1644 5730 ergo
1679 5655 1768 5714 ille
1872 5684 1973 5724 νοι
1997 5633 2082 5724 οξι
2104 5633 2354 5738 spiritus.
2396 5633 2580 5721 Voconi
2605 5670 2717 5734 ejus
2743 5633 2924 5729 am,
2951 5671 3000 5718 et
3027 5663 3186 5718 nucis
3212 5664 3348 5719 unde
3374 5633 3461 5720 ne;
3505 5633 3517 5765 ἱ

246 5741 358 5801 illius
373 5748 523 5806 Sam.
541 5751 645 5808 Sed
662 5752 782 5823 quia
811 5753 1066 5824 superbus
1083 5753 1134 5807 in
1164 5752 1402 5819 fratrem,
1425 5760 1479 5806 et
1502 5751 1765 5823 superbus

247 5830 460 5909 ludendo,
489 5841 606 5914 quia
643 5841 965 5910 deiudendo;
993 5841 1115 5914 quid
1137 5844 1212 5899 ait
1233 5841 1404 5901 Sara?
1432 5842 1572 5916 Ejicc
1603 5844 1766 5898 ancil-

1938 5789 1955 5821 ι
1975 5793 2095 5836 Tres
2117 5792 2242 5834 Mss:
2268 5779 2375 5832 Nati
2395 5779 2457 5830 de
2477 5775 2667 5829 (ancillis
2698 5776 2765 5827 ad
2791 5773 3121 5831 mm
3141 5775 3462 5837 malum

1879 5848 1969 5916 ﬁlii
1991 5845 2156 5908 Jacob,
2179 5854 2223 5896 et
2245 5850 2382 5894 natus
2406 5844 2466 5891 de
2489 5838 2659 5900 libera,
2685 5845 2779 5888 etc.
