3916 6370
432 383 567 442 1487

431 500 575 562 aiat,
601 501 647 550 et
689 505 785 563 quo
813 484 981 543 vadat.
1021 479 1126 537 Sed
1156 478 1201 533 si
1229 477 1464 532 nascaris
1488 481 1542 529 et
1584 481 1638 526 tu
1677 471 1743 525 de
1770 468 1966 563 Spiritu
1988 508 2004 535 ,

431 591 538 647 hoc
560 560 708 652 eris,
734 590 792 637 ut
815 580 902 635 ille
930 575 1016 647 qui
1044 589 1148 629 non
1175 579 1258 626 est
1284 569 1458 624 adhuc
1487 572 1642 619 natus
1675 563 1742 618 de
1768 560 2006 652 Spiritu,

432 696 540 739 non
566 649 700 735 sciat
721 674 789 729 de
821 680 872 726 te
911 666 1050 724 unde
1077 663 1292 726 venias,
1336 667 1391 714 et
1433 671 1540 727 quo
1567 669 1678 710 eas.
1711 652 1824 707 Hoc
1865 649 2008 705 enim

431 779 644 830 secutus
671 766 781 820 ait:
815 761 903 817 Sic
937 764 1078 812 estet
1103 753 1262 809 omnis
1298 749 1383 822 qui
1409 756 1554 802 natus
1593 754 1755 800 estea:
1787 742 2004 812 Spiritu.

502 864 556 919 6.
599 854 875 926 Respondit
895 849 1202 905 Nicodemus
1222 886 1238 911 ,
1268 851 1315 896 et
1334 840 1464 895 dixit
1487 840 1534 893 ei
1560 854 1578 891 :
1606 833 1868 903 Quomodo
1889 848 2008 926 pos—

431 964 548 1012 sunt
575 953 679 1006 haec
826 947 852 1000 ?
879 943 948 998 Et
971 955 1152 997 revera
1183 934 1468 991 carnaliter
1490 974 1505 997 ,
1535 946 1640 986 non
1663 923 2006 995 intelligebat.

433 1048 493 1103 In
522 1046 612 1099 illo
641 1017 800 1096 [iebat
827 1033 966 1106 quod
993 1032 1201 1086 dixerat
1229 1025 1482 1081 Dominus
1501 1065 1516 1090 ,
1559 1035 1744 1077 vocem
1781 1017 2010 1088 Spiritus

433 1136 709 1197 audiebat,
743 1138 797 1186 et
820 1127 1090 1183 nesciebit
1125 1119 1264 1176 unde
1286 1124 1503 1172 venerat
1530 1121 1585 1169 et
1613 1126 1719 1183 quo
1754 1109 1881 1165 ibat.
1912 1108 2012 1163 Re-

435 1225 638 1300 spondit
660 1221 813 1277 Jesus
833 1260 847 1282 ,
877 1227 922 1271 et
949 1216 1076 1268 dir-tt
1100 1229 1142 1266 ei
1169 1228 1186 1265 :
1216 1209 1292 1263 Tu
1313 1225 1366 1300 res
1396 1207 1631 1276 magister
1651 1204 1705 1256 in
1731 1198 1898 1300 Israel
1920 1237 1936 1263 ,
1967 1205 2013 1250 et

437 1290 543 1373 tunc
587 1303 828 1386 ignoras?
868 1306 913 1362 O
959 1305 1182 1366 fratres,
1235 1298 1394 1370 quid,
1438 1305 1686 1367 putamus
1731 1290 2010 1386 Dominum

439 1410 563 1465 huic
607 1379 860 1474 magistro
893 1397 1195 1453 Judmorum
1242 1392 1392 1463 quasi
1437 1389 1691 1443 insultare
1734 1379 2012 1438 voluisse?

437 1503 667 1559 Noverat
696 1498 948 1553 Dominus
971 1491 1098 1563 quid
1126 1489 1345 1558 agebat,
1373 1483 1580 1540 volebat
1604 1480 1750 1534 illum
1778 1477 1922 1532 nasci
1948 1489 2014 1530 ex

437 1593 658 1664 Spiritu.
688 1588 852 1644 Nemo
872 1602 935 1642 ex
958 1582 1156 1652 Spiritu
1182 1579 1437 1642 nascitur,
1461 1574 1559 1628 nisi
1585 1570 1798 1627 humilis
1818 1567 2011 1664 fuerit:

437 1657 558 1755 quia
588 1682 701 1751 ipsa
737 1676 1007 1732 humilitas
1042 1671 1165 1727 facit
1191 1683 1287 1724 nos
1324 1666 1470 1722 nasci
1509 1665 1576 1719 de
1609 1662 1843 1733 Spiritu;
1892 1657 2014 1755 quia

438 1749 713 1851 propeiest
741 1771 995 1828 Dominus
1018 1765 1227 1822 obtritis
1251 1761 1412 1817 corde
1444 1757 1612 1851 (Psal.
1645 1769 1816 1810 xxxnl
1836 1793 1852 1818 ,
1871 1846 1883 1851 _
1901 1749 2013 1851 lg).

436 1842 867 1938 ille-magisterio
897 1860 1107 1916 inﬂatus
1135 1865 1280 1920 erat,
1308 1864 1357 1907 el
1387 1849 1606 1919 alicujus
1632 1846 1884 1901 momenti
1915 1842 2016 1899 sibi

437 1975 558 2018 esse
581 1936 886 2020 videbatur,
925 1951 1045 2022 quia
1070 1948 1256 2003 doctor
1291 1951 1406 1999 erat
1431 1941 1735 1997 Judaeorum
1759 1955 1772 1990 :
1801 1936 2019 2006 deponit

439 2055 488 2110 ei
531 2049 869 2122 superbiam,
914 2053 975 2099 ut
1017 2041 1186 2112 possit
1229 2035 1372 2092 nasci
1400 2035 1467 2088 de
1508 2032 1747 2101 Spiritu:
1799 2028 2019 2082 insultat

437 2119 690 2216 tanquam
711 2139 955 2201 indocto;
983 2149 1088 2189 non
1113 2131 1233 2201 quia
1255 2126 1497 2197 superior
1518 2123 1630 2178 vult
1649 2121 1814 2177 videri
1830 2119 2018 2216 Domi:

438 2207 563 2294 nus:
596 2231 732 2302 Quid
772 2241 1052 2298 magnum,
1098 2223 1239 2276 Deus
1277 2217 1344 2272 ad
1388 2215 1691 2279 hominem,
1731 2211 1930 2267 veritas
1951 2207 2018 2264 ad

438 2323 808 2386 mendacium?
836 2318 1002 2388 Major
1023 2315 1267 2371 Christus
1286 2325 1442 2382 quam
1463 2307 1784 2363 Nicodemus
1802 2303 1905 2360 dici
1925 2303 2020 2357 de-

438 2418 532 2476 bet
553 2459 568 2482 ,
595 2415 696 2470 dici
717 2417 896 2483 potest
917 2449 932 2474 ,
957 2403 1291 2475 cogitandum
1317 2400 1438 2456 est?
1466 2399 1522 2454 Si
1553 2398 1820 2453 diceretur
1849 2394 2018 2462 major

440 2508 682 2565 Christus
706 2516 864 2574 quam
895 2497 1107 2569 Angeli,
1139 2492 1418 2549 ridendum
1446 2499 1596 2546 erat:
1632 2484 2020 2557 incomparabi-

441 2604 564 2658 liter
591 2598 733 2655 enim
765 2594 938 2666 major
965 2590 1110 2647 omni
1135 2595 1377 2644 creatura
1399 2627 1412 2649 ,
1458 2599 1552 2654 per
1579 2596 1737 2652 quem
1774 2580 1909 2634 facta
1937 2585 2022 2631 est

441 2694 614 2752 omnis
659 2696 922 2746 creatura.
974 2681 1079 2739 Sed
1121 2679 1351 2749 exagitat
1393 2672 1694 2744 superbiam
1747 2668 1977 2724 hominis
2002 2707 2017 2732 ,

444 2787 521 2844 Tu
562 2803 613 2841 es
648 2783 885 2854 magister
911 2779 967 2831 in
995 2773 1194 2839 Israel,
1239 2781 1286 2824 et
1327 2769 1433 2822 lucc
1475 2764 1718 2836 ignoras?
1745 2761 2018 2830 Tanquam

443 2879 624 2934 dicens
643 2917 657 2939 ,
690 2874 828 2928 Ecce
859 2865 991 2923 nihil
1017 2862 1190 2927 nosti,
1214 2858 1459 2929 princeps
1479 2854 1737 2924 superbus
1759 2894 1775 2917 ,
1802 2865 2023 2906 nascere

443 2985 512 3025 ex
537 2965 737 3038 Spiritu
762 2980 775 3015 :
808 2960 852 3014 si
887 2956 1027 3013 enim
1057 2960 1212 3007 natus
1236 2947 1398 3003 fueris
1427 2963 1492 3002 ex
1516 2944 1715 3014 Spiritu
1735 2984 1750 3010 ,
1777 2942 1888 2996 vias
1930 2941 2022 2995 Dei

443 3034 680 3122 tenebis,
715 3064 773 3109 ut
816 3047 1014 3108 Christi
1052 3044 1404 3100 humilitatem
1448 3037 1706 3108 sequaris.
1756 3036 1844 3091 Sic
1880 3034 2020 3089 enim

444 3152 584 3206 altus
621 3153 704 3202 est
743 3156 904 3212 super
931 3152 1118 3193 omnes
1165 3132 1398 3201 Angelos
1421 3171 1436 3195 ,
1467 3128 1591 3200 quia
1618 3144 1733 3181 cum
1767 3126 1820 3179 in
1860 3125 2024 3193 forma

445 3242 544 3297 Dei
569 3246 727 3304 esset,
751 3251 852 3289 non
877 3230 1108 3300 rapinam
1133 3225 1404 3280 arbitratus
1430 3231 1501 3276 est
1521 3236 1626 3274 esse
1651 3217 1858 3286 aequalis
1879 3215 2024 3280 Deo;

445 3335 534 3392 sed
572 3330 889 3400 semetipsum
935 3320 1204 3377 exinanivit
1241 3317 1454 3386 formam
1482 3313 1610 3368 servi
1642 3310 1924 3380 accipiens,
1971 3310 2024 3362 in

447 3614 657 3662 mortem
701 3601 785 3671 (et
827 3613 896 3654 ne
937 3593 1124 3651 mortis
1160 3604 1326 3660 genus
1356 3587 1447 3642 tibi
1481 3584 1694 3655 aliquod
1742 3581 2025 3652 placeat),

449 3705 660 3751 mortem
693 3700 859 3745 autent
887 3685 1050 3740 crucis
1079 3681 1332 3755 (Philipp.
1359 3694 1424 3745 ll,
1458 3675 1600 3746 6-8).
1635 3672 1908 3729 Pendebat
1931 3713 1945 3738 ,
1975 3679 2028 3726 et

450 3786 799 3844 insnltabatur
845 3781 915 3835 ei.
961 3779 1036 3832 De
1074 3789 1231 3830 cruce
1277 3769 1601 3826 descendere
1644 3774 1888 3837 poterat;
1936 3763 2029 3820 sed

451 3876 733 3934 differebat
755 3915 770 3939 ,
801 3879 856 3926 ut
885 3868 952 3924 de
973 3865 1218 3936 sepulcro
1243 3864 1562 3931 resurgeret.
1591 3857 1816 3913 Pertulit
1841 3869 2029 3926 super-

453 3970 551 4024 bos
575 3979 758 4022 servos
790 3960 1079 4023 Dominus;
1117 3954 1355 4010 medicus
1379 3960 1626 4024 :egrotos.
1674 3950 1728 4026 Si
1776 3949 1875 4003 hoc
1902 3948 1989 4002 ille
2012 3989 2027 4012 ,

453 4059 579 4132 quid
606 4057 679 4112 illi
706 4070 839 4127 quos
861 4059 1070 4124 oportet
1099 4049 1245 4104 nasci
1271 4062 1336 4102 ex
1362 4045 1604 4116 Spiritu?
1631 4044 1675 4098 si
1702 4043 1804 4098 hoc
1831 4042 1920 4098 ille
1942 4057 2031 4096 ve-

454 4168 548 4210 rus
576 4151 826 4220 magister
853 4149 905 4202 in
943 4144 1082 4201 coelo
1102 4185 1116 4208 ,
1147 4157 1250 4196 non
1279 4139 1553 4195 hominum
1581 4146 1785 4192 tantum
1809 4178 1825 4202 ,
1857 4136 1949 4192 sed
1979 4144 2033 4190 et

455 4244 794 4316 Angelorum.
849 4237 904 4294 Si
933 4236 1076 4291 enim
1118 4232 1258 4288 docti
1303 4239 1427 4286 sunt
1455 4228 1678 4299 Angeli,
1730 4227 1906 4282 Verbo
1938 4226 2032 4316 Dei

456 4315 600 4393 docti
636 4341 778 4388 sunt.
823 4329 880 4386 Si
922 4326 1100 4382 Verbo
1126 4324 1221 4378 Dei
1261 4322 1401 4377 docti
1443 4327 1599 4384 sunt,
1640 4318 1858 4386 quaerite
1896 4315 2037 4370 unde

461 4428 604 4484 docti
633 4432 792 4487 sunt;
824 4429 879 4476 et
904 4417 1203 4481 invenietis,
1238 4412 1304 4466 In
1325 4411 1572 4482 principio
1599 4418 1705 4463 erat
1736 4407 1972 4471 Verbum,
1990 4416 2038 4462 et

472 4521 689 4577 Verbum
716 4523 823 4570 erat
849 4510 987 4581 apud
1013 4509 1175 4562 Deum
1195 4547 1209 4572 ,
1239 4515 1284 4559 et
1312 4503 1449 4558 Deus
1473 4511 1578 4558 erat
1610 4500 1826 4556 Verbum
1859 4499 2036 4570 (Joan.

463 4630 484 4669 ι
505 4655 520 4678 ,
552 4609 630 4682 1).
661 4605 886 4663 Tollitur
910 4598 1111 4658 homini
1137 4595 1314 4651 cervix
1334 4637 1348 4660 ,
1382 4592 1478 4649 sed
1503 4606 1690 4662 aspera
1715 4601 1769 4646 et
1800 4590 1951 4655 dura,
1984 4600 2041 4644 ut

470 4705 542 4759 sit
567 4700 703 4756 lenis
727 4695 905 4752 cervix
933 4692 1000 4748 ad
1030 4687 1346 4762 portandum
1368 4687 1550 4758 jugum
1580 4683 1806 4749 Christi,
1837 4682 1906 4739 de
1932 4699 2036 4754 quo

467 4796 693 4858 dicitur,
738 4788 929 4859 Jugum
963 4799 1128 4838 meum
1156 4782 1267 4836 lene
1303 4786 1406 4847 est,
1451 4786 1496 4832 et
1539 4777 1741 4832 sarcina
1779 4792 1888 4830 mea
1921 4775 2040 4830 levis

471 4899 542 4947 est
574 4884 782 4961 (Matth.
813 4898 898 4948 χι,
928 4878 1040 4950 50).

541 4982 592 5034 7.
631 4978 700 5033 Et
727 4973 999 5046 sequitur:
1043 4969 1103 5025 Si
1130 4978 1326 5022 terrena
1360 4963 1469 5019 dixi
1512 4963 1680 5029 vobis,
1712 4971 1758 5016 et
1797 4978 1896 5017 non
1936 4976 2043 5016 cre-

467 5073 620 5136 ditis;
669 5064 947 5139 quomodo,
1000 5062 1043 5115 si
1089 5060 1263 5113 dixero
1308 5056 1445 5111 vobis
1488 5053 1736 5118 caelestia,
1787 5052 1996 5107 credetis
2019 5052 2045 5106 ?

465 5165 598 5233 Qua:
634 5169 841 5217 terrena
868 5155 1034 5218 dixit,
1064 5149 1296 5207 fratres?
1324 5147 1439 5202 Nisi
1463 5147 1573 5218 quis
1606 5155 1751 5200 natus
1772 5145 1922 5214 fuerit
1951 5145 2043 5200 de-

469 5277 571 5318 nuo
593 5300 610 5326 ,
643 5265 908 5312 terrenum
935 5249 1050 5305 est?
1072 5246 1297 5317 Spiritus
1324 5243 1410 5298 ubi
1438 5242 1541 5296 vult
1569 5241 1761 5312 spirat,
1805 5247 1852 5293 et
1878 5254 2045 5294 vocem

468 5355 581 5427 ejus
602 5347 777 5411 audis,
804 5353 852 5398 et
879 5341 1037 5396 nescis
1061 5337 1194 5392 unde
1218 5335 1413 5398 veniat,
1441 5341 1602 5403 etquo
1625 5339 1740 5396 eat,
1774 5339 2045 5385 terrenum

469 5419 593 5501 est?
619 5439 676 5497 Si
707 5437 846 5492 enim
876 5433 942 5488 de
968 5432 1068 5485 isto
1094 5435 1254 5484 vento
1278 5426 1510 5491 diceret,
1537 5425 1673 5479 sicut
1700 5420 1934 5476 nonnulli
1960 5419 2046 5474 in-

469 5535 790 5592 tellexerunt
821 5525 920 5599 (a),
949 5537 1067 5578 cum
1096 5526 1425 5591 qumreretur
1446 5516 1512 5571 ab
1533 5515 1611 5570 eis
1633 5513 1759 5584 quid
1780 5521 2047 5568 terrenum

537 5691 611 5751 (α)
632 5695 698 5738 ne
722 5690 868 5737 vento
900 5683 1194 5751 accereth
1212 5664 2048 5751 qr?“%PEWE-LE'E§9PPI‘BE°

475 5760 531 5803 et
541 5734 714 5800 ‘aﬂtictdr
925 5734 1032 5806 Yet:
1055 5746 1227 5806 etaiov.
1246 5734 1400 5806 :l‘esg,
1423 5748 1472 5796 q.
1493 5734 1569 5781 59.
1594 5738 1645 5780 At
1662 5734 1923 5789 Augustino
1939 5741 2052 5779 con-

475 5796 800 5868 ὅὸιῖιῖίλέηιῑ..
826 5807 910 5856 ιιι).
933 5803 965 5851 2
983 5802 1049 5851 de
1063 5800 1195 5859 Fide,
1211 5810 1316 5858 cap.
1340 5796 1387 5844 δ.

1357 358 1418 414 IN
1456 352 1731 414 JOANNIS
1768 346 2240 415 EVANGELIUM,
2281 344 2340 402 S.
2379 339 2745 400 AUGUSTINI

3551 331 3694 391 1488

2113 482 2306 539 dixerit
2330 478 2618 544 Dominus,
2649 475 2773 530 dum
2813 472 2925 540 ait,
2955 449 3016 528 s':
3053 480 3248 526 ιεηοηα
3274 469 3382 526 disi
3422 469 3594 535 vobis,
3637 479 3686 525 et

2115 593 2214 630 non
2239 573 2478 638 creditis;
2515 569 2797 642 quomodo,
2836 567 2879 621 si
2915 565 3130 621 caelestia
3171 563 3377 629 dixero,
3423 561 3636 618 credetis
3657 563 3684 617 .’

2113 666 2244 723 Cum
2281 680 2408 734 ergo
2440 668 2768 734 qumreretur
2803 675 2833 712 a
2874 655 3220 729 quibusdam,
3264 655 3389 726 quid
3412 663 3688 710 terrenum

2115 755 2310 813 dixerit
2335 754 2589 809 Dominus
2609 793 2624 817 ,
2649 750 2919 821 angustias
2944 748 3084 819 passi
3108 747 3354 803 dixerunt
3371 787 3388 814 ,
3417 745 3570 814 Quod
3591 746 3689 813 ait,

2117 849 2339 919 Spiritus
2365 846 2450 901 ubi
2477 845 2583 900 vult
2605 843 2793 915 spirat,
2819 850 2866 897 et
2898 857 3065 896 vocem
3098 842 3208 910 ejus
3235 839 3380 894 audis
3397 878 3415 903 ,
3459 849 3508 892 et
3534 839 3696 892 nescis

2115 940 2250 994 unde
2293 937 2491 1004 veniat,
2522 945 2568 990 et
2605 950 2700 1001 quc
2743 943 2863 999 eat,
2911 933 2980 988 de
3021 932 3124 987 isto
3163 939 3322 986 vento
3367 929 3524 986 dixit.
3557 929 3699 998 Quid

2117 1029 2256 1085 enim
2303 1025 2594 1082 nominavit
2630 1023 2937 1080 terrenum?
2979 1021 3316 1092 Loquebatur
3354 1020 3423 1076 de
3467 1035 3700 1090 genera-

2117 1121 2260 1175 tione
2289 1117 2547 1189 spirituali
2573 1135 2588 1171 :
2632 1124 2844 1170 secutus
2870 1115 2979 1178 ait,
3007 1112 3097 1169 Sic
3119 1123 3190 1167 est
3225 1112 3388 1166 omnis
3424 1112 3512 1181 qui
3553 1120 3701 1166 natus

2116 1223 2188 1268 est
2229 1229 2292 1266 ex
2332 1210 2552 1281 Spiritu.
2599 1207 2828 1273 Deinde,
2876 1205 3104 1272 fratres,
3147 1205 3268 1276 quis
3309 1213 3554 1260 nostrum
3597 1220 3700 1258 non

2119 1303 2320 1367 videat,
2348 1301 2496 1356 verbi
2517 1299 2684 1369 gratia
2705 1340 2720 1364 ,
2761 1307 2999 1353 ausu'um
3027 1305 3240 1351 euntem
3280 1293 3349 1350 de
3376 1293 3608 1350 meridie
3635 1294 3702 1349 ad

2118 1393 2456 1463 aquilonem;
2502 1399 2594 1445 aut
2617 1389 2780 1444 alium
2808 1394 3025 1443 ventum
3052 1384 3354 1440 venientem
3394 1385 3463 1439 ab
3491 1385 3704 1440 oriente

2118 1484 2184 1538 ad
2209 1483 2569 1538 occidentem?
2595 1479 2864 1551 quomodo
2891 1493 3019 1549 ergo
3043 1476 3310 1534 nescimus
3348 1477 3492 1540 unde
3525 1477 3705 1533 veniat

2119 1583 2173 1629 et
2200 1589 2305 1645 quo
2333 1573 2457 1628 eat?
2480 1571 2617 1641 Quid
2637 1586 2764 1642 ergo
2787 1570 2920 1626 dixit
2948 1579 3245 1636 terrenum,
3275 1569 3416 1639 quod
3443 1583 3556 1624 non
3583 1583 3703 1624 cre-

2119 1665 2316 1720 debant
2348 1663 2626 1718 homines?
2653 1664 2734 1717 An
2780 1660 2908 1716 illud
2949 1659 3092 1731 quod
3116 1658 3184 1716 de
3224 1659 3425 1730 templo
3466 1660 3705 1716 resusci-

2123 1756 2281 1810 tando
2302 1755 2548 1809 dixerat?
2567 1742 2776 1824 Corpus
2795 1753 2936 1808 enim
2961 1766 3116 1807 suum
3144 1743 3212 1806 de
3236 1759 3375 1806 terra
3397 1761 3705 1822 acceperat,

2121 1854 2176 1902 et
2202 1847 2370 1917 ipsam
2401 1855 2592 1900 terram
2623 1845 2688 1899 de
2713 1852 2928 1900 terreno
2954 1859 3178 1913 corpore
3204 1853 3514 1914 susceptam
3548 1859 3706 1914 para-

2121 1939 2212 1994 bat
2237 1937 2511 1991 suscitare.
2543 1934 2659 1990 Non
2685 1935 2734 1992 ei
2753 1934 3010 1990 creditum
3031 1942 3115 1990 est
3139 1943 3333 1989 terram
3357 1935 3705 1990 suscitaturo.

2123 2028 2184 2083 Si
2212 2029 2458 2082 terrestria
2480 2069 2496 2092 ,
2524 2027 2726 2098 inquit,
2768 2025 2873 2080 dixi
2898 2025 3035 2080 vobis
3077 2035 3124 2080 et
3158 2041 3258 2080 non
3285 2024 3491 2080 creditis
3518 2041 3540 2080 :
3583 2043 3707 2098 quo-

2122 2120 2298 2183 modo,
2327 2120 2372 2173 si
2413 2119 2630 2173 caelestia
2673 2118 2847 2173 dixero
2867 2158 2882 2180 ,
2913 2116 3167 2171 credetis?
3197 2115 3309 2172 Hoc
3352 2124 3436 2172 est
3458 2158 3474 2183 ,
3525 2117 3575 2172 si
3609 2134 3708 2172 non

2121 2209 2335 2264 creditis
2360 2209 2482 2278 quia
2508 2207 2763 2278 templum
2795 2221 3009 2276 possum
3037 2208 3358 2261 resuscitare
3384 2205 3664 2275 deiectum
3682 2221 3712 2259 a
3807 2249 3811 2254 .

2122 2301 2312 2366 vobis;
2347 2299 2613 2371 quomodo
2655 2298 2884 2355 credetis
2929 2299 3049 2369 quia
3079 2313 3175 2368 per
3204 2297 3459 2368 Spiritum
3504 2299 3712 2369 possint

2123 2392 2365 2448 homines
2403 2389 2746 2462 regenerari?

2194 2483 2246 2537 8.
2289 2484 2353 2536 Et
2391 2482 2669 2551 sequitur:
2710 2478 2778 2533 Et
2818 2495 2961 2533 nemo
2998 2479 3220 2534 ascendit
3252 2481 3304 2532 in
3343 2479 3527 2534 caelum
3551 2521 3566 2546 ,
3623 2478 3714 2534 nisi

2123 2575 2207 2643 qui
2249 2573 2499 2628 descendit
2536 2571 2599 2626 de
2629 2571 2751 2626 ccelo
2774 2611 2788 2635 ,
2817 2569 2984 2624 Filius
3011 2570 3226 2624 hominis
3253 2569 3339 2641 qui
3364 2580 3436 2624 est
3463 2571 3520 2622 in
3562 2570 3710 2624 caelo.

2125 2664 2262 2719 Ecce
2291 2663 2377 2717 hic
2409 2673 2556 2728 erat,
2606 2671 2658 2717 et
2687 2662 2739 2716 in
2766 2661 2903 2718 ccelo
2941 2669 3056 2717 erat
3084 2680 3095 2714 :
3139 2662 3223 2716 hic
3265 2671 3380 2716 erat
3418 2677 3589 2717 carne
3617 2705 3632 2727 ,
3663 2661 3712 2715 in

2125 2754 2262 2810 cmlo
2291 2763 2404 2808 erat
2433 2752 2746 2815 divinitate;
2798 2752 2939 2818 imo,
2973 2751 3162 2820 ubique
3197 2750 3496 2806 divinitate.
3549 2751 3716 2806 Natus

2126 2847 2192 2902 de
2237 2855 2436 2911 matre,
2483 2860 2587 2900 non
2639 2844 2895 2900 recedens
2935 2859 2964 2897 a
3013 2843 3188 2898 Patre.
3230 2841 3358 2896 Duae
3405 2843 3716 2897 nativitates

2126 2937 2323 2995 Christi
2377 2938 2775 3008 intelliguntur;
2823 2951 2926 2990 una
2973 2935 3179 3001 divina,
3225 2935 3388 2990 altera
3434 2935 3712 2992 humana:

2127 3046 2230 3085 una
2256 3046 2352 3103 per
2377 3045 2533 3100 quam
2563 3029 2895 3084 elliceremur
2915 3070 2930 3093 ,
2960 3029 3126 3083 altera
3153 3043 3245 3097 per
3270 3044 3428 3098 quam
3458 3030 3714 3088 reticere-

2126 3139 2283 3178 mur:
2332 3123 2501 3178 amba:
2553 3121 2861 3186 mirabiles;
2912 3120 2998 3174 illa
3049 3121 3163 3175 sine
3209 3129 3408 3183 matre,
3457 3120 3562 3174 ista
3604 3120 3718 3174 sine

2127 3229 2295 3290 patre.
2346 3218 2452 3274 Sed
2499 3218 2618 3288 quia
2663 3216 2730 3271 de
2772 3215 2938 3270 Adam
2984 3230 3176 3284 corpus
3222 3221 3544 3283 acceperat,
3593 3213 3714 3284 quia

2127 3310 2289 3365 Maria
2319 3309 2385 3364 de
2421 3308 2587 3362 Adam
2609 3351 2624 3375 ,
2655 3308 2928 3376 ipsumque
2954 3320 3146 3374 corpus
3175 3305 3528 3360 suscitaturus
3561 3313 3715 3360 erat:

2132 3410 2397 3456 terrenum
2420 3398 2668 3467 quiddam
2695 3397 2937 3461 dixerat,
2964 3397 3153 3451 Solvite
3177 3393 3420 3463 templum
3442 3397 3573 3462 hoc,
3598 3407 3647 3450 et
3666 3397 3716 3449 in

2129 3490 2284 3544 tribus
2306 3489 2479 3542 diebus
2501 3487 2746 3541 suscitabo
2769 3485 2899 3540 illud
2928 3485 3103 3558 (Joan.
3135 3501 3168 3539 ιι
3184 3526 3198 3550 ,
3225 3483 3335 3557 19).
3361 3485 3604 3542 (Σωιθειε
3628 3502 3718 3541 au-

2131 3588 2236 3634 tem
2262 3578 2508 3649 quiddam
2537 3577 2696 3643 dixit,
2730 3575 2848 3630 Nisi
2875 3579 2985 3645 quis
3013 3585 3215 3629 renatus
3244 3575 3394 3645 fuerit
3419 3592 3484 3629 ea:
3509 3593 3650 3647 aqua
3669 3583 3716 3632 et

2133 3670 2330 3741 Spiritu
2348 3712 2363 3736 ,
2386 3687 2485 3723 non
2515 3668 2695 3722 videbit
2733 3684 2939 3738 regnum
2965 3666 3060 3720 Dei
3085 3665 3194 3738 (Id.
3221 3681 3310 3730 ιιι,
3338 3663 3415 3737 5).
3447 3666 3575 3733 Eia,
3609 3663 3716 3721 fra-

2134 3769 2272 3828 tres,
2325 3760 2464 3814 Dcus
2505 3761 2669 3814 voluit
2715 3773 2833 3814 esse
2876 3759 3012 3812 lilins
3057 3758 3316 3823 hominis,
3364 3768 3420 3813 et
3464 3757 3716 3814 homines

2134 3853 2298 3908 voluit
2324 3867 2444 3907 esse
2473 3851 2606 3906 (ilios
2634 3851 2745 3906 Dei.
2776 3850 2892 3920 Ipse
2917 3849 3189 3904 descendit
3213 3858 3427 3919 propter
3454 3865 3560 3905 nos
3580 3891 3597 3916 ,
3627 3865 3721 3906 nos

2134 3943 2483 3999 ascendamus
2518 3950 2730 4012 propter
2767 3944 2961 4012 ipsum.
2991 3941 3145 3994 Solus
3173 3941 3314 3994 enim
3349 3939 3638 3997 descendit
3673 3948 3724 3996 et

2135 4034 2404 4101 ascendit,
2434 4035 2524 4104 qui
2551 4034 2653 4090 hoc
2677 4033 2784 4098 ait,
2816 4031 2982 4086 Nemo
3007 4030 3232 4087 ascendit
3273 4031 3326 4086 in
3370 4033 3587 4098 calum,
3631 4032 3724 4087 nisi

2135 4127 2222 4197 qui
2264 4123 2517 4180 descendit
2565 4122 2628 4175 de
2665 4123 2807 4178 creto.
2852 4121 2970 4178 Non
3010 4136 3138 4194 ergo
3184 4123 3454 4178 ascensuri
3498 4132 3631 4178 sunt
3673 4124 3721 4178 in

2139 4215 2331 4272 malum
2374 4229 2506 4285 quos
2542 4213 2665 4267 facit
2709 4213 2847 4267 lilios
2887 4211 3014 4268 Dei?
3043 4215 3327 4268 Ascensuri
3361 4213 3560 4282 plane:
3613 4215 3724 4269 haec

2141 4309 2292 4363 nobis
2312 4306 2596 4378 promissio
2616 4312 2715 4368 est,
2742 4304 2904 4358 Erunt
2924 4305 3141 4374 aequales
3163 4305 3364 4375 Angelis
3384 4304 3480 4358 Dei
3502 4305 3721 4375 (Matth.

2142 4414 2262 4454 xxu
2281 4441 2295 4463 ,
2324 4397 2434 4460 50).
2458 4396 2734 4463 Quomodo
2756 4410 2883 4465 ergo
2907 4410 3065 4449 nemo
3093 4395 3357 4460 ascendit,
3387 4395 3484 4449 nisi
3514 4398 3608 4465 qui
3633 4395 3724 4450 de-

2141 4487 2390 4544 scendit?
2418 4486 2547 4552 Quia
2591 4501 2726 4541 unus
2764 4484 3073 4549 descendit,
3117 4500 3252 4539 unus
3283 4484 3546 4540 ascendit.
3591 4481 3721 4554 Quid

2141 4580 2209 4637 de
2252 4578 2494 4634 caneris?
2534 4577 2658 4648 quid
2710 4577 3134 4647 intelligendum,
3163 4576 3264 4630 nisi
3305 4575 3425 4645 quia
3478 4577 3720 4632 membra

2143 4671 2258 4742 ejus
2283 4679 2462 4735 erunt,
2513 4677 2572 4724 ut
2614 4684 2750 4723 unus
2787 4665 3076 4722 ascendat?
3117 4666 3399 4736 Propterea
3443 4665 3721 4737 sequitur,

2146 4761 2311 4818 Nemo
2337 4759 2556 4816 ascendit
2585 4760 2636 4812 in
2673 4759 2884 4824 caelum,
2917 4758 3013 4813 nisi
3050 4757 3135 4825 qui
3162 4756 3224 4811 de
3261 4756 3385 4812 coelo
3431 4755 3722 4820 descendit,

2145 4853 2314 4907 Filius
2344 4851 2558 4905 hominis
2583 4850 2668 4920 qui
2692 4857 2763 4903 est
2790 4849 2842 4902 in
2869 4848 3011 4902 coelo.
3040 4846 3247 4902 Miraris
3274 4847 3395 4917 quia
3423 4855 3478 4902 et
3504 4846 3593 4904 hic
3616 4853 3727 4902 erat

2147 4953 2201 5001 et
2229 4945 2280 4999 in
2309 4942 2486 4999 caelo?
2517 4941 2674 4996 Tales
2704 4940 2826 4995 fecit
2852 4939 3138 5009 discipulos
3162 4953 3308 4995 suos.
3354 4939 3576 4995 Paulum
3607 4938 3725 4994 audi

2147 5035 2444 5107 apostolum
2493 5034 2756 5089 dicentem
2782 5073 2798 5097 ,
2849 5029 3043 5086 Nostra
3090 5040 3261 5085 autem
3316 5032 3625 5086 conversatio
3676 5031 3728 5084 iis

2148 5128 2284 5184 caelis
2307 5135 2379 5181 est
2408 5124 2663 5198 (Philipp.
2686 5140 2742 5179 ιιι
2765 5166 2780 5191 ,
2811 5123 2926 5195 20).
2965 5123 3021 5180 Si
3049 5123 3207 5178 homo
3235 5124 3430 5178 Paulus
3458 5123 3730 5195 apostolus

2148 5217 2451 5273 ambulabat
2476 5216 2528 5271 in
2549 5230 2710 5272 carne
2730 5215 2782 5270 in
2809 5224 2969 5280 terra,
2993 5222 3044 5270 et
3061 5214 3474 5270 conversabatur
3497 5217 3547 5269 in
3568 5212 3725 5280 caelo,

2151 5311 2292 5366 Deus
2315 5309 2436 5366 cmli
2474 5317 2529 5364 et
2557 5316 2711 5363 terrae
2742 5321 2851 5363 non
2880 5315 3088 5377 poterat
3114 5321 3232 5362 esse
3259 5313 3313 5362 et
3342 5306 3396 5361 in
3425 5306 3563 5362 coelo
3589 5313 3644 5362 et
3674 5303 3725 5360 in

2153 5409 2292 5459 terra
2311 5401 2336 5455 ?

2223 5493 2277 5550 9.
2317 5492 2374 5550 Si
2412 5507 2539 5564 ergo
2576 5505 2767 5556 nemo,
2798 5489 2901 5546 nisi
2945 5491 3052 5556 ille,
3097 5489 3370 5547 descendit
3395 5498 3451 5544 et
3474 5485 3726 5552 ascendit,

2154 5603 2272 5660 qua:
2313 5601 2434 5658 spes
2461 5594 2544 5642 est
2578 5585 2827 5640 caeteris?
2851 5584 2926 5640 Ea
2964 5599 3088 5655 spes
3113 5593 3196 5640 est
3219 5583 3427 5638 czetcris
3445 5623 3463 5649 ,
3504 5583 3623 5654 quia
3648 5578 3732 5634 ille

2154 5689 2437 5754 propterea
2456 5677 2806 5735 descenditut
2829 5678 2882 5734 in
2909 5677 2999 5734 illo
3018 5687 3071 5734 et
3089 5693 3208 5735 cum
3236 5677 3325 5732 illo
3347 5692 3483 5731 unus
3502 5678 3520 5709 ι
3541 5679 3728 5740 essent,

2224 5793 2242 5825 ⁸
2263 5791 2398 5853 aditi,
2421 5803 2584 5842 unum
2604 5797 2734 5854 Mss,
2756 5803 2894 5842 unus.
