3916 6370
199 394 323 453 1489

199 510 277 582 qui
304 523 394 580 per
417 505 563 562 illum
603 506 878 563 ascensuri
913 513 1108 562 essent.
1143 503 1264 562 Non
1289 507 1429 576 dicit,
1459 507 1527 562 Et
1552 511 1757 564 semini-

199 605 296 670 bus,
321 602 391 656 ait
421 600 727 670 Apostolus,
759 609 994 671 tanquam
1025 600 1080 654 in
1104 600 1307 667 multis;
1327 601 1416 655 sed
1451 612 1687 671 tanquam
1706 603 1760 658 in

199 709 307 761 toto,
332 689 397 746 Et
420 691 601 746 semini
629 700 739 758 tuo,
762 691 896 763 quod
920 701 992 746 est
1019 690 1264 747 Christus.
1294 694 1361 747 Et
1385 693 1627 749 ﬁdelibus
1645 696 1756 752 ait:

207 783 297 840 Vos
319 794 479 838 autem
501 781 732 850 Christi;
757 783 800 838 si
823 793 991 838 autem
1015 783 1233 852 Christi,
1264 803 1381 857 ergo
1405 803 1572 842 semen
1594 787 1760 842 Abra-

201 878 272 934 lue
294 877 400 932 estis
420 873 616 946 (Colat.
645 893 730 943 nt,
755 875 845 943 16,
869 875 986 948 29):
1012 877 1166 942 Quod
1192 877 1323 933 dixit
1342 894 1527 946 unum,
1557 880 1658 935 hoc
1675 879 1762 934 di-

201 970 268 1025 xit
284 984 459 1024 omnes
487 982 587 1023 nos
620 982 764 1024 esse.
803 968 926 1024 ideo
951 967 1004 1024 in
1036 969 1257 1024 Psalmis
1281 969 1561 1041 aliquando
1585 971 1761 1041 plures

201 1067 416 1124 cantant,
442 1068 500 1112 ut
527 1058 847 1114 ostendatur
871 1058 991 1129 quia
1011 1058 1079 1114 de
1101 1059 1341 1128 pluribus
1370 1059 1427 1115 ﬁt
1450 1075 1619 1127 unus;
1658 1061 1761 1116 ali-

203 1147 393 1219 quando
421 1162 559 1202 unus
583 1157 785 1216 cantat,
812 1157 870 1203 ut
894 1147 1203 1204 ostendatur
1233 1149 1360 1220 quid
1385 1149 1474 1205 ﬁat
1497 1150 1564 1205 de
1599 1151 1759 1221 pluri-

203 1241 308 1296 bus.
340 1241 624 1310 Propterea
657 1254 796 1296 unus
828 1241 1112 1297 sanabatur
1149 1242 1203 1296 in
1234 1242 1318 1296 illa
1347 1243 1545 1312 piscina
1583 1242 1759 1314 (Joan.

205 1350 250 1400 v,
278 1334 358 1403 4);
388 1341 441 1387 ct
464 1333 708 1403 quisquis
742 1333 875 1388 alius
899 1332 1283 1401 descendebat,
1308 1350 1413 1389 non
1454 1335 1758 1392 sanabatur.

204 1422 329 1494 Ergo
349 1424 442 1478 iste
459 1439 597 1479 unus
618 1425 958 1481 commendat
975 1430 1231 1482 unitatem
1254 1427 1523 1483 Ecclesiae.
1554 1427 1640 1483 Vae
1660 1428 1762 1483 illis

205 1516 280 1585 qui
299 1515 516 1571 oderunt
552 1516 831 1581 unitatem,
873 1526 927 1572 et
957 1525 1130 1586 partes
1151 1517 1250 1572 sibi
1278 1517 1477 1573 faciunt
1504 1519 1557 1573 in
1588 1518 1762 1573 homi-

204 1608 372 1662 nibus!
402 1606 635 1661 Audiant
657 1607 806 1663 illum
834 1610 922 1678 qui
957 1608 1166 1663 volebat
1200 1623 1294 1664 eos
1321 1607 1495 1665 facere
1523 1625 1682 1664 unum
1709 1609 1761 1664 in

205 1714 298 1752 uno
321 1697 381 1751 ad
410 1712 571 1752 unum
605 1715 619 1752 :
647 1697 866 1753 audiant
891 1697 1037 1752 illum
1064 1699 1347 1764 dicentem,
1375 1698 1548 1754 Nolite
1575 1713 1668 1754 vos
1687 1698 1764 1753 fa-

208 1803 315 1844 cere
337 1787 524 1842 multos
554 1807 568 1842 :
598 1804 691 1859 ego
712 1789 956 1857 plantavi,
979 1788 1162 1859 Apollo
1183 1789 1393 1860 rigavit;
1417 1789 1505 1843 sed
1529 1789 1666 1844 Deus
1686 1791 1765 1843 in-

208 1891 481 1936 crementum
501 1867 643 1935 dedit
673 1897 692 1936 :
718 1883 806 1938 sed
830 1899 987 1953 neque
1011 1884 1098 1956 qui
1121 1884 1315 1954 plantat
1343 1894 1413 1938 est
1430 1885 1643 1954 aliquid,
1671 1903 1763 1940 ne-

206 1989 288 2042 que
317 1972 396 2042 qui
412 1973 563 2043 rigat,
584 1972 680 2028 sed
709 1975 794 2044 qui
813 1975 1169 2029 incrementum
1193 1977 1280 2028 dat
1305 1975 1440 2030 Deus
1471 1975 1511 2048 (Ι
1534 1976 1650 2031 Cor.
1683 1993 1760 2045 tn,

212 2063 343 2132 6,7).
369 2062 439 2120 llli
459 2063 717 2120 dicebant
745 2082 760 2121 :
793 2063 905 2136 Ego
930 2082 1040 2118 sum
1071 2064 1258 2132 Pauli,
1303 2083 1392 2137 ego
1416 2066 1626 2136 Apollo,
1674 2084 1764 2138 ego

211 2152 386 2222 Cephea.
414 2154 478 2209 Et
505 2155 599 2210 ille
624 2173 641 2210 :
673 2154 876 2210 Divisus
900 2165 969 2210 est
998 2155 1225 2211 Christus
1252 2155 1361 2227 (Id.
1389 2173 1424 2221 ι,
1457 2156 1680 2228 42,15)?
1705 2158 1762 2213 ltt

209 2259 300 2300 uno
319 2253 498 2310 estote,
528 2260 701 2300 unum
730 2255 920 2312 estote,
945 2260 1079 2300 unus
1104 2254 1273 2301 estote
1302 2263 1315 2299 :
1349 2245 1514 2300 Nemo
1543 2247 1766 2301 ascendit

205 2337 249 2390 in
264 2338 444 2405 calum,
467 2337 566 2392 nisi
583 2339 678 2405 qui
701 2338 762 2392 de
785 2339 909 2392 caelo
924 2338 1194 2392 descendit.
1222 2338 1362 2394 Ecce
1386 2339 1626 2393 voiumus
1646 2353 1766 2395 esse

206 2428 288 2492 tui,
316 2427 551 2484 dicebant
574 2428 767 2484 Paulo.
791 2429 857 2483 Et
885 2429 976 2483 ille
1002 2449 1014 2482 :
1037 2428 1170 2484 Nolo
1195 2429 1312 2485 sitis
1338 2429 1506 2498 Pauli,
1530 2430 1623 2486 sed
1648 2431 1764 2501 ejus

206 2529 354 2574 estote
376 2519 523 2590 cujus
547 2528 640 2575 est
663 2520 932 2575 vobiscum
954 2519 1164 2575 Paulus.

266 2610 342 2666 lo.
381 2610 673 2667 Descendit
701 2612 843 2668 enim
868 2621 921 2668 et
959 2623 1200 2668 mortuus
1231 2621 1330 2678 est,
1363 2621 1417 2668 et
1442 2613 1553 2683 ipsa
1592 2622 1765 2670 morte

206 2701 419 2756 liberavit
445 2717 543 2758 nos
576 2719 614 2758 a
658 2712 828 2758 morte
859 2722 874 2758 :
903 2711 1074 2758 morte
1099 2703 1328 2772 occisus,
1357 2712 1579 2758 mortem
1624 2705 1765 2760 occi-

206 2791 285 2848 dit.
312 2794 372 2848 Et
397 2795 583 2860 nostis,
615 2793 823 2858 fratres,
847 2796 968 2863 quia
999 2811 1142 2850 mors
1163 2796 1260 2850 ista
1287 2810 1385 2866 per
1407 2796 1602 2851 diaboli
1627 2797 1766 2852 invi-

208 2883 326 2938 diam
350 2886 560 2941 intravit
578 2885 639 2942 in
665 2885 944 2940 mundum.
967 2884 1107 2940 Deus
1123 2896 1331 2941 mortem
1350 2903 1450 2941 non
1465 2888 1601 2956 fecit,
1622 2889 1766 2944 Scri-

206 2983 334 3046 ptura
363 2977 628 3048 loquitur;
660 2993 750 3031 nec
784 2978 998 3042 (tetatur,
1029 2977 1218 3048 inquit,
1245 2980 1298 3032 in
1325 2979 1602 3050 perditione
1625 2980 1764 3034 uiuo-

207 3081 333 3121 rum:
357 3069 534 3122 creauit
554 3069 697 3122 enim
724 3077 777 3121 ut
802 3077 962 3122 essent
981 3070 1150 3121 omnia
1170 3067 1321 3140 (Sap.
1347 3085 1385 3134 ι,
1411 3071 1497 3136 15,
1523 3069 1635 3142 ll).
1657 3071 1766 3128 Sed

207 3157 312 3227 quid
336 3159 400 3215 ibi
414 3160 521 3215 ait?
535 3157 748 3214 Invidia
767 3169 933 3213 autem
948 3158 1136 3212 diaboli
1155 3176 1288 3214 mors
1307 3160 1508 3214 intravit
1522 3162 1576 3215 in
1598 3162 1764 3216 orbem

209 3257 426 3304 tetrarum
453 3248 584 3322 (Id.
619 3265 676 3315 ιι,
705 3248 776 3304 24
799 3249 840 3319 ).
871 3248 951 3304 Ad
979 3257 1200 3304 mortem
1229 3265 1258 3303 a
1287 3249 1496 3305 diabolo
1521 3253 1766 3323 propina-

211 3345 298 3392 tam
319 3355 418 3394 non
436 3341 650 3395 veniret
677 3338 836 3395 homo
853 3339 905 3393 vi
920 3338 1178 3395 adductus
1203 3358 1217 3394 :
1249 3355 1353 3395 non
1375 3341 1515 3395 enim
1542 3343 1764 3411 cogendi

210 3431 470 3496 potentiam
498 3430 746 3486 diabolus
789 3429 1044 3496 habebat,
1075 3430 1167 3485 sed
1196 3431 1541 3500 persuadendi
1573 3447 1763 3488 versu-

209 3519 338 3576 tiam.
364 3521 471 3578 Non
496 3522 854 3590 consentires,
883 3522 1011 3576 nihil
1038 3522 1309 3579 invexerat
1326 3523 1567 3580 diabolus
1595 3543 1609 3580 :
1635 3540 1766 3581 con-

207 3613 364 3667 sensio
388 3621 492 3679 tua,
519 3629 557 3668 ο
585 3613 764 3679 homo,
789 3622 842 3669 te
861 3613 1105 3683 perduxit
1130 3613 1196 3669 ad
1218 3623 1462 3670 mortem.
1484 3617 1530 3671 A
1555 3618 1763 3673 mortali

209 3706 433 3761 mortales
473 3707 609 3771 nati,
642 3722 706 3762 ex
760 3706 1140 3761 immortalibus
1188 3708 1438 3763 mortales
1490 3709 1628 3764 iacti.
1683 3711 1764 3765 Ab

211 3792 357 3849 Adam
378 3811 568 3852 omnes
593 3795 836 3851 homines
863 3798 1112 3852 mortales
1149 3815 1162 3852 :
1203 3797 1358 3854 Jesus
1381 3808 1556 3855 autem
1598 3801 1764 3858 Filius

215 3881 316 3950 Dei,
353 3885 585 3942 Verbum
609 3886 733 3953 Dei,
760 3901 856 3956 per
879 3887 1018 3956 quod
1043 3886 1178 3942 facta
1209 3898 1330 3942 sunt
1356 3891 1552 3956 omnia,
1578 3892 1764 3947 unicus

211 3975 406 4045 aequalis
426 3977 597 4044 Patri,
625 3977 861 4031 mortalis
904 3977 1070 4032 factos
1094 3986 1208 4042 est;
1233 3979 1355 4048 quia
1381 3979 1612 4036 Verbum
1638 3997 1764 4038 caro

212 4062 382 4120 factum
408 4077 512 4132 est,
535 4075 592 4121 et
621 4066 874 4121 habitavit
900 4067 952 4120 in
977 4066 1132 4122 nobis
1156 4066 1334 4138 (Joan.
1365 4086 1401 4134 ι,
1427 4071 1512 4135 15,
1542 4070 1654 4142 14).

180 4141 188 4153 ’
271 4156 347 4209 ll.
388 4156 526 4227 Ergo
549 4164 773 4212 mortem
802 4157 1051 4226 suscepit,
1082 4167 1135 4212 et
1160 4166 1386 4213 mortem
1413 4160 1686 4229 suspendit
1710 4161 1762 4216 in

211 4257 378 4312 cruce;
407 4257 460 4303 et
486 4246 556 4302 de
583 4247 693 4318 ipsa
723 4254 896 4302 morte
915 4247 1206 4304 liberantur
1232 4250 1502 4305 mortales.
1531 4252 1682 4320 Quod
1709 4255 1763 4309 in

213 4331 357 4405 ﬁgura
395 4339 591 4394 factum
631 4346 715 4393 est
751 4337 890 4407 apud
917 4339 1188 4409 antiquos,
1227 4353 1608 4400 commemorat
1635 4345 1764 4402 illud

212 4425 440 4485 Dominus
470 4445 486 4482 :
518 4427 587 4483 Et
608 4430 754 4494 sicut,
789 4429 976 4499 inquit,
1004 4429 1203 4502 Moyses
1231 4433 1468 4489 exultavit
1489 4449 1765 4506 serpentem

211 4515 258 4570 in
280 4535 448 4585 erento,
481 4521 554 4573 ita
573 4520 786 4574 exaltari
809 4530 1002 4591 oportet
1029 4520 1220 4576 Filium
1249 4524 1498 4590 hominis;
1521 4538 1575 4582 ut
1604 4531 1764 4584 omnis

215 4608 286 4676 qui
302 4611 448 4664 credit
472 4611 524 4665 in
549 4627 662 4664 eum
686 4626 786 4664 non
815 4619 1004 4679 pereat,
1033 4611 1122 4666 sed
1141 4613 1316 4667 habeat
1335 4615 1486 4669 vitam
1504 4627 1759 4672 aeternam.

217 4696 430 4770 Magnum
481 4711 899 4768 sacramentum,
930 4711 984 4758 et
1047 4703 1136 4773 qui
1178 4705 1450 4775 legerunt,
1485 4722 1760 4768 noverunt.

219 4787 393 4846 Deinde
415 4792 629 4846 audiant
653 4791 735 4846 vel
758 4792 848 4862 qui
873 4806 976 4847 non
1009 4794 1268 4863 legerunt,
1299 4796 1384 4852 vel
1403 4798 1491 4867 qui
1520 4801 1654 4856 forte
1682 4803 1764 4859 le-

219 4887 340 4934 ctum
358 4881 465 4938 sive
478 4881 712 4936 auditum
729 4881 877 4937 obliti
897 4890 1039 4937 sunt.
1059 4884 1496 4942 Prosternebatur
1513 4891 1561 4945 in
1585 4907 1765 4951 eremo

220 4970 418 5038 populus
437 4971 596 5029 Israel
617 4972 880 5027 morsibus
899 4983 1224 5042 serpentum,
1249 4975 1407 5032 ﬁebat
1421 4994 1607 5051 magna
1632 4993 1768 5041 stra-

221 5071 300 5126 ges
321 5062 592 5117 multarum
616 5062 900 5117 mortium‘
933 5081 948 5117 :
979 5064 1128 5133 plaga
1154 5066 1293 5120 enim
1324 5068 1417 5123 Dei
1458 5081 1573 5126 erat
1595 5076 1766 5130 corri-

223 5148 410 5218 pientis,
437 5162 490 5208 et
517 5151 852 5224 flagellantis,
882 5161 940 5208 ut
955 5155 1207 5211 erudiret.
1233 5157 1657 5218 Demonstratum
1686 5176 1768 5222 est

224 5237 284 5294 ibi
307 5258 538 5315 magnum
553 5254 940 5301 sacramentum
957 5246 1033 5302 rei
1057 5246 1265 5316 futurae,
1283 5251 1397 5320 ipse
1417 5254 1669 5313 Dominus
1687 5267 1766 5314 te-

228 5338 373 5388 statur
391 5335 438 5390 in
457 5335 558 5392 hac
579 5337 825 5403 lectione,
849 5347 1074 5392 utnemo
1089 5340 1257 5410 possit
1272 5341 1413 5397 aliud
1435 5345 1767 5417 interpretari

227 5435 361 5492 quam
371 5429 500 5498 quod
517 5429 631 5499 ipsa
647 5429 842 5484 veritas
855 5428 922 5483 de
933 5443 992 5484 se
1004 5429 1217 5486 indicat.
1235 5432 1438 5488 Dictum
1454 5440 1684 5494 estenim
1701 5441 1768 5497 ad

228 5510 413 5588 loysen
427 5537 458 5576 a
484 5521 710 5576 Domino
720 5529 778 5575 ut
793 5519 988 5577 faceret
1001 5537 1205 5578 aeneum
1223 5538 1543 5597 serpentem,
1558 5541 1611 5586 et
1623 5534 1768 5588 exal-

207 5611 347 5663 .taret
365 5610 410 5666 in
435 5612 577 5683 ligno
597 5612 650 5667 in
673 5626 877 5679 eremo,
904 5621 960 5667 et
980 5612 1289 5673 admoneret
1307 5619 1557 5688 populum
1588 5621 1768 5694 Israel,

232 5699 336 5755 utsi
359 5705 466 5773 quis
488 5719 701 5761 morsus
719 5711 861 5760 esset
878 5721 906 5760 a
932 5717 1194 5777 serpente,
1226 5710 1370 5767 illum
1395 5725 1692 5786 serpentem
1718 5719 1772 5775 in

292 5813 366 5868 ‘ln
381 5825 500 5884 Ias,
522 5826 711 5887 strages
730 5821 983 5873 multorum
1003 5831 1310 5878 mortuorum.

1313 390 1711 455 TRACTATUS
1749 397 1860 455 Xll.
1899 398 2126 460 CAPIJ'II
2161 401 2249 460 Ill.

3302 411 3440 470 M90

1865 515 2008 587 ligno
2036 515 2323 573 exaltatum
2367 519 2683 577 attenderet.
2714 517 2932 576 Factum
2961 531 3044 578 est
3071 541 3084 578 :
3115 525 3435 580 mordeban-

1868 616 1953 662 tur
1976 606 2240 677 homines,
2271 609 2630 679 intuebantur,
2667 620 2722 667 et
2747 612 3069 668 sanabuntur
3098 612 3285 684 (Num.
3315 631 3439 682 xxt,

1866 697 2008 772 6-9).
2054 699 2192 767 Quid
2235 710 2359 756 sunt
2407 713 2682 773 serpentes
2726 703 3070 760 mordentes?
3111 705 3329 762 Peccata
3375 706 3444 760 de

1867 789 2187 845 mortalitate
2227 792 2421 846 carnis.
2453 793 2581 859 Quis
2618 802 2700 849 est
2723 809 2944 865 serpens
2978 796 3274 851 exaltatus?
3301 797 3444 854 Mors

1867 877 2075 932 Domini
2096 879 2148 933 in
2170 895 2347 936 cruce.
2376 883 2505 949 Quia
2529 883 2668 938 enim
2691 897 2720 937 a
2745 895 2992 953 serpente
3019 901 3184 951 mors,
3211 902 3306 956 per
3329 903 3444 942 ser-

1866 967 2037 1036 pentis
2065 967 2290 1039 efﬁgiem
2327 970 2544 1040 ﬁgurata
2585 981 2685 1028 est.
2729 973 2931 1030 Morsus
2971 977 3232 1046 serpentis
3275 977 3445 1032 letha—

1867 1055 1952 1121 lis,
1980 1073 2123 1113 mors
2153 1059 2359 1115 Domini
2387 1063 2578 1118 vitalis.
2606 1064 2910 1119 Attenditur
2937 1079 3185 1136 serpens,
3222 1077 3280 1122 ut
3313 1069 3444 1124 nihil

1866 1149 2037 1205 valeat
2065 1167 2303 1221 serpens.
2326 1153 2462 1221 Quid
2485 1164 2566 1209 est
2592 1155 2730 1211 hoc?
2754 1157 3055 1212 Attenditur
3080 1174 3243 1226 mors,
3273 1169 3329 1214 ut
3357 1160 3444 1215 ni-

1869 1239 1941 1294 hil
1972 1241 2146 1296 valeat
2175 1258 2337 1298 mors.
2384 1243 2486 1300 Sed
2516 1245 2663 1313 cujus
2698 1247 2880 1300 mors?
2910 1247 3050 1302 Mors
3076 1248 3197 1303 vita:
3226 1267 3238 1302 :
3270 1249 3316 1304 si
3341 1250 3445 1305 dici

1868 1339 2072 1401 potest,
2105 1333 2246 1388 Mors
2286 1335 2440 1400 vitzc;
2481 1336 2588 1390 imo
2629 1337 2748 1406 quia
2778 1337 2880 1392 dici
2908 1347 3101 1408 potest,
3133 1340 3446 1397 mirabiliter

1868 1419 2081 1476 dicitur.
2115 1422 2218 1478 Sed
2247 1424 2498 1494 numquid
2526 1441 2628 1479 non
2654 1427 2756 1480 erit
2775 1425 3055 1483 dicendum
3077 1429 3219 1498 quod
3245 1429 3344 1486 fuit
3367 1433 3445 1486 [θοι

1868 1509 2151 1566 ciendum?
2175 1512 2288 1583 Ego
2314 1513 2547 1569 dubitem
2573 1515 2748 1571 dicere
2776 1517 2916 1586 quod
2946 1519 3201 1576 Dominus
3231 1536 3330 1590 pro
3353 1538 3443 1578 me

1869 1600 2111 1671 dignatus
2154 1612 2236 1658 est
2273 1602 2478 1659 facere?
2515 1604 2700 1661 Nonne
2727 1607 2834 1661 vita
2861 1606 3136 1664 Christus?
3178 1619 3232 1665 et
3266 1619 3444 1668 tamen

1869 1692 1922 1745 in
1965 1707 2123 1748 cruce
2159 1692 2420 1750 Christus.
2465 1695 2652 1752 Nonne
2690 1697 2800 1752 vita
2839 1696 3120 1754 Christus?
3168 1709 3222 1757 et
3263 1711 3444 1758 tamen

1869 1794 2106 1840 mortuus
2132 1785 2393 1842 Christus.
2433 1787 2538 1844 Sed
2566 1790 2622 1844 in
2648 1799 2818 1846 morte
2844 1791 3041 1847 Christi
3067 1809 3212 1849 mors
3235 1804 3446 1852 mortua

1869 1885 1979 1941 est;
2017 1877 2137 1946 quia
2165 1879 2268 1933 vita
2302 1889 2507 1935 mortua
2530 1881 2725 1937 occidit
2751 1891 2996 1948 mortem,
3024 1885 3296 1953 plenitudo
3321 1888 3446 1942 vitae

1869 1964 2142 2035 deglutivit
2166 1976 2390 2024 mortem
2416 1987 2429 2023 :
2458 1970 2705 2041 absorpta
2731 1981 2812 2028 est
2842 1989 2986 2029 mors
3015 1973 3067 2028 in
3093 1972 3290 2031 Christi
3320 1991 3446 2032 cor-

1869 2071 2019 2125 pore.
2042 2057 2130 2114 Sic
2153 2067 2201 2114 et
2223 2075 2321 2115 nos
2342 2060 2577 2117 dicemus
2599 2063 2650 2118 in
2673 2067 3080 2130 resurrectione,
3103 2069 3315 2138 quando
3334 2069 3445 2140 jam

1871 2149 2254 2218 triumphantes
2297 2155 2654 2221 cantabimus,
2689 2155 2786 2211 Ubi
2829 2167 2939 2224 est,
2984 2175 3148 2227 mors,
3197 2162 3448 2216 contentio

1871 2240 2002 2293 tua?
2024 2240 2109 2294 ubi
2133 2250 2224 2308 est,
2253 2259 2408 2311 ntors,
2452 2246 2656 2301 aculeus
2685 2256 2797 2302 tuus
2825 2246 2845 2321 (
2862 2248 2880 2302 l
2920 2247 3038 2303 Cor.
3068 2266 3155 2317 xv,
3178 2251 3273 2317 54,
3303 2250 3448 2323 55)?

1869 2325 2082 2384 Interim
2112 2333 2291 2400 modo,
2321 2333 2515 2391 fratres
2535 2376 2548 2400 ,
2577 2345 2635 2390 ut
2675 2353 2704 2391 a
2746 2347 2962 2408 peccato
2991 2355 3259 2409 sanemur,
3285 2342 3446 2398 Chri-

1870 2429 2010 2474 stum
2044 2422 2354 2478 cruciﬁxum
2394 2425 2725 2493 intueamur;
2771 2430 2891 2498 quia
2932 2431 3056 2484 sicut
3098 2430 3328 2502 Moyses,
3368 2435 3448 2489 in-

1870 2513 2002 2582 quit,
2050 2517 2286 2570 eaaltavit
2321 2528 2595 2587 serpentem
2630 2522 2682 2574 in
2704 2539 2887 2586 eremo,
2916 2525 2986 2577 ita
3014 2527 3228 2581 exaltari
3252 2537 3448 2598 oportet

1871 2601 2063 2656 Filium
2090 2605 2339 2672 hominis;
2376 2616 2431 2660 ut
2459 2609 2618 2664 omnis
2643 2609 2728 2680 qui
2766 2612 2920 2665 credit
2945 2613 2997 2666 in
3039 2630 3172 2682 eum,
3201 2633 3300 2670 non
3328 2634 3448 2687 per-

1870 2701 1968 2756 eat,
2014 2693 2102 2747 sed
2141 2695 2319 2748 habeat
2366 2696 2518 2750 vitam
2557 2706 2810 2752 azternam.
2850 2701 3125 2768 Quomodo
3151 2705 3241 2774 qui
3274 2705 3448 2761 intue-

1870 2782 2063 2837 bantur
2099 2784 2242 2838 illum
2279 2797 2600 2856 serpentem,
2634 2803 2737 2842 non
2767 2791 3010 2860 peribant
3033 2793 3297 2848 morsibus
3325 2809 3445 2850 ser-

1872 2881 2119 2940 pentum;
2147 2875 2225 2929 sic
2247 2876 2336 2946 qui
2358 2877 2625 2932 intuentur
2647 2878 2747 2933 ﬁde
2767 2891 2989 2936 mortem
3016 2882 3229 2950 Christi,
3253 2900 3448 2940 sanan-

1872 2970 1958 3016 tur
1999 2979 2028 3017 a
2079 2964 2342 3020 morsibus
2370 2977 2727 3035 peccatorum.
2777 2969 2882 3025 Sed
2931 2973 3004 3026 illi
3049 2975 3369 3030 sanabuntur
3415 2994 3445 3030 a

1871 3064 2042 3109 morte
2053 3056 2117 3110 ad
2132 3057 2289 3112 vitam
2304 3061 2646 3129 temporalem
2664 3080 2677 3116 :
2696 3061 2782 3118 hic
2796 3072 2968 3118 autem
2983 3066 3073 3126 ait,
3089 3075 3140 3118 ut
3153 3066 3362 3121 habeant
3374 3069 3447 3123 vi-

1871 3153 1974 3197 tam
1998 3155 2250 3201 (sternam.
2272 3149 2384 3204 Hoc
2405 3151 2544 3204 enim
2572 3152 2792 3208 interest
2816 3154 2953 3209 inter
2976 3154 3246 3222 ﬁguratam
3265 3159 3447 3230 imagi-

1870 3249 1993 3290 nem
2006 3245 2183 3292 etrem
2196 3239 2391 3308 ipsam:
2410 3239 2571 3310 ﬁgura
2590 3243 2873 3312 praestabat
2892 3245 3049 3298 vitam
3068 3249 3442 3317 temporalem;

1870 3340 1958 3380 res
1979 3327 2089 3396 ipsa
2115 3328 2264 3398 cujus
2291 3330 2378 3384 illa
2407 3331 2572 3401 ﬁgura
2592 3342 2725 3399 erat,
2751 3343 2965 3404 praestat
2992 3337 3146 3391 vitam
3167 3348 3441 3396 aeternam.

1945 3417 2033 3470 12.
2075 3417 2199 3472 Non
2227 3421 2359 3474 enim
2387 3423 2524 3477 misit
2547 3422 2685 3479 Deus
2712 3424 2907 3481 Filium
2930 3444 3074 3483 suum
3100 3430 3153 3484 in
3179 3433 3442 3500 mundum,

1871 3516 1926 3560 ut
1944 3509 2140 3578 judicet
2167 3512 2430 3581 mundum,
2461 3514 2548 3568 sed
2575 3525 2627 3568 ut
2666 3517 2884 3571 salvetur
2905 3518 3124 3572 mundus
3149 3538 3237 3590 per
3256 3523 3441 3592 ipsum.

1871 3596 2014 3669 Ergo
2047 3610 2297 3671 quantum
2333 3602 2385 3656 in
2415 3604 2620 3659 medico
2651 3614 2754 3673 est,
2781 3622 2970 3664 sanare
2996 3610 3139 3664 venit
3165 3621 3442 3682 aegrotum.

1869 3689 1989 3760 Ipse
2011 3705 2070 3746 se
2090 3694 2364 3761 interimit,
2396 3696 2483 3765 qui
2512 3707 2773 3768 przecepta
2807 3699 2999 3755 medici
3023 3701 3308 3759 observare
3338 3720 3442 3762 non

1869 3783 2001 3837 vult.
2037 3784 2192 3839 Venit
2225 3784 2464 3842 Salvator
2500 3789 2566 3843 ad
2593 3792 2844 3846 mundum
2875 3811 2888 3847 :
2917 3809 3081 3864 quare
3104 3795 3347 3852 Salvator
3365 3798 3446 3852 di-

1815 3887 1838 3904 \
1869 3881 1988 3932 ctus
2020 3884 2102 3930 est
2128 3878 2343 3944 mundi,
2375 3879 2477 3934 nisi
2508 3890 2563 3936 ut
2592 3883 2758 3939 salvet
2787 3887 3060 3951 mundum,
3093 3905 3196 3944 non
3225 3900 3280 3943 ut
3301 3891 3446 3959 judi-

1869 3973 1954 4019 cet
1979 3966 2272 4022 mundum?
2299 3968 2506 4025 Salvari
2532 3988 2636 4027 non
2663 3975 2740 4027 vis
2758 3976 2826 4029 ab
2847 3979 2990 4045 ipso;
3012 3995 3076 4033 ex
3104 3988 3155 4034 te
3171 3981 3447 4050 judicabe—

1869 4057 1964 4110 ris.
2003 4057 2071 4112 Et
2113 4059 2236 4128 quid
2270 4059 2462 4128 dicam,
2498 4063 2858 4132 judicaberis?
2889 4068 3016 4124 Vide
3045 4072 3168 4140 quid
3197 4074 3311 4126 ait:
3347 4075 3447 4140 Qui

1869 4147 2026 4202 credit
2063 4149 2116 4204 in
2161 4167 2312 4219 eum,
2353 4170 2451 4207 non
2487 4156 2780 4222 judicatur;
2802 4161 2888 4230 qui
2926 4172 3215 4216 autemnon
3245 4167 3446 4221 credit:

1870 4239 1994 4310 quid
2022 4239 2282 4297 dicturum
2322 4246 2534 4313 speras‘
2567 4247 2695 4313 nisi,
2733 4251 3032 4314 judicatnr?
3061 4253 3203 4322 jam,
3237 4254 3444 4325 inquit,

1859 4331 2124 4401 judicatus
2152 4344 2244 4388 est.
2272 4334 2512 4390 Nondqu
2540 4340 2778 4407 apparuit
2801 4339 3076 4409 judicium,
3110 4344 3204 4399 sed
3228 4345 3336 4414 jam
3367 4347 3447 4401 fa-

1870 4429 2012 4476 ctum
2033 4432 2116 4480 est
2134 4423 2406 4492 judicium.
2431 4427 2584 4482 Novit
2601 4429 2741 4482 enim
2758 4431 3017 4487 Dominus
3042 4433 3131 4503 qui
3151 4445 3270 4489 sunt
3297 4435 3444 4504 ejus:

1870 4516 2018 4570 novit
2044 4517 2129 4586 qui
2160 4528 2501 4587 permaneant
2524 4519 2590 4573 ad
2610 4536 2878 4585 coronam,
2901 4525 2988 4592 qui
3017 4539 3356 4594 permaneant
3380 4527 3448 4584 ad

1869 4607 2172 4673 ﬂammam;
2199 4612 2342 4665 novit
2381 4612 2432 4665 in
2473 4628 2595 4668 arca
2621 4629 2713 4668 sua
2747 4618 2994 4684 triticum,
3029 4620 3171 4673 novit
3204 4623 3444 4690 paleam;

1869 4701 2017 4755 novit
2058 4712 2326 4772 segetem,
2363 4705 2507 4758 novit
2535 4707 2750 4760 zizania.
2783 4708 2900 4762 Jam
2941 4709 3203 4778 judicatus
3232 4724 3312 4768 est
3357 4717 3444 4783 qui

1871 4808 1977 4846 non
2015 4794 2199 4849 credit.
2246 4795 2420 4863 Quare
2462 4797 2758 4865 judicatus?
2803 4801 2933 4866 Quia
2976 4819 3076 4857 non
3122 4807 3366 4861 credidit'
3395 4810 3449 4862 in

1870 4886 2068 4938 nomine
2093 4885 2336 4956 unigeniti
2363 4886 2488 4942 Filii
2512 4887 2625 4943 Dei.

1945 4974 2031 5028 15.
2073 4973 2189 5027 Hoc
2215 4985 2286 5028 est
2311 4986 2479 5031 autem
2489 4977 2756 5048 judicium,
2785 4982 2902 5050 quia
2937 4981 3025 5036 lux
3055 4995 3184 5038 venit
3219 4987 3273 5040 in
3301 5003 3450 5041 mun-

1872 5063 2012 5127 dum,
2039 5072 2088 5118 et
2114 5063 2395 5124 dilexerunt
2415 5067 2639 5122 homines
2659 5072 2817 5141 magis
2843 5072 3067 5129 tenebras
3086 5092 3234 5145 quam
3255 5079 3450 5133 lucem:

1873 5161 2012 5206 erant
2051 5155 2182 5206 enim
2221 5153 2354 5208 mala
2389 5173 2541 5228 opera
2570 5175 2759 5214 eorum.
2801 5161 3015 5218 Fratres
3055 5167 3192 5233 mei,
3224 5184 3450 5238 quorum

1872 5258 2034 5313 opera
2073 5244 2207 5299 bona
2250 5246 2450 5302 invenit
2485 5249 2778 5306 Dominus?
2812 5252 3087 5310 Nullorum
3141 5276 3155 5312 :
3211 5262 3447 5313 omnium

1873 5334 2012 5388 mala
2049 5350 2206 5404 opera
2243 5336 2460 5393 invenit.
2505 5339 2782 5407 Quomodo
2809 5361 2935 5416 ergo
2972 5348 3182 5416 quidam
3212 5347 3451 5404 fecerunt

1875 5429 2170 5494 veritatem,
2201 5439 2254 5485 et
2272 5442 2530 5488 venerunt
2555 5434 2622 5488 ad
2659 5437 2867 5493 lucem?
2893 5439 2960 5493 Et
2981 5439 3079 5493 hoc
3103 5440 3242 5494 enim
3265 5441 3446 5509 sequi-

1876 5526 1992 5573 tur:
2022 5518 2120 5586 Qui
2137 5530 2301 5574 autem
2321 5524 2443 5594 facit
2457 5525 2730 5593 veritatem,
2759 5529 2888 5581 venit
2913 5528 2979 5581 ad
2994 5530 3174 5595 lucem,
3202 5539 3255 5582 ut
3280 5531 3451 5582 mani-

1878 5611 2117 5680 frstentnr
2143 5627 2297 5682 opera
2325 5614 2452 5684 ejus,
2481 5617 2600 5686 quia
2625 5618 2678 5671 in
2706 5617 2814 5670 Deo
2838 5630 2954 5672 sunt
2990 5622 3143 5690 facta.
3171 5621 3449 5688 Quomodo

1942 5720 1962 5791 ξ
1988 5727 2090 5791 bss.
2113 5721 2392 5791 duodecim,
2405 5729 2566 5791 putas.
2584 5726 2668 5774 Alii
2692 5733 2815 5791 tres,
2831 5728 3072 5791 sperabas.

2265 5781 2521 5859 legebatur
2554 5789 2604 5837 in
2635 5781 3246 5859 antiquis'Corbeieusibus
3276 5794 3454 5859 Biblils,

1874 5840 2011 5901 juxta
2030 5856 2258 5901 tri-actum,
2281 5840 2596 5908 pcipistenken.
2624 5854 2674 5895 At
2698 5840 2824 5900 mine
2844 5853 2892 5901 in
2916 5840 3420 5919 νυιέάῐῖὧξεῖἆίῖξ
