3916 6386
155 411 276 480 ηπ

165 533 420 600 nugarum
443 524 630 592 boum.
662 521 758 583 sed
795 536 904 582 non
929 519 1147 582 omnino
1175 517 1334 578 tacuit
1357 517 1521 576 Deum
1557 533 1569 570 :
1603 515 1715 572 lor-

164 620 303 682 tassis
316 619 452 684 enim
480 615 772 678 invenimus
787 614 889 676 hoc
914 614 964 672 in
995 611 1251 675 hodierna
1279 610 1522 670 lectione.
1556 609 1714 668 Dixe-

161 721 232 770 rat
253 710 431 772 Filium
454 707 548 769 Dei
578 725 590 766 :
617 706 710 769 sed
737 705 864 768 dicti
890 714 1010 766 sunt
1031 713 1086 765 et
1101 702 1343 763 homines
1364 701 1457 761 lilii
1481 701 1592 759 Dei.
1623 699 1714 760 Di—

160 813 289 865 serat
314 809 467 862 tantae
519 799 848 861 excellentia!
881 797 1029 856 illum
1080 795 1282 860 fuisse,
1325 802 1383 852 ut
1426 808 1530 853 non
1575 802 1718 856 esset

156 896 257 965 ipse
280 894 463 963 dignus
476 892 756 967 corrigiam
780 889 1125 950 calcesmenti
1155 888 1269 956 ejus
1294 885 1502 946 solvere
1535 883 1711 956 (Joan.

155 1005 199 1055 ι,
230 991 274 1055 t,
301 986 384 1048 δι,
411 983 523 1056 27).
557 983 672 1045 iam
696 982 998 1052 ntsgnitudo
1025 981 1124 1042 ista
1150 981 1370 1038 multum
1394 979 1484 1036 dat
1524 978 1716 1036 intelliv

153 1079 214 1153 gi.
227 1078 367 1147 cujus
383 1091 486 1138 non
497 1085 612 1135 erat
627 1074 816 1144 dignus
828 1073 1104 1144 corrigiam
1123 1071 1464 1132 calceamenti
1485 1070 1711 1136 solvere,

153 1175 230 1234 ille
253 1188 351 1243 quo
389 1185 550 1232 nemo
594 1176 899 1229 surrexerat
935 1167 1103 1235 maior
1132 1166 1184 1220 in
1213 1165 1351 1226 natis
1393 1163 1692 1219 mulierum.

151 1268 260 1329 Plus
284 1267 420 1327 ettim
450 1272 568 1322 erat
614 1261 860 1321 omnibus
900 1259 1202 1316 hominibus
1227 1267 1281 1313 et
1302 1256 1536 1327 Angelis.
1584 1254 1714 1310 Nam

151 1357 368 1427 angelum
393 1354 694 1414 invenimus
717 1351 1070 1423 prohibuisse,
1094 1366 1161 1406 ne
1182 1350 1340 1404 homo
1359 1349 1430 1403 illi
1461 1347 1526 1402 ad
1553 1346 1715 1417 pedes

150 1451 358 1510 caderet.
391 1448 524 1504 Cum
567 1448 710 1502 enim
758 1446 1000 1517 qumdam
1031 1445 1084 1499 in
1125 1441 1442 1512 Apocalypsi
1482 1439 1714 1509 Angelus

150 1540 426 1602 ostenderet
450 1537 666 1603 Joanni,
697 1538 787 1608 qui
813 1536 1026 1607 scripsit
1050 1535 1152 1590 hoc
1179 1532 1540 1600 Evangelium,
1589 1545 1718 1585 cons

151 1635 339 1693 territus
361 1631 728 1702 magnitudine
749 1629 968 1690 visionls
986 1628 1218 1684 Joannes
1241 1625 1430 1681 cecidit
1457 1625 1523 1679 ad
1554 1623 1715 1694 pedes

152 1725 333 1795 Augsli.
369 1723 438 1782 Et
469 1723 561 1780 ille
585 1741 600 1779 :
626 1722 794 1793 Surge
813 1764 828 1789 ,
859 1721 973 1776 uide
999 1737 1062 1775 ne
1079 1719 1253 1791 feceris
1282 1718 1410 1781 hac;
1448 1716 1605 1770 Deum
1622 1715 1714 1768 ad-

151 1820 392 1875 omium
433 1832 525 1886 ego
552 1830 824 1872 conservus
849 1823 964 1870 tuus
1007 1829 1118 1870 sunt
1162 1820 1208 1865 et
1253 1815 1469 1882 fratrum
1515 1818 1716 1863 tuorum

153 1907 311 1976 (Apoc.
337 1923 467 1973 nu.
507 1905 565 1972 8.
593 1905 675 1976 9).
720 1904 924 1964 Cadere
965 1919 1094 1974 ergo
1121 1903 1221 1958 sibi
1245 1902 1310 1957 ad
1343 1901 1502 1971 pedes
1544 1899 1716 1954 homic

151 2015 254 2058 nem
291 1997 500 2068 angelus
551 1997 842 2068 prohibuit.
888 1996 1073 2056 Nonne
1119 1994 1455 2052 manifestum
1483 2001 1566 2048 est
1591 1993 1714 2063 quia

156 2105 294 2160 super
326 2104 506 2148 omnes
547 2089 786 2159 Angelos
809 2097 908 2152 est,
941 2088 1025 2142 cui
1057 2087 1175 2145 talis
1201 2085 1380 2150 homo,
1413 2099 1518 2154 quo
1545 2082 1716 2152 major

155 2196 292 2240 nemo
314 2182 533 2238 surrexit
565 2181 621 2235 in
651 2180 787 2234 natis
830 2179 1132 2243 mulierum,
1179 2177 1307 2232 dicit
1335 2175 1605 2246 indignum
1655 2189 1715 2235 se

153 2286 254 2332 esse
274 2272 466 2332 solvore-
491 2269 782 2338 corrigiam
811 2267 1193 2322 onloeamenti?

211 2365 256 2423 ὅ.
283 2362 469 2422 Tamen
507 2360 714 2432 aliquid
752 2359 1052 2416 evidentius
1100 2361 1243 2414 dicat
1283 2359 1536 2424 Joannes,
1591 2359 1712 2429 quia

155 2452 274 2514 Deus
298 2462 374 2512 est
403 2453 664 2511 Dominus
683 2461 865 2516 noster
887 2451 1043 2506 Jesus
1067 2450 1330 2512 Christus.
1377 2449 1712 2504 Inveniemus

157 2542 240 2598 hoc
285 2545 330 2598 in
375 2544 627 2614 ιιι-ερεξηιὶ
664 2545 926 2612 lectione,
953 2546 1074 2614 quis
1104 2542 1240 2596 forte
1282 2551 1336 2596 et
1369 2541 1435 2596 de
1470 2542 1558 2595 illo
1585 2557 1712 2595 can-

155 2634 384 2702 lavimus.
414 2635 668 2704 Regnavit
713 2633 849 2692 Deus
897 2651 1046 2704 super
1090 2650 1282 2692 onmem
1329 2642 1512 2686 terram
1544 2649 1714 2687 :con-

155 2732 217 2784 Ira
239 2726 362 2795 quod
382 2726 522 2784 surdi
554 2734 707 2793 sunt,
738 2726 828 2795 qui
853 2734 1040 2796 putant
1062 2741 1181 2779 eum
1214 2726 1264 2779 in
1295 2724 1468 2785 Africa
1492 2726 1603 2780 sola
1629 2740 1711 2779 re-

154 2830 305 2887 gnare.
331 2817 439 2878 Non
458 2819 609 2874 enim
633 2833 737 2875 non
761 2817 960 2876 dictum
987 2827 1067 2873 est
1095 2818 1163 2872 de
1195 2817 1430 2880 Christo,
1463 2833 1581 2873 cum
1625 2818 1710 2873 dl-

156 2916 270 2970 ctum
297 2918 389 2973 est.
413 2910 670 2981 Regnavit
699 2907 836 2965 Deus
859 2925 1010 2980 super
1035 2925 1231 2970 onmem
1255 2918 1456 2962 terram.
1482 2910 1610 2977 Quis
1632 2919 1714 2964 est

155 2999 270 3060 enim
287 3000 414 3060 alius
432 3017 525 3062 rex
554 3010 764 3064 noster.
789 2999 889 3058 nisi
909 2999 1162 3056 Dominus
1186 3008 1370 3055 noster
1388 3000 1541 3056 Jesus
1556 3000 1711 3055 Chri-

155 3094 276 3153 stus?
296 3093 405 3164 ipse
421 3103 502 3154 est
518 3108 619 3152 rex
643 3102 841 3152 uoster.
868 3092 934 3150 Et
952 3094 1078 3162 quid
1103 3094 1327 3148 audistis
1356 3094 1406 3148 in
1436 3094 1550 3163 ipso
1566 3094 1713 3156 Psal.

155 3195 243 3250 ΠΜ).
270 3185 454 3245 voeanti
477 3200 644 3247 versu
684 3183 845 3245 modo
871 3183 1115 3242 cantato?
1145 3182 1362 3239 Psallite
1387 3183 1494 3239 Deo
1520 3194 1705 3251 nostra,

157 3275 358 3342 psallite:
377 3277 582 3352 psallite
606 3277 710 3347 regi
727 3284 918 3339 nostra,
941 3275 1158 3345 psallite.
1187 3275 1354 3342 Quem
1373 3276 1503 3331 dixit
1523 3276 1706 3340 Deum,

158 3365 299 3434 ipsum
325 3367 449 3427 dixit
477 3384 664 3438 regem
691 3377 927 3427 nostrum
955 3385 967 3423 :
994 3365 1206 3422 Psallile
1233 3365 1338 3421 Deo
1361 3377 1549 3432 nostra,
1575 3368 1711 3438 psal~

158 3457 255 3511 lite:
276 3461 464 3528 psallite
489 3460 604 3531 regi
627 3468 817 3523 nostro,
842 3459 1042 3530 psallite
1064 3459 1417 3530 intelligantur.
1438 3458 1512 3514 Ne
1533 3460 1585 3513 in
1607 3476 1709 3515 una

158 3556 279 3614 parte
300 3551 420 3610 telis
447 3550 750 3620 intelligere
775 3549 860 3608 cui
905 3549 1114 3618 psallis:
1149 3549 1400 3614 Quoniam
1432 3565 1522 3604 rem
1550 3552 1712 3604 omnis

157 3646 274 3696 terrm
295 3640 426 3700 Deus
445 3641 622 3713 (Psal.
646 3657 788 3706 XLVI.
809 3641 861 3702 5.
889 3641 941 3707 7,
969 3639 1047 3713 8).
1083 3642 1147 3695 Et
1163 3641 1427 3711 quomodo
1443 3652 1526 3696 est
1540 3642 1713 3698 omnis

158 3738 286 3792 terra:
309 3749 414 3800 res.
445 3735 533 3806 qui
574 3734 717 3792 visus
747 3733 903 3792 estin
931 3748 1031 3788 una
1057 3743 1204 3803 parte
1232 3741 1514 3799 terrarum,
1538 3735 1590 3789 in
1619 3735 1710 3789 Je.

155 3823 406 3893 rosolyma,
431 3825 481 3884 in
511 3824 722 3890 Judma,
753 3822 1032 3885 ambulans
1073 3824 1210 3885 inter
1238 3824 1501 3892 homines,
1533 3834 1708 3892 natus,

158 3926 340 3982 sugens,
377 3931 650 3982 crescens,
693 3916 1041 3983 manducetis,
1073 3916 1279 3983 bibens,
1313 3918 1552 3987 vigilans,
1583 3919 1711 3973 dor.

157 4005 318 4071 iniens.
361 4008 610 4080 fatigatus
647 4008 712 4067 ad
764 4018 978 4078 puteum
1021 4008 1237 4072 sedens,
1271 4009 1706 4078 comprehensus,

157 4092 432 4164 negotiatus,
461 4099 638 4170 epulis
668 4099 852 4160 illitus.
887 4100 1055 4169 spinis
1075 4109 1380 4164 coronatus,
1416 4100 1559 4170 ligno
1585 4116 1708 4156 sus-

157 4202 341 4257 pensus,
384 4193 570 4254 lanata
615 4205 914 4261 percussus,
961 4201 1220 4258 mortuus,
1268 4193 1538 4262 sepultus?
1580 4208 1715 4263 quo-

159 4281 293 4342 modo
314 4298 434 4354 ergo
457 4301 557 4344 rex
587 4285 762 4343 omnis
791 4285 980 4342 terra)?
1004 4285 1154 4351 Quod
1184 4285 1458 4340 videbatur
1483 4285 1533 4339 in
1571 4286 1709 4353 loco,

160 4383 261 4428 caro
300 4375 641 4436 eratzoculis
685 4375 895 4435 carneis
938 4389 1063 4430 caro
1101 4377 1418 4445 apparebat;
1454 4377 1505 4432 in
1553 4392 1715 4432 carne

161 4464 335 4524 mortali
371 4467 624 4536 molestas
665 4467 980 4525 immortalis
1020 4469 1397 4523 occultabatur.
1430 4469 1497 4528 Et
1524 4470 1714 4540 quibus

161 4554 300 4610 oculis
333 4559 582 4627 maiestas
618 4558 934 4622 immortalis
962 4567 1234 4628 penetrata
1261 4576 1514 4631 compage
1537 4564 1714 4618 carnis

161 4645 326 4709 poterit
348 4647 536 4709 intueri
556 4649 579 4704 7
599 4649 694 4710 Est
717 4649 852 4708 alius
874 4651 1082 4718 oculus,
1127 4659 1210 4706 est
1251 4651 1471 4706 interior
1507 4653 1710 4707 oculus.

163 4730 258 4796 Noti
283 4739 410 4802 enim
441 4743 620 4803 nullos
646 4742 828 4801 oculos
877 4742 1104 4803 habebat
1145 4754 1198 4798 et
1242 4745 1455 4813 Tobias,
1502 4748 1715 4818 quando

164 4838 310 4890 caecus
348 4835 512 4896 oculis
567 4835 840 4906 corporeis
895 4835 1002 4890 ﬁlio
1057 4835 1215 4891 dabat
1275 4848 1535 4907 praecepta
1595 4841 1715 4896 vitta

169 4915 292 4984 (Τοισ
321 4924 409 4996 ls).
433 4925 531 4984 ille
577 4925 710 4996 patri
743 4941 960 4983 manum
1005 4927 1235 4994 tenebat,
1268 4937 1322 4982 ut
1355 4928 1576 4998 pedibus
1605 4947 1716 4986 am.

169 5007 372 5076 bulsret:
397 5017 482 5076 Illo
513 5017 623 5076 tilio
646 5019 924 5076 consilium
942 5019 1120 5086 dabat,
1153 5030 1206 5074 ut
1238 5020 1372 5075 viam
1399 5021 1616 5092 iustitia:
1638 5031 1717 5078 te.

172 5115 311 5162 ηαηι.
341 5108 403 5168 Et
443 5113 541 5168 bac
585 5111 768 5167 oculos
795 5112 969 5178 video,
997 5121 1052 5166 et
1079 5113 1175 5167 hac
1220 5113 1403 5168 oculos
1455 5114 1712 5184 intelligo.

173 5189 230 5252 Et
249 5198 480 5264 meliores
501 5205 644 5259 ocnii
685 5204 860 5262 dantis
884 5205 1003 5260 vita:
1029 5205 1329 5270 consilium,
1377 5221 1534 5276 quam
1573 5207 1714 5262 oculi

177 5291 372 5348 tenentis
414 5309 646 5351 manum.
691 5295 844 5353 Tales
890 5297 1075 5351 oculos
1121 5299 1394 5367 qumrehat
1436 5309 1489 5352 et
1533 5298 1708 5366 Jesus,

179 5380 355 5444 quando
379 5385 448 5442 sit
479 5386 741 5457 Philippo,
774 5387 938 5441 Tanto
974 5396 1196 5459 tempore
1220 5389 1470 5444 nobiseum
1504 5407 1636 5454 sum,
1671 5399 1715 5444 et

182 5479 263 5524 non
285 5477 563 5542 toguovistis
591 5479 703 5532 me?
729 5477 883 5534 Tales
922 5480 1104 5542 oculos
1148 5481 1443 5550 quaerebat,
1470 5495 1589 5534 eum
1621 5481 1712 5544 ait,

185 5552 406 5645 Philippe,
435 5568 518 5634 qui
541 5569 668 5627 uidet
696 5585 791 5634 nte,
815 5569 943 5626 videt
969 5581 1014 5625 et
1042 5570 1246 5632 Patrem
1273 5569 1453 5645 (Joau.
1489 5588 1605 5638 Itv,
1637 5572 1713 5642 9).

187 5641 259 5700 iul
281 5653 404 5716 (κἱαὶ
427 5655 479 5717 in
507 5657 846 5728 intelligenda
866 5669 1012 5726 sunt,
1038 5661 1122 5718 isti
1149 5641 1355 5718 ocuiiin
1374 5671 1552 5718 mente
1571 5641 1713 5719 sunt.

185 5732 285 5794 ideo
315 5753 423 5804 cum
451 5745 672 5810 dixisset
701 5749 960 5816 Paulinus,
991 5751 1241 5815 Quoniam
1268 5769 1357 5808 rex
1381 5755 1542 5809 omnis
1571 5763 1717 5812 terra

228 5849 243 5880 ι
261 5849 460 5918 ﬁerique
479 5865 614 5923 esse,
639 5858 778 5911 illum
801 5861 968 5924 adora,
990 5862 1080 5914 hoc
1095 5870 1165 5916 est
1193 5873 1358 5917 Deum.

1295 399 1702 461 TRACTAJ‘US
1744 398 1879 458 Xlll.
1922 399 2145 458 CAPUT
2185 400 2275 460 III.

3267 409 3288 462 t
3303 405 3406 464 494

1826 513 1960 574 Deus
1977 531 1995 579 ;
2015 515 2240 585 subiecit
2258 517 2456 581 statim.
2490 516 2702 576 Petilliis
2725 518 3068 590 itualligsuter.
3088 519 3238 586 Quod
3265 524 3409 577 enim

1822 605 1961 670 dico,
1997 603 2213 664 Psallite
2235 604 2346 666 Deo
2373 615 2560 673 nostra,
2587 607 2813 677 psallite;
2856 610 3019 665 Deum
3063 609 3183 666 dico
3226 625 3407 680 regem

1821 706 2082 758 nostrum.
2115 697 2223 756 Sed
2259 713 2438 769 regem
2482 709 2719 758 nostrum
2749 701 2888 756 inter
2917 700 3159 758 homines
3202 701 3409 760 vidistis

1820 796 2076 858 tanquam
2107 788 2397 856 hominem,
2421 790 2624 847 vidistis
2651 806 2882 861 passum,
2907 792 3239 858 cruciﬁxum,
3262 807 3409 850 mor-
3441 827 3446 834 ι

1822 886 2005 938 tuum:
2035 880 2232 940 latebat
2250 881 2448 950 aliquid
2477 881 2528 940 in
2553 881 2637 939 illa
2658 897 2818 940 carne
2839 897 2993 951 quam
3015 883 3181 938 oeulis
3203 882 3410 938 carneis

1823 968 2003 1030 videre
2030 971 2274 1040 potuistis
2295 972 2333 1028 ³.
2366 971 2500 1038 Quid
2535 971 2604 1030 ibi
2635 971 2861 1030 latebat?
2888 971 3100 1028 Psallite
3127 973 3410 1042 intelligen-

1822 1069 1931 1126 ter;
1961 1062 2125 1122 nolito
2157 1063 2328 1124 oculis
2367 1079 2606 1133 quatrere
2653 1065 2793 1134 quod
2840 1075 3016 1121 tuente
3059 1067 3404 1136 conspicitur.

1822 1150 2037 1215 Psaltitt
2064 1152 2262 1222 lingua.
2294 1154 2416 1223 quia
2447 1154 2585 1215 inter
2614 1169 2707 1210 vos
2735 1170 2889 1221 caro;
2921 1155 3014 1213 sed
3039 1157 3159 1226 quia
3197 1143 3440 1212 Verbum~

1820 1260 1939 1306 cara
1966 1245 2154 1314 factum
2182 1254 2274 1312 est,
2322 1253 2369 1304 et
2412 1246 2652 1304 habitavit
2687 1248 2741 1301 in
2772 1249 2934 1311 nobis,
2968 1248 3177 1306 reddite
3218 1263 3411 1305 sonum

1821 1336 1989 1402 carni,
2017 1335 2221 1394 reddite
2246 1336 2356 1392 Deo
2379 1339 2571 1394 mentis
2591 1338 2854 1398 obtutum.
2879 1337 3093 1398 Psalllte
3115 1340 3409 1410 intelligen—

1821 1437 1912 1498 ter,
1945 1435 1998 1490 et
2023 1427 2215 1488 videtis
2235 1428 2356 1497 quia
2394 1427 2610 1484 Verbum
2630 1445 2748 1488 caro
2767 1433 2956 1501 factum
2977 1438 3068 1495 est,
3098 1437 3142 1484 et
3171 1429 3411 1488 habitarit

1819 1522 1872 1577 in
1899 1521 2061 1581 nobis.
3413 1535 3418 1539 '

1890 1612 1943 1666 4.
1988 1612 2135 1670 Dicat
2182 1621 2236 1674 et
2283 1612 2514 1672 Joannes
2563 1611 3105 1675 testimoniumzPost
3135 1613 3242 1670 ltth
3275 1612 3410 1670 venit

1818 1702 1967 1764 Jesus
1987 1718 2032 1758 et
2062 1704 2298 1774 discipuli
2325 1706 2434 1774 ejus
2454 1706 2506 1758 in
2533 1703 2767 1764 Judwam
2789 1713 2997 1770 terram,
3028 1714 3072 1760 et
3099 1704 3202 1763 illic
3229 1703 3406 1760 demo-

1820 1793 2027 1853 rabatur
2069 1812 2184 1855 cum
2214 1795 2306 1862 eis,
2337 1805 2382 1854 et
2413 1795 2718 1865 baptizabat.
2748 1795 3053 1864 Baptizatus
3083 1796 3403 1865 baptizabat.

1819 1885 1934 1946 Non
1959 1902 2024 1950 eo
2049 1888 2312 1957 baptismo
2351 1887 2652 1958 baptizabat
2698 1902 2804 1958 quo
2843 1888 3140 1958 baptizatus
3177 1897 3277 1946 est.
3309 1889 3410 1945 Dat

1739 1993 1754 2006 ’
1820 1978 2139 2048 baptismum
2195 1981 2450 2044 Dominus
2494 1981 2790 2049 baptizatus
2831 1995 2860 2034 a
2905 1995 3078 2045 seruo,
3113 1978 3408 2038 ostendens

1821 2069 2130 2130 humilitatis
2154 2072 2311 2136 viam.
2335 2081 2390 2130 et
2420 2072 2714 2142 perducens
2735 2071 2800 2130 ad
2823 2072 3143 2141 baptismum
3171 2070 3404 2138 Domini.

1821 2159 1921 2219 hoc
1945 2170 2026 2224 ost
2052 2162 2372 2231 baptismum
2394 2177 2570 2230 suum,
2595 2163 2880 2232 praebendo
2896 2162 3205 2226 humilitatis
3225 2177 3410 2220 exemv

1822 2253 1984 2324 plum,
2013 2253 2133 2322 quia
2165 2253 2275 2322 ipse
2317 2269 2426 2312 non
2472 2254 2678 2323 respuit
2724 2254 3044 2323 baptismum
3076 2254 3236 2314 servi.
3265 2255 3333 2314 Et
3357 2256 3412 2312 iu

1817 2345 2083 2414 baptismo
2106 2346 2242 2402 servi
2270 2347 2352 2408 via
2383 2347 2779 2416 praeparabatur
2805 2346 3052 2413 Domino,
3081 2353 3136 2406 et
3172 2345 3410 2416 baptisuv

1819 2445 1901 2498 tus
1927 2438 2184 2496 Dominus
2214 2439 2352 2498 viam
2382 2453 2440 2496 se
2466 2437 2592 2498 fecit
2614 2440 2949 2503 venientibus
2965 2441 3008 2496 ³.
3029 2438 3206 2510 ipsum
3223 2440 3412 2498 audisv

1817 2545 1934 2588 mus
1956 2548 1967 2589 :
1997 2528 2109 2600 Ego
2134 2546 2246 2586 sum
2273 2530 2372 2597 via,
2396 2531 2575 2588 ueritas
2595 2540 2641 2590 et
2668 2531 2767 2586 vita
2793 2530 2968 2600 (Joan.
2990 2547 3102 2600 ιη,
3131 2531 3206 2602 6).
3236 2530 3294 2590 Si
3319 2545 3414 2588 vso

1819 2621 2031 2684 ritatom
2061 2623 2275 2691 umeris,
2320 2623 2457 2680 viam
2490 2631 2640 2678 tene:
2672 2637 2791 2678 nam
2821 2622 2933 2691 ipsa
2958 2632 3041 2679 est
3070 2623 3152 2680 via
3181 2639 3299 2694 qua:
3327 2631 3414 2682 est

1819 2713 2034 2774 veritas.
2062 2712 2176 2782 Ipsa
2199 2721 2279 2772 est
2309 2729 2412 2782 quo
2444 2714 2507 2779 is,
2539 2713 2649 2782 ipsa
2678 2723 2757 2772 est
2778 2729 2879 2783 qua
2911 2714 2984 2780 is;
3013 2730 3118 2771 non
3145 2729 3241 2785 per
3267 2716 3413 2776 aliud

1819 2805 1862 2860 is
1905 2804 1970 2864 ad
2015 2803 2180 2870 aliud,
2211 2818 2317 2860 non
2354 2820 2445 2873 per
2485 2803 2626 2860 aliud
2673 2804 2822 2862 venis
2868 2803 2933 2860 ad
2983 2803 3284 2862 Christum:
3315 2819 3413 2874 per

1817 2892 2085 2952 Christum
2117 2894 2182 2950 ad
2203 2894 2474 2954 Christum
2507 2895 2675 2950 venis.
2712 2894 2992 2961 Quomodo
3017 2911 3113 2966 per
3131 2895 3406 2956 Christum

1819 2985 1884 3038 ad
1910 2983 2216 3048 Christum?
2247 2985 2348 3045 Per
2397 2985 2669 3044 Christum
2721 2986 2994 3042 hominem
3023 2986 3089 3046 ad
3133 2986 3411 3051 Christum

1817 3074 2022 3130 Deum:
2053 3091 2147 3144 per
2163 3075 2394 3136 Verbum
2426 3091 2639 3136 carnem
2670 3073 2893 3142 factum,
2923 3076 2989 3131 ad
3021 3074 3250 3135 Verbum
3268 3076 3412 3147 quod

1820 3165 1872 3228 in
1905 3165 2165 3234 principio
2185 3173 2301 3220 erat
2332 3165 2472 3220 Deus
2498 3166 2639 3235 apud
2671 3166 2868 3231 Deum;
2900 3165 2969 3225 ab
2993 3180 3060 3222 eo
3087 3166 3228 3237 quod
3256 3182 3411 3226 man-

1817 3257 2031 3311 ducavit
2062 3261 2240 3322 homo,
2277 3257 2344 3310 ad
2375 3257 2503 3310 illud
2533 3255 2674 3326 quod
2707 3256 2944 3328 quotidie
2966 3257 3413 3317 manducantAn-

1817 3349 1937 3419 geli.
1965 3349 2053 3407 Sic
2082 3349 2221 3408 enim
2251 3347 2508 3417 scriptum
2540 3355 2642 3413 est,
2674 3345 2870 3406 Panem
2895 3348 3006 3405 creti
3034 3347 3171 3403 dedit
3191 3348 3259 3402 eis
3279 3363 3298 3402 :
3317 3365 3412 3420 pa-

1818 3457 1930 3501 rtem
1946 3439 2249 3508 Angelorum
2262 3438 2579 3496 utanducam't
2595 3441 2743 3497 homo
2758 3438 3223 3510 (Psal.t.xxvu,24
3236 3450 3280 3493 et
3291 3439 3382 3511 25)
3393 3479 3408 3494 .

1818 3531 1946 3603 Quis
1974 3537 2057 3584 est
2084 3530 2234 3602 panis
2275 3530 2638 3600 Angelorum?
2668 3529 2734 3586 In
2755 3531 3006 3601 principio
3033 3541 3138 3586 erat
3176 3531 3408 3600 Verbum,

1818 3636 1865 3680 et
1898 3624 2116 3682 Verbum
2141 3632 2250 3680 erat
2270 3625 2408 3690 apud
2435 3623 2620 3691 Deum,
2646 3632 2691 3677 et
2717 3623 2855 3685 Deus
2877 3632 2982 3684 erat
3007 3621 3245 3682 Verbum.
3268 3623 3412 3689 Quo-

1820 3717 1980 3778 modo
2009 3731 2200 3786 panem
2225 3716 2546 3786 Angelorum
2591 3715 2929 3774 manducavit
2952 3715 3147 3776 homo?
3177 3715 3244 3770 Et
3285 3715 3412 3772 Ver-

1819 3809 1935 3866 bum
1951 3826 2069 3864 caro
2087 3814 2276 3881 factum
2294 3819 2386 3875 est,
2409 3818 2454 3861 et
2472 3807 2713 3868 habitavit
2731 3809 2783 3864 in
2809 3808 2950 3868 nobis
2975 3807 3153 3880 (Joan.
3171 3825 3212 3874 t,
3229 3809 3251 3862 t
3267 3850 3281 3875 ,
3297 3809 3410 3880 14),

1891 3902 1942 3956 5.
1976 3899 2085 3960 Sed
2111 3900 2231 3968 quia
2263 3898 2490 3958 diximus
2516 3897 2838 3962 manducare
2877 3899 3144 3968 Angelos,
3177 3896 3406 3966 fratres,

1818 4005 1888 4046 ne
1914 3992 2110 4060 putetis
2143 3989 2409 4046 morsibus
2453 3989 2585 4047 ﬁeri.
2614 3989 2749 4050 Nam
2785 3990 2832 4046 si
2872 3989 2976 4052 hoc
3002 3990 3369 4052 intellexeritis
3389 4031 3410 4059 ,

1819 4081 1971 4151 quasi
1997 4081 2284 4138 dilaniatur
2310 4081 2452 4142 Deus
2492 4095 2649 4150 quem
2696 4080 3018 4140 manducant
3043 4081 3251 4151 Angeli.
3281 4080 3413 4148 Quis

1820 4174 2038 4235 dilaniat
2060 4172 2364 4242 justitiam?
2395 4170 2499 4226 Sed
2529 4186 2740 4231 rursum
2773 4168 2899 4230 Inibi
2927 4169 3116 4239 aliqu“,
3144 4168 3272 4232 dicit
3299 4187 3313 4224 ε
3344 4171 3414 4226 Et

1820 4265 1938 4335 quis
1957 4272 2038 4322 est
2064 4263 2152 4334 qui
2176 4261 2459 4320 ntanducat
2473 4260 2731 4330 justitiam
2753 4260 2777 4314 ‘l
2804 4259 2954 4324 Unde
2974 4274 3122 4331 ergo,
3150 4258 3298 4322 Beati
3323 4261 3413 4332 qui

1822 4354 2046 4412 esuriant
2072 4363 2118 4408 et
2145 4353 2319 4408 sitiunt
2333 4353 2587 4425 justitiam
2610 4392 2623 4414 ,
2652 4351 2890 4422 quoniam
2918 4351 3016 4423 ipsi
3048 4351 3413 4426 saturabuntur

1823 4443 2034 4515 (Matth.
2069 4459 2119 4510 ν,
2149 4444 2202 4516 6)
2227 4442 2249 4495 ?
2274 4441 2436 4502 Cibus
2465 4457 2620 4511 quem
2650 4441 2938 4502 manducas
2963 4455 3059 4511 per
3087 4455 3324 4506 carnem,
3355 4449 3414 4504 ut

1823 4537 2078 4598 reﬁciaris
2111 4544 2193 4602 tu,
2227 4535 2316 4596 ille
2351 4534 2560 4600 deticit;
2593 4543 2645 4588 ut
2677 4542 2889 4603 reparet
2914 4543 2999 4601 te,
3031 4534 3362 4594 consumitur
3391 4550 3410 4596 ε

1822 4627 2080 4684 manduca
2107 4627 2382 4696 justitiam,
2417 4634 2471 4682 et
2498 4635 2553 4682 tu
2577 4626 2834 4691 reticeris,
2862 4635 2916 4688 et
2939 4625 3028 4680 illa
3056 4625 3256 4696 integra
3287 4639 3414 4696 per-

1822 4725 2048 4774 severat.
2100 4716 2378 4785 Quomodo
2422 4714 2647 4772 ridendo
2689 4716 2844 4770 istam
2891 4716 3060 4776 lucem
3100 4729 3413 4786 corpoream

1822 4809 2132 4868 reﬁciuntur
2159 4808 2246 4864 isti
2283 4807 2419 4868 oculi
2452 4807 2650 4874 nostri,
2682 4814 2736 4862 et
2777 4821 2864 4871 res
2893 4813 2976 4869 cst
3000 4821 3254 4876 corporea
3292 4821 3415 4877 quae

1823 4900 2030 4954 videtur
2053 4900 2223 4960 oculis
2247 4899 2538 4973 corporeis.
2568 4897 2714 4956 Multi
2741 4897 2882 4952 enim
2917 4912 3036 4958 cum
3066 4896 3265 4958 fuerint
3289 4895 3414 4960 diu-

1823 4992 1927 5044 tius
1956 4991 2005 5050 in
2036 4989 2287 5056 tenebris,
2317 4988 2614 5046 inﬁrmatur
2637 4988 2780 5044 acies
2807 4987 3070 5058 ipsorum.
3100 4989 3249 5058 quasi
3269 4988 3414 5060 jejue

1824 5083 1911 5136 nio
1940 5081 2089 5138 lucis.
2140 5079 2389 5140 Fraudati
2429 5079 2566 5136 oculi
2605 5079 2724 5136 cibo
2766 5094 2863 5134 suo
2901 5080 3044 5147 (luce
3090 5081 3282 5152 quippe
3317 5096 3415 5152 pa-

1824 5171 2074 5245 scuntur)
2097 5216 2109 5237 ,
2141 5172 2492 5242 tleiatiganlur
2521 5170 2725 5242 jejunio
2751 5181 2804 5228 et
2831 5170 3174 5236 debilitantur
3196 5213 3212 5240 ,
3245 5173 3315 5238 ita
3357 5181 3417 5238 ut

1825 5265 1991 5334 ipsam
2019 5265 2192 5319 lucem
2229 5279 2328 5336 qua
2357 5261 2684 5330 reﬁciuntur,
2717 5262 2898 5324 videre
2927 5278 3033 5322 non
3061 5265 3264 5335 possint
3297 5282 3309 5318 :
3354 5273 3411 5328 et

1823 5357 1866 5409 si
1898 5355 2096 5418 diutius
2117 5353 2364 5418 abfuerit,
2396 5354 2822 5428 exstinguuntur,
2863 5363 2915 5409 et
2959 5363 3205 5428 tanquam
3243 5353 3413 5414 mori...

1826 5457 1910 5508 tur
1936 5447 1988 5510 in
2017 5446 2093 5502 eis
2122 5446 2234 5516 ipsa
2262 5446 2402 5504 acies
2429 5445 2579 5508 lucis.
2605 5446 2740 5514 Quid
2780 5445 2951 5516 ergo?
2991 5446 3111 5520 quia
3157 5453 3233 5500 tot
3271 5443 3413 5508 oculi

1826 5540 2060 5610 quotidie
2092 5541 2188 5602 ista
2234 5540 2355 5594 luce
2394 5548 2683 5614 pascuntur
2707 5579 2719 5603 ,
2754 5539 2928 5598 minor
2958 5537 3052 5590 tit?
3080 5535 3150 5598 Et
3176 5535 3250 5598 illi
3289 5534 3416 5600 reti...

1827 5634 2055 5698 ciuntur,
2089 5642 2141 5688 et
2172 5633 2283 5705 ipsa
2310 5634 2510 5702 integra
2545 5640 2834 5701 permanet.
2867 5629 2922 5683 Si
2947 5628 3046 5692 hoc
3068 5627 3240 5702 potuit
3270 5627 3414 5694 Deus

1892 5746 1907 5776 ι
1934 5744 2007 5792 Sic
2024 5750 2128 5793 Mss.
2150 5750 2203 5792 At.
2219 5744 2352 5798 editi,
2373 5741 2498 5804 quod
2516 5740 2666 5804 oculis
2687 5736 2873 5804 carneis
2888 5737 3051 5804 uidere
3064 5750 3156 5794 um
3177 5737 3414 5804 notariis.

1890 5805 1910 5836 ²
1932 5811 2038 5856 Mss.
2066 5811 2268 5869 quatuor
2286 5841 2300 5864 ,
2336 5798 2462 5869 vium
2499 5801 2608 5869 [erit
2631 5802 2695 5851 ad
2731 5815 2780 5850 se
2807 5798 3110 5851 uenientibus.
3153 5798 3274 5852 Tres
3311 5798 3414 5860 alii,

1834 5867 1955 5917 riam
1977 5882 2025 5918 se
2047 5861 2157 5930 fecit
2179 5867 2243 5916 ad
2265 5861 2315 5916 se
2337 5861 2638 5915 patientibus.
