3916 6370
462 396 599 454 H95

464 510 534 565 de
551 508 668 564 luce
683 521 937 578 corporea
955 505 1225 577 corporeis
1250 505 1416 560 oculis
1440 505 1732 571 exhibere;
1760 521 1865 558 non
1889 502 2044 559 exhi-

463 602 555 658 bet
581 599 793 658 mundis
813 598 1061 654 cordibus
1087 599 1257 653 lucem
1296 597 1438 652 illam
1485 597 1882 669 infatigabilem.
1909 597 2046 651 inte-

462 709 610 763 gram
627 699 1076 763 perseverantem,
1096 689 1236 744 nulla
1248 704 1311 744 ex
1332 698 1478 759 parte
1497 689 1858 745 deiicientem?
1873 687 2042 756 Quam

460 783 675 839 lucem?
696 782 761 836 In
791 782 1036 853 principio
1065 789 1173 835 erat
1211 778 1441 846 Verbum,
1461 789 1506 834 et
1537 779 1750 834 Verbum
1771 788 1876 833 erat
1901 778 2041 848 apud

460 872 646 928 Deum.
679 873 961 929 Videamus
990 873 1037 928 si
1063 871 1150 928 lux
1177 879 1277 927 est.
1319 869 1569 936 Quoniam
1596 869 1735 939 apud
1759 877 1807 922 te
1831 878 1902 922 est
1929 871 2043 938 fons

460 964 607 1031 vita,
634 972 680 1018 et
716 965 769 1017 in
797 964 984 1018 lumine
1021 973 1105 1018 tuo
1146 962 1420 1018 videbimus
1453 959 1620 1015 lumen
1652 957 1818 1030 (Psal.
1859 975 2000 1013 xxxv
2023 1000 2038 1024 ,

459 1055 573 1124 10).
593 1053 650 1110 ln
675 1065 814 1110 terra
844 1055 989 1110 aliud
1016 1065 1099 1111 est
1124 1055 1262 1121 fons,
1291 1055 1432 1111 aliud
1455 1055 1655 1110 lumen.
1682 1053 1878 1109 Sitiens
1898 1067 2043 1123 quae-

459 1148 536 1202 ris
561 1147 781 1215 fontem,
811 1156 866 1204 et
884 1158 942 1202 ut
964 1149 1238 1218 pervenias
1261 1149 1326 1203 ad
1353 1149 1573 1216 fontem,
1602 1148 1796 1219 quazris
1821 1147 1994 1204 lucem
2024 1166 2036 1200 :

460 1249 514 1294 et
543 1239 586 1294 si
617 1239 730 1294 dies
753 1255 861 1294 non
885 1248 967 1294 cst
989 1283 1004 1308 ,
1037 1241 1281 1295 accendis
1311 1241 1607 1308 lucernam,
1649 1251 1706 1296 ut
1732 1240 1800 1296 ad
1840 1240 2042 1295 fontem

457 1331 758 1400 pervenias.
805 1330 948 1386 Fons
978 1331 1064 1387 ille
1087 1372 1102 1399 ,
1135 1332 1246 1402 ipsa
1277 1342 1356 1386 est
1386 1332 1504 1394 lux;
1538 1333 1735 1386 sitienti
1767 1331 1884 1387 fons
1910 1340 2030 1398 est,

461 1437 608 1478 caeco
633 1423 720 1478 lux
745 1433 830 1478 est
857 1441 871 1477 :
894 1423 1202 1494 aperiantur
1221 1424 1356 1478 oculi
1386 1434 1441 1477 ut
1465 1424 1675 1478 videant
1696 1423 1890 1489 lucem,
1911 1437 2040 1493 ape-

460 1516 665 1570 riantur
693 1515 872 1571 fauces
897 1515 1074 1571 cordis
1114 1526 1172 1570 ut
1201 1515 1384 1570 bibant
1421 1515 1654 1580 fontem;
1685 1514 1825 1585 quod
1859 1515 1996 1570 bibis
2020 1557 2036 1583 ,

460 1605 564 1662 hoc
584 1608 751 1674 vides,
777 1608 875 1664 hoc
905 1609 1076 1664 audis.
1101 1609 1293 1663 Totum
1317 1609 1408 1663 tibi
1432 1608 1486 1662 ﬁt
1504 1609 1642 1664 Deus
1663 1625 1677 1674 ;
1701 1609 1822 1679 quia
1850 1609 2039 1664 horum

456 1715 576 1769 qua:
602 1699 806 1770 diligis,
835 1708 1004 1753 totum
1038 1700 1131 1754 tibi
1167 1708 1268 1754 est.
1311 1700 1364 1754 Si
1398 1700 1619 1754 visibilia
1651 1700 1911 1766 attendis,
1942 1714 2041 1753 nec

455 1791 610 1862 panis
639 1799 723 1846 est
766 1792 935 1856 Deus,
966 1806 1064 1846 nec
1093 1806 1226 1862 aqua
1268 1801 1349 1847 est
1387 1792 1554 1858 Deus,
1587 1807 1685 1848 nec
1710 1793 1799 1847 lux
1829 1794 1925 1848 ista
1958 1803 2039 1850 est

456 1879 632 1947 Deus,
691 1895 790 1934 nec
834 1881 997 1935 vestis
1041 1892 1124 1936 est
1169 1881 1306 1936 Deus
1331 1923 1345 1946 ,
1379 1897 1476 1937 nec
1519 1881 1709 1937 domus
1753 1892 1835 1938 est
1877 1883 2035 1939 Deus.

455 1972 647 2028 Omnia
673 1973 812 2027 enim
835 1972 951 2028 haec
975 1974 1199 2028 visibilia
1223 1983 1363 2040 sunt,
1387 1983 1440 2029 et
1469 1975 1672 2045 singula
1699 1984 1822 2030 sunt
1853 1993 1865 2029 :
1897 1975 2040 2045 quod

456 2073 541 2120 est
569 2065 739 2134 panis,
768 2081 872 2119 non
904 2066 1007 2120 hoc
1035 2075 1119 2120 est
1145 2081 1317 2136 aqua;
1347 2076 1400 2121 et
1428 2067 1568 2138 quod
1602 2075 1684 2123 est
1717 2069 1901 2131 vestis,
1932 2083 2038 2123 non

456 2157 560 2212 hoc
588 2167 670 2213 est
689 2158 906 2223 domus;
937 2167 990 2213 et
1015 2159 1157 2229 quod
1182 2169 1304 2215 sunt
1332 2161 1451 2228 ista,
1484 2175 1588 2215 non
1614 2161 1715 2216 hoc
1745 2171 1827 2217 est
1853 2162 1992 2216 Deus
2022 2178 2035 2214 :

455 2248 682 2303 visibilia
711 2250 852 2304 enim
896 2259 1038 2303 sunt.
1086 2251 1225 2320 Deus
1254 2250 1346 2304 tibi
1390 2260 1556 2305 totum
1591 2258 1673 2306 est
1705 2269 1717 2303 :
1751 2251 1794 2306 si
1825 2253 1996 2307 esuris
2021 2295 2036 2320 ,

455 2343 608 2412 panis
639 2342 734 2396 tibi
757 2351 873 2407 est;
905 2343 946 2397 si
968 2343 1102 2406 sitis,
1130 2357 1262 2412 aqua
1286 2343 1376 2397 tibi
1399 2353 1516 2410 est;
1547 2343 1592 2398 si
1620 2345 1670 2398 in
1702 2343 1933 2399 tenebris
1956 2360 2034 2409 es,

454 2431 638 2488 lumen
671 2434 763 2488 tibi
794 2443 875 2487 est
896 2475 908 2498 ,
937 2433 1060 2503 quia
1085 2433 1500 2503 incorruptibilis
1535 2445 1750 2501 manet;
1783 2437 1827 2492 si
1864 2435 2038 2491 nudus

455 2539 549 2588 es,
596 2525 1006 2579 immortalitatis
1042 2525 1205 2581 vestis
1246 2525 1338 2580 tibi
1369 2534 1486 2591 est,
1534 2540 1654 2581 cum
1696 2526 2039 2595 corruptibile

453 2615 558 2672 hoc
582 2617 813 2672 induerit
840 2618 1310 2687 incorruptionem,
1343 2627 1396 2673 et
1432 2618 1654 2672 mortale
1681 2617 1782 2673 hoc
1808 2618 2038 2673 induerit

453 2709 901 2766 immortalitatem
936 2708 976 2783 (l
1005 2709 1120 2764 Cor.
1157 2725 1229 2764 xv
1250 2751 1264 2772 ,
1293 2709 1396 2772 55,
1441 2707 1552 2780 54).
1593 2709 1779 2764 Omnia
1818 2718 2039 2778 possunt

453 2801 558 2856 dici
578 2801 645 2857 de
674 2803 801 2865 Deo,
830 2811 882 2856 et
906 2800 1036 2855 nihil
1056 2800 1214 2870 digne
1236 2799 1430 2853 dicitur
1456 2798 1523 2852 de
1550 2799 1678 2852 Deo.
1718 2799 1855 2854 Nihil
1882 2801 2038 2855 latius

452 2893 552 2948 hac
597 2895 790 2964 inopia.
820 2893 1026 2961 Quaeris
1062 2905 1352 2960 congruum
1393 2904 1607 2955 nomen,
1645 2905 1748 2944 non
1795 2891 2032 2958 invenis;

455 2989 650 3056 qumvis
677 3001 889 3056 quoquo
921 2984 1079 3039 modo
1116 2983 1313 3049 dicere,
1339 2983 1514 3037 omnia
1542 2983 1765 3038 invenis.
1801 2983 1937 3052 Quid
1963 2985 2035 3038 si-

453 3078 601 3140 mile,
628 3092 794 3146 agnus
815 3087 863 3131 et
893 3077 1018 3132 leo?
1047 3075 1121 3130 De
1144 3075 1358 3129 Christo
1380 3083 1662 3143 utrumque
1689 3073 1884 3128 dictum
1909 3083 1992 3130 est
2017 3094 2031 3128 :

452 3168 584 3223 Ecce
613 3185 774 3238 agnus
794 3168 887 3221 Dei
915 3167 1090 3238 (Joan.
1121 3182 1158 3231 ι,
1186 3165 1302 3237 99).
1333 3164 1611 3232 Quomodo
1640 3165 1766 3220 leo?
1809 3164 1938 3220 Vicit
1957 3166 2034 3220 leo

452 3261 514 3312 de
543 3261 672 3313 tribu
696 3259 836 3312 Iuda
867 3259 1045 3330 (Apoc.
1071 3275 1101 3312 v
1127 3300 1140 3324 ,
1175 3256 1250 3329 5).

523 3354 576 3409 6.
611 3353 898 3408 Audiamus
922 3352 1178 3406 Joannem
1213 3369 1224 3404 :
1257 3350 1556 3420 Baptizabat
1591 3349 1762 3403 Iesus.
1794 3349 2032 3405 Diximus

451 3446 574 3514 quia
603 3444 901 3513 baptizabat
920 3443 1093 3498 Jesus.
1114 3441 1392 3509 Quomodo
1417 3439 1604 3494 Jesus?
1632 3441 1898 3510 quomodo
1930 3441 2032 3494 Do-

448 3537 661 3591 minus?
680 3536 943 3607 quomodo
973 3535 1065 3590 Dei
1096 3533 1296 3588 Filius?
1325 3532 1589 3603 quomodo
1622 3533 1898 3587 Verbum?
1926 3531 2030 3589 Sed

447 3626 679 3680 Verbum
713 3641 838 3682 caro
868 3625 1061 3680 factum
1089 3633 1189 3679 est.
1217 3622 1338 3676 Erat
1359 3632 1524 3675 autent
1547 3631 1594 3676 et
1621 3621 1845 3676 Joannes
1867 3624 2032 3694 bapti-

449 3735 574 3771 zans
607 3719 659 3770 in
708 3717 885 3771 Euan
915 3718 1070 3787 juxta
1114 3716 1299 3770 Salim.
1332 3715 1502 3770 Lacus
1529 3713 1742 3784 quidam
1783 3713 1962 3768 Euan
1989 3717 2028 3768 ί.

450 3807 604 3864 Unde
648 3808 954 3878 intelligitur
990 3808 1110 3877 quia
1150 3809 1293 3861 lacus
1333 3807 1482 3861 erat?
1515 3806 1647 3872 Quia
1685 3823 1831 3878 aqua:
1860 3805 2032 3860 multa:

447 3909 591 3951 erant
621 3899 706 3961 ibi,
744 3909 792 3952 et
826 3898 1104 3964 veniebant,
1130 3907 1174 3952 et
1199 3898 1601 3969 baptizabantur.
1631 3897 1878 3952 Nondum
1899 3899 2030 3952 enim

448 3993 636 4048 missus
655 4003 760 4045 erat
790 3993 842 4046 in
880 4009 1127 4046 carcerem
1161 3989 1404 4045 Joannes.
1428 3990 1481 4047 Si
1525 3992 1838 4046 meministis
1877 3992 2030 4061 (ecce

444 4085 637 4138 iterum
691 4083 855 4152 dico),
903 4084 1009 4138 dixi
1049 4100 1214 4154 quare
1257 4083 1554 4152 baptizabat
1597 4082 1872 4137 Joannes:
1907 4083 2030 4152 quia

443 4175 721 4245 oportebat
752 4184 808 4230 ut
838 4174 1095 4230 Dominus
1126 4175 1498 4245 baptizaretur.
1531 4173 1596 4229 Et
1622 4189 1787 4244 quare
1815 4184 2029 4244 oporte-

445 4266 536 4321 bat
563 4276 618 4322 ut
646 4267 898 4321 Dominus
919 4266 1310 4337 baptizaretur?
1338 4266 1469 4333 Quia
1502 4265 1653 4319 multi
1675 4266 2030 4335 contempturi

448 4369 604 4412 erant
633 4357 982 4425 Baptismum,
1005 4374 1069 4410 eo
1092 4357 1230 4426 quod
1258 4356 1366 4424 jam
1406 4355 1605 4425 majore.
1632 4359 1797 4426 gratia
1827 4346 2031 4426 praediti

446 4448 776 4512 viderentur,
800 4463 957 4515 quam
986 4447 1229 4500 viderent
1254 4447 1386 4499 alios
1417 4446 1616 4500 fideles.
1653 4447 1812 4500 Verbi
1839 4448 2029 4516 gratia,

441 4538 553 4608 jam
609 4536 942 4592 continenter
986 4537 1168 4590 vivens
1196 4536 1627 4603 catechumenus,
1668 4546 2036 4593 contemneret

446 4628 812 4698 conjugatum,
840 4637 892 4682 et
930 4628 1130 4682 diceret
1157 4643 1215 4682 se
1242 4628 1515 4682 meliorem
1543 4643 1699 4696 quam
1736 4627 1822 4681 ille
1861 4629 1930 4683 sit
1966 4627 2032 4681 ﬁ-

448 4723 609 4778 delis.
642 4721 732 4775 llle
761 4721 1175 4777 catechumenus
1204 4730 1383 4791 posset
1420 4721 1598 4775 dicere
1628 4722 1679 4774 in
1707 4722 1870 4776 corde
1889 4737 1985 4776 suo
2017 4740 2030 4774 :

448 4813 584 4880 Quid
614 4813 742 4867 mihi
782 4828 916 4883 opus
953 4822 1036 4867 est
1080 4808 1404 4881 Baptismum
1431 4813 1690 4882 accipere,
1725 4820 1781 4866 ut
1809 4813 1907 4866 hoc
1936 4812 2033 4866 ha-

446 4909 604 4964 beam
639 4907 778 4977 quod
817 4917 872 4962 et
916 4907 1018 4962 iste
1041 4948 1054 4970 ,
1105 4921 1209 4976 quo
1252 4906 1362 4974 jam
1401 4905 1593 4959 melior
1620 4907 1772 4960 sum?
1801 4905 1877 4960 Ne
1906 4921 2034 4976 ergo

448 5001 629 5054 cervix
671 5000 770 5054 ista
812 5000 1170 5070 praecipitaret
1203 4999 1459 5068 quosdam
1491 4999 1557 5054 de
1587 5001 1790 5055 meritis
1816 5001 2034 5069 justitiae

450 5105 562 5146 sua:
602 5091 885 5160 plurimum
929 5091 1096 5145 elatos
1127 5132 1141 5155 ,
1193 5091 1449 5159 baptizari
1500 5091 1664 5145 voluit
1711 5091 1964 5146 Dominus
2003 5107 2032 5145 a

450 5198 640 5247 servo;
671 5192 921 5252 tanquam
947 5183 1220 5252 alloquens
1264 5183 1400 5238 filios
1439 5184 1690 5252 capitales
1725 5203 1736 5236 :
1771 5183 1906 5250 Quid
1941 5200 2034 5237 vos

451 5274 744 5332 extollitis?
770 5273 893 5342 quid
914 5274 1136 5345 erigitis,
1165 5274 1284 5343 quia
1318 5274 1542 5340 habetis,
1564 5275 1650 5330 ille
1679 5275 2032 5345 prudentiam,

450 5368 541 5423 ille
568 5367 884 5432 doctrinam,
917 5367 1004 5420 ille
1029 5370 1357 5432 castitatem,
1411 5369 1497 5423 ille
1537 5368 1900 5424 fortitudinem
1939 5384 2033 5438 pa-

451 5458 692 5514 tientize?
721 5457 987 5528 Numquid
1031 5466 1236 5513 tantum
1279 5459 1473 5514 habere
1505 5461 1742 5528 potestis,
1782 5468 2035 5527 quantum

452 5551 660 5622 ego'qui
691 5551 851 5606 dedi?
881 5551 946 5605 Et
976 5560 1152 5606 tamen
1193 5567 1292 5621 ego
1321 5551 1610 5620 baptizatus
1641 5568 1758 5606 sum
1783 5567 1811 5606 a
1842 5567 1998 5608 servo
2017 5597 2033 5621 ,

451 5657 550 5698 vos
595 5643 952 5712 dedignamini
982 5659 1011 5697 a
1043 5644 1289 5699 Domino.
1342 5645 1451 5699 lloc
1489 5655 1571 5700 est
1598 5688 1612 5709 ,
1658 5645 1725 5701 Ut
1767 5647 2038 5716 impleatur

454 5733 618 5788 omnis
637 5735 836 5804 justitia
871 5733 1080 5805 (Matth.
1106 5753 1180 5801 ιιι,
1207 5737 1319 5805 15).

529 5845 548 5876 ⁸
568 5849 618 5893 in
640 5841 821 5905 aliquot
843 5852 969 5904 Mss,
995 5845 1138 5896 saliat
1161 5846 1291 5897 locus
1316 5846 1532 5910 quidam,
1573 5858 1704 5900 Enen
1728 5849 1874 5899 lacu...

1391 390 1458 446 IN
1494 387 1776 447 JOANNIS
1815 385 2283 455 EVANGELIUM,
2325 389 2381 445 S.
2423 387 2786 449 AUGUSTINI

3586 400 3715 460 H96

2228 505 2276 558 7.
2305 504 2408 560 Sed
2429 507 2569 562 dicet
2593 509 2782 579 aliquis
2813 527 2826 563 :
2866 509 3170 568 Sufﬁciebat
3197 527 3325 584 ergo
3351 524 3407 571 ut
3435 514 3719 586 baptizare!

2154 595 2436 651 Dominum
2462 597 2724 665 Joannes;
2755 599 2879 672 quid
2905 619 3037 675 opus
3055 614 3170 660 erat
3190 617 3246 661 ut
3281 606 3370 662 alii
3399 608 3698 679 baptizaren

2153 695 2238 742 tur
2265 703 2293 740 a
2314 688 2551 744 Joanne?
2578 690 2641 744 Et
2668 690 2769 746 hoc
2787 693 3016 749 diximus
3035 738 3049 759 ,
3080 697 3203 766 quia
3231 697 3275 751 si
3303 699 3452 755 solus
3473 700 3720 759 Dominus

2151 778 2506 850 baptizaretur
2531 798 2561 836 a
2587 781 2810 850 Joanne,
2836 801 2939 840 non
2965 786 3174 842 deesset
3208 787 3306 844 ista
3340 792 3594 860 cogitatio
3629 793 3696 848 bo

2151 871 2398 936 minibus,
2427 873 2566 942 quod
2592 875 2866 930 meliorem
2895 875 3122 932 habebat
3145 877 3465 948 baptismum
3494 881 3718 938 Joanne-

2149 977 2307 1032 quam
2338 963 2610 1020 Dominus.
2650 966 2893 1022 Dieerent
2919 970 3058 1022 enim
3090 988 3103 1024 :
3130 970 3310 1042 Usque
3332 973 3467 1028 adeo
3507 991 3723 1047 magnus

2150 1063 2264 1108 erat
2287 1054 2580 1123 baptismus
2595 1072 2750 1126 quem
2768 1057 2950 1113 habuit
2969 1059 3220 1130 Joannes,
3245 1073 3299 1117 ut
3318 1065 3466 1136 solus
3484 1065 3723 1126 Christus

2149 1143 2241 1198 illo
2279 1143 2434 1199 fuerit
2462 1145 2649 1216 dignus
2679 1149 2952 1218 baptizari.
2982 1150 3124 1222 Ergo
3145 1161 3201 1208 ut
3220 1155 3596 1213 ostenderetur
3619 1175 3720 1216 me-

2149 1233 2251 1289 lior
2278 1234 2572 1305 baptismus
2613 1254 2770 1308 quem
2809 1240 3026 1296 daturus
3069 1252 3185 1299 erat
3228 1245 3504 1316 Dominus,
3552 1260 3609 1304 et
3647 1250 3724 1307 ille

2149 1334 2396 1395 tanquam
2427 1329 2569 1382 servi
2611 1329 3016 1400 intelligeretur,
3056 1334 3144 1390 ille
3179 1344 3429 1407 tanquam
3477 1339 3718 1407 Domini,

2147 1414 2448 1486 baptizatus
2493 1428 2575 1472 est
2623 1420 2875 1476 Dominus
2906 1464 2922 1488 ,
2990 1433 3048 1478 ut
3103 1427 3363 1495 przeberet
3420 1430 3724 1488 humilitatis

2148 1510 2455 1578 exemplum
2487 1528 2499 1564 :
2532 1526 2634 1565 non
2666 1512 2810 1569 solus
2835 1523 3010 1570 autem
3038 1516 3332 1587 baptizatus
3356 1531 3440 1575 est
3463 1522 3535 1576 ab
3558 1537 3640 1588 eo,
3665 1539 3725 1580 ue

2146 1599 2441 1669 baptismus
2459 1600 2678 1658 Joannis
2705 1605 2892 1659 melior
2919 1607 3181 1677 baptismo
3205 1611 3409 1665 Domini
3435 1612 3718 1669 videretur.

2147 1689 2228 1744 Ad
2275 1690 2374 1746 hoc
2403 1703 2579 1748 autem
2609 1694 2746 1750 viam
2786 1697 3010 1765 praibuit
3054 1699 3306 1756 Dominus
3350 1713 3535 1760 noster
3576 1705 3723 1762 Jesus

2145 1783 2408 1854 Christus,
2436 1789 2572 1842 sicut
2589 1789 2832 1856 audistis,
2857 1791 3064 1860 fratres,
3089 1809 3157 1849 ne
3177 1795 3295 1864 quis
3315 1811 3572 1868 arrogans
3593 1802 3724 1869 quod

2147 1875 2342 1931 habeat
2369 1878 2745 1936 abundantiam
2775 1883 2998 1953 alicujus
3021 1886 3229 1955 gratim,
3275 1887 3595 1959 dediguetur
3636 1891 3725 1945 ba-

2107 1973 2120 1984 ·
2147 1966 2330 2036 ptizari
2369 1969 2631 2038 baptismo
2661 1971 2889 2027 Domini.
2921 1973 3416 2047 Quantumcumque
3454 1979 3599 2034 enim
3639 1996 3727 2036 ca-

2147 2058 2496 2114 techumenus
2525 2061 2783 2130 proficiat,
2814 2063 2988 2119 adhuc
3017 2067 3278 2121 sarcinam
3307 2068 3603 2139 iniquitatis
3621 2087 3726 2127 sua:

2146 2160 2319 2219 portat
2355 2168 2365 2202 :
2400 2167 2505 2206 non
2537 2153 2609 2206 illi
2648 2153 2952 2222 dimittitur,
2990 2157 3091 2210 nisi
3129 2172 3249 2212 cum
3293 2161 3501 2214 venerit
3530 2161 3597 2217 ad
3627 2161 3725 2216 Ba-

2146 2241 2421 2309 ptismutn.
2452 2242 2730 2310 Quomodo
2769 2259 2873 2300 non
2899 2247 3068 2301 caruit
3094 2248 3320 2318 populus
3346 2249 3506 2307 Israel
3535 2254 3725 2323 populo

2147 2331 2518 2401 Egyptiorum
2548 2375 2563 2400 ,
2603 2333 2706 2388 nisi
2743 2349 2866 2390 cum
2921 2338 3154 2394 venisset
3201 2339 3270 2394 ad
3312 2355 3461 2398 mare
3509 2345 3724 2400 rubrum

2151 2422 2341 2493 (Exod.
2389 2426 2536 2493 xtv);
2588 2425 2666 2479 sic
2715 2441 2962 2495 pressura
3008 2439 3345 2500 peccatorum
3374 2447 3537 2490 nemo
3564 2445 3722 2505 caret,

2145 2517 2245 2571 nisi
2271 2533 2392 2571 cum
2419 2518 2483 2572 ad
2515 2518 2712 2574 fontem
2745 2521 2996 2591 Baptismi
3016 2524 3240 2578 venerit.

2216 2609 2268 2662 8.
2299 2606 2463 2662 Facta
2489 2620 2560 2664 est
2588 2627 2707 2680 ergo
2743 2615 2952 2682 quaestio
2980 2631 3044 2668 ea:
3080 2615 3344 2685 discipulis
3368 2616 3592 2674 Joannis
3618 2637 3726 2676 cum

2143 2699 2339 2752 Judan‘s
2366 2701 2428 2752 de
2453 2702 2820 2770 puriﬁcatione.
2855 2704 3160 2774 Baptizabat
3195 2705 3448 2773 Joannes,
3490 2709 3725 2781 baptiza-

2144 2789 2234 2844 bat
2259 2791 2502 2846 Christus
2535 2811 2548 2844 :
2579 2794 2706 2848 moti
2737 2803 2860 2848 sunt
2896 2794 3138 2866 discipuli
3159 2797 3406 2862 Joannis;
3442 2815 3727 2858 concurre-

2143 2881 2296 2936 batur
2321 2883 2385 2937 ad
2425 2883 2717 2952 Christum,
2767 2888 3074 2944 veniebatur
3122 2889 3189 2945 ad
3230 2890 3489 2947 Joannem
3541 2897 3584 2948 ⁸.
3631 2895 3725 2963 Qui

2143 2974 2286 3029 enim
2315 2977 2595 3032 veniebant
2623 2979 2688 3032 ad
2715 2978 2996 3046 Joannem,
3025 2983 3267 3038 mittebat
3298 2984 3418 3040 illos
3448 2985 3518 3042 ad
3545 2987 3721 3044 Jesum

2140 3069 2426 3140 baptizari;
2459 3089 2561 3126 non
2584 3073 2931 3128 mittebantur
2948 3075 3013 3129 ad
3032 3075 3314 3142 Joannem,
3343 3080 3432 3150 qui
3458 3096 3488 3134 a
3513 3082 3725 3138 Christo

2139 3162 2562 3233 baptizabantur.
2593 3165 2809 3220 Turbati
2837 3177 2959 3222 sunt
2983 3167 3226 3240 discipuli
3251 3170 3502 3239 Joannis;
3530 3185 3588 3229 et
3614 3191 3721 3233 cai-

2139 3263 2332 3324 perunt
2356 3256 2703 3324 qumstionem
2752 3266 2979 3314 tractare
3024 3275 3142 3313 cum
3191 3260 3411 3326 Judzeis,
3454 3267 3721 3334 quomodo

2137 3345 2275 3399 solct
2319 3346 2450 3400 ﬁeri.
2509 3347 2773 3416 Intelligas
2816 3348 3020 3404 dixisse
3057 3350 3268 3407 Judaeos
3307 3354 3568 3423 majorem
3608 3373 3722 3414 esse

2136 3435 2428 3498 Christum.
2453 3446 2506 3491 et
2535 3437 2601 3491 ad
2628 3438 2743 3507 ejus
2771 3439 3086 3508 baptismum
3117 3442 3313 3499 debere
3337 3449 3609 3502 concurri.
3644 3449 3718 3504 llli

2137 3528 2372 3582 nondum
2404 3529 2780 3600 intelligentes,
2813 3530 3165 3589 defendebant
3193 3533 3515 3606 baptismum
3555 3538 3716 3594 Joan-

2137 3620 2240 3673 nis.
2287 3619 2512 3674 Ventum
2560 3632 2642 3675 est
2694 3621 2759 3675 ad
2815 3623 2985 3692 ipsum
3036 3625 3334 3695 Joannem,
3385 3639 3444 3684 ut
3492 3631 3718 3688 solveret

2135 3711 2506 3780 quaestionem.
2537 3710 2794 3782 Intelligat
2826 3713 3071 3772 Charitas
3102 3726 3297 3772 vestra.
3323 3720 3386 3773 Et
3412 3719 3498 3776 hic
3525 3723 3718 3777 utilitas

2135 3801 2249 3871 ipsa
2298 3801 2608 3857 humilitatis
2653 3805 2970 3873 agnoscitur,
3023 3817 3077 3861 et
3113 3809 3407 3865 ostenditur
3451 3823 3630 3868 utrum
3669 3816 3714 3869 in

2135 3894 2249 3964 ipsa
2292 3897 2586 3964 quaestione
2623 3912 2742 3951 cum
2770 3909 3010 3954 errarent
3043 3900 3306 3969 homines,
3334 3904 3553 3974 gloriari
3584 3907 3716 3977 apud

2135 3999 2195 4040 se
2223 3985 2450 4040 voluerit
2476 3985 2726 4041 Joannes.
2758 3988 3008 4044 Fortasse
3035 3991 3176 4044 enim
3203 3991 3338 4046 dixit
3369 4011 3380 4045 :
3417 3994 3616 4051 Verum
3645 3997 3718 4052 di-

2136 4079 2276 4146 citis,
2320 4088 2464 4134 recte
2501 4079 2837 4147 contenditis,
2887 4079 3180 4151 baptismus
3222 4099 3370 4139 meus
3399 4095 3482 4140 est
3511 4089 3712 4143 melior.

2134 4170 2268 4225 Nam
2301 4179 2356 4225 ut
2387 4171 2639 4225 noveritis
2683 4171 2822 4240 quod
2869 4172 3159 4242 baptismus
3202 4190 3352 4230 meus
3379 4186 3463 4233 est
3492 4179 3712 4244 melior,

2137 4261 2310 4331 ipsum
2354 4260 2623 4317 Christum
2670 4277 2768 4333 ego
2817 4264 3097 4333 baptizavi.
3143 4265 3355 4321 Poterat
3393 4270 3494 4323 hoc
3542 4269 3714 4325 dicere

2137 4353 2409 4420 Joannes,
2449 4355 2710 4424 baptizato
2739 4353 2972 4410 Christo.
3030 4356 3317 4423 Quantum,
3363 4374 3422 4414 se
3467 4361 3510 4415 si
3565 4362 3714 4416 vellet

2137 4444 2446 4513 extendere,
2475 4445 2702 4501 habebat
2759 4447 2845 4501 ubi
2893 4463 2951 4502 se
2996 4449 3342 4505 extenderet?
3375 4451 3480 4507 Sed
3530 4453 3713 4508 melius

2139 4547 2362 4594 noverat
2407 4539 2545 4608 apud
2589 4556 2744 4610 quem
2793 4556 2850 4594 se
2892 4541 3197 4597 humiliaret
3246 4561 3259 4597 :
3307 4558 3465 4613 quem
3505 4560 3566 4600 se
3618 4561 3712 4600 no.

2137 4640 2288 4685 vcrat
2327 4630 2591 4686 nascendo
2629 4631 2964 4700 antecedere,
2993 4633 3070 4687 illi
3097 4635 3266 4689 voluit
3288 4635 3590 4692 conﬁtendo
3627 4652 3714 4692 ce-

2137 4722 2298 4786 dere;
2329 4722 2552 4778 salutem
2581 4739 2726 4777 suam
2757 4725 3078 4794 intelligebat
3119 4726 3170 4780 in
3196 4725 3412 4782 Christo
3437 4742 3572 4783 esse.
3595 4727 3712 4783 Jam

2139 4814 2345 4869 dixerat
2382 4816 2655 4884 superius,
2705 4813 2816 4868 Nos
2849 4831 3016 4870 omnes
3059 4819 3121 4870 de
3155 4816 3470 4887 plenitudine
3494 4819 3599 4889 ejus
3626 4834 3712 4870 ac-

2139 4907 2360 4975 cepimus
2391 4905 2576 4974 (Joan.
2629 4921 2664 4971 ι,
2716 4907 2821 4974 16)
2863 4924 2876 4958 :
2919 4917 2972 4961 et
3009 4908 3108 4962 hoc
3151 4908 3390 4963 conﬁteri
3422 4909 3583 4965 Deum
3609 4917 3708 4964 est.

2139 4995 2416 5062 Quomodo
2442 4996 2585 5050 enim
2611 5012 2797 5052 omnes
2843 4997 3083 5052 homines
3128 5000 3194 5053 de
3240 4999 3564 5066 plenitudine
3596 4999 3711 5069 ejus

2139 5087 2423 5155 accipiunt,
2449 5087 2550 5140 nisi
2581 5087 2666 5141 ille
2697 5087 2764 5141 sit
2793 5088 2972 5142 Deus?
2995 5087 3128 5143 Nam
3167 5089 3212 5144 si
3241 5091 3320 5145 sic
3353 5091 3446 5146 ille
3478 5090 3631 5145 homo
3655 5098 3708 5144 ut

2142 5194 2245 5231 non
2276 5177 2436 5244 Deus,
2454 5176 2521 5231 de
2543 5177 2866 5247 plenitudine
2889 5177 2980 5232 Dei
3007 5179 3196 5250 accipit
3221 5181 3380 5236 etiam
3408 5183 3538 5253 ipse,
3563 5189 3614 5237 et
3635 5182 3708 5235 sic

2141 5286 2245 5325 non
2292 5269 2429 5323 Deus
2463 5279 2562 5324 est.
2593 5269 2650 5324 Si
2677 5279 2853 5324 autem
2882 5285 3068 5326 omnes
3097 5271 3340 5328 homines
3383 5274 3452 5329 de
3492 5271 3706 5344 plenitu-

2140 5363 2262 5418 dine
2289 5363 2405 5433 ejus
2433 5363 2719 5433 accipiunt,
2765 5363 2851 5418 ille
2877 5373 2960 5418 est
3004 5362 3142 5429 fons,
3193 5365 3269 5419 illi
3315 5365 3574 5422 bibentes.
3613 5364 3710 5432 Qui

2140 5455 2325 5510 bibunt
2349 5453 2570 5518 fontem,
2599 5463 2654 5509 et
2691 5453 2838 5508 sitire
2862 5464 3088 5524 possunt
3115 5466 3168 5510 et
3198 5455 3409 5522 bibere;
3441 5456 3556 5512 fons
3577 5470 3708 5510 nun-

2141 5567 2298 5622 quam
2317 5551 2446 5618 sitit,
2463 5549 2581 5605 fons
2594 5549 2778 5619 seipso
2795 5563 2902 5603 non
2922 5557 3059 5619 eget.
3083 5549 3249 5604 Fonte
3263 5557 3420 5622 egent
3443 5547 3708 5609 homines;

2142 5645 2304 5701 aridis
2319 5643 2627 5709 visceribus,
2665 5641 2828 5697 aridis
2848 5641 3088 5697 faucibus
3107 5652 3326 5697 currunt
3350 5641 3416 5696 ad
3433 5639 3624 5696 fontem
3654 5645 3708 5690 ut

2141 5738 2444 5796 reﬁciantur
2470 5755 2486 5790 :
2515 5736 2632 5790 fons
2676 5734 2790 5790 fluit
2814 5743 2870 5790 ut
2896 5732 3128 5800 reﬁciat;
3170 5734 3242 5789 ita
3269 5731 3516 5789 Dominus
3541 5727 3690 5783 Jesus

2207 5858 2223 5887 ι
2250 5859 2350 5901 Duo
2367 5857 2496 5910 ωιτη,
2520 5847 2794 5901 cernebatur
2816 5861 2848 5898 a
2869 5856 3064 5898 Jormne.
