  <div class='ocr_page' id='page_1' title='image "/cluster/home/n/w/nwhite01/storage/ocr_20150623/35/uva.x000827104/100.png"; bbox 0 0 3916 6366; ppageno 0'>
   <div class='ocr_carea' id='block_1_1' title="bbox 153 412 274 473">
    <p class='ocr_par' dir='ltr' id='par_1_1' title="bbox 153 412 274 473">
     <span class='ocr_line' id='line_1_1' title="bbox 153 412 274 473; baseline -0.058 1"><span class='ocrx_word' id='word_1_1' title='bbox 153 412 274 473; x_wconf 62' lang='grc'><strong>1497</strong></span> 
     </span>
    </p>
   </div>
   <div class='ocr_carea' id='block_1_2' title="bbox 210 495 1702 584">
    <p class='ocr_par' dir='ltr' id='par_1_2' title="bbox 210 495 1702 584">
     <span class='ocr_line' id='line_1_2' title="bbox 210 495 1702 584; baseline -0.02 -5"><span class='ocrx_word' id='word_1_2' title='bbox 210 525 260 584; x_wconf 85' lang='lat'><strong>9.</strong></span> <span class='ocrx_word' id='word_1_3' title='bbox 284 517 569 577; x_wconf 65' lang='lat' dir='ltr'><strong>Videamm</strong></span> <span class='ocrx_word' id='word_1_4' title='bbox 601 523 724 582; x_wconf 81' lang='lat' dir='ltr'><strong>ergo</strong></span> <span class='ocrx_word' id='word_1_5' title='bbox 760 504 887 580; x_wconf 87' lang='lat' dir='ltr'><strong>quid</strong></span> <span class='ocrx_word' id='word_1_6' title='bbox 916 500 1252 574; x_wconf 89' lang='lat' dir='ltr'><strong>responderit</strong></span> <span class='ocrx_word' id='word_1_7' title='bbox 1285 498 1520 555; x_wconf 82' lang='lat' dir='ltr'><strong>Joannes</strong></span> <span class='ocrx_word' id='word_1_8' title='bbox 1551 514 1566 550; x_wconf 92' lang='lat'><strong>:</strong></span> <span class='ocrx_word' id='word_1_9' title='bbox 1599 495 1702 550; x_wconf 84' lang='lat' dir='ltr'><strong>Ve-</strong></span> 
     </span>
    </p>
   </div>
   <div class='ocr_carea' id='block_1_3' title="bbox 153 589 1707 675">
    <p class='ocr_par' dir='ltr' id='par_1_3' title="bbox 153 589 1707 675">
     <span class='ocr_line' id='line_1_3' title="bbox 153 589 1707 675; baseline -0.02 -4"><span class='ocrx_word' id='word_1_10' title='bbox 153 624 312 675; x_wconf 76' lang='grc' dir='ltr'>ιισιιιιι</span> <span class='ocrx_word' id='word_1_11' title='bbox 337 611 404 666; x_wconf 78' lang='lat' dir='ltr'><strong>ad</strong></span> <span class='ocrx_word' id='word_1_12' title='bbox 433 606 720 670; x_wconf 77' lang='lat' dir='ltr'><strong>Joannem,</strong></span> <span class='ocrx_word' id='word_1_13' title='bbox 761 608 807 655; x_wconf 83' lang='lat' dir='ltr'><strong>et</strong></span> <span class='ocrx_word' id='word_1_14' title='bbox 849 597 1085 653; x_wconf 73' lang='lat' dir='ltr'><strong>dixerunt</strong></span> <span class='ocrx_word' id='word_1_15' title='bbox 1119 594 1166 648; x_wconf 87' lang='lat' dir='ltr'><strong>ei</strong></span> <span class='ocrx_word' id='word_1_16' title='bbox 1193 607 1210 646; x_wconf 89' lang='lat'><strong><em>:</em></strong></span> <span class='ocrx_word' id='word_1_17' title='bbox 1235 589 1430 656; x_wconf 86' lang='lat' dir='ltr'><strong>Rabbi,</strong></span> <span class='ocrx_word' id='word_1_18' title='bbox 1476 589 1562 660; x_wconf 90' lang='lat' dir='ltr'><strong>qui</strong></span> <span class='ocrx_word' id='word_1_19' title='bbox 1599 596 1707 641; x_wconf 88' lang='lat' dir='ltr'><strong>erat</strong></span> 
     </span>
    </p>
   </div>
   <div class='ocr_carea' id='block_1_4' title="bbox 153 683 1705 769">
    <p class='ocr_par' dir='ltr' id='par_1_4' title="bbox 153 683 1705 769">
     <span class='ocr_line' id='line_1_4' title="bbox 153 683 1705 769; baseline -0.019 -5"><span class='ocrx_word' id='word_1_20' title='bbox 153 721 296 769; x_wconf 64' lang='lat' dir='ltr'><strong>nam</strong></span> <span class='ocrx_word' id='word_1_21' title='bbox 322 715 460 761; x_wconf 73' lang='grc' dir='ltr'>ιηιιιε</span> <span class='ocrx_word' id='word_1_22' title='bbox 483 699 763 756; x_wconf 76' lang='lat' dir='ltr'><strong>Iordanem</strong></span> <span class='ocrx_word' id='word_1_23' title='bbox 780 735 795 761; x_wconf 90' lang='lat'><strong>,</strong></span> <span class='ocrx_word' id='word_1_24' title='bbox 817 692 898 748; x_wconf 82' lang='lat' dir='ltr'><strong>cui</strong></span> <span class='ocrx_word' id='word_1_25' title='bbox 923 701 978 746; x_wconf 88' lang='lat' dir='ltr'><strong>tu</strong></span> <span class='ocrx_word' id='word_1_26' title='bbox 1004 686 1339 745; x_wconf 85' lang='lat' dir='ltr'><strong>testimonium</strong></span> <span class='ocrx_word' id='word_1_27' title='bbox 1373 683 1666 757; x_wconf 84' lang='lat' dir='ltr'><strong>perhibuisti</strong></span> <span class='ocrx_word' id='word_1_28' title='bbox 1686 723 1705 751; x_wconf 89' lang='lat'><strong>,</strong></span> 
     </span>
    </p>
   </div>
   <div class='ocr_carea' id='block_1_5' title="bbox 153 777 1705 867">
    <p class='ocr_par' dir='ltr' id='par_1_5' title="bbox 153 777 1705 867">
     <span class='ocr_line' id='line_1_5' title="bbox 153 777 1705 867; baseline -0.019 -9"><span class='ocrx_word' id='word_1_29' title='bbox 153 819 248 860; x_wconf 71' lang='grc' dir='ltr'><strong>σθω</strong></span> <span class='ocrx_word' id='word_1_30' title='bbox 269 799 345 854; x_wconf 75' lang='lat' dir='ltr'><strong>hic</strong></span> <span class='ocrx_word' id='word_1_31' title='bbox 365 794 611 867; x_wconf 77' lang='lat' dir='ltr'><strong>baptizat,</strong></span> <span class='ocrx_word' id='word_1_32' title='bbox 639 798 685 847; x_wconf 82' lang='lat' dir='ltr'><strong>et</strong></span> <span class='ocrx_word' id='word_1_33' title='bbox 708 803 880 844; x_wconf 84' lang='lat' dir='ltr'><strong>omnes</strong></span> <span class='ocrx_word' id='word_1_34' title='bbox 907 784 1117 852; x_wconf 68' lang='lat' dir='ltr'><strong>veniunt</strong></span> <span class='ocrx_word' id='word_1_35' title='bbox 1145 780 1214 835; x_wconf 87' lang='lat' dir='ltr'><strong>ad</strong></span> <span class='ocrx_word' id='word_1_36' title='bbox 1242 779 1391 834; x_wconf 87' lang='lat' dir='ltr'><strong>illum</strong></span> <span class='ocrx_word' id='word_1_37' title='bbox 1419 777 1561 833; x_wconf 88' lang='lat' dir='ltr'><strong>:hoc</strong></span> <span class='ocrx_word' id='word_1_38' title='bbox 1584 783 1668 831; x_wconf 89' lang='lat' dir='ltr'><strong>est</strong></span> <span class='ocrx_word' id='word_1_39' title='bbox 1689 815 1705 843; x_wconf 95' lang='lat'><strong>,</strong></span> 
     </span>
    </p>
   </div>
   <div class='ocr_carea' id='block_1_6' title="bbox 151 869 1707 966">
    <p class='ocr_par' dir='ltr' id='par_1_6' title="bbox 151 869 1707 966">
     <span class='ocr_line' id='line_1_6' title="bbox 151 869 1707 966; baseline -0.021 -15"><span class='ocrx_word' id='word_1_40' title='bbox 151 893 271 966; x_wconf 83' lang='lat' dir='ltr'><strong>Quid</strong></span> <span class='ocrx_word' id='word_1_41' title='bbox 289 887 458 948; x_wconf 86' lang='lat' dir='ltr'><strong>dicis?</strong></span> <span class='ocrx_word' id='word_1_42' title='bbox 485 898 595 940; x_wconf 90' lang='lat' dir='ltr'><strong>non</strong></span> <span class='ocrx_word' id='word_1_43' title='bbox 621 890 744 938; x_wconf 91' lang='lat' dir='ltr'><strong>sunt</strong></span> <span class='ocrx_word' id='word_1_44' title='bbox 788 873 1124 949; x_wconf 82' lang='lat' dir='ltr'><strong>prohibendi,</strong></span> <span class='ocrx_word' id='word_1_45' title='bbox 1157 880 1216 927; x_wconf 86' lang='lat' dir='ltr'><strong>ut</strong></span> <span class='ocrx_word' id='word_1_46' title='bbox 1240 871 1308 926; x_wconf 89' lang='lat' dir='ltr'><strong>ad</strong></span> <span class='ocrx_word' id='word_1_47' title='bbox 1337 879 1387 925; x_wconf 89' lang='lat' dir='ltr'><strong>te</strong></span> <span class='ocrx_word' id='word_1_48' title='bbox 1417 869 1592 940; x_wconf 78' lang='lat' dir='ltr'><strong>potius</strong></span> <span class='ocrx_word' id='word_1_49' title='bbox 1613 881 1707 922; x_wconf 85' lang='lat' dir='ltr'><strong>ve-</strong></span> 
     </span>
    </p>
   </div>
   <div class='ocr_carea' id='block_1_7' title="bbox 153 960 1711 1051">
    <p class='ocr_par' dir='ltr' id='par_1_7' title="bbox 153 960 1711 1051">
     <span class='ocr_line' id='line_1_7' title="bbox 153 960 1711 1051; baseline -0.021 -7"><span class='ocrx_word' id='word_1_50' title='bbox 153 960 318 1044; x_wconf 67' lang='lat' dir='ltr'><strong>uiant?</strong></span> <span class='ocrx_word' id='word_1_51' title='bbox 342 976 647 1051; x_wconf 80' lang='lat' dir='ltr'><strong>Respondit,</strong></span> <span class='ocrx_word' id='word_1_52' title='bbox 674 982 723 1030; x_wconf 86' lang='lat' dir='ltr'><strong>et</strong></span> <span class='ocrx_word' id='word_1_53' title='bbox 744 971 873 1027; x_wconf 71' lang='lat' dir='ltr'><strong>dixit</strong></span> <span class='ocrx_word' id='word_1_54' title='bbox 902 986 921 1024; x_wconf 91' lang='lat'><strong><em>:</em></strong></span> <span class='ocrx_word' id='word_1_55' title='bbox 941 966 1065 1023; x_wconf 84' lang='lat' dir='ltr'><strong>Non</strong></span> <span class='ocrx_word' id='word_1_56' title='bbox 1084 974 1244 1039; x_wconf 87' lang='lat' dir='ltr'><strong>potest</strong></span> <span class='ocrx_word' id='word_1_57' title='bbox 1264 964 1414 1018; x_wconf 89' lang='lat' dir='ltr'><strong>homo</strong></span> <span class='ocrx_word' id='word_1_58' title='bbox 1438 960 1711 1030; x_wconf 74' lang='lat' dir='ltr'><strong>quidquam</strong></span> 
     </span>
    </p>
   </div>
   <div class='ocr_carea' id='block_1_8' title="bbox 155 1049 1711 1149">
    <p class='ocr_par' dir='ltr' id='par_1_8' title="bbox 155 1049 1711 1149">
     <span class='ocr_line' id='line_1_8' title="bbox 155 1049 1711 1149; baseline -0.021 -15"><span class='ocrx_word' id='word_1_59' title='bbox 155 1078 373 1149; x_wconf 72' lang='lat' dir='ltr'><strong>accipere,</strong></span> <span class='ocrx_word' id='word_1_60' title='bbox 416 1049 513 1126; x_wconf 81' lang='lat' dir='ltr'><strong>nisi</strong></span> <span class='ocrx_word' id='word_1_61' title='bbox 555 1068 602 1123; x_wconf 84' lang='lat' dir='ltr'><strong>ei</strong></span> <span class='ocrx_word' id='word_1_62' title='bbox 639 1066 814 1120; x_wconf 85' lang='lat' dir='ltr'><strong>datum</strong></span> <span class='ocrx_word' id='word_1_63' title='bbox 842 1060 995 1131; x_wconf 72' lang='lat' dir='ltr'><strong>fuerit</strong></span> <span class='ocrx_word' id='word_1_64' title='bbox 1024 1057 1086 1112; x_wconf 86' lang='lat' dir='ltr'><strong>de</strong></span> <span class='ocrx_word' id='word_1_65' title='bbox 1115 1056 1259 1111; x_wconf 68' lang='lat' dir='ltr'><strong>creto.</strong></span> <span class='ocrx_word' id='word_1_66' title='bbox 1286 1055 1363 1108; x_wconf 89' lang='lat' dir='ltr'><strong>De</strong></span> <span class='ocrx_word' id='word_1_67' title='bbox 1386 1066 1492 1124; x_wconf 91' lang='lat' dir='ltr'><strong>quo</strong></span> <span class='ocrx_word' id='word_1_68' title='bbox 1514 1049 1711 1121; x_wconf 88' lang='lat' dir='ltr'><strong>putatis</strong></span> 
     </span>
    </p>
   </div>
   <div class='ocr_carea' id='block_1_9' title="bbox 156 1144 1710 1231">
    <p class='ocr_par' dir='ltr' id='par_1_9' title="bbox 156 1144 1710 1231">
     <span class='ocr_line' id='line_1_9' title="bbox 156 1144 1710 1231; baseline -0.023 -2"><span class='ocrx_word' id='word_1_69' title='bbox 156 1144 257 1231; x_wconf 77' lang='lat' dir='ltr'><strong>hoc</strong></span> <span class='ocrx_word' id='word_1_70' title='bbox 277 1167 468 1225; x_wconf 79' lang='lat' dir='ltr'><strong>dixisse</strong></span> <span class='ocrx_word' id='word_1_71' title='bbox 507 1157 807 1219; x_wconf 82' lang='lat' dir='ltr'><strong>Joannem?</strong></span> <span class='ocrx_word' id='word_1_72' title='bbox 852 1156 927 1210; x_wconf 91' lang='lat' dir='ltr'><strong>De</strong></span> <span class='ocrx_word' id='word_1_73' title='bbox 955 1151 1134 1223; x_wconf 84' lang='lat' dir='ltr'><strong>seipso</strong></span> <span class='ocrx_word' id='word_1_74' title='bbox 1165 1168 1178 1203; x_wconf 91' lang='lat'><strong>:</strong></span> <span class='ocrx_word' id='word_1_75' title='bbox 1207 1146 1368 1217; x_wconf 84' lang='lat' dir='ltr'><strong>Quasi</strong></span> <span class='ocrx_word' id='word_1_76' title='bbox 1410 1144 1571 1198; x_wconf 88' lang='lat' dir='ltr'><strong>homo</strong></span> <span class='ocrx_word' id='word_1_77' title='bbox 1618 1156 1710 1196; x_wconf 88' lang='lat' dir='ltr'><strong>ac-</strong></span> 
     </span>
    </p>
   </div>
   <div class='ocr_carea' id='block_1_10' title="bbox 155 1234 1714 1334">
    <p class='ocr_par' dir='ltr' id='par_1_10' title="bbox 155 1234 1714 1334">
     <span class='ocr_line' id='line_1_10' title="bbox 155 1234 1714 1334; baseline -0.021 -15"><span class='ocrx_word' id='word_1_78' title='bbox 155 1262 275 1334; x_wconf 76' lang='lat' dir='ltr'><strong>cepi,</strong></span> <span class='ocrx_word' id='word_1_79' title='bbox 289 1259 378 1325; x_wconf 87' lang='lat' dir='ltr'><strong>ait,</strong></span> <span class='ocrx_word' id='word_1_80' title='bbox 399 1255 468 1312; x_wconf 90' lang='lat' dir='ltr'><strong>dc</strong></span> <span class='ocrx_word' id='word_1_81' title='bbox 489 1252 651 1310; x_wconf 66' lang='lat' dir='ltr'><strong>coelo.</strong></span> <span class='ocrx_word' id='word_1_82' title='bbox 673 1245 914 1305; x_wconf 89' lang='lat' dir='ltr'><strong>lntendat</strong></span> <span class='ocrx_word' id='word_1_83' title='bbox 933 1242 1176 1299; x_wconf 82' lang='lat' dir='ltr'><strong>Charitas</strong></span> <span class='ocrx_word' id='word_1_84' title='bbox 1195 1248 1389 1296; x_wconf 89' lang='lat' dir='ltr'><strong>vestra.</strong></span> <span class='ocrx_word' id='word_1_85' title='bbox 1408 1234 1533 1305; x_wconf 78' lang='lat' dir='ltr'><strong>Non</strong></span> <span class='ocrx_word' id='word_1_86' title='bbox 1555 1240 1714 1334; x_wconf 77' lang='lat' dir='ltr'><strong>potest</strong></span> 
     </span>
    </p>
   </div>
   <div class='ocr_carea' id='block_1_11' title="bbox 157 1323 1710 1422">
    <p class='ocr_par' dir='ltr' id='par_1_11' title="bbox 157 1323 1710 1422">
     <span class='ocr_line' id='line_1_11' title="bbox 157 1323 1710 1422; baseline -0.022 -13"><span class='ocrx_word' id='word_1_87' title='bbox 157 1323 286 1409; x_wconf 63' lang='lat' dir='ltr'><strong>homo</strong></span> <span class='ocrx_word' id='word_1_88' title='bbox 306 1323 579 1422; x_wconf 74' lang='lat' dir='ltr'><strong>quidquam</strong></span> <span class='ocrx_word' id='word_1_89' title='bbox 605 1341 854 1412; x_wconf 80' lang='lat' dir='ltr'><strong>accipere,</strong></span> <span class='ocrx_word' id='word_1_90' title='bbox 894 1334 994 1390; x_wconf 85' lang='lat' dir='ltr'><strong>nisi</strong></span> <span class='ocrx_word' id='word_1_91' title='bbox 1026 1331 1176 1404; x_wconf 80' lang='lat' dir='ltr'><strong>fuerit</strong></span> <span class='ocrx_word' id='word_1_92' title='bbox 1197 1330 1243 1384; x_wconf 86' lang='lat' dir='ltr'><strong>ei</strong></span> <span class='ocrx_word' id='word_1_93' title='bbox 1269 1330 1443 1381; x_wconf 89' lang='lat' dir='ltr'><strong>datum</strong></span> <span class='ocrx_word' id='word_1_94' title='bbox 1471 1326 1533 1379; x_wconf 87' lang='lat' dir='ltr'><strong>de</strong></span> <span class='ocrx_word' id='word_1_95' title='bbox 1565 1323 1710 1377; x_wconf 71' lang='lat' dir='ltr'><strong>coelo.</strong></span> 
     </span>
    </p>
   </div>
   <div class='ocr_carea' id='block_1_12' title="bbox 157 1414 1715 1518">
    <p class='ocr_par' dir='ltr' id='par_1_12' title="bbox 157 1414 1715 1518">
     <span class='ocr_line' id='line_1_12' title="bbox 157 1414 1715 1518; baseline -0.022 -16"><span class='ocrx_word' id='word_1_96' title='bbox 157 1444 253 1518; x_wconf 80' lang='lat' dir='ltr'><strong>Ipsi</strong></span> <span class='ocrx_word' id='word_1_97' title='bbox 269 1414 350 1499; x_wconf 66' lang='grc' dir='ltr'><strong>σόα</strong></span> <span class='ocrx_word' id='word_1_98' title='bbox 374 1414 499 1494; x_wconf 70' lang='lat' dir='ltr'><strong>mihi</strong></span> <span class='ocrx_word' id='word_1_99' title='bbox 524 1432 866 1491; x_wconf 82' lang='lat' dir='ltr'><strong>testimonium</strong></span> <span class='ocrx_word' id='word_1_100' title='bbox 890 1423 1160 1500; x_wconf 86' lang='lat' dir='ltr'><strong>perhibetis</strong></span> <span class='ocrx_word' id='word_1_101' title='bbox 1185 1420 1319 1493; x_wconf 88' lang='lat' dir='ltr'><strong>quod</strong></span> <span class='ocrx_word' id='word_1_102' title='bbox 1350 1417 1584 1479; x_wconf 75' lang='lat' dir='ltr'><strong>dixerim,</strong></span> <span class='ocrx_word' id='word_1_103' title='bbox 1608 1414 1715 1486; x_wconf 87' lang='lat' dir='ltr'><strong>Ego</strong></span> 
     </span>
    </p>
   </div>
   <div class='ocr_carea' id='block_1_13' title="bbox 158 1508 1716 1594">
    <p class='ocr_par' dir='ltr' id='par_1_13' title="bbox 158 1508 1716 1594">
     <span class='ocr_line' id='line_1_13' title="bbox 158 1508 1716 1594; baseline -0.022 1"><span class='ocrx_word' id='word_1_104' title='bbox 158 1508 243 1594; x_wconf 74' lang='lat' dir='ltr'><strong>non</strong></span> <span class='ocrx_word' id='word_1_105' title='bbox 264 1550 368 1590; x_wconf 78' lang='lat' dir='ltr'><strong>sunt</strong></span> <span class='ocrx_word' id='word_1_106' title='bbox 388 1529 642 1588; x_wconf 73' lang='lat' dir='ltr'><strong>Christus.</strong></span> <span class='ocrx_word' id='word_1_107' title='bbox 671 1525 945 1593; x_wconf 83' lang='lat' dir='ltr'><strong>Tanquam</strong></span> <span class='ocrx_word' id='word_1_108' title='bbox 970 1518 1177 1581; x_wconf 89' lang='lat' dir='ltr'><strong>dicens,</strong></span> <span class='ocrx_word' id='word_1_109' title='bbox 1206 1513 1331 1585; x_wconf 89' lang='lat' dir='ltr'><strong>quid</strong></span> <span class='ocrx_word' id='word_1_110' title='bbox 1374 1527 1471 1567; x_wconf 90' lang='lat' dir='ltr'><strong>vos</strong></span> <span class='ocrx_word' id='word_1_111' title='bbox 1497 1508 1716 1564; x_wconf 82' lang='lat' dir='ltr'><strong>fallitis?</strong></span> 
     </span>
    </p>
   </div>
   <div class='ocr_carea' id='block_1_14' title="bbox 158 1604 1720 1698">
    <p class='ocr_par' dir='ltr' id='par_1_14' title="bbox 158 1604 1720 1698">
     <span class='ocr_line' id='line_1_14' title="bbox 158 1604 1720 1698; baseline -0.017 -13"><span class='ocrx_word' id='word_1_112' title='bbox 158 1644 239 1685; x_wconf 82' lang='lat' dir='ltr'><strong>vos</strong></span> <span class='ocrx_word' id='word_1_113' title='bbox 276 1626 370 1698; x_wconf 85' lang='lat' dir='ltr'><strong>ipsi</strong></span> <span class='ocrx_word' id='word_1_114' title='bbox 412 1622 545 1679; x_wconf 86' lang='lat' dir='ltr'><strong>mihi</strong></span> <span class='ocrx_word' id='word_1_115' title='bbox 587 1615 857 1691; x_wconf 90' lang='lat' dir='ltr'><strong>quomodo</strong></span> <span class='ocrx_word' id='word_1_116' title='bbox 897 1608 1250 1684; x_wconf 89' lang='lat' dir='ltr'><strong>proposuistis</strong></span> <span class='ocrx_word' id='word_1_117' title='bbox 1285 1607 1438 1661; x_wconf 90' lang='lat' dir='ltr'><strong>istam</strong></span> <span class='ocrx_word' id='word_1_118' title='bbox 1470 1604 1720 1675; x_wconf 60' lang='lat' dir='ltr'><strong>quastio—</strong></span> 
     </span>
    </p>
   </div>
   <div class='ocr_carea' id='block_1_15' title="bbox 161 1701 1720 1787">
    <p class='ocr_par' dir='ltr' id='par_1_15' title="bbox 161 1701 1720 1787">
     <span class='ocr_line' id='line_1_15' title="bbox 161 1701 1720 1787; baseline -0.019 -8"><span class='ocrx_word' id='word_1_119' title='bbox 161 1721 299 1779; x_wconf 84' lang='lat' dir='ltr'><strong>nem?</strong></span> <span class='ocrx_word' id='word_1_120' title='bbox 322 1714 454 1787; x_wconf 84' lang='lat' dir='ltr'><strong>Quid</strong></span> <span class='ocrx_word' id='word_1_121' title='bbox 496 1710 632 1769; x_wconf 88' lang='lat' dir='ltr'><strong>mihi</strong></span> <span class='ocrx_word' id='word_1_122' title='bbox 661 1706 904 1765; x_wconf 78' lang='lat' dir='ltr'><strong>dixistis?</strong></span> <span class='ocrx_word' id='word_1_123' title='bbox 931 1702 1115 1768; x_wconf 85' lang='lat' dir='ltr'><strong>Rabbi,</strong></span> <span class='ocrx_word' id='word_1_124' title='bbox 1144 1701 1228 1771; x_wconf 86' lang='lat' dir='ltr'><strong>qui</strong></span> <span class='ocrx_word' id='word_1_125' title='bbox 1254 1709 1361 1754; x_wconf 82' lang='lat' dir='ltr'><strong>erat</strong></span> <span class='ocrx_word' id='word_1_126' title='bbox 1386 1707 1548 1753; x_wconf 86' lang='lat' dir='ltr'><strong>tecum</strong></span> <span class='ocrx_word' id='word_1_127' title='bbox 1581 1705 1720 1750; x_wconf 85' lang='lat' dir='ltr'><strong>trans</strong></span> 
     </span>
    </p>
   </div>
   <div class='ocr_carea' id='block_1_16' title="bbox 160 1790 1721 1875">
    <p class='ocr_par' dir='ltr' id='par_1_16' title="bbox 160 1790 1721 1875">
     <span class='ocr_line' id='line_1_16' title="bbox 160 1790 1721 1875; baseline -0.018 -5"><span class='ocrx_word' id='word_1_128' title='bbox 160 1812 428 1875; x_wconf 75' lang='lat' dir='ltr'><strong>Jordanem,</strong></span> <span class='ocrx_word' id='word_1_129' title='bbox 456 1806 538 1861; x_wconf 81' lang='lat' dir='ltr'><strong>cui</strong></span> <span class='ocrx_word' id='word_1_130' title='bbox 567 1814 625 1858; x_wconf 85' lang='lat' dir='ltr'><strong>tu</strong></span> <span class='ocrx_word' id='word_1_131' title='bbox 656 1800 993 1857; x_wconf 78' lang='lat' dir='ltr'><strong>testimonium</strong></span> <span class='ocrx_word' id='word_1_132' title='bbox 1025 1793 1338 1865; x_wconf 83' lang='lat' dir='ltr'><strong>perhibuisti.</strong></span> <span class='ocrx_word' id='word_1_133' title='bbox 1379 1790 1558 1845; x_wconf 87' lang='lat' dir='ltr'><strong>Nostis</strong></span> <span class='ocrx_word' id='word_1_134' title='bbox 1593 1804 1721 1859; x_wconf 85' lang='lat' dir='ltr'><strong>ergo</strong></span> 
     </span>
    </p>
   </div>
   <div class='ocr_carea' id='block_1_17' title="bbox 163 1883 1722 1977">
    <p class='ocr_par' dir='ltr' id='par_1_17' title="bbox 163 1883 1722 1977">
     <span class='ocr_line' id='line_1_17' title="bbox 163 1883 1722 1977; baseline -0.017 -15"><span class='ocrx_word' id='word_1_135' title='bbox 163 1905 298 1977; x_wconf 85' lang='lat' dir='ltr'><strong>quale</strong></span> <span class='ocrx_word' id='word_1_136' title='bbox 318 1897 682 1958; x_wconf 87' lang='lat' dir='ltr'><strong>testimonium</strong></span> <span class='ocrx_word' id='word_1_137' title='bbox 717 1892 792 1948; x_wconf 89' lang='lat' dir='ltr'><strong>illi</strong></span> <span class='ocrx_word' id='word_1_138' title='bbox 823 1888 1067 1962; x_wconf 86' lang='lat' dir='ltr'><strong>perhibui</strong></span> <span class='ocrx_word' id='word_1_139' title='bbox 1107 1905 1120 1941; x_wconf 90' lang='lat'><strong>:</strong></span> <span class='ocrx_word' id='word_1_140' title='bbox 1152 1884 1311 1939; x_wconf 87' lang='lat' dir='ltr'><strong>modo</strong></span> <span class='ocrx_word' id='word_1_141' title='bbox 1344 1883 1581 1938; x_wconf 89' lang='lat' dir='ltr'><strong>dicturus</strong></span> <span class='ocrx_word' id='word_1_142' title='bbox 1603 1896 1722 1936; x_wconf 88' lang='lat' dir='ltr'><strong>sum</strong></span> 
     </span>
    </p>
   </div>
   <div class='ocr_carea' id='block_1_18' title="bbox 165 1969 1724 2058">
    <p class='ocr_par' dir='ltr' id='par_1_18' title="bbox 165 1969 1724 2058">
     <span class='ocr_line' id='line_1_18' title="bbox 165 1969 1724 2058; baseline -0.019 -5"><span class='ocrx_word' id='word_1_143' title='bbox 165 1969 555 2053; x_wconf 62' lang='lat' dir='ltr'><strong>nonmillum</strong></span> <span class='ocrx_word' id='word_1_144' title='bbox 582 2000 746 2058; x_wconf 85' lang='lat' dir='ltr'><strong>quem</strong></span> <span class='ocrx_word' id='word_1_145' title='bbox 788 1982 895 2037; x_wconf 82' lang='lat' dir='ltr'><strong>dixi</strong></span> <span class='ocrx_word' id='word_1_146' title='bbox 933 1978 1093 2034; x_wconf 88' lang='lat' dir='ltr'><strong>esse?</strong></span> <span class='ocrx_word' id='word_1_147' title='bbox 1131 1976 1270 2045; x_wconf 81' lang='lat' dir='ltr'><strong>Ergo</strong></span> <span class='ocrx_word' id='word_1_148' title='bbox 1313 1973 1434 2044; x_wconf 90' lang='lat' dir='ltr'><strong>quia</strong></span> <span class='ocrx_word' id='word_1_149' title='bbox 1476 1973 1493 2004; x_wconf 82' lang='grc'>¹</span> <span class='ocrx_word' id='word_1_150' title='bbox 1524 1969 1724 2040; x_wconf 89' lang='lat' dir='ltr'><strong>aliquid</strong></span> 
     </span>
    </p>
   </div>
   <div class='ocr_carea' id='block_1_19' title="bbox 169 2061 1724 2158">
    <p class='ocr_par' dir='ltr' id='par_1_19' title="bbox 169 2061 1724 2158">
     <span class='ocr_line' id='line_1_19' title="bbox 169 2061 1724 2158; baseline -0.018 -13"><span class='ocrx_word' id='word_1_151' title='bbox 169 2086 324 2158; x_wconf 83' lang='lat' dir='ltr'><strong>accepi</strong></span> <span class='ocrx_word' id='word_1_152' title='bbox 345 2083 407 2140; x_wconf 88' lang='lat' dir='ltr'><strong>de</strong></span> <span class='ocrx_word' id='word_1_153' title='bbox 433 2080 573 2138; x_wconf 79' lang='lat' dir='ltr'><strong>cmlo</strong></span> <span class='ocrx_word' id='word_1_154' title='bbox 618 2086 679 2133; x_wconf 89' lang='lat' dir='ltr'><strong>ut</strong></span> <span class='ocrx_word' id='word_1_155' title='bbox 717 2071 916 2144; x_wconf 90' lang='lat' dir='ltr'><strong>aliquid</strong></span> <span class='ocrx_word' id='word_1_156' title='bbox 945 2084 1141 2134; x_wconf 82' lang='lat' dir='ltr'><strong>essent,</strong></span> <span class='ocrx_word' id='word_1_157' title='bbox 1185 2068 1394 2121; x_wconf 89' lang='lat' dir='ltr'><strong>inanem</strong></span> <span class='ocrx_word' id='word_1_158' title='bbox 1439 2079 1527 2119; x_wconf 89' lang='lat' dir='ltr'><strong>me</strong></span> <span class='ocrx_word' id='word_1_159' title='bbox 1562 2061 1724 2117; x_wconf 78' lang='lat' dir='ltr'><strong>vultis</strong></span> 
     </span>
    </p>
   </div>
   <div class='ocr_carea' id='block_1_20' title="bbox 170 2153 1725 2243">
    <p class='ocr_par' dir='ltr' id='par_1_20' title="bbox 170 2153 1725 2243">
     <span class='ocr_line' id='line_1_20' title="bbox 170 2153 1725 2243; baseline -0.021 -7"><span class='ocrx_word' id='word_1_160' title='bbox 339 2184 390 2230; x_wconf 90' lang='lat' dir='ltr'><strong>ut</strong></span> <span class='ocrx_word' id='word_1_161' title='bbox 422 2175 617 2243; x_wconf 87' lang='lat' dir='ltr'><strong>loquar</strong></span> <span class='ocrx_word' id='word_1_162' title='bbox 657 2175 843 2222; x_wconf 88' lang='lat' dir='ltr'><strong>contra</strong></span> <span class='ocrx_word' id='word_1_163' title='bbox 885 2157 1199 2216; x_wconf 81' lang='lat' dir='ltr'><strong>veritatem?</strong></span> <span class='ocrx_word' id='word_1_164' title='bbox 1226 2154 1347 2210; x_wconf 89' lang='lat' dir='ltr'><strong>Non</strong></span> <span class='ocrx_word' id='word_1_165' title='bbox 1375 2162 1536 2225; x_wconf 77' lang='lat' dir='ltr'><strong>potest</strong></span> <span class='ocrx_word' id='word_1_166' title='bbox 1576 2153 1725 2206; x_wconf 85' lang='lat' dir='ltr'><strong>homo</strong></span> 
     </span>
    </p>
   </div>
   <div class='ocr_carea' id='block_1_21' title="bbox 169 2241 1728 2338">
    <p class='ocr_par' dir='ltr' id='par_1_21' title="bbox 169 2241 1728 2338">
     <span class='ocr_line' id='line_1_21' title="bbox 169 2241 1728 2338; baseline -0.02 -13"><span class='ocrx_word' id='word_1_167' title='bbox 169 2271 366 2338; x_wconf 79' lang='lat' dir='ltr'><strong>accipere</strong></span> <span class='ocrx_word' id='word_1_168' title='bbox 385 2241 667 2337; x_wconf 71' lang='lat' dir='ltr'><strong>quidquam</strong></span> <span class='ocrx_word' id='word_1_169' title='bbox 691 2300 706 2321; x_wconf 87' lang='lat'><strong>.</strong></span> <span class='ocrx_word' id='word_1_170' title='bbox 737 2256 834 2310; x_wconf 87' lang='lat' dir='ltr'><strong>nisi</strong></span> <span class='ocrx_word' id='word_1_171' title='bbox 863 2251 1012 2323; x_wconf 80' lang='lat' dir='ltr'><strong>fuerit</strong></span> <span class='ocrx_word' id='word_1_172' title='bbox 1038 2250 1114 2304; x_wconf 85' lang='lat' dir='ltr'><strong>iui</strong></span> <span class='ocrx_word' id='word_1_173' title='bbox 1143 2248 1317 2302; x_wconf 88' lang='lat' dir='ltr'><strong>datum</strong></span> <span class='ocrx_word' id='word_1_174' title='bbox 1349 2245 1411 2299; x_wconf 90' lang='lat' dir='ltr'><strong>de</strong></span> <span class='ocrx_word' id='word_1_175' title='bbox 1440 2244 1582 2298; x_wconf 69' lang='lat' dir='ltr'><strong>caelo.</strong></span> <span class='ocrx_word' id='word_1_176' title='bbox 1613 2241 1728 2312; x_wconf 86' lang='lat' dir='ltr'><strong>Ipsi</strong></span> 
     </span>
    </p>
   </div>
   <div class='ocr_carea' id='block_1_22' title="bbox 169 2333 1728 2416">
    <p class='ocr_par' dir='ltr' id='par_1_22' title="bbox 169 2333 1728 2416">
     <span class='ocr_line' id='line_1_22' title="bbox 169 2333 1728 2416; baseline -0.022 1"><span class='ocrx_word' id='word_1_177' title='bbox 169 2377 241 2416; x_wconf 75' lang='lat' dir='ltr'><strong>vos</strong></span> <span class='ocrx_word' id='word_1_178' title='bbox 260 2333 375 2414; x_wconf 70' lang='lat' dir='ltr'><strong>inihi</strong></span> <span class='ocrx_word' id='word_1_179' title='bbox 397 2333 743 2410; x_wconf 78' lang='lat' dir='ltr'><strong>testimonium</strong></span> <span class='ocrx_word' id='word_1_180' title='bbox 773 2342 1039 2416; x_wconf 79' lang='lat' dir='ltr'><strong>perhibetis</strong></span> <span class='ocrx_word' id='word_1_181' title='bbox 1065 2339 1200 2411; x_wconf 86' lang='lat' dir='ltr'><strong>quod</strong></span> <span class='ocrx_word' id='word_1_182' title='bbox 1228 2335 1465 2401; x_wconf 72' lang='lat' dir='ltr'><strong>dixerim,</strong></span> <span class='ocrx_word' id='word_1_183' title='bbox 1500 2333 1608 2404; x_wconf 85' lang='lat' dir='ltr'><strong>Ego</strong></span> <span class='ocrx_word' id='word_1_184' title='bbox 1626 2349 1728 2386; x_wconf 63' lang='lat' dir='ltr'><strong>non</strong></span> 
     </span>
    </p>
   </div>
   <div class='ocr_carea' id='block_1_23' title="bbox 170 2423 1731 2508">
    <p class='ocr_par' dir='ltr' id='par_1_23' title="bbox 170 2423 1731 2508">
     <span class='ocr_line' id='line_1_23' title="bbox 170 2423 1731 2508; baseline -0.021 1"><span class='ocrx_word' id='word_1_185' title='bbox 170 2468 263 2508; x_wconf 81' lang='lat' dir='ltr'><strong>sttui</strong></span> <span class='ocrx_word' id='word_1_186' title='bbox 285 2449 522 2506; x_wconf 74' lang='lat' dir='ltr'><strong>Christus.</strong></span> <span class='ocrx_word' id='word_1_187' title='bbox 552 2441 674 2499; x_wconf 86' lang='lat' dir='ltr'><strong>Non</strong></span> <span class='ocrx_word' id='word_1_188' title='bbox 715 2454 775 2492; x_wconf 88' lang='lat' dir='ltr'><strong>es</strong></span> <span class='ocrx_word' id='word_1_189' title='bbox 814 2444 869 2491; x_wconf 89' lang='lat' dir='ltr'><strong>tu</strong></span> <span class='ocrx_word' id='word_1_190' title='bbox 891 2432 1134 2490; x_wconf 87' lang='lat' dir='ltr'><strong>Christus</strong></span> <span class='ocrx_word' id='word_1_191' title='bbox 1160 2446 1173 2482; x_wconf 92' lang='lat'><strong>:</strong></span> <span class='ocrx_word' id='word_1_192' title='bbox 1197 2427 1292 2483; x_wconf 89' lang='lat' dir='ltr'><strong>sed</strong></span> <span class='ocrx_word' id='word_1_193' title='bbox 1322 2424 1469 2496; x_wconf 89' lang='lat' dir='ltr'><strong>quid,</strong></span> <span class='ocrx_word' id='word_1_194' title='bbox 1491 2423 1538 2478; x_wconf 93' lang='lat' dir='ltr'><strong>si</strong></span> <span class='ocrx_word' id='word_1_195' title='bbox 1560 2423 1731 2491; x_wconf 82' lang='lat' dir='ltr'><strong>major</strong></span> 
     </span>
    </p>
   </div>
   <div class='ocr_carea' id='block_1_24' title="bbox 172 2521 1732 2613">
    <p class='ocr_par' dir='ltr' id='par_1_24' title="bbox 172 2521 1732 2613">
     <span class='ocr_line' id='line_1_24' title="bbox 172 2521 1732 2613; baseline -0.02 -14"><span class='ocrx_word' id='word_1_196' title='bbox 172 2545 266 2610; x_wconf 89' lang='lat' dir='ltr'><strong>illo,</strong></span> <span class='ocrx_word' id='word_1_197' title='bbox 290 2540 402 2613; x_wconf 87' lang='lat' dir='ltr'><strong>quia</strong></span> <span class='ocrx_word' id='word_1_198' title='bbox 426 2548 481 2593; x_wconf 88' lang='lat' dir='ltr'><strong>tu</strong></span> <span class='ocrx_word' id='word_1_199' title='bbox 501 2534 657 2591; x_wconf 88' lang='lat' dir='ltr'><strong>illum</strong></span> <span class='ocrx_word' id='word_1_200' title='bbox 684 2524 1004 2601; x_wconf 84' lang='lat' dir='ltr'><strong>baptizasti?</strong></span> <span class='ocrx_word' id='word_1_201' title='bbox 1035 2521 1224 2578; x_wconf 79' lang='lat' dir='ltr'><strong>Missus</strong></span> <span class='ocrx_word' id='word_1_202' title='bbox 1253 2534 1364 2574; x_wconf 85' lang='lat' dir='ltr'><strong>sum</strong></span> <span class='ocrx_word' id='word_1_203' title='bbox 1392 2533 1410 2570; x_wconf 90' lang='lat'><em>:</em></span> <span class='ocrx_word' id='word_1_204' title='bbox 1434 2530 1536 2587; x_wconf 90' lang='lat' dir='ltr'><strong>ego</strong></span> <span class='ocrx_word' id='word_1_205' title='bbox 1558 2528 1732 2585; x_wconf 65' lang='lat' dir='ltr'><strong>praeco</strong></span> 
     </span>
    </p>
   </div>
   <div class='ocr_carea' id='block_1_25' title="bbox 171 2626 712 2700">
    <p class='ocr_par' dir='ltr' id='par_1_25' title="bbox 171 2626 712 2700">
     <span class='ocr_line' id='line_1_25' title="bbox 171 2626 712 2700; baseline -0.028 -9"><span class='ocrx_word' id='word_1_206' title='bbox 171 2628 290 2699; x_wconf 83' lang='lat' dir='ltr'><strong>sum,</strong></span> <span class='ocrx_word' id='word_1_207' title='bbox 313 2631 394 2687; x_wconf 89' lang='lat' dir='ltr'><strong>ille</strong></span> <span class='ocrx_word' id='word_1_208' title='bbox 417 2626 581 2700; x_wconf 69' lang='lat' dir='ltr'><strong>iudex</strong></span> <span class='ocrx_word' id='word_1_209' title='bbox 609 2630 712 2680; x_wconf 87' lang='lat' dir='ltr'><strong>est.</strong></span> 
     </span>
    </p>
   </div>
   <div class='ocr_carea' id='block_1_26' title="bbox 231 2696 1734 2781">
    <p class='ocr_par' dir='ltr' id='par_1_26' title="bbox 231 2696 1734 2781">
     <span class='ocr_line' id='line_1_26' title="bbox 231 2696 1734 2781; baseline -0.02 0"><span class='ocrx_word' id='word_1_210' title='bbox 231 2696 308 2781; x_wconf 71' lang='lat' dir='ltr'><strong>id.</strong></span> <span class='ocrx_word' id='word_1_211' title='bbox 333 2723 397 2778; x_wconf 83' lang='lat' dir='ltr'><strong>Et</strong></span> <span class='ocrx_word' id='word_1_212' title='bbox 418 2696 545 2775; x_wconf 81' lang='lat' dir='ltr'><strong>audi</strong></span> <span class='ocrx_word' id='word_1_213' title='bbox 575 2710 940 2771; x_wconf 90' lang='lat' dir='ltr'><strong>testimonium</strong></span> <span class='ocrx_word' id='word_1_214' title='bbox 962 2705 1131 2760; x_wconf 89' lang='lat' dir='ltr'><strong>multo</strong></span> <span class='ocrx_word' id='word_1_215' title='bbox 1154 2699 1543 2764; x_wconf 75' lang='lat' dir='ltr'><strong>vehementius,</strong></span> <span class='ocrx_word' id='word_1_216' title='bbox 1567 2696 1734 2751; x_wconf 91' lang='lat' dir='ltr'><strong>multo</strong></span> 
     </span>
    </p>
   </div>
   <div class='ocr_carea' id='block_1_27' title="bbox 176 2787 1736 2890">
    <p class='ocr_par' dir='ltr' id='par_1_27' title="bbox 176 2787 1736 2890">
     <span class='ocr_line' id='line_1_27' title="bbox 176 2787 1736 2890; baseline -0.022 -15"><span class='ocrx_word' id='word_1_217' title='bbox 176 2814 463 2890; x_wconf 77' lang='lat' dir='ltr'><strong>expressius.</strong></span> <span class='ocrx_word' id='word_1_218' title='bbox 490 2809 692 2865; x_wconf 78' lang='lat' dir='ltr'><strong>Videte</strong></span> <span class='ocrx_word' id='word_1_219' title='bbox 723 2802 848 2875; x_wconf 90' lang='lat' dir='ltr'><strong>quid</strong></span> <span class='ocrx_word' id='word_1_220' title='bbox 872 2799 1148 2855; x_wconf 89' lang='lat' dir='ltr'><strong>nobiscum</strong></span> <span class='ocrx_word' id='word_1_221' title='bbox 1177 2794 1382 2865; x_wconf 89' lang='lat' dir='ltr'><strong>agitur;</strong></span> <span class='ocrx_word' id='word_1_222' title='bbox 1410 2791 1585 2845; x_wconf 86' lang='lat' dir='ltr'><strong>videte</strong></span> <span class='ocrx_word' id='word_1_223' title='bbox 1609 2787 1736 2858; x_wconf 88' lang='lat' dir='ltr'><strong>quid</strong></span> 
     </span>
    </p>
   </div>
   <div class='ocr_carea' id='block_1_28' title="bbox 175 2882 1738 2966">
    <p class='ocr_par' dir='ltr' id='par_1_28' title="bbox 175 2882 1738 2966">
     <span class='ocr_line' id='line_1_28' title="bbox 175 2882 1738 2966; baseline -0.022 2"><span class='ocrx_word' id='word_1_224' title='bbox 175 2882 329 2966; x_wconf 76' lang='lat' dir='ltr'><strong>amare</strong></span> <span class='ocrx_word' id='word_1_225' title='bbox 379 2906 720 2965; x_wconf 86' lang='lat' dir='ltr'><strong>debeamus;</strong></span> <span class='ocrx_word' id='word_1_226' title='bbox 771 2895 947 2950; x_wconf 83' lang='lat' dir='ltr'><strong>videte</strong></span> <span class='ocrx_word' id='word_1_227' title='bbox 997 2890 1118 2961; x_wconf 85' lang='lat' dir='ltr'><strong>quia</strong></span> <span class='ocrx_word' id='word_1_228' title='bbox 1185 2887 1413 2956; x_wconf 81' lang='lat' dir='ltr'><strong>aliquem</strong></span> <span class='ocrx_word' id='word_1_229' title='bbox 1467 2882 1738 2937; x_wconf 87' lang='lat' dir='ltr'><strong>hominem</strong></span> 
     </span>
    </p>
   </div>
   <div class='ocr_carea' id='block_1_29' title="bbox 176 2971 1733 3069">
    <p class='ocr_par' dir='ltr' id='par_1_29' title="bbox 176 2971 1733 3069">
     <span class='ocr_line' id='line_1_29' title="bbox 176 2971 1733 3069; baseline -0.019 -14"><span class='ocrx_word' id='word_1_230' title='bbox 176 3015 330 3057; x_wconf 83' lang='lat' dir='ltr'><strong>amare</strong></span> <span class='ocrx_word' id='word_1_231' title='bbox 352 3012 447 3069; x_wconf 89' lang='lat' dir='ltr'><strong>pro</strong></span> <span class='ocrx_word' id='word_1_232' title='bbox 473 2993 700 3051; x_wconf 86' lang='lat' dir='ltr'><strong>Christo</strong></span> <span class='ocrx_word' id='word_1_233' title='bbox 719 3030 735 3055; x_wconf 93' lang='lat'><strong>,</strong></span> <span class='ocrx_word' id='word_1_234' title='bbox 765 2982 1083 3041; x_wconf 86' lang='lat' dir='ltr'><strong>adulterium</strong></span> <span class='ocrx_word' id='word_1_235' title='bbox 1109 2987 1209 3035; x_wconf 90' lang='lat' dir='ltr'><strong>est.</strong></span> <span class='ocrx_word' id='word_1_236' title='bbox 1237 2977 1413 3045; x_wconf 84' lang='lat' dir='ltr'><strong>Quare</strong></span> <span class='ocrx_word' id='word_1_237' title='bbox 1442 2974 1544 3029; x_wconf 90' lang='lat' dir='ltr'><strong>hoc</strong></span> <span class='ocrx_word' id='word_1_238' title='bbox 1569 2971 1733 3027; x_wconf 84' lang='lat' dir='ltr'><strong>dico?</strong></span> 
     </span>
    </p>
   </div>
   <div class='ocr_carea' id='block_1_30' title="bbox 177 3062 1736 3145">
    <p class='ocr_par' dir='ltr' id='par_1_30' title="bbox 177 3062 1736 3145">
     <span class='ocr_line' id='line_1_30' title="bbox 177 3062 1736 3145; baseline -0.021 1"><span class='ocrx_word' id='word_1_239' title='bbox 177 3062 495 3145; x_wconf 75' lang='lat' dir='ltr'><strong>Attendamus</strong></span> <span class='ocrx_word' id='word_1_240' title='bbox 540 3094 734 3138; x_wconf 83' lang='lat' dir='ltr'><strong>vocem</strong></span> <span class='ocrx_word' id='word_1_241' title='bbox 784 3073 1043 3132; x_wconf 81' lang='lat' dir='ltr'><strong>Joannis:</strong></span> <span class='ocrx_word' id='word_1_242' title='bbox 1076 3075 1283 3139; x_wconf 85' lang='lat' dir='ltr'><strong>poterat</strong></span> <span class='ocrx_word' id='word_1_243' title='bbox 1328 3066 1381 3120; x_wconf 90' lang='lat' dir='ltr'><strong>in</strong></span> <span class='ocrx_word' id='word_1_244' title='bbox 1413 3064 1500 3119; x_wconf 91' lang='lat' dir='ltr'><strong>illo</strong></span> <span class='ocrx_word' id='word_1_245' title='bbox 1523 3062 1736 3127; x_wconf 87' lang='lat' dir='ltr'><strong>errari,</strong></span> 
     </span>
    </p>
   </div>
   <div class='ocr_carea' id='block_1_31' title="bbox 178 3150 1738 3253">
    <p class='ocr_par' dir='ltr' id='par_1_31' title="bbox 178 3150 1738 3253">
     <span class='ocr_line' id='line_1_31' title="bbox 178 3150 1738 3253; baseline -0.024 -14"><span class='ocrx_word' id='word_1_246' title='bbox 178 3189 359 3253; x_wconf 84' lang='lat' dir='ltr'><strong>poterat</strong></span> <span class='ocrx_word' id='word_1_247' title='bbox 380 3178 489 3249; x_wconf 85' lang='lat' dir='ltr'><strong>ipse</strong></span> <span class='ocrx_word' id='word_1_248' title='bbox 523 3169 706 3247; x_wconf 87' lang='lat' dir='ltr'><strong>putari</strong></span> <span class='ocrx_word' id='word_1_249' title='bbox 728 3167 817 3238; x_wconf 89' lang='lat' dir='ltr'><strong>qui</strong></span> <span class='ocrx_word' id='word_1_250' title='bbox 843 3179 947 3219; x_wconf 92' lang='lat' dir='ltr'><strong>non</strong></span> <span class='ocrx_word' id='word_1_251' title='bbox 976 3170 1124 3224; x_wconf 87' lang='lat' dir='ltr'><strong>erat;</strong></span> <span class='ocrx_word' id='word_1_252' title='bbox 1152 3156 1353 3226; x_wconf 85' lang='lat' dir='ltr'><strong>respuit</strong></span> <span class='ocrx_word' id='word_1_253' title='bbox 1384 3170 1416 3209; x_wconf 91' lang='lat' dir='ltr'><strong>a</strong></span> <span class='ocrx_word' id='word_1_254' title='bbox 1449 3168 1509 3209; x_wconf 90' lang='lat' dir='ltr'><strong>se</strong></span> <span class='ocrx_word' id='word_1_255' title='bbox 1548 3150 1738 3206; x_wconf 83' lang='lat' dir='ltr'><strong>falsum</strong></span> 
     </span>
    </p>
   </div>
   <div class='ocr_carea' id='block_1_32' title="bbox 180 3242 1740 3339">
    <p class='ocr_par' dir='ltr' id='par_1_32' title="bbox 180 3242 1740 3339">
     <span class='ocr_line' id='line_1_32' title="bbox 180 3242 1740 3339; baseline -0.024 -7"><span class='ocrx_word' id='word_1_256' title='bbox 180 3242 429 3339; x_wconf 77' lang='lat' dir='ltr'><strong>honorem,</strong></span> <span class='ocrx_word' id='word_1_257' title='bbox 475 3242 545 3325; x_wconf 70' lang='grc' dir='ltr'><strong>υἱ</strong></span> <span class='ocrx_word' id='word_1_258' title='bbox 580 3271 763 3323; x_wconf 80' lang='lat' dir='ltr'><strong>teneat</strong></span> <span class='ocrx_word' id='word_1_259' title='bbox 804 3256 1025 3316; x_wconf 89' lang='lat' dir='ltr'><strong>solidam</strong></span> <span class='ocrx_word' id='word_1_260' title='bbox 1065 3252 1363 3308; x_wconf 84' lang='lat' dir='ltr'><strong>veritatem.</strong></span> <span class='ocrx_word' id='word_1_261' title='bbox 1389 3246 1580 3302; x_wconf 78' lang='lat' dir='ltr'><strong>Videte</strong></span> <span class='ocrx_word' id='word_1_262' title='bbox 1613 3242 1740 3312; x_wconf 90' lang='lat' dir='ltr'><strong>quid</strong></span> 
     </span>
    </p>
   </div>
   <div class='ocr_carea' id='block_1_33' title="bbox 184 3515 1743 3616">
    <p class='ocr_par' dir='ltr' id='par_1_33' title="bbox 184 3515 1743 3616">
     <span class='ocr_line' id='line_1_33' title="bbox 184 3515 1743 3616; baseline -0.024 -13"><span class='ocrx_word' id='word_1_263' title='bbox 184 3544 415 3616; x_wconf 84' lang='lat' dir='ltr'><strong>quinobis</strong></span> <span class='ocrx_word' id='word_1_264' title='bbox 432 3541 593 3604; x_wconf 88' lang='lat' dir='ltr'><strong>dicis,</strong></span> <span class='ocrx_word' id='word_1_265' title='bbox 615 3535 718 3602; x_wconf 84' lang='lat' dir='ltr'><strong>Qui</strong></span> <span class='ocrx_word' id='word_1_266' title='bbox 740 3531 886 3587; x_wconf 86' lang='lat' dir='ltr'><strong>habet</strong></span> <span class='ocrx_word' id='word_1_267' title='bbox 904 3541 1171 3600; x_wconf 84' lang='lat' dir='ltr'><strong>sponsam,</strong></span> <span class='ocrx_word' id='word_1_268' title='bbox 1202 3535 1417 3591; x_wconf 85' lang='lat' dir='ltr'><strong>sponsus</strong></span> <span class='ocrx_word' id='word_1_269' title='bbox 1460 3517 1567 3571; x_wconf 84' lang='lat' dir='ltr'><strong>est?</strong></span> <span class='ocrx_word' id='word_1_270' title='bbox 1596 3515 1743 3568; x_wconf 81' lang='lat' dir='ltr'><strong>Ami-</strong></span> 
     </span>
    </p>
   </div>
   <div class='ocr_carea' id='block_1_34' title="bbox 185 3604 1741 3702">
    <p class='ocr_par' dir='ltr' id='par_1_34' title="bbox 185 3604 1741 3702">
     <span class='ocr_line' id='line_1_34' title="bbox 185 3604 1741 3702; baseline -0.022 -11"><span class='ocrx_word' id='word_1_271' title='bbox 185 3604 260 3690; x_wconf 64' lang='grc' dir='ltr'>έιιι</span> <span class='ocrx_word' id='word_1_272' title='bbox 282 3644 437 3692; x_wconf 75' lang='lat' dir='ltr'><strong>autem</strong></span> <span class='ocrx_word' id='word_1_273' title='bbox 465 3627 667 3702; x_wconf 84' lang='lat' dir='ltr'><strong>sponsi,</strong></span> <span class='ocrx_word' id='word_1_274' title='bbox 698 3624 786 3691; x_wconf 88' lang='lat' dir='ltr'><strong>qui</strong></span> <span class='ocrx_word' id='word_1_275' title='bbox 803 3630 901 3677; x_wconf 85' lang='lat' dir='ltr'><strong>stat</strong></span> <span class='ocrx_word' id='word_1_276' title='bbox 921 3628 967 3674; x_wconf 88' lang='lat' dir='ltr'><strong>et</strong></span> <span class='ocrx_word' id='word_1_277' title='bbox 996 3615 1138 3670; x_wconf 85' lang='lat' dir='ltr'><strong>audit</strong></span> <span class='ocrx_word' id='word_1_278' title='bbox 1167 3629 1276 3667; x_wconf 82' lang='lat' dir='ltr'><strong>eum</strong></span> <span class='ocrx_word' id='word_1_279' title='bbox 1298 3653 1310 3675; x_wconf 93' lang='lat'><strong>,</strong></span> <span class='ocrx_word' id='word_1_280' title='bbox 1342 3607 1529 3681; x_wconf 83' lang='lat' dir='ltr'><strong>gaudio</strong></span> <span class='ocrx_word' id='word_1_281' title='bbox 1554 3604 1741 3678; x_wconf 83' lang='lat' dir='ltr'><strong>gaudet</strong></span> 
     </span>
    </p>
   </div>
   <div class='ocr_carea' id='block_1_35' title="bbox 188 3706 1746 3799">
    <p class='ocr_par' dir='ltr' id='par_1_35' title="bbox 188 3706 1746 3799">
     <span class='ocr_line' id='line_1_35' title="bbox 188 3706 1746 3799; baseline -0.023 -13"><span class='ocrx_word' id='word_1_282' title='bbox 188 3738 364 3799; x_wconf 78' lang='lat' dir='ltr'><strong>propter</strong></span> <span class='ocrx_word' id='word_1_283' title='bbox 389 3740 556 3781; x_wconf 73' lang='lat' dir='ltr'><strong>vocem</strong></span> <span class='ocrx_word' id='word_1_284' title='bbox 580 3718 773 3791; x_wconf 83' lang='lat' dir='ltr'><strong>sponsi.</strong></span> <span class='ocrx_word' id='word_1_285' title='bbox 805 3712 986 3768; x_wconf 73' lang='lat' dir='ltr'><strong>Aderit</strong></span> <span class='ocrx_word' id='word_1_286' title='bbox 1008 3708 1261 3764; x_wconf 88' lang='lat' dir='ltr'><strong>Dominus</strong></span> <span class='ocrx_word' id='word_1_287' title='bbox 1284 3706 1422 3757; x_wconf 86' lang='lat' dir='ltr'><strong>Deus</strong></span> <span class='ocrx_word' id='word_1_288' title='bbox 1447 3708 1629 3755; x_wconf 91' lang='lat' dir='ltr'><strong>noster</strong></span> <span class='ocrx_word' id='word_1_289' title='bbox 1648 3713 1746 3768; x_wconf 89' lang='lat' dir='ltr'><strong>pro</strong></span> 
     </span>
    </p>
   </div>
   <div class='ocr_carea' id='block_1_36' title="bbox 188 3789 1750 3875">
    <p class='ocr_par' dir='ltr' id='par_1_36' title="bbox 188 3789 1750 3875">
     <span class='ocr_line' id='line_1_36' title="bbox 188 3789 1750 3875; baseline -0.021 -1"><span class='ocrx_word' id='word_1_290' title='bbox 188 3789 312 3874; x_wconf 70' lang='grc' dir='ltr'>ιιιῦιιι</span> <span class='ocrx_word' id='word_1_291' title='bbox 344 3817 515 3875; x_wconf 88' lang='lat' dir='ltr'><strong>cordis</strong></span> <span class='ocrx_word' id='word_1_292' title='bbox 563 3789 692 3875; x_wconf 82' lang='lat' dir='ltr'><strong>mei,</strong></span> <span class='ocrx_word' id='word_1_293' title='bbox 720 3806 887 3862; x_wconf 87' lang='lat' dir='ltr'><strong>multo</strong></span> <span class='ocrx_word' id='word_1_294' title='bbox 914 3802 1053 3857; x_wconf 88' lang='lat' dir='ltr'><strong>enim</strong></span> <span class='ocrx_word' id='word_1_295' title='bbox 1080 3797 1276 3869; x_wconf 82' lang='lat' dir='ltr'><strong>gemitu</strong></span> <span class='ocrx_word' id='word_1_296' title='bbox 1302 3795 1511 3864; x_wconf 88' lang='lat' dir='ltr'><strong>plenum</strong></span> <span class='ocrx_word' id='word_1_297' title='bbox 1536 3799 1640 3857; x_wconf 87' lang='lat' dir='ltr'><strong>est,</strong></span> <span class='ocrx_word' id='word_1_298' title='bbox 1670 3789 1750 3842; x_wconf 77' lang='lat' dir='ltr'><strong>di~</strong></span> 
     </span>
    </p>
   </div>
   <div class='ocr_carea' id='block_1_37' title="bbox 189 3878 1748 3980">
    <p class='ocr_par' dir='ltr' id='par_1_37' title="bbox 189 3878 1748 3980">
     <span class='ocr_line' id='line_1_37' title="bbox 189 3878 1748 3980; baseline -0.022 -15"><span class='ocrx_word' id='word_1_299' title='bbox 189 3926 294 3965; x_wconf 86' lang='lat' dir='ltr'><strong>cere</strong></span> <span class='ocrx_word' id='word_1_300' title='bbox 336 3906 470 3980; x_wconf 88' lang='lat' dir='ltr'><strong>quod</strong></span> <span class='ocrx_word' id='word_1_301' title='bbox 513 3903 677 3960; x_wconf 87' lang='lat' dir='ltr'><strong>doleo</strong></span> <span class='ocrx_word' id='word_1_302' title='bbox 707 3917 721 3953; x_wconf 89' lang='lat'><strong>:</strong></span> <span class='ocrx_word' id='word_1_303' title='bbox 751 3894 844 3952; x_wconf 86' lang='lat' dir='ltr'><strong>scd</strong></span> <span class='ocrx_word' id='word_1_304' title='bbox 884 3893 1108 3948; x_wconf 79' lang='lat' dir='ltr'><strong>obsecro</strong></span> <span class='ocrx_word' id='word_1_305' title='bbox 1135 3901 1228 3940; x_wconf 68' lang='lat' dir='ltr'><strong>vos</strong></span> <span class='ocrx_word' id='word_1_306' title='bbox 1257 3900 1348 3955; x_wconf 88' lang='lat' dir='ltr'><strong>per</strong></span> <span class='ocrx_word' id='word_1_307' title='bbox 1384 3884 1555 3952; x_wconf 78' lang='lat' dir='ltr'><strong>ipsum</strong></span> <span class='ocrx_word' id='word_1_308' title='bbox 1594 3878 1748 3933; x_wconf 88' lang='lat' dir='ltr'><strong>Chri-</strong></span> 
     </span>
    </p>
   </div>
   <div class='ocr_carea' id='block_1_38' title="bbox 190 3973 1747 4069">
    <p class='ocr_par' dir='ltr' id='par_1_38' title="bbox 190 3973 1747 4069">
     <span class='ocr_line' id='line_1_38' title="bbox 190 3973 1747 4069; baseline -0.019 -14"><span class='ocrx_word' id='word_1_309' title='bbox 190 3973 398 4065; x_wconf 82' lang='lat' dir='ltr'><strong>stum,ut</strong></span> <span class='ocrx_word' id='word_1_310' title='bbox 411 3996 555 4069; x_wconf 84' lang='lat' dir='ltr'><strong>quod</strong></span> <span class='ocrx_word' id='word_1_311' title='bbox 584 3994 761 4048; x_wconf 87' lang='lat' dir='ltr'><strong>dicere</strong></span> <span class='ocrx_word' id='word_1_312' title='bbox 789 4001 895 4042; x_wconf 91' lang='lat' dir='ltr'><strong>non</strong></span> <span class='ocrx_word' id='word_1_313' title='bbox 926 3990 1168 4054; x_wconf 91' lang='lat' dir='ltr'><strong>potuero,</strong></span> <span class='ocrx_word' id='word_1_314' title='bbox 1199 3993 1292 4031; x_wconf 86' lang='lat' dir='ltr'><strong>vos</strong></span> <span class='ocrx_word' id='word_1_315' title='bbox 1318 3975 1598 4045; x_wconf 86' lang='lat' dir='ltr'><strong>cogitetis;</strong></span> <span class='ocrx_word' id='word_1_316' title='bbox 1628 3973 1747 4027; x_wconf 90' lang='lat' dir='ltr'><strong>novi</strong></span> 
     </span>
    </p>
   </div>
   <div class='ocr_carea' id='block_1_39' title="bbox 192 4069 1747 4146">
    <p class='ocr_par' dir='ltr' id='par_1_39' title="bbox 192 4069 1747 4146">
     <span class='ocr_line' id='line_1_39' title="bbox 192 4069 1747 4146; baseline -0.021 0"><span class='ocrx_word' id='word_1_317' title='bbox 192 4093 312 4146; x_wconf 83' lang='lat' dir='ltr'><strong>enim</strong></span> <span class='ocrx_word' id='word_1_318' title='bbox 336 4092 573 4146; x_wconf 80' lang='lat' dir='ltr'><strong>dolorem</strong></span> <span class='ocrx_word' id='word_1_319' title='bbox 605 4095 786 4139; x_wconf 84' lang='lat' dir='ltr'><strong>meum</strong></span> <span class='ocrx_word' id='word_1_320' title='bbox 816 4073 1040 4146; x_wconf 81' lang='lat' dir='ltr'><strong>exprimi</strong></span> <span class='ocrx_word' id='word_1_321' title='bbox 1069 4070 1196 4127; x_wconf 81' lang='lat' dir='ltr'><strong>satis</strong></span> <span class='ocrx_word' id='word_1_322' title='bbox 1224 4069 1382 4137; x_wconf 81' lang='lat' dir='ltr'><strong>digne</strong></span> <span class='ocrx_word' id='word_1_323' title='bbox 1424 4080 1528 4119; x_wconf 90' lang='lat' dir='ltr'><strong>non</strong></span> <span class='ocrx_word' id='word_1_324' title='bbox 1570 4077 1747 4134; x_wconf 81' lang='lat' dir='ltr'><strong>posse.</strong></span> 
     </span>
    </p>
   </div>
   <div class='ocr_carea' id='block_1_40' title="bbox 193 4161 1753 4236">
    <p class='ocr_par' dir='ltr' id='par_1_40' title="bbox 193 4161 1753 4236">
     <span class='ocr_line' id='line_1_40' title="bbox 193 4161 1753 4236; baseline -0.019 -1"><span class='ocrx_word' id='word_1_325' title='bbox 193 4181 362 4236; x_wconf 75' lang='lat' dir='ltr'><strong>Multos</strong></span> <span class='ocrx_word' id='word_1_326' title='bbox 386 4180 529 4236; x_wconf 89' lang='lat' dir='ltr'><strong>enim</strong></span> <span class='ocrx_word' id='word_1_327' title='bbox 559 4172 832 4230; x_wconf 83' lang='lat' dir='ltr'><strong>adulteros</strong></span> <span class='ocrx_word' id='word_1_328' title='bbox 855 4164 1030 4230; x_wconf 85' lang='lat' dir='ltr'><strong>video,</strong></span> <span class='ocrx_word' id='word_1_329' title='bbox 1060 4161 1148 4231; x_wconf 87' lang='lat' dir='ltr'><strong>qui</strong></span> <span class='ocrx_word' id='word_1_330' title='bbox 1177 4170 1425 4230; x_wconf 85' lang='lat' dir='ltr'><strong>sponsam</strong></span> <span class='ocrx_word' id='word_1_331' title='bbox 1458 4162 1602 4208; x_wconf 90' lang='lat' dir='ltr'><strong>tanto</strong></span> <span class='ocrx_word' id='word_1_332' title='bbox 1631 4167 1753 4222; x_wconf 86' lang='lat' dir='ltr'><strong>pre-</strong></span> 
     </span>
    </p>
   </div>
   <div class='ocr_carea' id='block_1_41' title="bbox 196 4243 1753 4342">
    <p class='ocr_par' dir='ltr' id='par_1_41' title="bbox 196 4243 1753 4342">
     <span class='ocr_line' id='line_1_41' title="bbox 196 4243 1753 4342; baseline -0.02 -15"><span class='ocrx_word' id='word_1_333' title='bbox 196 4273 259 4327; x_wconf 88' lang='lat' dir='ltr'><strong>tio</strong></span> <span class='ocrx_word' id='word_1_334' title='bbox 282 4281 497 4342; x_wconf 86' lang='lat' dir='ltr'><strong>emptam</strong></span> <span class='ocrx_word' id='word_1_335' title='bbox 523 4308 543 4335; x_wconf 94' lang='lat'><strong>,</strong></span> <span class='ocrx_word' id='word_1_336' title='bbox 594 4271 828 4318; x_wconf 88' lang='lat' dir='ltr'><strong>amatam</strong></span> <span class='ocrx_word' id='word_1_337' title='bbox 861 4256 1057 4314; x_wconf 82' lang='lat' dir='ltr'><strong>foedam</strong></span> <span class='ocrx_word' id='word_1_338' title='bbox 1085 4263 1143 4307; x_wconf 90' lang='lat' dir='ltr'><strong>ut</strong></span> <span class='ocrx_word' id='word_1_339' title='bbox 1172 4249 1390 4321; x_wconf 79' lang='lat' dir='ltr'><strong>pulchra</strong></span> <span class='ocrx_word' id='word_1_340' title='bbox 1425 4247 1574 4300; x_wconf 84' lang='lat' dir='ltr'><strong>ﬁeret</strong></span> <span class='ocrx_word' id='word_1_341' title='bbox 1599 4286 1614 4311; x_wconf 90' lang='lat'><strong>,</strong></span> <span class='ocrx_word' id='word_1_342' title='bbox 1663 4243 1753 4298; x_wconf 89' lang='lat' dir='ltr'><strong>illo</strong></span> 
     </span>
    </p>
   </div>
   <div class='ocr_carea' id='block_1_42' title="bbox 196 4336 1749 4432">
    <p class='ocr_par' dir='ltr' id='par_1_42' title="bbox 196 4336 1749 4432">
     <span class='ocr_line' id='line_1_42' title="bbox 196 4336 1749 4432; baseline -0.02 -14"><span class='ocrx_word' id='word_1_343' title='bbox 196 4336 424 4432; x_wconf 79' lang='lat' dir='ltr'><strong>emptore,</strong></span> <span class='ocrx_word' id='word_1_344' title='bbox 442 4361 534 4416; x_wconf 91' lang='lat' dir='ltr'><strong>illo</strong></span> <span class='ocrx_word' id='word_1_345' title='bbox 560 4356 863 4414; x_wconf 87' lang='lat' dir='ltr'><strong>liberatore,</strong></span> <span class='ocrx_word' id='word_1_346' title='bbox 879 4348 967 4401; x_wconf 89' lang='lat' dir='ltr'><strong>illo</strong></span> <span class='ocrx_word' id='word_1_347' title='bbox 996 4344 1327 4407; x_wconf 87' lang='lat' dir='ltr'><strong>decoratore,</strong></span> <span class='ocrx_word' id='word_1_348' title='bbox 1353 4336 1623 4408; x_wconf 86' lang='lat' dir='ltr'><strong>possidere</strong></span> <span class='ocrx_word' id='word_1_349' title='bbox 1650 4350 1749 4388; x_wconf 75' lang='lat' dir='ltr'><strong>vo-</strong></span> 
     </span>
    </p>
   </div>
   <div class='ocr_carea' id='block_1_43' title="bbox 198 4435 1750 4519">
    <p class='ocr_par' dir='ltr' id='par_1_43' title="bbox 198 4435 1750 4519">
     <span class='ocr_line' id='line_1_43' title="bbox 198 4435 1750 4519; baseline -0.017 -13"><span class='ocrx_word' id='word_1_350' title='bbox 198 4453 321 4517; x_wconf 85' lang='lat' dir='ltr'><strong>lunt;</strong></span> <span class='ocrx_word' id='word_1_351' title='bbox 346 4462 397 4508; x_wconf 89' lang='lat' dir='ltr'><strong>et</strong></span> <span class='ocrx_word' id='word_1_352' title='bbox 424 4451 474 4507; x_wconf 93' lang='lat' dir='ltr'><strong>id</strong></span> <span class='ocrx_word' id='word_1_353' title='bbox 503 4456 669 4519; x_wconf 87' lang='lat' dir='ltr'><strong>agunt</strong></span> <span class='ocrx_word' id='word_1_354' title='bbox 694 4441 870 4498; x_wconf 82' lang='lat' dir='ltr'><strong>verbis</strong></span> <span class='ocrx_word' id='word_1_355' title='bbox 899 4436 1029 4501; x_wconf 89' lang='lat' dir='ltr'><strong>suis,</strong></span> <span class='ocrx_word' id='word_1_356' title='bbox 1051 4443 1108 4488; x_wconf 92' lang='lat' dir='ltr'><strong>ut</strong></span> <span class='ocrx_word' id='word_1_357' title='bbox 1144 4448 1235 4502; x_wconf 87' lang='lat' dir='ltr'><strong>pro</strong></span> <span class='ocrx_word' id='word_1_358' title='bbox 1264 4444 1458 4500; x_wconf 71' lang='lat' dir='ltr'><strong>Sponso</strong></span> <span class='ocrx_word' id='word_1_359' title='bbox 1487 4435 1750 4481; x_wconf 88' lang='lat' dir='ltr'><strong>amentur.</strong></span> 
     </span>
    </p>
   </div>
   <div class='ocr_carea' id='block_1_44' title="bbox 202 4518 1753 4602">
    <p class='ocr_par' dir='ltr' id='par_1_44' title="bbox 202 4518 1753 4602">
     <span class='ocr_line' id='line_1_44' title="bbox 202 4518 1753 4602; baseline -0.017 -3"><span class='ocrx_word' id='word_1_360' title='bbox 202 4545 267 4599; x_wconf 88' lang='lat' dir='ltr'><strong>De</strong></span> <span class='ocrx_word' id='word_1_361' title='bbox 292 4546 373 4600; x_wconf 89' lang='lat' dir='ltr'><strong>illo</strong></span> <span class='ocrx_word' id='word_1_362' title='bbox 394 4518 594 4601; x_wconf 83' lang='lat' dir='ltr'><strong>dictum</strong></span> <span class='ocrx_word' id='word_1_363' title='bbox 623 4548 723 4602; x_wconf 87' lang='lat' dir='ltr'><strong>est,</strong></span> <span class='ocrx_word' id='word_1_364' title='bbox 737 4534 833 4589; x_wconf 80' lang='lat' dir='ltr'><strong>llic</strong></span> <span class='ocrx_word' id='word_1_365' title='bbox 860 4540 932 4588; x_wconf 85' lang='lat' dir='ltr'><strong>est</strong></span> <span class='ocrx_word' id='word_1_366' title='bbox 956 4531 1040 4601; x_wconf 86' lang='lat' dir='ltr'><strong>qui</strong></span> <span class='ocrx_word' id='word_1_367' title='bbox 1076 4527 1293 4598; x_wconf 83' lang='lat' dir='ltr'><strong>baptizat</strong></span> <span class='ocrx_word' id='word_1_368' title='bbox 1334 4522 1509 4596; x_wconf 85' lang='lat' dir='ltr'><strong>(Joan.</strong></span> <span class='ocrx_word' id='word_1_369' title='bbox 1553 4537 1590 4588; x_wconf 87' lang='grc' dir='ltr'>ι,</span> <span class='ocrx_word' id='word_1_370' title='bbox 1639 4518 1753 4591; x_wconf 77' lang='lat'><strong>5:5).</strong></span> 
     </span>
    </p>
   </div>
   <div class='ocr_carea' id='block_1_45' title="bbox 201 4613 1752 4701">
    <p class='ocr_par' dir='ltr' id='par_1_45' title="bbox 201 4613 1752 4701">
     <span class='ocr_line' id='line_1_45' title="bbox 201 4613 1752 4701; baseline -0.015 -11"><span class='ocrx_word' id='word_1_371' title='bbox 201 4636 309 4701; x_wconf 81' lang='lat' dir='ltr'><strong>Quis</strong></span> <span class='ocrx_word' id='word_1_372' title='bbox 332 4637 429 4693; x_wconf 86' lang='lat' dir='ltr'><strong>huc</strong></span> <span class='ocrx_word' id='word_1_373' title='bbox 449 4636 563 4692; x_wconf 77' lang='lat' dir='ltr'><strong>exit</strong></span> <span class='ocrx_word' id='word_1_374' title='bbox 589 4642 646 4689; x_wconf 88' lang='lat' dir='ltr'><strong>et</strong></span> <span class='ocrx_word' id='word_1_375' title='bbox 669 4631 835 4693; x_wconf 86' lang='lat' dir='ltr'><strong>dicit,</strong></span> <span class='ocrx_word' id='word_1_376' title='bbox 877 4626 988 4695; x_wconf 85' lang='lat' dir='ltr'><strong>Ego</strong></span> <span class='ocrx_word' id='word_1_377' title='bbox 1017 4618 1259 4691; x_wconf 85' lang='lat' dir='ltr'><strong>baptizo?</strong></span> <span class='ocrx_word' id='word_1_378' title='bbox 1288 4617 1403 4687; x_wconf 82' lang='lat' dir='ltr'><strong>quis</strong></span> <span class='ocrx_word' id='word_1_379' title='bbox 1433 4615 1534 4668; x_wconf 86' lang='lat' dir='ltr'><strong>huc</strong></span> <span class='ocrx_word' id='word_1_380' title='bbox 1561 4613 1669 4668; x_wconf 75' lang='lat' dir='ltr'><strong>exit</strong></span> <span class='ocrx_word' id='word_1_381' title='bbox 1699 4621 1752 4667; x_wconf 80' lang='lat' dir='ltr'><strong>et</strong></span> 
     </span>
    </p>
   </div>
   <div class='ocr_carea' id='block_1_46' title="bbox 204 4705 1757 4801">
    <p class='ocr_par' dir='ltr' id='par_1_46' title="bbox 204 4705 1757 4801">
     <span class='ocr_line' id='line_1_46' title="bbox 204 4705 1757 4801; baseline -0.014 -20"><span class='ocrx_word' id='word_1_382' title='bbox 204 4728 341 4795; x_wconf 89' lang='lat' dir='ltr'><strong>dicit,</strong></span> <span class='ocrx_word' id='word_1_383' title='bbox 367 4729 475 4801; x_wconf 81' lang='lat' dir='ltr'><strong>Ego</strong></span> <span class='ocrx_word' id='word_1_384' title='bbox 502 4724 647 4799; x_wconf 84' lang='lat' dir='ltr'><strong>quod</strong></span> <span class='ocrx_word' id='word_1_385' title='bbox 676 4721 894 4783; x_wconf 81' lang='lat' dir='ltr'><strong>dedero,</strong></span> <span class='ocrx_word' id='word_1_386' title='bbox 928 4718 1028 4770; x_wconf 87' lang='lat' dir='ltr'><strong>hoc</strong></span> <span class='ocrx_word' id='word_1_387' title='bbox 1052 4723 1135 4770; x_wconf 83' lang='lat' dir='ltr'><strong>est</strong></span> <span class='ocrx_word' id='word_1_388' title='bbox 1172 4709 1452 4766; x_wconf 82' lang='lat' dir='ltr'><strong>sanctum?</strong></span> <span class='ocrx_word' id='word_1_389' title='bbox 1494 4707 1611 4777; x_wconf 89' lang='lat' dir='ltr'><strong>quis</strong></span> <span class='ocrx_word' id='word_1_390' title='bbox 1654 4705 1757 4759; x_wconf 83' lang='lat' dir='ltr'><strong>huc</strong></span> 
     </span>
    </p>
   </div>
   <div class='ocr_carea' id='block_1_47' title="bbox 205 4798 1756 4893">
    <p class='ocr_par' dir='ltr' id='par_1_47' title="bbox 205 4798 1756 4893">
     <span class='ocr_line' id='line_1_47' title="bbox 205 4798 1756 4893; baseline -0.02 -12"><span class='ocrx_word' id='word_1_391' title='bbox 205 4798 531 4893; x_wconf 9' lang='lat' dir='ltr'><strong>procedit‘quir</strong></span> <span class='ocrx_word' id='word_1_392' title='bbox 554 4817 705 4882; x_wconf 86' lang='lat' dir='ltr'><strong>dicit,</strong></span> <span class='ocrx_word' id='word_1_393' title='bbox 736 4814 936 4870; x_wconf 88' lang='lat' dir='ltr'><strong>Bonum</strong></span> <span class='ocrx_word' id='word_1_394' title='bbox 963 4818 1044 4864; x_wconf 92' lang='lat' dir='ltr'><strong>est</strong></span> <span class='ocrx_word' id='word_1_395' title='bbox 1075 4806 1167 4861; x_wconf 90' lang='lat' dir='ltr'><strong>tibi</strong></span> <span class='ocrx_word' id='word_1_396' title='bbox 1193 4812 1252 4858; x_wconf 89' lang='lat' dir='ltr'><strong>ut</strong></span> <span class='ocrx_word' id='word_1_397' title='bbox 1275 4802 1508 4857; x_wconf 86' lang='lat' dir='ltr'><strong>nascaris</strong></span> <span class='ocrx_word' id='word_1_398' title='bbox 1536 4816 1602 4854; x_wconf 79' lang='lat' dir='ltr'><strong>ex</strong></span> <span class='ocrx_word' id='word_1_399' title='bbox 1630 4798 1756 4852; x_wconf 89' lang='lat' dir='ltr'><strong>me?</strong></span> 
     </span>
    </p>
   </div>
   <div class='ocr_carea' id='block_1_48' title="bbox 207 4895 1758 4985">
    <p class='ocr_par' dir='ltr' id='par_1_48' title="bbox 207 4895 1758 4985">
     <span class='ocr_line' id='line_1_48' title="bbox 207 4895 1758 4985; baseline -0.014 -19"><span class='ocrx_word' id='word_1_400' title='bbox 207 4914 418 4971; x_wconf 77' lang='lat' dir='ltr'><strong>Amicum</strong></span> <span class='ocrx_word' id='word_1_401' title='bbox 445 4912 627 4985; x_wconf 78' lang='lat' dir='ltr'><strong>sponsi</strong></span> <span class='ocrx_word' id='word_1_402' title='bbox 657 4907 952 4969; x_wconf 88' lang='lat' dir='ltr'><strong>audiamus,</strong></span> <span class='ocrx_word' id='word_1_403' title='bbox 982 4918 1086 4957; x_wconf 89' lang='lat' dir='ltr'><strong>non</strong></span> <span class='ocrx_word' id='word_1_404' title='bbox 1115 4898 1385 4953; x_wconf 84' lang='lat' dir='ltr'><strong>adulteros</strong></span> <span class='ocrx_word' id='word_1_405' title='bbox 1414 4895 1595 4965; x_wconf 88' lang='lat' dir='ltr'><strong>sponsi</strong></span> <span class='ocrx_word' id='word_1_406' title='bbox 1626 4913 1639 4948; x_wconf 84' lang='lat'><strong>:</strong></span> <span class='ocrx_word' id='word_1_407' title='bbox 1665 4909 1758 4946; x_wconf 88' lang='lat' dir='ltr'><strong>au-</strong></span> 
     </span>
    </p>
   </div>
   <div class='ocr_carea' id='block_1_49' title="bbox 209 4991 1093 5066">
    <p class='ocr_par' dir='ltr' id='par_1_49' title="bbox 209 4991 1093 5066">
     <span class='ocr_line' id='line_1_49' title="bbox 209 4991 1093 5066; baseline -0.01 -13"><span class='ocrx_word' id='word_1_408' title='bbox 209 5003 388 5061; x_wconf 69' lang='lat' dir='ltr'><strong>diamus</strong></span> <span class='ocrx_word' id='word_1_409' title='bbox 411 5007 690 5066; x_wconf 69' lang='lat' dir='ltr'><strong>solantem,</strong></span> <span class='ocrx_word' id='word_1_410' title='bbox 719 4998 815 5054; x_wconf 87' lang='lat' dir='ltr'><strong>sed</strong></span> <span class='ocrx_word' id='word_1_411' title='bbox 842 5011 945 5050; x_wconf 89' lang='lat' dir='ltr'><strong>non</strong></span> <span class='ocrx_word' id='word_1_412' title='bbox 972 4991 1093 5048; x_wconf 86' lang='lat' dir='ltr'><strong>sibi.</strong></span> 
     </span>
    </p>
   </div>
   <div class='ocr_carea' id='block_1_50' title="bbox 272 5075 1755 5160">
    <p class='ocr_par' dir='ltr' id='par_1_50' title="bbox 272 5075 1755 5160">
     <span class='ocr_line' id='line_1_50' title="bbox 272 5075 1755 5160; baseline -0.015 -11"><span class='ocrx_word' id='word_1_413' title='bbox 272 5096 346 5149; x_wconf 87' lang='lat' dir='ltr'><strong>ll.</strong></span> <span class='ocrx_word' id='word_1_414' title='bbox 375 5094 613 5157; x_wconf 81' lang='lat' dir='ltr'><strong>Fratres,</strong></span> <span class='ocrx_word' id='word_1_415' title='bbox 642 5085 982 5160; x_wconf 88' lang='lat' dir='ltr'><strong>regredimiui</strong></span> <span class='ocrx_word' id='word_1_416' title='bbox 1009 5080 1173 5138; x_wconf 76' lang='lat' dir='ltr'><strong>corde</strong></span> <span class='ocrx_word' id='word_1_417' title='bbox 1198 5079 1262 5134; x_wconf 90' lang='lat' dir='ltr'><strong>ad</strong></span> <span class='ocrx_word' id='word_1_418' title='bbox 1293 5086 1497 5133; x_wconf 87' lang='lat' dir='ltr'><strong>vestras</strong></span> <span class='ocrx_word' id='word_1_419' title='bbox 1522 5075 1708 5129; x_wconf 86' lang='lat' dir='ltr'><strong>domos</strong></span> <span class='ocrx_word' id='word_1_420' title='bbox 1738 5114 1755 5139; x_wconf 88' lang='lat'><strong>,</strong></span> 
     </span>
    </p>
   </div>
   <div class='ocr_carea' id='block_1_51' title="bbox 213 5167 1760 5256">
    <p class='ocr_par' dir='ltr' id='par_1_51' title="bbox 213 5167 1760 5256">
     <span class='ocr_line' id='line_1_51' title="bbox 213 5167 1760 5256; baseline -0.013 -19"><span class='ocrx_word' id='word_1_421' title='bbox 213 5187 411 5241; x_wconf 67' lang='lat' dir='ltr'><strong>tat-italia</strong></span> <span class='ocrx_word' id='word_1_422' title='bbox 434 5187 641 5256; x_wconf 88' lang='lat' dir='ltr'><strong>loquor,</strong></span> <span class='ocrx_word' id='word_1_423' title='bbox 662 5190 872 5237; x_wconf 86' lang='lat' dir='ltr'><strong>terrena</strong></span> <span class='ocrx_word' id='word_1_424' title='bbox 899 5177 1121 5246; x_wconf 85' lang='lat' dir='ltr'><strong>loquor;</strong></span> <span class='ocrx_word' id='word_1_425' title='bbox 1153 5172 1438 5243; x_wconf 85' lang='lat' dir='ltr'><strong>humanum</strong></span> <span class='ocrx_word' id='word_1_426' title='bbox 1465 5167 1604 5229; x_wconf 87' lang='lat' dir='ltr'><strong>dico,</strong></span> <span class='ocrx_word' id='word_1_427' title='bbox 1636 5180 1760 5235; x_wconf 89' lang='lat' dir='ltr'><strong>pro-</strong></span> 
     </span>
    </p>
   </div>
   <div class='ocr_carea' id='block_1_52' title="bbox 218 5254 1760 5342">
    <p class='ocr_par' dir='ltr' id='par_1_52' title="bbox 218 5254 1760 5342">
     <span class='ocr_line' id='line_1_52' title="bbox 218 5254 1760 5342; baseline -0.016 -10"><span class='ocrx_word' id='word_1_428' title='bbox 218 5284 313 5342; x_wconf 77' lang='lat' dir='ltr'><strong>pter</strong></span> <span class='ocrx_word' id='word_1_429' title='bbox 346 5254 695 5330; x_wconf 77' lang='lat' dir='ltr'><strong>inﬁrmitatem</strong></span> <span class='ocrx_word' id='word_1_430' title='bbox 729 5268 907 5326; x_wconf 88' lang='lat' dir='ltr'><strong>carnis</strong></span> <span class='ocrx_word' id='word_1_431' title='bbox 944 5273 1130 5320; x_wconf 81' lang='lat' dir='ltr'><strong>vestrae</strong></span> <span class='ocrx_word' id='word_1_432' title='bbox 1159 5261 1333 5330; x_wconf 87' lang='lat' dir='ltr'><strong>(Rom.</strong></span> <span class='ocrx_word' id='word_1_433' title='bbox 1356 5275 1432 5321; x_wconf 87' lang='lat' dir='ltr'><strong>Vl,</strong></span> <span class='ocrx_word' id='word_1_434' title='bbox 1466 5255 1576 5329; x_wconf 73' lang='lat'><strong>19).</strong></span> <span class='ocrx_word' id='word_1_435' title='bbox 1612 5254 1760 5309; x_wconf 85' lang='lat' dir='ltr'><strong>Multi</strong></span> 
     </span>
    </p>
   </div>
   <div class='ocr_carea' id='block_1_53' title="bbox 219 5348 1760 5436">
    <p class='ocr_par' dir='ltr' id='par_1_53' title="bbox 219 5348 1760 5436">
     <span class='ocr_line' id='line_1_53' title="bbox 219 5348 1760 5436; baseline -0.014 -15"><span class='ocrx_word' id='word_1_436' title='bbox 219 5361 396 5421; x_wconf 77' lang='lat' dir='ltr'><strong>habetis</strong></span> <span class='ocrx_word' id='word_1_437' title='bbox 415 5366 685 5436; x_wconf 75' lang='lat' dir='ltr'><strong>coniuges,</strong></span> <span class='ocrx_word' id='word_1_438' title='bbox 717 5359 866 5417; x_wconf 88' lang='lat' dir='ltr'><strong>multi</strong></span> <span class='ocrx_word' id='word_1_439' title='bbox 895 5357 1092 5412; x_wconf 87' lang='lat' dir='ltr'><strong>habere</strong></span> <span class='ocrx_word' id='word_1_440' title='bbox 1119 5353 1305 5418; x_wconf 80' lang='lat' dir='ltr'><strong>vultis,</strong></span> <span class='ocrx_word' id='word_1_441' title='bbox 1337 5348 1482 5404; x_wconf 90' lang='lat' dir='ltr'><strong>multi</strong></span> <span class='ocrx_word' id='word_1_442' title='bbox 1518 5349 1618 5403; x_wconf 88' lang='lat' dir='ltr'><strong>etsi</strong></span> <span class='ocrx_word' id='word_1_443' title='bbox 1653 5362 1760 5401; x_wconf 90' lang='lat' dir='ltr'><strong>non</strong></span> 
     </span>
    </p>
   </div>
   <div class='ocr_carea' id='block_1_54' title="bbox 216 5437 1761 5523">
    <p class='ocr_par' dir='ltr' id='par_1_54' title="bbox 216 5437 1761 5523">
     <span class='ocr_line' id='line_1_54' title="bbox 216 5437 1761 5523; baseline -0.012 -12"><span class='ocrx_word' id='word_1_444' title='bbox 216 5453 382 5523; x_wconf 76' lang='lat' dir='ltr'><strong>vultis,</strong></span> <span class='ocrx_word' id='word_1_445' title='bbox 405 5455 692 5519; x_wconf 76' lang='lat' dir='ltr'><strong>habuistis;</strong></span> <span class='ocrx_word' id='word_1_446' title='bbox 718 5450 868 5507; x_wconf 89' lang='lat' dir='ltr'><strong>multi</strong></span> <span class='ocrx_word' id='word_1_447' title='bbox 898 5446 987 5518; x_wconf 89' lang='lat' dir='ltr'><strong>qui</strong></span> <span class='ocrx_word' id='word_1_448' title='bbox 1017 5445 1236 5501; x_wconf 85' lang='lat' dir='ltr'><strong>omnino</strong></span> <span class='ocrx_word' id='word_1_449' title='bbox 1272 5440 1525 5510; x_wconf 80' lang='lat' dir='ltr'><strong>conjuges</strong></span> <span class='ocrx_word' id='word_1_450' title='bbox 1565 5437 1761 5492; x_wconf 85' lang='lat' dir='ltr'><strong>habere</strong></span> 
     </span>
    </p>
   </div>
   <div class='ocr_carea' id='block_1_55' title="bbox 219 5527 1765 5612">
    <p class='ocr_par' dir='ltr' id='par_1_55' title="bbox 219 5527 1765 5612">
     <span class='ocr_line' id='line_1_55' title="bbox 219 5527 1765 5612; baseline -0.013 -10"><span class='ocrx_word' id='word_1_451' title='bbox 219 5557 308 5600; x_wconf 71' lang='lat' dir='ltr'><strong>non</strong></span> <span class='ocrx_word' id='word_1_452' title='bbox 349 5547 514 5610; x_wconf 85' lang='lat' dir='ltr'><strong>vultis,</strong></span> <span class='ocrx_word' id='word_1_453' title='bbox 570 5546 639 5602; x_wconf 86' lang='lat' dir='ltr'><strong>de</strong></span> <span class='ocrx_word' id='word_1_454' title='bbox 683 5539 995 5612; x_wconf 77' lang='lat' dir='ltr'><strong>coniugibus</strong></span> <span class='ocrx_word' id='word_1_455' title='bbox 1041 5546 1251 5607; x_wconf 83' lang='lat' dir='ltr'><strong>patrum</strong></span> <span class='ocrx_word' id='word_1_456' title='bbox 1307 5542 1601 5587; x_wconf 84' lang='lat' dir='ltr'><strong>vestrorum</strong></span> <span class='ocrx_word' id='word_1_457' title='bbox 1656 5527 1765 5582; x_wconf 87' lang='lat' dir='ltr'><strong>nati</strong></span> 
     </span>
    </p>
   </div>
   <div class='ocr_carea' id='block_1_56' title="bbox 221 5620 1761 5703">
    <p class='ocr_par' dir='ltr' id='par_1_56' title="bbox 221 5620 1761 5703">
     <span class='ocr_line' id='line_1_56' title="bbox 221 5620 1761 5703; baseline -0.012 -12"><span class='ocrx_word' id='word_1_458' title='bbox 221 5638 332 5695; x_wconf 83' lang='lat' dir='ltr'><strong>estis</strong></span> <span class='ocrx_word' id='word_1_459' title='bbox 359 5658 373 5695; x_wconf 85' lang='lat'>:</span> <span class='ocrx_word' id='word_1_460' title='bbox 400 5639 596 5695; x_wconf 90' lang='lat' dir='ltr'><strong>nullum</strong></span> <span class='ocrx_word' id='word_1_461' title='bbox 625 5653 720 5692; x_wconf 91' lang='lat' dir='ltr'><strong>eor</strong></span> <span class='ocrx_word' id='word_1_462' title='bbox 745 5646 827 5691; x_wconf 89' lang='lat' dir='ltr'><strong>est</strong></span> <span class='ocrx_word' id='word_1_463' title='bbox 855 5631 994 5703; x_wconf 90' lang='lat' dir='ltr'><strong>quod</strong></span> <span class='ocrx_word' id='word_1_464' title='bbox 1023 5644 1127 5684; x_wconf 89' lang='lat' dir='ltr'><strong>non</strong></span> <span class='ocrx_word' id='word_1_465' title='bbox 1168 5627 1266 5682; x_wconf 81' lang='lat' dir='ltr'><strong>iste</strong></span> <span class='ocrx_word' id='word_1_466' title='bbox 1297 5633 1474 5695; x_wconf 83' lang='lat' dir='ltr'><strong>tangat</strong></span> <span class='ocrx_word' id='word_1_467' title='bbox 1501 5620 1721 5676; x_wconf 72' lang='lat' dir='ltr'><strong>affectus</strong></span> <span class='ocrx_word' id='word_1_468' title='bbox 1745 5635 1761 5685; x_wconf 90' lang='lat'><strong>;</strong></span> 
     </span>
    </p>
   </div>
   <div class='ocr_carea' id='block_1_57' title="bbox 221 5714 1765 5787">
    <p class='ocr_par' dir='ltr' id='par_1_57' title="bbox 221 5714 1765 5787">
     <span class='ocr_line' id='line_1_57' title="bbox 221 5714 1765 5787; baseline -0.01 -5"><span class='ocrx_word' id='word_1_469' title='bbox 221 5728 377 5784; x_wconf 84' lang='lat' dir='ltr'><strong>nullus</strong></span> <span class='ocrx_word' id='word_1_470' title='bbox 399 5729 452 5784; x_wconf 91' lang='lat' dir='ltr'><strong>in</strong></span> <span class='ocrx_word' id='word_1_471' title='bbox 478 5731 636 5787; x_wconf 85' lang='lat' dir='ltr'><strong>rebus</strong></span> <span class='ocrx_word' id='word_1_472' title='bbox 664 5725 910 5782; x_wconf 86' lang='lat' dir='ltr'><strong>humanis</strong></span> <span class='ocrx_word' id='word_1_473' title='bbox 931 5733 1036 5777; x_wconf 86' lang='lat' dir='ltr'><strong>tam</strong></span> <span class='ocrx_word' id='word_1_474' title='bbox 1061 5720 1212 5776; x_wconf 79' lang='lat' dir='ltr'><strong>avius</strong></span> <span class='ocrx_word' id='word_1_475' title='bbox 1242 5735 1269 5771; x_wconf 74' lang='grc' dir='ltr'><strong>ιι</strong></span> <span class='ocrx_word' id='word_1_476' title='bbox 1298 5730 1490 5787; x_wconf 79' lang='lat' dir='ltr'><strong>genere</strong></span> <span class='ocrx_word' id='word_1_477' title='bbox 1536 5714 1765 5768; x_wconf 88' lang='lat' dir='ltr'><strong>humano</strong></span> 
     </span>
    </p>
   </div>
   <div class='ocr_carea' id='block_1_58' title="bbox 279 5836 963 5904">
    <p class='ocr_par' dir='ltr' id='par_1_58' title="bbox 279 5836 963 5904">
     <span class='ocr_line' id='line_1_58' title="bbox 279 5836 963 5904; baseline -0.026 -2"><span class='ocrx_word' id='word_1_478' title='bbox 279 5836 963 5904; x_wconf 70' lang='lat' dir='ltr'><strong>&#39;lntllurilmsnss..eqoqui.</strong></span> 
     </span>
    </p>
   </div>
   <div class='ocr_carea' id='block_1_59' title="bbox 1232 382 2226 444">
    <p class='ocr_par' dir='ltr' id='par_1_59' title="bbox 1232 382 2226 444">
     <span class='ocr_line' id='line_1_59' title="bbox 1232 382 2226 444; baseline 0.002 -5"><span class='ocrx_word' id='word_1_479' title='bbox 1232 383 1661 444; x_wconf 79' lang='lat' dir='ltr'><strong>.TRACTATUS</strong></span> <span class='ocrx_word' id='word_1_480' title='bbox 1696 382 1834 441; x_wconf 78' lang='lat' dir='ltr'>XIII.</span> <span class='ocrx_word' id='word_1_481' title='bbox 1874 382 2100 442; x_wconf 84' lang='lat' dir='ltr'><strong>CAPUT</strong></span> <span class='ocrx_word' id='word_1_482' title='bbox 2137 385 2226 442; x_wconf 87' lang='lat' dir='ltr'><strong>Ill.</strong></span> 
     </span>
    </p>
   </div>
   <div class='ocr_carea' id='block_1_60' title="bbox 3250 387 3392 449">
    <p class='ocr_par' dir='ltr' id='par_1_60' title="bbox 3250 387 3392 449">
     <span class='ocr_line' id='line_1_60' title="bbox 3250 387 3392 449; baseline 0.021 -3"><span class='ocrx_word' id='word_1_483' title='bbox 3250 387 3392 449; x_wconf 73' lang='lat' dir='ltr'><strong>H98</strong></span> 
     </span>
    </p>
   </div>
   <div class='ocr_carea' id='block_1_61' title="bbox 1810 497 3395 571">
    <p class='ocr_par' dir='ltr' id='par_1_61' title="bbox 1810 497 3395 571">
     <span class='ocr_line' id='line_1_61' title="bbox 1810 497 3395 571; baseline 0.002 -17"><span class='ocrx_word' id='word_1_484' title='bbox 1810 507 1912 564; x_wconf 88' lang='lat' dir='ltr'><strong>est,</strong></span> <span class='ocrx_word' id='word_1_485' title='bbox 1942 498 2029 569; x_wconf 91' lang='lat' dir='ltr'><strong>qui</strong></span> <span class='ocrx_word' id='word_1_486' title='bbox 2056 497 2197 569; x_wconf 89' lang='lat' dir='ltr'><strong>quod</strong></span> <span class='ocrx_word' id='word_1_487' title='bbox 2222 497 2341 553; x_wconf 90' lang='lat' dir='ltr'><strong>dico</strong></span> <span class='ocrx_word' id='word_1_488' title='bbox 2378 512 2485 553; x_wconf 90' lang='lat' dir='ltr'><strong>non</strong></span> <span class='ocrx_word' id='word_1_489' title='bbox 2517 498 2729 554; x_wconf 86' lang='lat' dir='ltr'><strong>sentiat.</strong></span> <span class='ocrx_word' id='word_1_490' title='bbox 2758 498 2949 555; x_wconf 84' lang='lat' dir='ltr'><strong>Ponite</strong></span> <span class='ocrx_word' id='word_1_491' title='bbox 2994 499 3223 571; x_wconf 86' lang='lat' dir='ltr'><strong>aliquem</strong></span> <span class='ocrx_word' id='word_1_492' title='bbox 3266 514 3395 570; x_wconf 85' lang='lat' dir='ltr'><strong>per-</strong></span> 
     </span>
    </p>
   </div>
   <div class='ocr_carea' id='block_1_62' title="bbox 1812 588 3393 661">
    <p class='ocr_par' dir='ltr' id='par_1_62' title="bbox 1812 588 3393 661">
     <span class='ocr_line' id='line_1_62' title="bbox 1812 588 3393 661; baseline 0.002 -17"><span class='ocrx_word' id='word_1_493' title='bbox 1812 604 1939 659; x_wconf 89' lang='lat' dir='ltr'><strong>egre</strong></span> <span class='ocrx_word' id='word_1_494' title='bbox 1990 588 2282 659; x_wconf 83' lang='lat' dir='ltr'><strong>profectum</strong></span> <span class='ocrx_word' id='word_1_495' title='bbox 2310 630 2324 652; x_wconf 96' lang='lat'><strong>,</strong></span> <span class='ocrx_word' id='word_1_496' title='bbox 2352 588 2756 645; x_wconf 89' lang='lat' dir='ltr'><strong>commendasse</strong></span> <span class='ocrx_word' id='word_1_497' title='bbox 2782 589 2953 645; x_wconf 89' lang='lat' dir='ltr'><strong>amico</strong></span> <span class='ocrx_word' id='word_1_498' title='bbox 2991 603 3090 645; x_wconf 89' lang='lat' dir='ltr'><strong>suo</strong></span> <span class='ocrx_word' id='word_1_499' title='bbox 3142 604 3393 661; x_wconf 82' lang='lat' dir='ltr'><strong>sponsam</strong></span> 
     </span>
    </p>
   </div>
   <div class='ocr_carea' id='block_1_63' title="bbox 1812 680 3394 751">
    <p class='ocr_par' dir='ltr' id='par_1_63' title="bbox 1812 680 3394 751">
     <span class='ocr_line' id='line_1_63' title="bbox 1812 680 3394 751; baseline 0.001 -14"><span class='ocrx_word' id='word_1_500' title='bbox 1812 697 1962 737; x_wconf 90' lang='lat' dir='ltr'><strong>suam</strong></span> <span class='ocrx_word' id='word_1_501' title='bbox 1995 699 2007 734; x_wconf 89' lang='lat'><strong>:</strong></span> <span class='ocrx_word' id='word_1_502' title='bbox 2039 681 2193 749; x_wconf 86' lang='lat' dir='ltr'><strong>Vide,</strong></span> <span class='ocrx_word' id='word_1_503' title='bbox 2222 696 2403 751; x_wconf 71' lang='lat' dir='ltr'><strong>quaeso</strong></span> <span class='ocrx_word' id='word_1_504' title='bbox 2431 691 2501 747; x_wconf 91' lang='lat' dir='ltr'><strong>te,</strong></span> <span class='ocrx_word' id='word_1_505' title='bbox 2530 681 2721 736; x_wconf 89' lang='lat' dir='ltr'><strong>charus</strong></span> <span class='ocrx_word' id='word_1_506' title='bbox 2746 695 2898 737; x_wconf 89' lang='lat' dir='ltr'><strong>meus</strong></span> <span class='ocrx_word' id='word_1_507' title='bbox 2926 695 3007 742; x_wconf 88' lang='lat' dir='ltr'><strong>es.</strong></span> <span class='ocrx_word' id='word_1_508' title='bbox 3044 697 3112 737; x_wconf 90' lang='lat' dir='ltr'><strong>ne</strong></span> <span class='ocrx_word' id='word_1_509' title='bbox 3137 680 3274 736; x_wconf 82' lang='lat' dir='ltr'><strong>forte</strong></span> <span class='ocrx_word' id='word_1_510' title='bbox 3306 697 3394 738; x_wconf 83' lang='lat' dir='ltr'><strong>tne</strong></span> 
     </span>
    </p>
   </div>
   <div class='ocr_carea' id='block_1_64' title="bbox 1813 771 3396 844">
    <p class='ocr_par' dir='ltr' id='par_1_64' title="bbox 1813 771 3396 844">
     <span class='ocr_line' id='line_1_64' title="bbox 1813 771 3396 844; baseline -0.001 -15"><span class='ocrx_word' id='word_1_511' title='bbox 1813 775 2033 830; x_wconf 88' lang='lat' dir='ltr'><strong>absente</strong></span> <span class='ocrx_word' id='word_1_512' title='bbox 2061 789 2157 842; x_wconf 90' lang='lat' dir='ltr'><strong>pro</strong></span> <span class='ocrx_word' id='word_1_513' title='bbox 2184 788 2267 828; x_wconf 91' lang='lat' dir='ltr'><strong>me</strong></span> <span class='ocrx_word' id='word_1_514' title='bbox 2295 773 2485 844; x_wconf 84' lang='lat' dir='ltr'><strong>aliquis</strong></span> <span class='ocrx_word' id='word_1_515' title='bbox 2514 781 2740 828; x_wconf 90' lang='lat' dir='ltr'><strong>ametur.</strong></span> <span class='ocrx_word' id='word_1_516' title='bbox 2766 771 2949 839; x_wconf 87' lang='lat' dir='ltr'><strong>Qualis</strong></span> <span class='ocrx_word' id='word_1_517' title='bbox 2972 788 3101 843; x_wconf 88' lang='lat' dir='ltr'><strong>ergo</strong></span> <span class='ocrx_word' id='word_1_518' title='bbox 3138 772 3227 828; x_wconf 91' lang='lat' dir='ltr'><strong>ille</strong></span> <span class='ocrx_word' id='word_1_519' title='bbox 3251 813 3265 837; x_wconf 91' lang='lat'><strong>,</strong></span> <span class='ocrx_word' id='word_1_520' title='bbox 3305 771 3396 842; x_wconf 90' lang='lat' dir='ltr'><strong>qui</strong></span> 
     </span>
    </p>
   </div>
   <div class='ocr_carea' id='block_1_65' title="bbox 1813 861 3394 936">
    <p class='ocr_par' dir='ltr' id='par_1_65' title="bbox 1813 861 3394 936">
     <span class='ocr_line' id='line_1_65' title="bbox 1813 861 3394 936; baseline -0.003 -14"><span class='ocrx_word' id='word_1_521' title='bbox 1813 866 2118 922; x_wconf 88' lang='lat' dir='ltr'><strong>custodiens</strong></span> <span class='ocrx_word' id='word_1_522' title='bbox 2143 881 2393 936; x_wconf 88' lang='lat' dir='ltr'><strong>sponsam</strong></span> <span class='ocrx_word' id='word_1_523' title='bbox 2416 866 2495 921; x_wconf 88' lang='lat' dir='ltr'><strong>vel</strong></span> <span class='ocrx_word' id='word_1_524' title='bbox 2514 880 2730 921; x_wconf 75' lang='lat' dir='ltr'><strong>uxorem</strong></span> <span class='ocrx_word' id='word_1_525' title='bbox 2755 864 2911 919; x_wconf 89' lang='lat' dir='ltr'><strong>amici</strong></span> <span class='ocrx_word' id='word_1_526' title='bbox 2939 864 3044 931; x_wconf 91' lang='lat' dir='ltr'><strong>sui,</strong></span> <span class='ocrx_word' id='word_1_527' title='bbox 3069 863 3158 919; x_wconf 89' lang='lat' dir='ltr'><strong>dat</strong></span> <span class='ocrx_word' id='word_1_528' title='bbox 3178 861 3394 934; x_wconf 87' lang='lat' dir='ltr'><strong>quidem</strong></span> 
     </span>
    </p>
   </div>
   <div class='ocr_carea' id='block_1_66' title="bbox 1814 953 3399 1028">
    <p class='ocr_par' dir='ltr' id='par_1_66' title="bbox 1814 953 3399 1028">
     <span class='ocr_line' id='line_1_66' title="bbox 1814 953 3399 1028; baseline -0.003 -14"><span class='ocrx_word' id='word_1_529' title='bbox 1814 974 2030 1028; x_wconf 89' lang='lat' dir='ltr'><strong>operam</strong></span> <span class='ocrx_word' id='word_1_530' title='bbox 2048 968 2101 1011; x_wconf 91' lang='lat' dir='ltr'><strong>ut</strong></span> <span class='ocrx_word' id='word_1_531' title='bbox 2115 957 2292 1011; x_wconf 89' lang='lat' dir='ltr'><strong>nullus</strong></span> <span class='ocrx_word' id='word_1_532' title='bbox 2304 956 2436 1011; x_wconf 88' lang='lat' dir='ltr'><strong>alius</strong></span> <span class='ocrx_word' id='word_1_533' title='bbox 2456 965 2681 1022; x_wconf 89' lang='lat' dir='ltr'><strong>ametur,</strong></span> <span class='ocrx_word' id='word_1_534' title='bbox 2696 955 2787 1010; x_wconf 89' lang='lat' dir='ltr'><strong>sed</strong></span> <span class='ocrx_word' id='word_1_535' title='bbox 2804 955 2848 1010; x_wconf 91' lang='lat' dir='ltr'><strong>si</strong></span> <span class='ocrx_word' id='word_1_536' title='bbox 2862 969 2922 1011; x_wconf 91' lang='lat' dir='ltr'><strong>se</strong></span> <span class='ocrx_word' id='word_1_537' title='bbox 2936 954 3103 1010; x_wconf 89' lang='lat' dir='ltr'><strong>amari</strong></span> <span class='ocrx_word' id='word_1_538' title='bbox 3116 968 3213 1025; x_wconf 89' lang='lat' dir='ltr'><strong>pro</strong></span> <span class='ocrx_word' id='word_1_539' title='bbox 3224 953 3399 1010; x_wconf 87' lang='lat' dir='ltr'><strong>amico</strong></span> 
     </span>
    </p>
   </div>
   <div class='ocr_carea' id='block_1_67' title="bbox 1815 1044 3396 1117">
    <p class='ocr_par' dir='ltr' id='par_1_67' title="bbox 1815 1044 3396 1117">
     <span class='ocr_line' id='line_1_67' title="bbox 1815 1044 3396 1117; baseline -0.003 -11"><span class='ocrx_word' id='word_1_540' title='bbox 1815 1051 2074 1117; x_wconf 90' lang='lat' dir='ltr'><strong>voluerit,</strong></span> <span class='ocrx_word' id='word_1_541' title='bbox 2107 1058 2161 1105; x_wconf 88' lang='lat' dir='ltr'><strong>et</strong></span> <span class='ocrx_word' id='word_1_542' title='bbox 2190 1050 2263 1103; x_wconf 89' lang='lat' dir='ltr'><strong>uti</strong></span> <span class='ocrx_word' id='word_1_543' title='bbox 2293 1049 2522 1104; x_wconf 87' lang='lat' dir='ltr'><strong>voluerit</strong></span> <span class='ocrx_word' id='word_1_544' title='bbox 2545 1047 2916 1104; x_wconf 90' lang='lat' dir='ltr'><strong>commendata</strong></span> <span class='ocrx_word' id='word_1_545' title='bbox 2944 1045 3078 1111; x_wconf 87' lang='lat' dir='ltr'><strong>sibi,</strong></span> <span class='ocrx_word' id='word_1_546' title='bbox 3110 1059 3269 1115; x_wconf 89' lang='lat' dir='ltr'><strong>quam</strong></span> <span class='ocrx_word' id='word_1_547' title='bbox 3295 1044 3396 1102; x_wconf 86' lang='lat' dir='ltr'><strong>de-</strong></span> 
     </span>
    </p>
   </div>
   <div class='ocr_carea' id='block_1_68' title="bbox 1816 1137 3402 1213">
    <p class='ocr_par' dir='ltr' id='par_1_68' title="bbox 1816 1137 3402 1213">
     <span class='ocr_line' id='line_1_68' title="bbox 1816 1137 3402 1213; baseline -0.003 -14"><span class='ocrx_word' id='word_1_548' title='bbox 1816 1145 2090 1202; x_wconf 88' lang='lat' dir='ltr'><strong>testandus</strong></span> <span class='ocrx_word' id='word_1_549' title='bbox 2133 1144 2381 1199; x_wconf 90' lang='lat' dir='ltr'><strong>universo</strong></span> <span class='ocrx_word' id='word_1_550' title='bbox 2426 1143 2661 1197; x_wconf 88' lang='lat' dir='ltr'><strong>humano</strong></span> <span class='ocrx_word' id='word_1_551' title='bbox 2706 1141 2885 1213; x_wconf 84' lang='lat' dir='ltr'><strong>generi</strong></span> <span class='ocrx_word' id='word_1_552' title='bbox 2913 1138 3170 1211; x_wconf 87' lang='lat' dir='ltr'><strong>apparet?</strong></span> <span class='ocrx_word' id='word_1_553' title='bbox 3211 1137 3402 1195; x_wconf 86' lang='lat' dir='ltr'><strong>Videat</strong></span> 
     </span>
    </p>
   </div>
   <div class='ocr_carea' id='block_1_69' title="bbox 1817 1229 3402 1306">
    <p class='ocr_par' dir='ltr' id='par_1_69' title="bbox 1817 1229 3402 1306">
     <span class='ocr_line' id='line_1_69' title="bbox 1817 1229 3402 1306; baseline -0.003 -14"><span class='ocrx_word' id='word_1_554' title='bbox 1817 1236 1963 1293; x_wconf 84' lang='lat' dir='ltr'><strong>illam</strong></span> <span class='ocrx_word' id='word_1_555' title='bbox 1993 1236 2263 1306; x_wconf 90' lang='lat' dir='ltr'><strong>aliquanto</strong></span> <span class='ocrx_word' id='word_1_556' title='bbox 2302 1235 2623 1304; x_wconf 86' lang='lat' dir='ltr'><strong>petulantius</strong></span> <span class='ocrx_word' id='word_1_557' title='bbox 2660 1248 2758 1304; x_wconf 88' lang='lat' dir='ltr'><strong>per</strong></span> <span class='ocrx_word' id='word_1_558' title='bbox 2792 1232 3075 1288; x_wconf 82' lang='lat' dir='ltr'><strong>fenestram</strong></span> <span class='ocrx_word' id='word_1_559' title='bbox 3124 1229 3402 1287; x_wconf 81' lang='lat' dir='ltr'><strong>attendere</strong></span> 
     </span>
    </p>
   </div>
   <div class='ocr_carea' id='block_1_70' title="bbox 1819 1325 3402 1401">
    <p class='ocr_par' dir='ltr' id='par_1_70' title="bbox 1819 1325 3402 1401">
     <span class='ocr_line' id='line_1_70' title="bbox 1819 1325 3402 1401; baseline -0.002 -17"><span class='ocrx_word' id='word_1_560' title='bbox 1819 1340 1910 1384; x_wconf 91' lang='lat' dir='ltr'><strong>aut</strong></span> <span class='ocrx_word' id='word_1_561' title='bbox 1929 1330 2098 1401; x_wconf 86' lang='lat' dir='ltr'><strong>jocari</strong></span> <span class='ocrx_word' id='word_1_562' title='bbox 2128 1345 2246 1385; x_wconf 91' lang='lat' dir='ltr'><strong>cum</strong></span> <span class='ocrx_word' id='word_1_563' title='bbox 2273 1328 2472 1399; x_wconf 89' lang='lat' dir='ltr'><strong>aliquo,</strong></span> <span class='ocrx_word' id='word_1_564' title='bbox 2495 1329 2741 1399; x_wconf 87' lang='lat' dir='ltr'><strong>prohibet</strong></span> <span class='ocrx_word' id='word_1_565' title='bbox 2761 1336 3010 1398; x_wconf 85' lang='lat' dir='ltr'><strong>tanquam</strong></span> <span class='ocrx_word' id='word_1_566' title='bbox 3039 1326 3179 1382; x_wconf 86' lang='lat' dir='ltr'><strong>zelet</strong></span> <span class='ocrx_word' id='word_1_567' title='bbox 3207 1344 3220 1379; x_wconf 92' lang='lat'>:</span> <span class='ocrx_word' id='word_1_568' title='bbox 3243 1325 3402 1381; x_wconf 89' lang='lat' dir='ltr'><strong>video</strong></span> 
     </span>
    </p>
   </div>
   <div class='ocr_carea' id='block_1_71' title="bbox 1819 1418 3403 1486">
    <p class='ocr_par' dir='ltr' id='par_1_71' title="bbox 1819 1418 3403 1486">
     <span class='ocr_line' id='line_1_71' title="bbox 1819 1418 3403 1486; baseline -0.001 -9"><span class='ocrx_word' id='word_1_569' title='bbox 1819 1422 2078 1477; x_wconf 87' lang='lat' dir='ltr'><strong>zelantem</strong></span> <span class='ocrx_word' id='word_1_570' title='bbox 2099 1462 2114 1486; x_wconf 94' lang='lat'><strong>,</strong></span> <span class='ocrx_word' id='word_1_571' title='bbox 2143 1420 2238 1478; x_wconf 90' lang='lat' dir='ltr'><strong>sed</strong></span> <span class='ocrx_word' id='word_1_572' title='bbox 2264 1420 2468 1475; x_wconf 88' lang='lat' dir='ltr'><strong>videam</strong></span> <span class='ocrx_word' id='word_1_573' title='bbox 2494 1420 2609 1485; x_wconf 88' lang='lat' dir='ltr'><strong>cui;</strong></span> <span class='ocrx_word' id='word_1_574' title='bbox 2650 1429 2826 1474; x_wconf 90' lang='lat' dir='ltr'><strong>utrum</strong></span> <span class='ocrx_word' id='word_1_575' title='bbox 2853 1418 3027 1475; x_wconf 88' lang='lat' dir='ltr'><strong>amico</strong></span> <span class='ocrx_word' id='word_1_576' title='bbox 3053 1418 3299 1485; x_wconf 87' lang='lat' dir='ltr'><strong>absenti,</strong></span> <span class='ocrx_word' id='word_1_577' title='bbox 3331 1433 3403 1475; x_wconf 88' lang='lat' dir='ltr'><strong>an</strong></span> 
     </span>
    </p>
   </div>
   <div class='ocr_carea' id='block_1_72' title="bbox 1821 1512 3403 1586">
    <p class='ocr_par' dir='ltr' id='par_1_72' title="bbox 1821 1512 3403 1586">
     <span class='ocr_line' id='line_1_72' title="bbox 1821 1512 3403 1586; baseline -0.003 -15"><span class='ocrx_word' id='word_1_578' title='bbox 1821 1516 1921 1571; x_wconf 90' lang='lat' dir='ltr'><strong>sibi</strong></span> <span class='ocrx_word' id='word_1_579' title='bbox 1945 1515 2215 1586; x_wconf 83' lang='lat' dir='ltr'><strong>praesenti.</strong></span> <span class='ocrx_word' id='word_1_580' title='bbox 2249 1515 2437 1570; x_wconf 83' lang='lat' dir='ltr'><strong>Putate</strong></span> <span class='ocrx_word' id='word_1_581' title='bbox 2476 1514 2580 1570; x_wconf 88' lang='lat' dir='ltr'><strong>hoc</strong></span> <span class='ocrx_word' id='word_1_582' title='bbox 2624 1514 2904 1569; x_wconf 90' lang='lat' dir='ltr'><strong>Dominum</strong></span> <span class='ocrx_word' id='word_1_583' title='bbox 2951 1522 3193 1570; x_wconf 87' lang='lat' dir='ltr'><strong>nostrum</strong></span> <span class='ocrx_word' id='word_1_584' title='bbox 3219 1512 3403 1569; x_wconf 82' lang='lat' dir='ltr'><strong>Jesum</strong></span> 
     </span>
    </p>
   </div>
   <div class='ocr_carea' id='block_1_73' title="bbox 1822 1604 3404 1674">
    <p class='ocr_par' dir='ltr' id='par_1_73' title="bbox 1822 1604 3404 1674">
     <span class='ocr_line' id='line_1_73' title="bbox 1822 1604 3404 1674; baseline -0.003 -12"><span class='ocrx_word' id='word_1_585' title='bbox 1822 1605 2092 1662; x_wconf 88' lang='lat' dir='ltr'><strong>Christum</strong></span> <span class='ocrx_word' id='word_1_586' title='bbox 2131 1606 2340 1662; x_wconf 81' lang='lat' dir='ltr'><strong>iecisse.</strong></span> <span class='ocrx_word' id='word_1_587' title='bbox 2372 1605 2776 1661; x_wconf 88' lang='lat' dir='ltr'><strong>Commendavit</strong></span> <span class='ocrx_word' id='word_1_588' title='bbox 2802 1604 2972 1659; x_wconf 85' lang='lat' dir='ltr'><strong>amico</strong></span> <span class='ocrx_word' id='word_1_589' title='bbox 3014 1617 3112 1658; x_wconf 90' lang='lat' dir='ltr'><strong>suo</strong></span> <span class='ocrx_word' id='word_1_590' title='bbox 3149 1617 3404 1674; x_wconf 86' lang='lat' dir='ltr'><strong>sponsam</strong></span> 
     </span>
    </p>
   </div>
   <div class='ocr_carea' id='block_1_74' title="bbox 1824 1694 3410 1768">
    <p class='ocr_par' dir='ltr' id='par_1_74' title="bbox 1824 1694 3410 1768">
     <span class='ocr_line' id='line_1_74' title="bbox 1824 1694 3410 1768; baseline -0.003 -13"><span class='ocrx_word' id='word_1_591' title='bbox 1824 1713 1974 1755; x_wconf 90' lang='lat' dir='ltr'><strong>suam</strong></span> <span class='ocrx_word' id='word_1_592' title='bbox 1999 1739 2014 1764; x_wconf 92' lang='lat'><strong>,</strong></span> <span class='ocrx_word' id='word_1_593' title='bbox 2054 1712 2276 1768; x_wconf 82' lang='lat' dir='ltr'><strong>peregre</strong></span> <span class='ocrx_word' id='word_1_594' title='bbox 2320 1697 2588 1767; x_wconf 80' lang='lat' dir='ltr'><strong>profectus</strong></span> <span class='ocrx_word' id='word_1_595' title='bbox 2611 1703 2696 1751; x_wconf 89' lang='lat' dir='ltr'><strong>est</strong></span> <span class='ocrx_word' id='word_1_596' title='bbox 2720 1696 2961 1766; x_wconf 90' lang='lat' dir='ltr'><strong>accipere</strong></span> <span class='ocrx_word' id='word_1_597' title='bbox 2997 1709 3242 1764; x_wconf 83' lang='lat' dir='ltr'><strong>regnum,</strong></span> <span class='ocrx_word' id='word_1_598' title='bbox 3271 1694 3410 1750; x_wconf 87' lang='lat' dir='ltr'><strong>sicut</strong></span> 
     </span>
    </p>
   </div>
   <div class='ocr_carea' id='block_1_75' title="bbox 1824 1785 3408 1861">
    <p class='ocr_par' dir='ltr' id='par_1_75' title="bbox 1824 1785 3408 1861">
     <span class='ocr_line' id='line_1_75' title="bbox 1824 1785 3408 1861; baseline -0.003 -15"><span class='ocrx_word' id='word_1_599' title='bbox 1824 1792 1953 1847; x_wconf 86' lang='lat' dir='ltr'><strong>dicit</strong></span> <span class='ocrx_word' id='word_1_600' title='bbox 1980 1791 2094 1860; x_wconf 90' lang='lat' dir='ltr'><strong>ipse</strong></span> <span class='ocrx_word' id='word_1_601' title='bbox 2120 1791 2176 1845; x_wconf 90' lang='lat' dir='ltr'><strong>in</strong></span> <span class='ocrx_word' id='word_1_602' title='bbox 2204 1790 2497 1861; x_wconf 86' lang='lat' dir='ltr'><strong>Evangelio</strong></span> <span class='ocrx_word' id='word_1_603' title='bbox 2525 1788 2677 1861; x_wconf 88' lang='lat' dir='ltr'><strong>(Luc.</strong></span> <span class='ocrx_word' id='word_1_604' title='bbox 2709 1805 2829 1855; x_wconf 73' lang='grc' dir='ltr'>ιιι,</span> <span class='ocrx_word' id='word_1_605' title='bbox 2852 1785 2966 1860; x_wconf 71' lang='grc'><strong>12),</strong></span> <span class='ocrx_word' id='word_1_606' title='bbox 2997 1795 3053 1843; x_wconf 90' lang='lat' dir='ltr'><strong>et</strong></span> <span class='ocrx_word' id='word_1_607' title='bbox 3070 1794 3247 1843; x_wconf 87' lang='lat' dir='ltr'><strong>tamen</strong></span> <span class='ocrx_word' id='word_1_608' title='bbox 3268 1799 3408 1855; x_wconf 68' lang='lat' dir='ltr'><strong>prie-</strong></span> 
     </span>
    </p>
   </div>
   <div class='ocr_carea' id='block_1_76' title="bbox 1826 1878 3413 1951">
    <p class='ocr_par' dir='ltr' id='par_1_76' title="bbox 1826 1878 3413 1951">
     <span class='ocr_line' id='line_1_76' title="bbox 1826 1878 3413 1951; baseline -0.004 -12"><span class='ocrx_word' id='word_1_609' title='bbox 1826 1898 1950 1940; x_wconf 88' lang='lat' dir='ltr'><strong>sens</strong></span> <span class='ocrx_word' id='word_1_610' title='bbox 1978 1890 2059 1938; x_wconf 90' lang='lat' dir='ltr'><strong>est</strong></span> <span class='ocrx_word' id='word_1_611' title='bbox 2086 1882 2378 1951; x_wconf 84' lang='lat' dir='ltr'><strong>majestate.</strong></span> <span class='ocrx_word' id='word_1_612' title='bbox 2419 1880 2656 1936; x_wconf 87' lang='lat' dir='ltr'><strong>Fallatur</strong></span> <span class='ocrx_word' id='word_1_613' title='bbox 2698 1880 2900 1935; x_wconf 89' lang='lat' dir='ltr'><strong>amicus</strong></span> <span class='ocrx_word' id='word_1_614' title='bbox 2932 1878 3022 1949; x_wconf 89' lang='lat' dir='ltr'><strong>qui</strong></span> <span class='ocrx_word' id='word_1_615' title='bbox 3068 1885 3215 1933; x_wconf 89' lang='lat' dir='ltr'><strong>trans</strong></span> <span class='ocrx_word' id='word_1_616' title='bbox 3265 1890 3413 1933; x_wconf 87' lang='lat' dir='ltr'><strong>mare</strong></span> 
     </span>
    </p>
   </div>
   <div class='ocr_carea' id='block_1_77' title="bbox 1828 1965 3413 2045">
    <p class='ocr_par' dir='ltr' id='par_1_77' title="bbox 1828 1965 3413 2045">
     <span class='ocr_line' id='line_1_77' title="bbox 1828 1965 3413 2045; baseline -0.005 -16"><span class='ocrx_word' id='word_1_617' title='bbox 1828 1974 2095 2045; x_wconf 82' lang='lat' dir='ltr'><strong>proiectus</strong></span> <span class='ocrx_word' id='word_1_618' title='bbox 2120 1981 2229 2040; x_wconf 89' lang='lat' dir='ltr'><strong>est;</strong></span> <span class='ocrx_word' id='word_1_619' title='bbox 2261 1984 2315 2028; x_wconf 92' lang='lat' dir='ltr'><strong>et</strong></span> <span class='ocrx_word' id='word_1_620' title='bbox 2356 1974 2400 2028; x_wconf 90' lang='lat' dir='ltr'><strong>si</strong></span> <span class='ocrx_word' id='word_1_621' title='bbox 2445 1973 2637 2027; x_wconf 79' lang='lat' dir='ltr'><strong>fallitur</strong></span> <span class='ocrx_word' id='word_1_622' title='bbox 2660 2012 2677 2038; x_wconf 93' lang='lat'><strong>,</strong></span> <span class='ocrx_word' id='word_1_623' title='bbox 2708 1986 2790 2026; x_wconf 67' lang='lat' dir='ltr'><strong>va:</strong></span> <span class='ocrx_word' id='word_1_624' title='bbox 2831 1970 2909 2025; x_wconf 89' lang='lat' dir='ltr'><strong>illi</strong></span> <span class='ocrx_word' id='word_1_625' title='bbox 2951 1969 3041 2040; x_wconf 89' lang='lat' dir='ltr'><strong>qui</strong></span> <span class='ocrx_word' id='word_1_626' title='bbox 3086 1966 3251 2023; x_wconf 76' lang='lat' dir='ltr'><strong>fallit!</strong></span> <span class='ocrx_word' id='word_1_627' title='bbox 3283 1965 3413 2037; x_wconf 87' lang='lat' dir='ltr'><strong>quid</strong></span> 
     </span>
    </p>
   </div>
   <div class='ocr_carea' id='block_1_78' title="bbox 1828 2058 3416 2129">
    <p class='ocr_par' dir='ltr' id='par_1_78' title="bbox 1828 2058 3416 2129">
     <span class='ocr_line' id='line_1_78' title="bbox 1828 2058 3416 2129; baseline -0.006 -7"><span class='ocrx_word' id='word_1_628' title='bbox 1828 2067 1995 2122; x_wconf 90' lang='lat' dir='ltr'><strong>Deum</strong></span> <span class='ocrx_word' id='word_1_629' title='bbox 2051 2065 2233 2121; x_wconf 83' lang='lat' dir='ltr'><strong>fallere</strong></span> <span class='ocrx_word' id='word_1_630' title='bbox 2283 2071 2563 2129; x_wconf 86' lang='lat' dir='ltr'><strong>conantur,</strong></span> <span class='ocrx_word' id='word_1_631' title='bbox 2611 2063 2775 2117; x_wconf 85' lang='lat' dir='ltr'><strong>Deum</strong></span> <span class='ocrx_word' id='word_1_632' title='bbox 2832 2061 3124 2116; x_wconf 90' lang='lat' dir='ltr'><strong>intuentem</strong></span> <span class='ocrx_word' id='word_1_633' title='bbox 3177 2058 3416 2115; x_wconf 89' lang='lat' dir='ltr'><strong>omnium</strong></span> 
     </span>
    </p>
   </div>
   <div class='ocr_carea' id='block_1_79' title="bbox 1831 2148 3417 2220">
    <p class='ocr_par' dir='ltr' id='par_1_79' title="bbox 1831 2148 3417 2220">
     <span class='ocr_line' id='line_1_79' title="bbox 1831 2148 3417 2220; baseline -0.006 -8"><span class='ocrx_word' id='word_1_634' title='bbox 1831 2158 2013 2220; x_wconf 88' lang='lat' dir='ltr'><strong>corda,</strong></span> <span class='ocrx_word' id='word_1_635' title='bbox 2046 2167 2100 2211; x_wconf 91' lang='lat' dir='ltr'><strong>et</strong></span> <span class='ocrx_word' id='word_1_636' title='bbox 2127 2156 2365 2211; x_wconf 91' lang='lat' dir='ltr'><strong>omnium</strong></span> <span class='ocrx_word' id='word_1_637' title='bbox 2411 2163 2614 2209; x_wconf 87' lang='lat' dir='ltr'><strong>secreta</strong></span> <span class='ocrx_word' id='word_1_638' title='bbox 2644 2151 2966 2208; x_wconf 80' lang='lat' dir='ltr'><strong>rimantem?</strong></span> <span class='ocrx_word' id='word_1_639' title='bbox 3004 2149 3199 2205; x_wconf 78' lang='lat' dir='ltr'><strong>Existit</strong></span> <span class='ocrx_word' id='word_1_640' title='bbox 3224 2148 3417 2219; x_wconf 86' lang='lat' dir='ltr'><strong>aliquis</strong></span> 
     </span>
    </p>
   </div>
   <div class='ocr_carea' id='block_1_80' title="bbox 1832 2240 3418 2316">
    <p class='ocr_par' dir='ltr' id='par_1_80' title="bbox 1832 2240 3418 2316">
     <span class='ocr_line' id='line_1_80' title="bbox 1832 2240 3418 2316; baseline -0.004 -14"><span class='ocrx_word' id='word_1_641' title='bbox 1832 2248 2135 2312; x_wconf 64' lang='lat' dir='ltr'><strong>haereticus,</strong></span> <span class='ocrx_word' id='word_1_642' title='bbox 2167 2256 2221 2302; x_wconf 88' lang='lat' dir='ltr'><strong>et</strong></span> <span class='ocrx_word' id='word_1_643' title='bbox 2248 2247 2374 2301; x_wconf 89' lang='lat' dir='ltr'><strong>dicit</strong></span> <span class='ocrx_word' id='word_1_644' title='bbox 2407 2262 2420 2299; x_wconf 90' lang='lat'><strong>:</strong></span> <span class='ocrx_word' id='word_1_645' title='bbox 2454 2245 2568 2316; x_wconf 86' lang='lat' dir='ltr'><strong>Ego</strong></span> <span class='ocrx_word' id='word_1_646' title='bbox 2594 2245 2684 2312; x_wconf 89' lang='lat' dir='ltr'><strong>do,</strong></span> <span class='ocrx_word' id='word_1_647' title='bbox 2703 2259 2804 2315; x_wconf 86' lang='lat' dir='ltr'><strong>ego</strong></span> <span class='ocrx_word' id='word_1_648' title='bbox 2824 2241 3120 2310; x_wconf 83' lang='lat' dir='ltr'><strong>sanctiﬁco,</strong></span> <span class='ocrx_word' id='word_1_649' title='bbox 3150 2255 3250 2312; x_wconf 86' lang='lat' dir='ltr'><strong>ego</strong></span> <span class='ocrx_word' id='word_1_650' title='bbox 3263 2240 3418 2310; x_wconf 84' lang='lat' dir='ltr'><strong>justi-</strong></span> 
     </span>
    </p>
   </div>
   <div class='ocr_carea' id='block_1_81' title="bbox 1834 2332 3410 2409">
    <p class='ocr_par' dir='ltr' id='par_1_81' title="bbox 1834 2332 3410 2409">
     <span class='ocr_line' id='line_1_81' title="bbox 1834 2332 3410 2409; baseline -0.006 -14"><span class='ocrx_word' id='word_1_651' title='bbox 1834 2342 1955 2409; x_wconf 83' lang='lat' dir='ltr'><strong>tico,</strong></span> <span class='ocrx_word' id='word_1_652' title='bbox 1979 2341 2104 2394; x_wconf 90' lang='lat' dir='ltr'><strong>nolo</strong></span> <span class='ocrx_word' id='word_1_653' title='bbox 2129 2354 2222 2395; x_wconf 86' lang='lat' dir='ltr'><strong>eas</strong></span> <span class='ocrx_word' id='word_1_654' title='bbox 2249 2339 2315 2393; x_wconf 88' lang='lat' dir='ltr'><strong>ad</strong></span> <span class='ocrx_word' id='word_1_655' title='bbox 2342 2339 2487 2393; x_wconf 89' lang='lat' dir='ltr'><strong>illam</strong></span> <span class='ocrx_word' id='word_1_656' title='bbox 2514 2347 2741 2393; x_wconf 85' lang='lat' dir='ltr'><strong>sectam.</strong></span> <span class='ocrx_word' id='word_1_657' title='bbox 2780 2337 2923 2392; x_wconf 89' lang='lat' dir='ltr'><strong>Bene</strong></span> <span class='ocrx_word' id='word_1_658' title='bbox 2968 2333 3184 2406; x_wconf 90' lang='lat' dir='ltr'><strong>quidem</strong></span> <span class='ocrx_word' id='word_1_659' title='bbox 3233 2332 3373 2389; x_wconf 85' lang='lat' dir='ltr'><strong>zelat</strong></span> <span class='ocrx_word' id='word_1_660' title='bbox 3392 2371 3410 2399; x_wconf 87' lang='lat'><strong>,</strong></span> 
     </span>
    </p>
   </div>
   <div class='ocr_carea' id='block_1_82' title="bbox 1834 2422 3419 2493">
    <p class='ocr_par' dir='ltr' id='par_1_82' title="bbox 1834 2422 3419 2493">
     <span class='ocr_line' id='line_1_82' title="bbox 1834 2422 3419 2493; baseline -0.006 -5"><span class='ocrx_word' id='word_1_661' title='bbox 1834 2433 1928 2488; x_wconf 89' lang='lat' dir='ltr'><strong>sed</strong></span> <span class='ocrx_word' id='word_1_662' title='bbox 1960 2432 2077 2487; x_wconf 89' lang='lat' dir='ltr'><strong>vide</strong></span> <span class='ocrx_word' id='word_1_663' title='bbox 2103 2432 2210 2486; x_wconf 90' lang='lat' dir='ltr'><strong>cui.</strong></span> <span class='ocrx_word' id='word_1_664' title='bbox 2240 2430 2355 2484; x_wconf 90' lang='lat' dir='ltr'><strong>Non</strong></span> <span class='ocrx_word' id='word_1_665' title='bbox 2385 2444 2477 2484; x_wconf 85' lang='lat' dir='ltr'><strong>cas</strong></span> <span class='ocrx_word' id='word_1_666' title='bbox 2500 2428 2566 2483; x_wconf 91' lang='lat' dir='ltr'><strong>ad</strong></span> <span class='ocrx_word' id='word_1_667' title='bbox 2597 2428 2768 2493; x_wconf 88' lang='lat' dir='ltr'><strong>idola,</strong></span> <span class='ocrx_word' id='word_1_668' title='bbox 2809 2428 2949 2483; x_wconf 88' lang='lat' dir='ltr'><strong>bene</strong></span> <span class='ocrx_word' id='word_1_669' title='bbox 2981 2426 3122 2482; x_wconf 86' lang='lat' dir='ltr'><strong>zolat</strong></span> <span class='ocrx_word' id='word_1_670' title='bbox 3153 2443 3168 2480; x_wconf 90' lang='lat'><strong>:</strong></span> <span class='ocrx_word' id='word_1_671' title='bbox 3206 2439 3313 2479; x_wconf 92' lang='lat' dir='ltr'><strong>non</strong></span> <span class='ocrx_word' id='word_1_672' title='bbox 3349 2422 3419 2479; x_wconf 89' lang='lat' dir='ltr'><strong>ad</strong></span> 
     </span>
    </p>
   </div>
   <div class='ocr_carea' id='block_1_83' title="bbox 1836 2513 3422 2596">
    <p class='ocr_par' dir='ltr' id='par_1_83' title="bbox 1836 2513 3422 2596">
     <span class='ocr_line' id='line_1_83' title="bbox 1836 2513 3422 2596; baseline -0.005 -16"><span class='ocrx_word' id='word_1_673' title='bbox 1836 2527 2137 2596; x_wconf 87' lang='lat' dir='ltr'><strong>sortilegos,</strong></span> <span class='ocrx_word' id='word_1_674' title='bbox 2169 2526 2307 2579; x_wconf 86' lang='lat' dir='ltr'><strong>bene</strong></span> <span class='ocrx_word' id='word_1_675' title='bbox 2331 2523 2485 2577; x_wconf 87' lang='lat' dir='ltr'><strong>zelat.</strong></span> <span class='ocrx_word' id='word_1_676' title='bbox 2513 2521 2798 2575; x_wconf 84' lang='lat' dir='ltr'><strong>Videamus</strong></span> <span class='ocrx_word' id='word_1_677' title='bbox 2822 2520 2908 2575; x_wconf 91' lang='lat' dir='ltr'><strong>cui</strong></span> <span class='ocrx_word' id='word_1_678' title='bbox 2936 2519 3072 2574; x_wconf 85' lang='lat' dir='ltr'><strong>zelat</strong></span> <span class='ocrx_word' id='word_1_679' title='bbox 3100 2537 3115 2573; x_wconf 89' lang='lat'><strong>:</strong></span> <span class='ocrx_word' id='word_1_680' title='bbox 3144 2518 3256 2588; x_wconf 85' lang='lat' dir='ltr'><strong>Ego</strong></span> <span class='ocrx_word' id='word_1_681' title='bbox 3278 2513 3422 2588; x_wconf 90' lang='lat' dir='ltr'><strong>quod</strong></span> 
     </span>
    </p>
   </div>
   <div class='ocr_carea' id='block_1_84' title="bbox 1837 2607 3423 2684">
    <p class='ocr_par' dir='ltr' id='par_1_84' title="bbox 1837 2607 3423 2684">
     <span class='ocr_line' id='line_1_84' title="bbox 1837 2607 3423 2684; baseline -0.007 -12"><span class='ocrx_word' id='word_1_682' title='bbox 1837 2617 1908 2673; x_wconf 92' lang='lat' dir='ltr'><strong>do</strong></span> <span class='ocrx_word' id='word_1_683' title='bbox 1933 2625 2175 2672; x_wconf 88' lang='lat' dir='ltr'><strong>sanctum</strong></span> <span class='ocrx_word' id='word_1_684' title='bbox 2206 2624 2306 2678; x_wconf 87' lang='lat' dir='ltr'><strong>est,</strong></span> <span class='ocrx_word' id='word_1_685' title='bbox 2338 2615 2458 2684; x_wconf 87' lang='lat' dir='ltr'><strong>quia</strong></span> <span class='ocrx_word' id='word_1_686' title='bbox 2488 2628 2588 2683; x_wconf 87' lang='lat' dir='ltr'><strong>ego</strong></span> <span class='ocrx_word' id='word_1_687' title='bbox 2623 2611 2724 2675; x_wconf 92' lang='lat' dir='ltr'><strong>do;</strong></span> <span class='ocrx_word' id='word_1_688' title='bbox 2770 2625 2871 2681; x_wconf 87' lang='lat' dir='ltr'><strong>ego</strong></span> <span class='ocrx_word' id='word_1_689' title='bbox 2899 2625 3057 2680; x_wconf 90' lang='lat' dir='ltr'><strong>quem</strong></span> <span class='ocrx_word' id='word_1_690' title='bbox 3083 2608 3296 2678; x_wconf 83' lang='lat' dir='ltr'><strong>baptizo</strong></span> <span class='ocrx_word' id='word_1_691' title='bbox 3323 2607 3423 2662; x_wconf 88' lang='lat' dir='ltr'><strong>ba-</strong></span> 
     </span>
    </p>
   </div>
   <div class='ocr_carea' id='block_1_85' title="bbox 1838 2698 3421 2781">
    <p class='ocr_par' dir='ltr' id='par_1_85' title="bbox 1838 2698 3421 2781">
     <span class='ocr_line' id='line_1_85' title="bbox 1838 2698 3421 2781; baseline -0.007 -16"><span class='ocrx_word' id='word_1_692' title='bbox 1838 2710 2065 2781; x_wconf 89' lang='lat' dir='ltr'><strong>ptizatus</strong></span> <span class='ocrx_word' id='word_1_693' title='bbox 2093 2717 2195 2773; x_wconf 89' lang='lat' dir='ltr'><strong>est,</strong></span> <span class='ocrx_word' id='word_1_694' title='bbox 2236 2721 2391 2777; x_wconf 88' lang='lat' dir='ltr'><strong>quem</strong></span> <span class='ocrx_word' id='word_1_695' title='bbox 2438 2720 2543 2761; x_wconf 93' lang='lat' dir='ltr'><strong>non</strong></span> <span class='ocrx_word' id='word_1_696' title='bbox 2581 2702 2792 2774; x_wconf 84' lang='lat' dir='ltr'><strong>baptizo</strong></span> <span class='ocrx_word' id='word_1_697' title='bbox 2829 2716 2936 2757; x_wconf 92' lang='lat' dir='ltr'><strong>non</strong></span> <span class='ocrx_word' id='word_1_698' title='bbox 2979 2708 3063 2756; x_wconf 89' lang='lat' dir='ltr'><strong>est</strong></span> <span class='ocrx_word' id='word_1_699' title='bbox 3099 2698 3421 2771; x_wconf 82' lang='lat' dir='ltr'><strong>baptizatus.</strong></span> 
     </span>
    </p>
   </div>
   <div class='ocr_carea' id='block_1_86' title="bbox 1841 2788 3428 2869">
    <p class='ocr_par' dir='ltr' id='par_1_86' title="bbox 1841 2788 3428 2869">
     <span class='ocr_line' id='line_1_86' title="bbox 1841 2788 3428 2869; baseline -0.007 -11"><span class='ocrx_word' id='word_1_700' title='bbox 1841 2803 1977 2860; x_wconf 75' lang='lat' dir='ltr'><strong>Audi</strong></span> <span class='ocrx_word' id='word_1_701' title='bbox 2020 2802 2249 2856; x_wconf 89' lang='lat' dir='ltr'><strong>amicum</strong></span> <span class='ocrx_word' id='word_1_702' title='bbox 2292 2799 2508 2869; x_wconf 84' lang='lat' dir='ltr'><strong>sponsi,</strong></span> <span class='ocrx_word' id='word_1_703' title='bbox 2546 2797 2692 2852; x_wconf 85' lang='lat' dir='ltr'><strong>disce</strong></span> <span class='ocrx_word' id='word_1_704' title='bbox 2727 2796 2903 2851; x_wconf 88' lang='lat' dir='ltr'><strong>zelare</strong></span> <span class='ocrx_word' id='word_1_705' title='bbox 2940 2793 3113 2849; x_wconf 90' lang='lat' dir='ltr'><strong>amico</strong></span> <span class='ocrx_word' id='word_1_706' title='bbox 3136 2800 3229 2847; x_wconf 90' lang='lat' dir='ltr'><strong>tuo</strong></span> <span class='ocrx_word' id='word_1_707' title='bbox 3259 2809 3275 2846; x_wconf 89' lang='lat'><strong>:</strong></span> <span class='ocrx_word' id='word_1_708' title='bbox 3300 2788 3428 2847; x_wconf 84' lang='lat' dir='ltr'><strong>audi</strong></span> 
     </span>
    </p>
   </div>
   <div class='ocr_carea' id='block_1_87' title="bbox 1843 2883 3428 2961">
    <p class='ocr_par' dir='ltr' id='par_1_87' title="bbox 1843 2883 3428 2961">
     <span class='ocr_line' id='line_1_87' title="bbox 1843 2883 3428 2961; baseline -0.005 -15"><span class='ocrx_word' id='word_1_709' title='bbox 1843 2910 2026 2951; x_wconf 84' lang='lat' dir='ltr'><strong>vocem</strong></span> <span class='ocrx_word' id='word_1_710' title='bbox 2051 2894 2215 2960; x_wconf 90' lang='lat' dir='ltr'><strong>illius,</strong></span> <span class='ocrx_word' id='word_1_711' title='bbox 2249 2891 2347 2945; x_wconf 87' lang='lat' dir='ltr'><strong>Hic</strong></span> <span class='ocrx_word' id='word_1_712' title='bbox 2368 2900 2440 2946; x_wconf 78' lang='lat' dir='ltr'><strong>est</strong></span> <span class='ocrx_word' id='word_1_713' title='bbox 2471 2892 2557 2961; x_wconf 88' lang='lat' dir='ltr'><strong>qui</strong></span> <span class='ocrx_word' id='word_1_714' title='bbox 2589 2889 2827 2961; x_wconf 75' lang='lat' dir='ltr'><strong>baptizat.</strong></span> <span class='ocrx_word' id='word_1_715' title='bbox 2858 2887 3035 2956; x_wconf 84' lang='lat' dir='ltr'><strong>Quare</strong></span> <span class='ocrx_word' id='word_1_716' title='bbox 3062 2884 3156 2941; x_wconf 87' lang='lat' dir='ltr'><strong>tibi</strong></span> <span class='ocrx_word' id='word_1_717' title='bbox 3176 2883 3257 2939; x_wconf 88' lang='lat' dir='ltr'><strong>vis</strong></span> <span class='ocrx_word' id='word_1_718' title='bbox 3273 2897 3428 2939; x_wconf 88' lang='lat' dir='ltr'><strong>arro-</strong></span> 
     </span>
    </p>
   </div>
   <div class='ocr_carea' id='block_1_88' title="bbox 1842 2974 3431 3057">
    <p class='ocr_par' dir='ltr' id='par_1_88' title="bbox 1842 2974 3431 3057">
     <span class='ocr_line' id='line_1_88' title="bbox 1842 2974 3431 3057; baseline -0.006 -16"><span class='ocrx_word' id='word_1_719' title='bbox 1842 3001 1970 3057; x_wconf 89' lang='lat' dir='ltr'><strong>gare</strong></span> <span class='ocrx_word' id='word_1_720' title='bbox 2001 2984 2142 3056; x_wconf 87' lang='lat' dir='ltr'><strong>quod</strong></span> <span class='ocrx_word' id='word_1_721' title='bbox 2175 2994 2320 3038; x_wconf 92' lang='lat' dir='ltr'><strong>tuum</strong></span> <span class='ocrx_word' id='word_1_722' title='bbox 2349 2998 2452 3036; x_wconf 86' lang='lat' dir='ltr'><strong>non</strong></span> <span class='ocrx_word' id='word_1_723' title='bbox 2480 2982 2599 3037; x_wconf 90' lang='lat' dir='ltr'><strong>est?</strong></span> <span class='ocrx_word' id='word_1_724' title='bbox 2640 2980 2815 3050; x_wconf 85' lang='lat' dir='ltr'><strong>Usque</strong></span> <span class='ocrx_word' id='word_1_725' title='bbox 2840 2978 2976 3034; x_wconf 90' lang='lat' dir='ltr'><strong>adeo</strong></span> <span class='ocrx_word' id='word_1_726' title='bbox 3009 2976 3202 3032; x_wconf 87' lang='lat' dir='ltr'><strong>absens</strong></span> <span class='ocrx_word' id='word_1_727' title='bbox 3228 2982 3316 3032; x_wconf 85' lang='lat' dir='ltr'><strong>est</strong></span> <span class='ocrx_word' id='word_1_728' title='bbox 3337 2974 3431 3046; x_wconf 85' lang='lat' dir='ltr'><strong>qui</strong></span> 
     </span>
    </p>
   </div>
   <div class='ocr_carea' id='block_1_89' title="bbox 1845 3064 3432 3145">
    <p class='ocr_par' dir='ltr' id='par_1_89' title="bbox 1845 3064 3432 3145">
     <span class='ocr_line' id='line_1_89' title="bbox 1845 3064 3432 3145; baseline -0.008 -13"><span class='ocrx_word' id='word_1_729' title='bbox 1845 3078 1934 3133; x_wconf 86' lang='lat' dir='ltr'><strong>hic</strong></span> <span class='ocrx_word' id='word_1_730' title='bbox 1980 3075 2192 3145; x_wconf 88' lang='lat' dir='ltr'><strong>reliquit</strong></span> <span class='ocrx_word' id='word_1_731' title='bbox 2235 3087 2485 3144; x_wconf 87' lang='lat' dir='ltr'><strong>sponsam</strong></span> <span class='ocrx_word' id='word_1_732' title='bbox 2538 3070 2727 3126; x_wconf 83' lang='lat' dir='ltr'><strong>suam?</strong></span> <span class='ocrx_word' id='word_1_733' title='bbox 2769 3069 2955 3125; x_wconf 87' lang='lat' dir='ltr'><strong>Nescis</strong></span> <span class='ocrx_word' id='word_1_734' title='bbox 2994 3067 3117 3138; x_wconf 86' lang='lat' dir='ltr'><strong>quia</strong></span> <span class='ocrx_word' id='word_1_735' title='bbox 3164 3066 3255 3121; x_wconf 90' lang='lat' dir='ltr'><strong>ille</strong></span> <span class='ocrx_word' id='word_1_736' title='bbox 3281 3064 3432 3136; x_wconf 80' lang='lat' dir='ltr'><strong>quia</strong></span> 
     </span>
    </p>
   </div>
   <div class='ocr_carea' id='block_1_90' title="bbox 1847 3155 3431 3229">
    <p class='ocr_par' dir='ltr' id='par_1_90' title="bbox 1847 3155 3431 3229">
     <span class='ocr_line' id='line_1_90' title="bbox 1847 3155 3431 3229; baseline -0.009 -4"><span class='ocrx_word' id='word_1_737' title='bbox 1847 3168 2074 3224; x_wconf 91' lang='lat' dir='ltr'><strong>mortuis</strong></span> <span class='ocrx_word' id='word_1_738' title='bbox 2098 3165 2407 3229; x_wconf 83' lang='lat' dir='ltr'><strong>resurrexit,</strong></span> <span class='ocrx_word' id='word_1_739' title='bbox 2435 3162 2503 3218; x_wconf 90' lang='lat' dir='ltr'><strong>ad</strong></span> <span class='ocrx_word' id='word_1_740' title='bbox 2521 3163 2795 3219; x_wconf 77' lang='lat' dir='ltr'><strong>dexteram</strong></span> <span class='ocrx_word' id='word_1_741' title='bbox 2818 3160 2994 3215; x_wconf 81' lang='lat' dir='ltr'><strong>Patris</strong></span> <span class='ocrx_word' id='word_1_742' title='bbox 3009 3156 3194 3215; x_wconf 83' lang='lat' dir='ltr'><strong>sedet?</strong></span> <span class='ocrx_word' id='word_1_743' title='bbox 3219 3155 3277 3213; x_wconf 85' lang='lat' dir='ltr'><strong>Si</strong></span> <span class='ocrx_word' id='word_1_744' title='bbox 3296 3169 3431 3211; x_wconf 88' lang='lat' dir='ltr'><strong>con-</strong></span> 
     </span>
    </p>
   </div>
   <div class='ocr_carea' id='block_1_91' title="bbox 1849 3249 3434 3330">
    <p class='ocr_par' dir='ltr' id='par_1_91' title="bbox 1849 3249 3434 3330">
     <span class='ocr_line' id='line_1_91' title="bbox 1849 3249 3434 3330; baseline -0.009 -15"><span class='ocrx_word' id='word_1_745' title='bbox 1849 3267 2180 3330; x_wconf 88' lang='lat' dir='ltr'><strong>tempserunt</strong></span> <span class='ocrx_word' id='word_1_746' title='bbox 2208 3272 2329 3311; x_wconf 88' lang='lat' dir='ltr'><strong>cum</strong></span> <span class='ocrx_word' id='word_1_747' title='bbox 2367 3254 2537 3311; x_wconf 78' lang='lat' dir='ltr'><strong>Judaei</strong></span> <span class='ocrx_word' id='word_1_748' title='bbox 2564 3254 2616 3308; x_wconf 92' lang='lat' dir='ltr'><strong>in</strong></span> <span class='ocrx_word' id='word_1_749' title='bbox 2643 3253 2788 3323; x_wconf 87' lang='lat' dir='ltr'><strong>ligno</strong></span> <span class='ocrx_word' id='word_1_750' title='bbox 2811 3249 3134 3321; x_wconf 89' lang='lat' dir='ltr'><strong>pendentem</strong></span> <span class='ocrx_word' id='word_1_751' title='bbox 3157 3288 3174 3313; x_wconf 94' lang='lat'><strong>,</strong></span> <span class='ocrx_word' id='word_1_752' title='bbox 3199 3256 3256 3302; x_wconf 90' lang='lat' dir='ltr'><strong>tu</strong></span> <span class='ocrx_word' id='word_1_753' title='bbox 3299 3260 3434 3301; x_wconf 90' lang='lat' dir='ltr'><strong>con-</strong></span> 
     </span>
    </p>
   </div>
   <div class='ocr_carea' id='block_1_92' title="bbox 1851 3337 3437 3408">
    <p class='ocr_par' dir='ltr' id='par_1_92' title="bbox 1851 3337 3437 3408">
     <span class='ocr_line' id='line_1_92' title="bbox 1851 3337 3437 3408; baseline -0.011 0"><span class='ocrx_word' id='word_1_754' title='bbox 1851 3352 2045 3408; x_wconf 88' lang='lat' dir='ltr'><strong>temnis</strong></span> <span class='ocrx_word' id='word_1_755' title='bbox 2083 3350 2135 3404; x_wconf 91' lang='lat' dir='ltr'><strong>in</strong></span> <span class='ocrx_word' id='word_1_756' title='bbox 2178 3348 2319 3405; x_wconf 73' lang='lat' dir='ltr'><strong>cmlo</strong></span> <span class='ocrx_word' id='word_1_757' title='bbox 2361 3345 2675 3402; x_wconf 85' lang='lat' dir='ltr'><strong>sedentem?</strong></span> <span class='ocrx_word' id='word_1_758' title='bbox 2717 3342 2935 3398; x_wconf 88' lang='lat' dir='ltr'><strong>Noverit</strong></span> <span class='ocrx_word' id='word_1_759' title='bbox 2980 3337 3223 3394; x_wconf 89' lang='lat' dir='ltr'><strong>Charitas</strong></span> <span class='ocrx_word' id='word_1_760' title='bbox 3259 3346 3437 3393; x_wconf 79' lang='lat' dir='ltr'><strong>vestra</strong></span> 
     </span>
    </p>
   </div>
   <div class='ocr_carea' id='block_1_93' title="bbox 1849 3426 3436 3515">
    <p class='ocr_par' dir='ltr' id='par_1_93' title="bbox 1849 3426 3436 3515">
     <span class='ocr_line' id='line_1_93' title="bbox 1849 3426 3436 3515; baseline -0.011 -16"><span class='ocrx_word' id='word_1_761' title='bbox 1849 3458 2099 3515; x_wconf 87' lang='lat' dir='ltr'><strong>magnum</strong></span> <span class='ocrx_word' id='word_1_762' title='bbox 2130 3441 2369 3496; x_wconf 89' lang='lat' dir='ltr'><strong>dolorem</strong></span> <span class='ocrx_word' id='word_1_763' title='bbox 2400 3452 2488 3493; x_wconf 90' lang='lat' dir='ltr'><strong>me</strong></span> <span class='ocrx_word' id='word_1_764' title='bbox 2514 3436 2623 3509; x_wconf 88' lang='lat' dir='ltr'><strong>pati</strong></span> <span class='ocrx_word' id='word_1_765' title='bbox 2663 3434 2732 3491; x_wconf 92' lang='lat' dir='ltr'><strong>de</strong></span> <span class='ocrx_word' id='word_1_766' title='bbox 2773 3433 2876 3489; x_wconf 84' lang='lat' dir='ltr'><strong>hac</strong></span> <span class='ocrx_word' id='word_1_767' title='bbox 2917 3447 2977 3488; x_wconf 91' lang='lat' dir='ltr'><strong>re</strong></span> <span class='ocrx_word' id='word_1_768' title='bbox 3007 3450 3021 3487; x_wconf 87' lang='lat'><strong>:</strong></span> <span class='ocrx_word' id='word_1_769' title='bbox 3047 3429 3166 3498; x_wconf 89' lang='lat' dir='ltr'><strong>sed,</strong></span> <span class='ocrx_word' id='word_1_770' title='bbox 3190 3436 3251 3484; x_wconf 90' lang='lat' dir='ltr'><strong>ut</strong></span> <span class='ocrx_word' id='word_1_771' title='bbox 3282 3426 3436 3494; x_wconf 80' lang='lat' dir='ltr'><strong>dixi,</strong></span> 
     </span>
    </p>
   </div>
   <div class='ocr_carea' id='block_1_94' title="bbox 1851 3521 3436 3603">
    <p class='ocr_par' dir='ltr' id='par_1_94' title="bbox 1851 3521 3436 3603">
     <span class='ocr_line' id='line_1_94' title="bbox 1851 3521 3436 3603; baseline -0.01 -11"><span class='ocrx_word' id='word_1_772' title='bbox 1851 3536 2059 3592; x_wconf 90' lang='lat' dir='ltr'><strong>dimitto</strong></span> <span class='ocrx_word' id='word_1_773' title='bbox 2085 3542 2280 3590; x_wconf 67' lang='lat' dir='ltr'><strong>emtera</strong></span> <span class='ocrx_word' id='word_1_774' title='bbox 2308 3529 2717 3603; x_wconf 87' lang='lat' dir='ltr'><strong>cogitationibus</strong></span> <span class='ocrx_word' id='word_1_775' title='bbox 2743 3527 2956 3583; x_wconf 85' lang='lat' dir='ltr'><strong>vestris.</strong></span> <span class='ocrx_word' id='word_1_776' title='bbox 2987 3524 3102 3580; x_wconf 89' lang='lat' dir='ltr'><strong>Non</strong></span> <span class='ocrx_word' id='word_1_777' title='bbox 3129 3522 3273 3580; x_wconf 91' lang='lat' dir='ltr'><strong>enim</strong></span> <span class='ocrx_word' id='word_1_778' title='bbox 3294 3521 3436 3586; x_wconf 84' lang='lat' dir='ltr'><strong>dico,</strong></span> 
     </span>
    </p>
   </div>
   <div class='ocr_carea' id='block_1_95' title="bbox 1851 3610 3436 3698">
    <p class='ocr_par' dir='ltr' id='par_1_95' title="bbox 1851 3610 3436 3698">
     <span class='ocr_line' id='line_1_95' title="bbox 1851 3610 3436 3698; baseline -0.01 -16"><span class='ocrx_word' id='word_1_779' title='bbox 1851 3628 1897 3682; x_wconf 89' lang='lat' dir='ltr'><strong>si</strong></span> <span class='ocrx_word' id='word_1_780' title='bbox 1926 3628 2112 3698; x_wconf 91' lang='lat' dir='ltr'><strong>loquar</strong></span> <span class='ocrx_word' id='word_1_781' title='bbox 2142 3633 2248 3679; x_wconf 91' lang='lat' dir='ltr'><strong>tota</strong></span> <span class='ocrx_word' id='word_1_782' title='bbox 2273 3623 2393 3689; x_wconf 84' lang='lat' dir='ltr'><strong>die;</strong></span> <span class='ocrx_word' id='word_1_783' title='bbox 2414 3622 2460 3677; x_wconf 90' lang='lat' dir='ltr'><strong>si</strong></span> <span class='ocrx_word' id='word_1_784' title='bbox 2487 3621 2730 3691; x_wconf 85' lang='lat' dir='ltr'><strong>plangam</strong></span> <span class='ocrx_word' id='word_1_785' title='bbox 2757 3626 2865 3673; x_wconf 87' lang='lat' dir='ltr'><strong>tota</strong></span> <span class='ocrx_word' id='word_1_786' title='bbox 2901 3616 3006 3681; x_wconf 92' lang='lat' dir='ltr'><strong>die,</strong></span> <span class='ocrx_word' id='word_1_787' title='bbox 3051 3630 3158 3670; x_wconf 92' lang='lat' dir='ltr'><strong>non</strong></span> <span class='ocrx_word' id='word_1_788' title='bbox 3177 3610 3390 3670; x_wconf 74' lang='lat' dir='ltr'><strong>sufﬁcio</strong></span> <span class='ocrx_word' id='word_1_789' title='bbox 3419 3627 3436 3666; x_wconf 91' lang='lat'><strong>:</strong></span> 
     </span>
    </p>
   </div>
   <div class='ocr_carea' id='block_1_96' title="bbox 1853 3701 3441 3782">
    <p class='ocr_par' dir='ltr' id='par_1_96' title="bbox 1853 3701 3441 3782">
     <span class='ocr_line' id='line_1_96' title="bbox 1853 3701 3441 3782; baseline -0.01 -10"><span class='ocrx_word' id='word_1_790' title='bbox 1853 3734 1958 3772; x_wconf 91' lang='lat' dir='ltr'><strong>non</strong></span> <span class='ocrx_word' id='word_1_791' title='bbox 1985 3716 2125 3782; x_wconf 90' lang='lat' dir='ltr'><strong>dico,</strong></span> <span class='ocrx_word' id='word_1_792' title='bbox 2149 3716 2193 3769; x_wconf 89' lang='lat' dir='ltr'><strong>si</strong></span> <span class='ocrx_word' id='word_1_793' title='bbox 2222 3714 2463 3774; x_wconf 89' lang='lat' dir='ltr'><strong>habeam,</strong></span> <span class='ocrx_word' id='word_1_794' title='bbox 2493 3711 2631 3766; x_wconf 91' lang='lat' dir='ltr'><strong>sicut</strong></span> <span class='ocrx_word' id='word_1_795' title='bbox 2666 3706 2795 3765; x_wconf 87' lang='lat' dir='ltr'><strong>dicit</strong></span> <span class='ocrx_word' id='word_1_796' title='bbox 2828 3707 3106 3778; x_wconf 88' lang='lat' dir='ltr'><strong>propheta,</strong></span> <span class='ocrx_word' id='word_1_797' title='bbox 3132 3708 3324 3775; x_wconf 67' lang='lat' dir='ltr'><strong>fanum</strong></span> <span class='ocrx_word' id='word_1_798' title='bbox 3356 3701 3441 3757; x_wconf 59' lang='lat' dir='ltr'><strong>lac</strong></span> 
     </span>
    </p>
   </div>
   <div class='ocr_carea' id='block_1_97' title="bbox 1853 3794 3440 3879">
    <p class='ocr_par' dir='ltr' id='par_1_97' title="bbox 1853 3794 3440 3879">
     <span class='ocr_line' id='line_1_97' title="bbox 1853 3794 3440 3879; baseline -0.008 -18"><span class='ocrx_word' id='word_1_799' title='bbox 1853 3823 2136 3879; x_wconf 76' lang='lat' dir='ltr'><strong>crymarum</strong></span> <span class='ocrx_word' id='word_1_800' title='bbox 2159 3806 2367 3875; x_wconf 74' lang='lat' dir='ltr'><strong>(dorem.</strong></span> <span class='ocrx_word' id='word_1_801' title='bbox 2391 3818 2469 3870; x_wconf 80' lang='lat' dir='ltr'><strong>rx,</strong></span> <span class='ocrx_word' id='word_1_802' title='bbox 2498 3803 2584 3872; x_wconf 75' lang='lat'><strong>1);</strong></span> <span class='ocrx_word' id='word_1_803' title='bbox 2615 3799 2708 3856; x_wconf 89' lang='lat' dir='ltr'><strong>sed</strong></span> <span class='ocrx_word' id='word_1_804' title='bbox 2721 3800 2765 3854; x_wconf 91' lang='lat' dir='ltr'><strong>si</strong></span> <span class='ocrx_word' id='word_1_805' title='bbox 2781 3808 3062 3854; x_wconf 87' lang='lat' dir='ltr'><strong>convertar</strong></span> <span class='ocrx_word' id='word_1_806' title='bbox 3081 3796 3133 3851; x_wconf 91' lang='lat' dir='ltr'><strong>in</strong></span> <span class='ocrx_word' id='word_1_807' title='bbox 3155 3794 3440 3867; x_wconf 83' lang='lat' dir='ltr'><strong>lacrymas,</strong></span> 
     </span>
    </p>
   </div>
   <div class='ocr_carea' id='block_1_98' title="bbox 1853 3890 3441 3970">
    <p class='ocr_par' dir='ltr' id='par_1_98' title="bbox 1853 3890 3441 3970">
     <span class='ocr_line' id='line_1_98' title="bbox 1853 3890 3441 3970; baseline -0.007 -16"><span class='ocrx_word' id='word_1_808' title='bbox 1853 3910 1909 3955; x_wconf 87' lang='lat' dir='ltr'><strong>et</strong></span> <span class='ocrx_word' id='word_1_809' title='bbox 1924 3901 2171 3970; x_wconf 76' lang='lat' dir='ltr'><strong>lacrynue</strong></span> <span class='ocrx_word' id='word_1_810' title='bbox 2188 3898 2309 3950; x_wconf 81' lang='lat' dir='ltr'><strong>tiam</strong></span> <span class='ocrx_word' id='word_1_811' title='bbox 2327 3897 2367 3961; x_wconf 79' lang='grc'><strong>¹,</strong></span> <span class='ocrx_word' id='word_1_812' title='bbox 2387 3897 2437 3950; x_wconf 87' lang='lat' dir='ltr'><strong>in</strong></span> <span class='ocrx_word' id='word_1_813' title='bbox 2460 3894 2685 3964; x_wconf 87' lang='lat' dir='ltr'><strong>linguas,</strong></span> <span class='ocrx_word' id='word_1_814' title='bbox 2704 3901 2758 3947; x_wconf 90' lang='lat' dir='ltr'><strong>et</strong></span> <span class='ocrx_word' id='word_1_815' title='bbox 2774 3891 2967 3961; x_wconf 71' lang='lat' dir='ltr'><strong>lingua:</strong></span> <span class='ocrx_word' id='word_1_816' title='bbox 2978 3890 3123 3955; x_wconf 80' lang='lat' dir='ltr'><strong>liam,</strong></span> <span class='ocrx_word' id='word_1_817' title='bbox 3139 3904 3322 3958; x_wconf 89' lang='lat' dir='ltr'><strong>parum</strong></span> <span class='ocrx_word' id='word_1_818' title='bbox 3337 3896 3441 3944; x_wconf 89' lang='lat' dir='ltr'><strong>est.</strong></span> 
     </span>
    </p>
   </div>
   <div class='ocr_carea' id='block_1_99' title="bbox 1928 3977 3445 4052">
    <p class='ocr_par' dir='ltr' id='par_1_99' title="bbox 1928 3977 3445 4052">
     <span class='ocr_line' id='line_1_99' title="bbox 1928 3977 3445 4052; baseline -0.007 -9"><span class='ocrx_word' id='word_1_819' title='bbox 1928 3989 2017 4043; x_wconf 73' lang='lat'><strong>12.</strong></span> <span class='ocrx_word' id='word_1_820' title='bbox 2042 3989 2365 4052; x_wconf 80' lang='lat' dir='ltr'><strong>Redeamus,</strong></span> <span class='ocrx_word' id='word_1_821' title='bbox 2393 3985 2666 4040; x_wconf 89' lang='lat' dir='ltr'><strong>videamus</strong></span> <span class='ocrx_word' id='word_1_822' title='bbox 2704 3981 2831 4052; x_wconf 88' lang='lat' dir='ltr'><strong>quid</strong></span> <span class='ocrx_word' id='word_1_823' title='bbox 2855 3982 2988 4036; x_wconf 88' lang='lat' dir='ltr'><strong>dicit</strong></span> <span class='ocrx_word' id='word_1_824' title='bbox 3017 3981 3148 4035; x_wconf 88' lang='lat' dir='ltr'><strong>iste:</strong></span> <span class='ocrx_word' id='word_1_825' title='bbox 3179 3979 3277 4045; x_wconf 82' lang='lat' dir='ltr'><strong>Qui</strong></span> <span class='ocrx_word' id='word_1_826' title='bbox 3297 3977 3445 4033; x_wconf 81' lang='lat' dir='ltr'><strong>habet</strong></span> 
     </span>
    </p>
   </div>
   <div class='ocr_carea' id='block_1_100' title="bbox 1856 4070 3443 4155">
    <p class='ocr_par' dir='ltr' id='par_1_100' title="bbox 1856 4070 3443 4155">
     <span class='ocr_line' id='line_1_100' title="bbox 1856 4070 3443 4155; baseline -0.009 -16"><span class='ocrx_word' id='word_1_827' title='bbox 1856 4099 2113 4155; x_wconf 86' lang='lat' dir='ltr'><strong>sponsam,</strong></span> <span class='ocrx_word' id='word_1_828' title='bbox 2167 4096 2383 4151; x_wconf 85' lang='lat' dir='ltr'><strong>sponsus</strong></span> <span class='ocrx_word' id='word_1_829' title='bbox 2412 4086 2526 4143; x_wconf 88' lang='lat' dir='ltr'><strong>est;</strong></span> <span class='ocrx_word' id='word_1_830' title='bbox 2560 4091 2665 4130; x_wconf 91' lang='lat' dir='ltr'><strong>non</strong></span> <span class='ocrx_word' id='word_1_831' title='bbox 2709 4082 2793 4130; x_wconf 89' lang='lat' dir='ltr'><strong>est</strong></span> <span class='ocrx_word' id='word_1_832' title='bbox 2839 4088 2956 4128; x_wconf 90' lang='lat' dir='ltr'><strong>mea</strong></span> <span class='ocrx_word' id='word_1_833' title='bbox 2980 4086 3197 4142; x_wconf 89' lang='lat' dir='ltr'><strong>sponsa.</strong></span> <span class='ocrx_word' id='word_1_834' title='bbox 3228 4070 3296 4125; x_wconf 86' lang='lat' dir='ltr'><strong>Et</strong></span> <span class='ocrx_word' id='word_1_835' title='bbox 3336 4084 3443 4125; x_wconf 89' lang='lat' dir='ltr'><strong>non</strong></span> 
     </span>
    </p>
   </div>
   <div class='ocr_carea' id='block_1_101' title="bbox 1855 4161 3446 4248">
    <p class='ocr_par' dir='ltr' id='par_1_101' title="bbox 1855 4161 3446 4248">
     <span class='ocr_line' id='line_1_101' title="bbox 1855 4161 3446 4248; baseline -0.012 -18"><span class='ocrx_word' id='word_1_836' title='bbox 1855 4175 2056 4248; x_wconf 85' lang='lat' dir='ltr'><strong>gaudes</strong></span> <span class='ocrx_word' id='word_1_837' title='bbox 2109 4174 2162 4227; x_wconf 91' lang='lat' dir='ltr'><strong>in</strong></span> <span class='ocrx_word' id='word_1_838' title='bbox 2208 4168 2445 4240; x_wconf 86' lang='lat' dir='ltr'><strong>nuptiis?</strong></span> <span class='ocrx_word' id='word_1_839' title='bbox 2471 4168 2581 4222; x_wconf 91' lang='lat' dir='ltr'><strong>lmo</strong></span> <span class='ocrx_word' id='word_1_840' title='bbox 2624 4165 2847 4235; x_wconf 88' lang='lat' dir='ltr'><strong>gaudeo,</strong></span> <span class='ocrx_word' id='word_1_841' title='bbox 2880 4163 3001 4217; x_wconf 89' lang='lat' dir='ltr'><strong>ait:</strong></span> <span class='ocrx_word' id='word_1_842' title='bbox 3035 4161 3237 4214; x_wconf 80' lang='lat' dir='ltr'><strong>Amicus</strong></span> <span class='ocrx_word' id='word_1_843' title='bbox 3277 4167 3446 4213; x_wconf 81' lang='lat' dir='ltr'><strong>autem</strong></span> 
     </span>
    </p>
   </div>
   <div class='ocr_carea' id='block_1_102' title="bbox 1856 4253 3446 4340">
    <p class='ocr_par' dir='ltr' id='par_1_102' title="bbox 1856 4253 3446 4340">
     <span class='ocr_line' id='line_1_102' title="bbox 1856 4253 3446 4340; baseline -0.014 -15"><span class='ocrx_word' id='word_1_844' title='bbox 1856 4269 2045 4340; x_wconf 85' lang='lat' dir='ltr'><strong>sponsi,</strong></span> <span class='ocrx_word' id='word_1_845' title='bbox 2075 4266 2162 4340; x_wconf 87' lang='lat' dir='ltr'><strong>qui</strong></span> <span class='ocrx_word' id='word_1_846' title='bbox 2188 4274 2285 4320; x_wconf 83' lang='lat' dir='ltr'><strong>stat</strong></span> <span class='ocrx_word' id='word_1_847' title='bbox 2314 4273 2359 4316; x_wconf 88' lang='lat' dir='ltr'><strong>et</strong></span> <span class='ocrx_word' id='word_1_848' title='bbox 2386 4260 2526 4315; x_wconf 88' lang='lat' dir='ltr'><strong>audit</strong></span> <span class='ocrx_word' id='word_1_849' title='bbox 2551 4275 2688 4319; x_wconf 87' lang='lat' dir='ltr'><strong>eum,</strong></span> <span class='ocrx_word' id='word_1_850' title='bbox 2714 4255 2899 4325; x_wconf 88' lang='lat' dir='ltr'><strong>gaudio</strong></span> <span class='ocrx_word' id='word_1_851' title='bbox 2923 4253 3110 4325; x_wconf 81' lang='lat' dir='ltr'><strong>gaudet</strong></span> <span class='ocrx_word' id='word_1_852' title='bbox 3137 4260 3341 4323; x_wconf 85' lang='lat' dir='ltr'><strong>propter</strong></span> <span class='ocrx_word' id='word_1_853' title='bbox 3363 4266 3446 4305; x_wconf 78' lang='lat' dir='ltr'><strong>vo-</strong></span> 
     </span>
    </p>
   </div>
   <div class='ocr_carea' id='block_1_103' title="bbox 1859 4348 3446 4431">
    <p class='ocr_par' dir='ltr' id='par_1_103' title="bbox 1859 4348 3446 4431">
     <span class='ocr_line' id='line_1_103' title="bbox 1859 4348 3446 4431; baseline -0.014 -14"><span class='ocrx_word' id='word_1_854' title='bbox 1859 4379 1966 4417; x_wconf 86' lang='lat' dir='ltr'><strong>cem</strong></span> <span class='ocrx_word' id='word_1_855' title='bbox 1993 4359 2182 4431; x_wconf 86' lang='lat' dir='ltr'><strong>spausi.</strong></span> <span class='ocrx_word' id='word_1_856' title='bbox 2208 4352 2557 4422; x_wconf 80' lang='lat' dir='ltr'><strong>Non,‘inqnit,</strong></span> <span class='ocrx_word' id='word_1_857' title='bbox 2576 4348 2783 4420; x_wconf 86' lang='lat' dir='ltr'><strong>gaudeo</strong></span> <span class='ocrx_word' id='word_1_858' title='bbox 2809 4355 3027 4417; x_wconf 87' lang='lat' dir='ltr'><strong>propter</strong></span> <span class='ocrx_word' id='word_1_859' title='bbox 3051 4358 3233 4397; x_wconf 83' lang='lat' dir='ltr'><strong>vocem</strong></span> <span class='ocrx_word' id='word_1_860' title='bbox 3247 4356 3446 4408; x_wconf 89' lang='lat' dir='ltr'><strong>meam,</strong></span> 
     </span>
    </p>
   </div>
   <div class='ocr_carea' id='block_1_104' title="bbox 1859 4430 3448 4520">
    <p class='ocr_par' dir='ltr' id='par_1_104' title="bbox 1859 4430 3448 4520">
     <span class='ocr_line' id='line_1_104' title="bbox 1859 4430 3448 4520; baseline -0.016 -11"><span class='ocrx_word' id='word_1_861' title='bbox 1859 4452 1953 4508; x_wconf 91' lang='lat' dir='ltr'><strong>sed</strong></span> <span class='ocrx_word' id='word_1_862' title='bbox 1976 4430 2189 4520; x_wconf 86' lang='lat' dir='ltr'><strong>propter</strong></span> <span class='ocrx_word' id='word_1_863' title='bbox 2216 4460 2398 4500; x_wconf 83' lang='lat' dir='ltr'><strong>vocem</strong></span> <span class='ocrx_word' id='word_1_864' title='bbox 2420 4441 2602 4513; x_wconf 88' lang='lat' dir='ltr'><strong>sponsi</strong></span> <span class='ocrx_word' id='word_1_865' title='bbox 2625 4438 2851 4510; x_wconf 86' lang='lat' dir='ltr'><strong>gaudeo.</strong></span> <span class='ocrx_word' id='word_1_866' title='bbox 2881 4436 2994 4504; x_wconf 70' lang='lat' dir='ltr'><strong>Ego</strong></span> <span class='ocrx_word' id='word_1_867' title='bbox 3013 4449 3128 4489; x_wconf 89' lang='lat' dir='ltr'><strong>sum</strong></span> <span class='ocrx_word' id='word_1_868' title='bbox 3151 4433 3204 4486; x_wconf 90' lang='lat' dir='ltr'><strong>in</strong></span> <span class='ocrx_word' id='word_1_869' title='bbox 3229 4430 3448 4486; x_wconf 88' lang='lat' dir='ltr'><strong>audien-</strong></span> 
     </span>
    </p>
   </div>
   <div class='ocr_carea' id='block_1_105' title="bbox 1858 4523 3450 4610">
    <p class='ocr_par' dir='ltr' id='par_1_105' title="bbox 1858 4523 3450 4610">
     <span class='ocr_line' id='line_1_105' title="bbox 1858 4523 3450 4610; baseline -0.015 -10"><span class='ocrx_word' id='word_1_870' title='bbox 1858 4547 1948 4610; x_wconf 89' lang='lat' dir='ltr'><strong>do,</strong></span> <span class='ocrx_word' id='word_1_871' title='bbox 1988 4543 2073 4597; x_wconf 84' lang='lat' dir='ltr'><strong>ille</strong></span> <span class='ocrx_word' id='word_1_872' title='bbox 2099 4541 2151 4595; x_wconf 91' lang='lat' dir='ltr'><strong>in</strong></span> <span class='ocrx_word' id='word_1_873' title='bbox 2179 4537 2435 4594; x_wconf 87' lang='lat' dir='ltr'><strong>dicendo:</strong></span> <span class='ocrx_word' id='word_1_874' title='bbox 2467 4550 2566 4605; x_wconf 87' lang='lat' dir='ltr'><strong>ego</strong></span> <span class='ocrx_word' id='word_1_875' title='bbox 2590 4547 2706 4587; x_wconf 90' lang='lat' dir='ltr'><strong>sum</strong></span> <span class='ocrx_word' id='word_1_876' title='bbox 2735 4530 2876 4584; x_wconf 90' lang='lat' dir='ltr'><strong>enim</strong></span> <span class='ocrx_word' id='word_1_877' title='bbox 2918 4523 3323 4587; x_wconf 87' lang='lat' dir='ltr'><strong>illuminandus,</strong></span> <span class='ocrx_word' id='word_1_878' title='bbox 3359 4523 3450 4577; x_wconf 90' lang='lat' dir='ltr'><strong>ille</strong></span> 
     </span>
    </p>
   </div>
   <div class='ocr_carea' id='block_1_106' title="bbox 1862 4615 3451 4703">
    <p class='ocr_par' dir='ltr' id='par_1_106' title="bbox 1862 4615 3451 4703">
     <span class='ocr_line' id='line_1_106' title="bbox 1862 4615 3451 4703; baseline -0.013 -11"><span class='ocrx_word' id='word_1_879' title='bbox 1862 4638 2041 4692; x_wconf 84' lang='lat' dir='ltr'><strong>lumen</strong></span> <span class='ocrx_word' id='word_1_880' title='bbox 2067 4652 2080 4701; x_wconf 87' lang='lat'><strong>;</strong></span> <span class='ocrx_word' id='word_1_881' title='bbox 2111 4647 2210 4703; x_wconf 84' lang='lat' dir='ltr'><strong>ego</strong></span> <span class='ocrx_word' id='word_1_882' title='bbox 2240 4646 2356 4685; x_wconf 90' lang='lat' dir='ltr'><strong>sum</strong></span> <span class='ocrx_word' id='word_1_883' title='bbox 2390 4630 2441 4683; x_wconf 87' lang='lat' dir='ltr'><strong>in</strong></span> <span class='ocrx_word' id='word_1_884' title='bbox 2468 4641 2617 4691; x_wconf 90' lang='lat' dir='ltr'><strong>aure,</strong></span> <span class='ocrx_word' id='word_1_885' title='bbox 2666 4624 2756 4678; x_wconf 88' lang='lat' dir='ltr'><strong>ille</strong></span> <span class='ocrx_word' id='word_1_886' title='bbox 2782 4619 3038 4675; x_wconf 82' lang='lat' dir='ltr'><strong>Verbum.</strong></span> <span class='ocrx_word' id='word_1_887' title='bbox 3070 4617 3210 4688; x_wconf 88' lang='lat' dir='ltr'><strong>Ergo</strong></span> <span class='ocrx_word' id='word_1_888' title='bbox 3249 4615 3451 4671; x_wconf 81' lang='lat' dir='ltr'><strong>amicus</strong></span> 
     </span>
    </p>
   </div>
   <div class='ocr_carea' id='block_1_107' title="bbox 1861 4706 3448 4798">
    <p class='ocr_par' dir='ltr' id='par_1_107' title="bbox 1861 4706 3448 4798">
     <span class='ocr_line' id='line_1_107' title="bbox 1861 4706 3448 4798; baseline -0.014 -15"><span class='ocrx_word' id='word_1_889' title='bbox 1861 4727 2047 4798; x_wconf 75' lang='lat' dir='ltr'><strong>Sponsi</strong></span> <span class='ocrx_word' id='word_1_890' title='bbox 2069 4735 2173 4780; x_wconf 86' lang='lat' dir='ltr'><strong>stat</strong></span> <span class='ocrx_word' id='word_1_891' title='bbox 2197 4733 2253 4778; x_wconf 92' lang='lat' dir='ltr'><strong>et</strong></span> <span class='ocrx_word' id='word_1_892' title='bbox 2270 4721 2420 4776; x_wconf 88' lang='lat' dir='ltr'><strong>audit</strong></span> <span class='ocrx_word' id='word_1_893' title='bbox 2442 4734 2585 4774; x_wconf 91' lang='lat' dir='ltr'><strong>eum.</strong></span> <span class='ocrx_word' id='word_1_894' title='bbox 2609 4716 2784 4784; x_wconf 85' lang='lat' dir='ltr'><strong>Quare</strong></span> <span class='ocrx_word' id='word_1_895' title='bbox 2822 4712 2964 4769; x_wconf 90' lang='lat' dir='ltr'><strong>stat?</strong></span> <span class='ocrx_word' id='word_1_896' title='bbox 2989 4709 3123 4777; x_wconf 86' lang='lat' dir='ltr'><strong>Quia</strong></span> <span class='ocrx_word' id='word_1_897' title='bbox 3152 4724 3261 4763; x_wconf 91' lang='lat' dir='ltr'><strong>non</strong></span> <span class='ocrx_word' id='word_1_898' title='bbox 3288 4706 3448 4763; x_wconf 87' lang='lat' dir='ltr'><strong>cadit.</strong></span> 
     </span>
    </p>
   </div>
   <div class='ocr_carea' id='block_1_108' title="bbox 1865 4799 3453 4886">
    <p class='ocr_par' dir='ltr' id='par_1_108' title="bbox 1865 4799 3453 4886">
     <span class='ocr_line' id='line_1_108' title="bbox 1865 4799 3453 4886; baseline -0.013 -13"><span class='ocrx_word' id='word_1_899' title='bbox 1865 4820 2043 4886; x_wconf 83' lang='lat' dir='ltr'><strong>Quare</strong></span> <span class='ocrx_word' id='word_1_900' title='bbox 2073 4831 2176 4869; x_wconf 89' lang='lat' dir='ltr'><strong>non</strong></span> <span class='ocrx_word' id='word_1_901' title='bbox 2199 4812 2384 4867; x_wconf 82' lang='lat' dir='ltr'><strong>cadit?</strong></span> <span class='ocrx_word' id='word_1_902' title='bbox 2413 4810 2547 4877; x_wconf 87' lang='lat' dir='ltr'><strong>Quia</strong></span> <span class='ocrx_word' id='word_1_903' title='bbox 2575 4807 2791 4862; x_wconf 84' lang='lat' dir='ltr'><strong>humilis</strong></span> <span class='ocrx_word' id='word_1_904' title='bbox 2813 4815 2914 4859; x_wconf 90' lang='lat' dir='ltr'><strong>est.</strong></span> <span class='ocrx_word' id='word_1_905' title='bbox 2960 4802 3092 4857; x_wconf 85' lang='lat' dir='ltr'><strong>Vide</strong></span> <span class='ocrx_word' id='word_1_906' title='bbox 3122 4810 3352 4856; x_wconf 84' lang='lat' dir='ltr'><strong>stantem</strong></span> <span class='ocrx_word' id='word_1_907' title='bbox 3398 4799 3453 4854; x_wconf 85' lang='lat' dir='ltr'><strong>in</strong></span> 
     </span>
    </p>
   </div>
   <div class='ocr_carea' id='block_1_109' title="bbox 1863 4891 3455 4971">
    <p class='ocr_par' dir='ltr' id='par_1_109' title="bbox 1863 4891 3455 4971">
     <span class='ocr_line' id='line_1_109' title="bbox 1863 4891 3455 4971; baseline -0.012 -7"><span class='ocrx_word' id='word_1_908' title='bbox 1863 4910 2066 4964; x_wconf 87' lang='lat' dir='ltr'><strong>solido:</strong></span> <span class='ocrx_word' id='word_1_909' title='bbox 2104 4905 2221 4959; x_wconf 86' lang='lat' dir='ltr'><strong>Non</strong></span> <span class='ocrx_word' id='word_1_910' title='bbox 2272 4920 2386 4957; x_wconf 87' lang='lat' dir='ltr'><strong>sum</strong></span> <span class='ocrx_word' id='word_1_911' title='bbox 2429 4902 2612 4971; x_wconf 86' lang='lat' dir='ltr'><strong>dignus</strong></span> <span class='ocrx_word' id='word_1_912' title='bbox 2656 4897 2928 4966; x_wconf 83' lang='lat' dir='ltr'><strong>corrigiam</strong></span> <span class='ocrx_word' id='word_1_913' title='bbox 2981 4892 3309 4947; x_wconf 82' lang='lat' dir='ltr'><strong>calceameuti</strong></span> <span class='ocrx_word' id='word_1_914' title='bbox 3340 4891 3455 4963; x_wconf 81' lang='lat' dir='ltr'><strong>ejus</strong></span> 
     </span>
    </p>
   </div>
   <div class='ocr_carea' id='block_1_110' title="bbox 1866 4982 3454 5070">
    <p class='ocr_par' dir='ltr' id='par_1_110' title="bbox 1866 4982 3454 5070">
     <span class='ocr_line' id='line_1_110' title="bbox 1866 4982 3454 5070; baseline -0.011 -14"><span class='ocrx_word' id='word_1_915' title='bbox 1866 5002 2057 5055; x_wconf 84' lang='lat' dir='ltr'><strong>solvere</strong></span> <span class='ocrx_word' id='word_1_916' title='bbox 2086 4996 2104 5070; x_wconf 91' lang='lat'>(</span> <span class='ocrx_word' id='word_1_917' title='bbox 2130 4996 2287 5049; x_wconf 83' lang='lat' dir='ltr'><strong>Joan.</strong></span> <span class='ocrx_word' id='word_1_918' title='bbox 2317 5010 2354 5058; x_wconf 84' lang='grc' dir='ltr'>ι,</span> <span class='ocrx_word' id='word_1_919' title='bbox 2379 4993 2446 5046; x_wconf 72' lang='grc'><strong>27</strong></span> <span class='ocrx_word' id='word_1_920' title='bbox 2470 4993 2510 5062; x_wconf 91' lang='grc'>).</span> <span class='ocrx_word' id='word_1_921' title='bbox 2544 4990 2685 5044; x_wconf 84' lang='lat' dir='ltr'><strong>Bene</strong></span> <span class='ocrx_word' id='word_1_922' title='bbox 2715 4998 2766 5042; x_wconf 88' lang='lat' dir='ltr'><strong>te</strong></span> <span class='ocrx_word' id='word_1_923' title='bbox 2812 4985 3078 5049; x_wconf 73' lang='lat' dir='ltr'><strong>humilius,</strong></span> <span class='ocrx_word' id='word_1_924' title='bbox 3125 4982 3318 5038; x_wconf 90' lang='lat' dir='ltr'><strong>merito</strong></span> <span class='ocrx_word' id='word_1_925' title='bbox 3344 4995 3454 5038; x_wconf 87' lang='lat' dir='ltr'><strong>non</strong></span> 
     </span>
    </p>
   </div>
   <div class='ocr_carea' id='block_1_111' title="bbox 1861 5072 3453 5155">
    <p class='ocr_par' dir='ltr' id='par_1_111' title="bbox 1861 5072 3453 5155">
     <span class='ocr_line' id='line_1_111' title="bbox 1861 5072 3453 5155; baseline -0.014 -8"><span class='ocrx_word' id='word_1_926' title='bbox 1861 5092 2026 5155; x_wconf 88' lang='lat' dir='ltr'><strong>cadis,</strong></span> <span class='ocrx_word' id='word_1_927' title='bbox 2060 5088 2251 5142; x_wconf 89' lang='lat' dir='ltr'><strong>merito</strong></span> <span class='ocrx_word' id='word_1_928' title='bbox 2276 5093 2406 5147; x_wconf 87' lang='lat' dir='ltr'><strong>stas,</strong></span> <span class='ocrx_word' id='word_1_929' title='bbox 2430 5080 2622 5135; x_wconf 88' lang='lat' dir='ltr'><strong>merito</strong></span> <span class='ocrx_word' id='word_1_930' title='bbox 2673 5076 2826 5132; x_wconf 88' lang='lat' dir='ltr'><strong>audis</strong></span> <span class='ocrx_word' id='word_1_931' title='bbox 2851 5090 2995 5142; x_wconf 85' lang='lat' dir='ltr'><strong>eum,</strong></span> <span class='ocrx_word' id='word_1_932' title='bbox 3027 5084 3081 5129; x_wconf 89' lang='lat' dir='ltr'><strong>et</strong></span> <span class='ocrx_word' id='word_1_933' title='bbox 3104 5072 3297 5145; x_wconf 88' lang='lat' dir='ltr'><strong>gaudio</strong></span> <span class='ocrx_word' id='word_1_934' title='bbox 3322 5086 3453 5142; x_wconf 84' lang='lat' dir='ltr'><strong>gau-</strong></span> 
     </span>
    </p>
   </div>
   <div class='ocr_carea' id='block_1_112' title="bbox 1867 5164 3450 5251">
    <p class='ocr_par' dir='ltr' id='par_1_112' title="bbox 1867 5164 3450 5251">
     <span class='ocr_line' id='line_1_112' title="bbox 1867 5164 3450 5251; baseline -0.013 -11"><span class='ocrx_word' id='word_1_935' title='bbox 1867 5185 1963 5240; x_wconf 86' lang='lat' dir='ltr'><strong>des</strong></span> <span class='ocrx_word' id='word_1_936' title='bbox 2011 5188 2226 5251; x_wconf 87' lang='lat' dir='ltr'><strong>propter</strong></span> <span class='ocrx_word' id='word_1_937' title='bbox 2257 5190 2439 5231; x_wconf 85' lang='lat' dir='ltr'><strong>vocem</strong></span> <span class='ocrx_word' id='word_1_938' title='bbox 2488 5171 2690 5242; x_wconf 89' lang='lat' dir='ltr'><strong>sponsi.</strong></span> <span class='ocrx_word' id='word_1_939' title='bbox 2718 5170 2808 5225; x_wconf 88' lang='lat' dir='ltr'><strong>Sic</strong></span> <span class='ocrx_word' id='word_1_940' title='bbox 2835 5176 2890 5223; x_wconf 90' lang='lat' dir='ltr'><strong>et</strong></span> <span class='ocrx_word' id='word_1_941' title='bbox 2938 5167 3223 5237; x_wconf 87' lang='lat' dir='ltr'><strong>Apostolus</strong></span> <span class='ocrx_word' id='word_1_942' title='bbox 3248 5164 3450 5219; x_wconf 89' lang='lat' dir='ltr'><strong>amicus</strong></span> 
     </span>
    </p>
   </div>
   <div class='ocr_carea' id='block_1_113' title="bbox 1867 5254 3449 5344">
    <p class='ocr_par' dir='ltr' id='par_1_113' title="bbox 1867 5254 3449 5344">
     <span class='ocr_line' id='line_1_113' title="bbox 1867 5254 3449 5344; baseline -0.015 -15"><span class='ocrx_word' id='word_1_943' title='bbox 1867 5272 2079 5344; x_wconf 86' lang='lat' dir='ltr'><strong>sponsi,</strong></span> <span class='ocrx_word' id='word_1_944' title='bbox 2111 5268 2245 5323; x_wconf 86' lang='lat' dir='ltr'><strong>zelat</strong></span> <span class='ocrx_word' id='word_1_945' title='bbox 2290 5275 2345 5320; x_wconf 89' lang='lat' dir='ltr'><strong>et</strong></span> <span class='ocrx_word' id='word_1_946' title='bbox 2376 5266 2513 5333; x_wconf 90' lang='lat' dir='ltr'><strong>ipse,</strong></span> <span class='ocrx_word' id='word_1_947' title='bbox 2547 5275 2654 5317; x_wconf 92' lang='lat' dir='ltr'><strong>non</strong></span> <span class='ocrx_word' id='word_1_948' title='bbox 2679 5260 2799 5325; x_wconf 90' lang='lat' dir='ltr'><strong>sibi,</strong></span> <span class='ocrx_word' id='word_1_949' title='bbox 2823 5258 2920 5314; x_wconf 87' lang='lat' dir='ltr'><strong>sed</strong></span> <span class='ocrx_word' id='word_1_950' title='bbox 2945 5272 3164 5327; x_wconf 88' lang='lat' dir='ltr'><strong>sponso.</strong></span> <span class='ocrx_word' id='word_1_951' title='bbox 3188 5254 3323 5310; x_wconf 83' lang='lat' dir='ltr'><strong>Audi</strong></span> <span class='ocrx_word' id='word_1_952' title='bbox 3347 5268 3449 5308; x_wconf 76' lang='lat' dir='ltr'><strong>vo-</strong></span> 
     </span>
    </p>
   </div>
   <div class='ocr_carea' id='block_1_114' title="bbox 1868 5350 3451 5421">
    <p class='ocr_par' dir='ltr' id='par_1_114' title="bbox 1868 5350 3451 5421">
     <span class='ocr_line' id='line_1_114' title="bbox 1868 5350 3451 5421; baseline -0.015 -1"><span class='ocrx_word' id='word_1_953' title='bbox 1868 5380 1986 5421; x_wconf 89' lang='lat' dir='ltr'><strong>cem</strong></span> <span class='ocrx_word' id='word_1_954' title='bbox 2015 5359 2238 5417; x_wconf 83' lang='lat' dir='ltr'><strong>zelantis</strong></span> <span class='ocrx_word' id='word_1_955' title='bbox 2268 5377 2279 5411; x_wconf 92' lang='lat'><strong>:</strong></span> <span class='ocrx_word' id='word_1_956' title='bbox 2313 5356 2433 5411; x_wconf 82' lang='lat' dir='ltr'><strong>Zeto</strong></span> <span class='ocrx_word' id='word_1_957' title='bbox 2458 5353 2554 5408; x_wconf 83' lang='lat' dir='ltr'><strong>Dei</strong></span> <span class='ocrx_word' id='word_1_958' title='bbox 2580 5369 2665 5407; x_wconf 85' lang='lat' dir='ltr'><strong>vos</strong></span> <span class='ocrx_word' id='word_1_959' title='bbox 2689 5353 2818 5418; x_wconf 81' lang='lat' dir='ltr'><strong>sete,</strong></span> <span class='ocrx_word' id='word_1_960' title='bbox 2844 5350 3009 5415; x_wconf 84' lang='lat' dir='ltr'><strong>dixit;</strong></span> <span class='ocrx_word' id='word_1_961' title='bbox 3042 5364 3145 5403; x_wconf 91' lang='lat' dir='ltr'><strong>non</strong></span> <span class='ocrx_word' id='word_1_962' title='bbox 3173 5359 3312 5408; x_wconf 90' lang='lat' dir='ltr'><strong>meo,</strong></span> <span class='ocrx_word' id='word_1_963' title='bbox 3342 5358 3451 5398; x_wconf 92' lang='lat' dir='ltr'><strong>non</strong></span> 
     </span>
    </p>
   </div>
   <div class='ocr_carea' id='block_1_115' title="bbox 1871 5432 3461 5519">
    <p class='ocr_par' dir='ltr' id='par_1_115' title="bbox 1871 5432 3461 5519">
     <span class='ocr_line' id='line_1_115' title="bbox 1871 5432 3461 5519; baseline -0.015 -6"><span class='ocrx_word' id='word_1_964' title='bbox 1871 5456 2025 5519; x_wconf 86' lang='lat' dir='ltr'><strong>mihi,</strong></span> <span class='ocrx_word' id='word_1_965' title='bbox 2049 5450 2147 5507; x_wconf 90' lang='lat' dir='ltr'><strong>sed</strong></span> <span class='ocrx_word' id='word_1_966' title='bbox 2169 5450 2287 5504; x_wconf 84' lang='lat' dir='ltr'><strong>zelo</strong></span> <span class='ocrx_word' id='word_1_967' title='bbox 2315 5448 2426 5502; x_wconf 84' lang='lat' dir='ltr'><strong>Dei.</strong></span> <span class='ocrx_word' id='word_1_968' title='bbox 2452 5444 2641 5502; x_wconf 89' lang='lat' dir='ltr'><strong>Unde?</strong></span> <span class='ocrx_word' id='word_1_969' title='bbox 2671 5440 2974 5514; x_wconf 88' lang='lat' dir='ltr'><strong>quomodo?</strong></span> <span class='ocrx_word' id='word_1_970' title='bbox 3003 5452 3161 5509; x_wconf 89' lang='lat' dir='ltr'><strong>quam</strong></span> <span class='ocrx_word' id='word_1_971' title='bbox 3187 5435 3348 5497; x_wconf 82' lang='lat' dir='ltr'><strong>zelas,</strong></span> <span class='ocrx_word' id='word_1_972' title='bbox 3372 5432 3461 5489; x_wconf 87' lang='lat' dir='ltr'><strong>vel</strong></span> 
     </span>
    </p>
   </div>
   <div class='ocr_carea' id='block_1_116' title="bbox 1874 5526 3461 5611">
    <p class='ocr_par' dir='ltr' id='par_1_116' title="bbox 1874 5526 3461 5611">
     <span class='ocr_line' id='line_1_116' title="bbox 1874 5526 3461 5611; baseline -0.015 -9"><span class='ocrx_word' id='word_1_973' title='bbox 1874 5547 1957 5603; x_wconf 87' lang='lat' dir='ltr'><strong>cui</strong></span> <span class='ocrx_word' id='word_1_974' title='bbox 1986 5542 2170 5599; x_wconf 79' lang='lat' dir='ltr'><strong>zelus?</strong></span> <span class='ocrx_word' id='word_1_975' title='bbox 2197 5538 2511 5611; x_wconf 85' lang='lat' dir='ltr'><strong>Desponsavi</strong></span> <span class='ocrx_word' id='word_1_976' title='bbox 2530 5536 2662 5591; x_wconf 87' lang='lat' dir='ltr'><strong>enim</strong></span> <span class='ocrx_word' id='word_1_977' title='bbox 2688 5550 2773 5587; x_wconf 84' lang='lat' dir='ltr'><strong>vos</strong></span> <span class='ocrx_word' id='word_1_978' title='bbox 2811 5533 2898 5586; x_wconf 85' lang='lat' dir='ltr'><strong>uni</strong></span> <span class='ocrx_word' id='word_1_979' title='bbox 2934 5530 3061 5596; x_wconf 82' lang='lat' dir='ltr'><strong>viro,</strong></span> <span class='ocrx_word' id='word_1_980' title='bbox 3105 5526 3345 5597; x_wconf 71' lang='lat' dir='ltr'><strong>uirginem</strong></span> <span class='ocrx_word' id='word_1_981' title='bbox 3368 5540 3461 5579; x_wconf 88' lang='lat' dir='ltr'><strong>ca-</strong></span> 
     </span>
    </p>
   </div>
   <div class='ocr_carea' id='block_1_117' title="bbox 1882 5617 3460 5696">
    <p class='ocr_par' dir='ltr' id='par_1_117' title="bbox 1882 5617 3460 5696">
     <span class='ocr_line' id='line_1_117' title="bbox 1882 5617 3460 5696; baseline -0.012 -3"><span class='ocrx_word' id='word_1_982' title='bbox 1882 5650 2013 5694; x_wconf 85' lang='lat' dir='ltr'><strong>stam</strong></span> <span class='ocrx_word' id='word_1_983' title='bbox 2044 5634 2275 5692; x_wconf 70' lang='lat' dir='ltr'><strong>exhibere</strong></span> <span class='ocrx_word' id='word_1_984' title='bbox 2301 5631 2517 5687; x_wconf 86' lang='lat' dir='ltr'><strong>Christo.</strong></span> <span class='ocrx_word' id='word_1_985' title='bbox 2542 5627 2678 5696; x_wconf 86' lang='lat' dir='ltr'><strong>Quid</strong></span> <span class='ocrx_word' id='word_1_986' title='bbox 2707 5640 2836 5696; x_wconf 86' lang='lat' dir='ltr'><strong>ergo</strong></span> <span class='ocrx_word' id='word_1_987' title='bbox 2866 5621 3062 5679; x_wconf 82' lang='lat' dir='ltr'><strong>times?</strong></span> <span class='ocrx_word' id='word_1_988' title='bbox 3090 5633 3254 5692; x_wconf 86' lang='lat' dir='ltr'><strong>quare</strong></span> <span class='ocrx_word' id='word_1_989' title='bbox 3277 5617 3460 5675; x_wconf 73' lang='lat' dir='ltr'><strong>zelus?</strong></span> 
     </span>
    </p>
   </div>
   <div class='ocr_carea' id='block_1_118' title="bbox 1938 5798 3461 5877">
    <p class='ocr_par' dir='ltr' id='par_1_118' title="bbox 1938 5798 3461 5877">
     <span class='ocr_line' id='line_1_118' title="bbox 1938 5798 3461 5877; baseline 0.003 -27"><span class='ocrx_word' id='word_1_990' title='bbox 1938 5820 1953 5850; x_wconf 87' lang='grc' dir='ltr'><strong>ι</strong></span> <span class='ocrx_word' id='word_1_991' title='bbox 1971 5822 2078 5866; x_wconf 62' lang='lat' dir='ltr'><strong>ms,</strong></span> <span class='ocrx_word' id='word_1_992' title='bbox 2098 5826 2247 5877; x_wconf 73' lang='lat' dir='ltr'><strong>prope</strong></span> <span class='ocrx_word' id='word_1_993' title='bbox 2274 5822 2444 5863; x_wconf 86' lang='lat' dir='ltr'><strong>omnes</strong></span> <span class='ocrx_word' id='word_1_994' title='bbox 2458 5810 2699 5868; x_wconf 80' lang='lat' dir='ltr'><strong>omittmn,</strong></span> <span class='ocrx_word' id='word_1_995' title='bbox 2708 5804 2758 5855; x_wconf 81' lang='lat' dir='ltr'><strong>in</strong></span> <span class='ocrx_word' id='word_1_996' title='bbox 2780 5801 3017 5865; x_wconf 70' lang='lat' dir='ltr'><strong>lacrumas</strong></span> <span class='ocrx_word' id='word_1_997' title='bbox 3031 5799 3317 5866; x_wconf 73' lang='lat' dir='ltr'><strong>etlacrymie</strong></span> <span class='ocrx_word' id='word_1_998' title='bbox 3326 5798 3461 5871; x_wconf 79' lang='lat' dir='ltr'><strong>ﬁam.</strong></span> 
     </span>
    </p>
   </div>
   <div class='ocr_carea' id='block_1_119' title="bbox 2570 6090 2813 6193">
    <p class='ocr_par' dir='ltr' id='par_1_119' title="bbox 2570 6090 2813 6193">
     <span class='ocr_line' id='line_1_119' title="bbox 2570 6090 2813 6193; baseline -0.012 -15"><span class='ocrx_word' id='word_1_999' title='bbox 2570 6090 2813 6193; x_wconf 55' lang='grc' dir='ltr'><strong>⁸³η...</strong></span> 
     </span>
    </p>
   </div>
   <div class='ocr_carea' id='block_1_120' title="bbox 2760 6200 2873 6259">
    <p class='ocr_par' dir='ltr' id='par_1_120' title="bbox 2760 6200 2873 6259">
     <span class='ocr_line' id='line_1_120' title="bbox 2760 6200 2873 6259; baseline -0.018 -7"><span class='ocrx_word' id='word_1_1000' title='bbox 2760 6200 2873 6259; x_wconf 63' lang='grc' dir='ltr'><strong>πῇ,</strong></span> 
     </span>
    </p>
   </div>
  </div>
