3916 6378
556 362 694 427 «499

552 482 749 554 Timeo,
780 479 1060 553 inquit.”
1082 476 1210 537 sicut
1256 488 1464 547 supra:
1494 470 1692 531 sedauit
1735 467 1895 531 Evam
1938 463 2126 533 astutia

527 574 757 643 sumsit:
784 583 830 628 et
868 571 1018 631 uestri
1056 584 1230 633 sensus
1268 571 1663 635 corruatpantur
1687 577 1719 619 a
1742 558 1969 619 castitate
2016 570 2129 627 quat

545 677 619 725 est
640 668 691 721 iu
716 665 915 725 Christo
940 662 1026 734 (ll
1051 661 1170 721 Cor.
1224 674 1298 727 st,
1325 658 1380 727 2,
1413 656 1504 728 5).
1532 654 1721 713 Omnis
1749 651 1991 709 Ecclesia
2014 650 2124 713 vir-

542 777 613 832 go
640 759 900 831 appellata
926 765 1029 815 est.
1054 756 1269 813 Diversa
1294 768 1415 811 esse
1460 752 1698 811 membra
1741 748 2014 815 Ecclesiaa,
2038 744 2124 806 di-

542 854 712 913 versis
740 851 898 913 donis
921 850 1126 922 pollere
1155 847 1347 905 videtis
1373 855 1533 918 atque
1563 844 1798 917 gaudere
1827 860 1840 898 :
1870 841 1959 899 alii
1989 855 2121 895 con-

539 945 724 1018 iugati,
757 943 875 1001 alite
894 942 1210 1012 coniugatio,
1236 939 1323 997 alii
1355 936 1552 995 viduati
1594 949 1788 995 uxores
1830 933 1965 991 ultra
2013 946 2120 991 non

538 1044 807 1108 quierunt,
836 1034 957 1095 alite
981 1032 1209 1091 viduata:
1255 1031 1475 1089 maritos
1524 1029 1660 1085 ultra
1713 1042 1817 1085 non
1852 1031 2113 1098 qumrunt,

539 1127 629 1185 alii
672 1127 1026 1196 integritatem
1056 1123 1124 1181 ab
1164 1123 1379 1191 ineunte
1414 1128 1571 1179 tctate
1619 1127 1953 1185 conservant,
2002 1117 2121 1175 aliae

542 1218 899 1288 virginitatem
924 1232 1073 1273 suam
1097 1215 1205 1273 Deo
1227 1221 1516 1277 voverunt;
1551 1213 1759 1272 diversa
1786 1219 1910 1273 sunt
1927 1223 2119 1269 mune-

538 1326 620 1377 ra,
646 1310 742 1369 sed
758 1326 943 1367 orunes
964 1310 1047 1369 isti
1076 1324 1177 1366 una
1207 1308 1354 1380 virgo
1381 1318 1480 1365 est.
1511 1307 1612 1367 Ubi
1641 1318 1723 1367 est
1762 1308 1862 1365 ista
1903 1305 2122 1375 virgini-

540 1403 799 1461 tas‘inon
858 1402 999 1459 enim
1046 1402 1100 1459 in
1148 1401 1751 1471 corporehPaucarum
1802 1399 2118 1455 feminarum

539 1502 639 1561 est,
670 1493 791 1553 etsi
828 1493 931 1554 dici
964 1493 1235 1564 virginitas
1258 1493 1307 1547 in
1336 1491 1463 1549 viris
1500 1499 1695 1563 potest,
1724 1505 2015 1564 paucorum
2043 1489 2122 1551 vi-

536 1603 719 1651 rerum
738 1596 917 1646 saneta
940 1587 1215 1658 integritas
1226 1586 1387 1643 etiam
1406 1585 1647 1656 corporis
1671 1593 1753 1641 est
1779 1583 1830 1639 in
1858 1583 2115 1648 Ecclesia,

533 1691 589 1743 et
615 1682 976 1745 honorabilius
1026 1681 1323 1743 membrum
1352 1687 1433 1735 est
1463 1697 1475 1735 :
1508 1679 1611 1739 alia
1657 1687 1835 1737 autem
1879 1677 2117 1735 membra

537 1788 642 1833 non
678 1772 731 1829 in
756 1786 997 1843 corpore,
1032 1770 1128 1827 sed
1153 1770 1333 1825 omnia
1367 1771 1417 1827 in
1443 1777 1619 1829 mente
1646 1780 1860 1828 servant
1893 1768 2111 1842 virgini-

534 1873 720 1923 tatem.
748 1864 878 1930 Quae
904 1872 988 1923 est
1006 1864 1283 1934 virginitas
1309 1863 1546 1923 mentis?
1574 1862 1782 1935 integra
1805 1863 1957 1928 ﬁdes,
1980 1864 2110 1921 soli-

532 1954 606 2013 da
630 1970 773 2026 spes,
804 1954 1009 2012 sincera
1031 1955 1281 2013 charitas.
1335 1955 1485 2013 Hanc
1514 1955 1869 2027 virginitatem
1898 1956 2116 2015 timebat

534 2045 648 2113 ille,
678 2046 766 2115 qui
792 2046 1000 2105 uolabat
1035 2061 1254 2117 sponso,
1284 2064 1312 2105 ο
1350 2055 1596 2116 serpente
1644 2051 1933 2118 corrumpi.
1962 2048 2114 2107 Sicut

533 2136 680 2195 enim
707 2137 1004 2193 metribrum
1028 2138 1269 2209 corporis
1290 2138 1517 2197 violatur
1536 2138 1586 2195 in
1613 2138 1840 2208 quodam
1874 2141 2009 2206 loco.
2034 2143 2111 2197 sic

532 2227 779 2287 seductio
805 2227 994 2299 lingere
1028 2229 1188 2286 violat
1227 2229 1585 2299 virginitatem
1607 2232 1802 2287 cordis.
1850 2230 1906 2287 lu
1935 2240 2114 2289 mente

533 2334 639 2377 non
693 2328 1082 2390 corrumpatur,
1124 2335 1243 2391 qua:
1279 2335 1387 2377 non
1435 2320 1552 2379 vult
1599 2322 1716 2381 sine
1742 2337 1900 2379 causa
1930 2331 2113 2385 tenere

544 2414 788 2482 corporis
816 2412 1190 2484 virginitatem.

605 2506 692 2569 l5.
725 2505 860 2574 Quid
885 2521 1012 2576 ergo
1058 2506 1248 2572 dicam,
1274 2507 1509 2565 fratres?
1536 2509 1599 2567 Et
1648 2508 1883 2565 lueretici
1914 2507 2114 2567 habent

535 2598 789 2669 virgines,
819 2608 873 2655 et
891 2598 1072 2655 multa:
1100 2599 1471 2671 suntvirgines
1494 2601 1889 2659 haereticorum.
1923 2603 2112 2661 Videa-

528 2705 649 2751 mus
678 2691 721 2751 si
752 2705 1006 2761 sponsum
1027 2700 1227 2755 amant.
1248 2694 1602 2762 utvirginitas
1639 2694 1736 2748 ista
1760 2694 2106 2753 custodiatur.

527 2784 625 2841 Cui
655 2783 995 2843 custoditur?
1028 2782 1249 2851 Christo,
1280 2784 1470 2855 inquit.
1498 2769 1782 2841 Videamus
1810 2787 1853 2842 si
1874 2785 2106 2852 Christo,

530 2891 637 2935 non
685 2875 888 2935 Donato
906 2871 934 2929 ’ς
975 2874 1249 2933 videamus
1270 2877 1355 2931 eui
1386 2886 1629 2933 servetur
1669 2878 1767 2933 ista
1792 2878 2105 2948 virginitas;

525 2967 634 3023 cito
658 2968 885 3037 probare
934 2968 1192 3035 poteritis.
1223 2966 1364 3025 Ecce
1392 2968 1616 3025 ostendo
1669 2983 1948 3037 sponsum,
1979 2970 2102 3039 quia

527 3058 642 3128 ipse
669 3071 729 3115 se
755 3057 988 3117 ostendit,
1020 3076 1034 3113 :
1078 3058 1319 3128 perhibet
1348 3058 1424 3114 illi
1466 3059 1819 3119 tostimonium
1851 3060 2102 3127 Joannes,

527 3146 630 3205 Hic
653 3158 725 3205 est
748 3149 835 3220 qui
859 3148 1097 3220 baptism.
1127 3150 1173 3205 0
1198 3158 1254 3203 tu
1280 3152 1447 3219 virgo,
1474 3150 1517 3204 si
1548 3165 1744 3220 sponso
1777 3149 1901 3207 huic
1926 3166 2108 3212 servas

525 3245 879 3316 virginitatem
908 3256 1074 3313 tuam,
1102 3263 1265 3318 quare
1289 3250 1457 3303 curris
1480 3249 1545 3305 ad
1568 3265 1688 3305 eum
1712 3252 1800 3321 qui
1822 3251 1967 3318 dicit,
1995 3251 2108 3322 Ego

487 3372 493 3376 -
524 3335 766 3406 baptizo;
796 3352 916 3392 eum
943 3338 1146 3394 amicus
1174 3339 1354 3407 sponsi
1386 3340 1456 3394 tui
1486 3340 1647 3405 dicat,
1683 3341 1781 3397 llic
1804 3351 1876 3397 est
1903 3344 1991 3412 qui
2018 3345 2107 3401 ba-

524 3428 680 3497 ptism
695 3427 721 3481 .9
745 3428 942 3485 Deinde
960 3443 1190 3499 sponsus
1210 3437 1331 3484 tuus
1352 3440 1516 3487 totum
1540 3431 1722 3487 orbem
1746 3441 1917 3499 tenet;
1942 3451 2106 3506 quare

520 3528 580 3574 tu
609 3520 662 3574 in
695 3528 841 3591 parte
866 3521 1262 3590 corrumperis?
1298 3521 1426 3589 Quis
1454 3531 1535 3581 est
1560 3525 1824 3592 sponsus?
1854 3525 2105 3590 Quoniam

522 3624 615 3665 ηε
633 3612 795 3668 asinis
815 3622 968 3671 terra!
980 3611 1118 3667 Deus
1138 3610 1305 3681 (Psat.
1324 3629 1464 3678 XLVI,
1487 3612 1563 3685 8).
1596 3614 1713 3683 ipse
1734 3631 1961 3685 sponsus
1978 3626 2104 3673 tuus

522 3712 691 3757 totum
716 3713 882 3769 terret,
910 3704 1033 3774 quia
1064 3713 1228 3759 totum
1257 3706 1400 3761 emit.
1439 3705 1567 3763 Vide
1594 3708 1775 3776 quanti
1806 3710 2012 3773 emerit,
2047 3716 2104 3763 ut

520 3795 783 3866 intelligas
807 3797 933 3865 quid
963 3797 1153 3851 emerit
1191 3814 1202 3849 ε
1237 3796 1379 3867 quod
1417 3798 1641 3867 pretium
1673 3796 1851 3853 dedit?
1876 3798 2103 3869 Sangui-

521 3904 641 3943 nem
671 3888 837 3944 dedit.
871 3889 968 3945 Ubi
999 3889 1171 3955 dedit,
1203 3889 1289 3945 ubi
1322 3890 1450 3945 ludit
1480 3891 1789 3961 sanguinem
1819 3893 2015 3947 suum?
2043 3892 2099 3949 in

519 3981 786 4053 passione.
834 3981 1021 4036 Nonne
1063 3996 1259 4051 sponso
1302 3991 1390 4036 tuo
1428 3992 1643 4042 cantas.
1684 3991 1775 4039 aut
1804 3992 2019 4040 cantare
2050 3995 2102 4042 te

518 4073 695 4143 tingis,
726 4073 938 4144 quando
964 4082 1176 4142 emptus
1204 4083 1284 4127 est
1308 4083 1450 4129 totus
1479 4074 1625 4130 orbis
1653 4094 1667 4129 ε
1698 4074 1958 4131 Foderunt
1986 4094 2098 4133 ma-

517 4181 612 4219 nus
630 4181 766 4219 utens
785 4175 831 4219 et
851 4166 1021 4237 pedes,
1049 4166 1487 4221 diuumerauerunt
1510 4169 1679 4223 omnia
1696 4184 1808 4226 ossa
1831 4187 1941 4227 mea
1964 4187 1982 4225 .'
2001 4172 2100 4240 ipsi

515 4272 629 4310 uero
654 4257 1093 4311 considerabamus!
1112 4298 1128 4321 ,
1173 4265 1219 4313 et
1261 4268 1624 4327 conspexerunt
1668 4275 1777 4324 me;
1822 4260 2099 4319 diviserunt

514 4346 610 4400 sibi
654 4347 943 4400 uestimenta
980 4362 1121 4412 mea,
1164 4354 1209 4400 et
1246 4362 1396 4416 super
1432 4356 1612 4403 uestem
1653 4363 1812 4401 meam
1858 4351 2098 4405 mimum

515 4437 737 4489 sortem?
767 4437 974 4505 Sponsa
999 4451 1088 4501 es,
1116 4450 1343 4505 agnosce
1371 4447 1569 4492 vestem
1599 4439 1779 4507 sponsi
1804 4442 1897 4495 tui.
1926 4441 2096 4511 Super

515 4544 673 4599 quam
701 4537 901 4584 vestem
929 4529 1091 4583 missa
1120 4538 1197 4583 est
1228 4529 1381 4584 sors?
1410 4529 1678 4600 interroga
1711 4531 2092 4602 Evangciium;

514 4621 635 4677 vide
671 4621 754 4676 cui
800 4621 1118 4691 desponsata
1148 4621 1255 4685 sis,
1287 4621 1405 4677 vide
1432 4637 1462 4676 a
1490 4637 1596 4690 quo
1625 4622 1809 4681 arrhas
1841 4627 2090 4695 accipias.

513 4714 779 4784 Interroga
801 4712 1179 4783 Evangelium;
1209 4712 1328 4773 vide
1351 4713 1477 4782 quid
1499 4712 1592 4769 tibi
1612 4712 1752 4769 dicat
1773 4714 1825 4771 in
1847 4717 2092 4785 passione

513 4806 743 4863 Domini.
777 4805 905 4862 Erat
938 4806 1012 4862 ibi
1050 4806 1218 4860 tunica
1252 4824 1273 4861 :
1310 4806 1581 4862 videamus
1614 4808 1786 4877 qualis
1824 4827 1837 4863 :
1877 4811 2092 4882 desuper

509 4908 665 4954 texta.
697 4899 936 4970 Desuper
963 4906 1104 4954 texta
1132 4899 1304 4954 tunica
1332 4898 1459 4969 quid
1484 4899 1765 4971 significat,
1795 4903 1892 4958 nisi
1917 4903 2090 4960 chari-

510 4990 713 5045 tstem?
737 4991 969 5060 desuper
997 4998 1135 5045 texta
1165 4990 1339 5045 tunica
1367 4991 1492 5061 quid
1522 4992 1813 5063 significat,
1843 4996 1943 5051 nisi
1973 4998 2090 5052 uni-

509 5082 705 5137 tatem!
734 5081 879 5138 Hanc
908 5083 1135 5137 tunicam
1160 5082 1394 5147 attende,
1418 5099 1573 5154 quam
1598 5100 1698 5141 nec
1721 5098 2087 5156 persecutores

504 5170 701 5227 Christi
728 5172 1041 5228 diviserunt.
1073 5175 1160 5228 Ait
1190 5174 1331 5228 enim
1368 5192 1383 5228 :
1420 5174 1670 5230 Dixerunt
1698 5177 1828 5232 inter
1850 5195 1923 5246 se,
1965 5179 2085 5235 Non

505 5261 788 5317 diuidamus
807 5278 939 5329 eam,
965 5264 1053 5318 sed
1076 5274 1261 5320 sortem
1286 5280 1439 5335 super
1470 5282 1580 5320 eam
1614 5268 1868 5322 mutamus
1905 5267 2081 5341 (Joau.

506 5371 623 5422 nx,
647 5356 757 5423 93,
787 5356 902 5428 94).
937 5356 1074 5412 Ecce
1115 5357 1254 5413 unde
1289 5358 1510 5415 audistis
1548 5360 1837 5416 Psalmum.
1873 5362 2084 5418 Vestem

501 5457 871 5517 persecutores
906 5463 1012 5504 non
1046 5448 1420 5506 oonsciderunt
1447 5468 1461 5505 :
1488 5451 1760 5507 christiani
1789 5452 2082 5510 Ecclesium

502 5537 760 5599 dividunt.

564 5654 583 5685 ⁸
607 5656 679 5703 sic
700 5653 1001 5723 aiiqpotplss.
1024 5663 1076 5705 At
1099 5656 1241 5708 editi:
1258 5665 1357 5707 Non
1373 5657 1497 5723 enim
1512 5656 1566 5706 in
1580 5671 1792 5723 corpore.
1811 5668 1862 5709 In
1885 5673 2083 5723 corpore

501 5724 766 5827 ﬁgatur-nn
786 5717 1069 5788 [cannarum
1087 5724 1174 5789 est.
1200 5726 1251 5768 Et
1271 5727 1374 5781 post
1391 5719 1512 5780 loco,
1530 5717 1692 5771 sancta
1711 5717 1979 5785 integritas,
1996 5723 2083 5773 ba-

571 5781 638 5827 ιιι.
665 5782 907 5827 sanctitas.
924 5784 1185 5827 antemnas.

571 5781 638 5831 ut,
665 5781 907 5835 smtctitas.
924 5781 1185 5841 integritas.

1480 352 1547 409 uv
1581 348 1860 411 JOANNIS
1896 341 2372 419 EVANGELIUM,
2412 345 2471 405 s.
2512 346 2881 439 auousruu

3640 367 3748 427 1500

2310 462 2396 556 ib.
2429 462 2532 556 sed
2554 465 2679 537 quid
2701 465 2895 535 dicam,
2921 466 3148 529 fratres?
3173 468 3371 545 Aperte
3394 475 3638 541 videamus
3657 485 3752 556 quid

2236 554 2443 617 emerit.
2473 554 2546 611 ibi
2570 557 2711 615 enim
2734 559 2883 628 emit,
2906 559 2993 619 ubi
3016 561 3035 592 ¹
3055 562 3284 637 pretium
3305 563 3463 622 dedit.
3489 566 3583 624 Pro
3599 554 3754 653 quanto

2234 644 2417 709 dedit?
2444 646 2498 701 Si
2530 662 2627 718 pro
2657 648 2832 705 Africa
2860 649 3038 721 dedit,
3076 652 3241 708 simus
3280 654 3582 727 Donatistae,
3607 644 3651 716 éi
3674 681 3753 724 non

2234 738 2559 808 appellemur
2596 739 2920 813 Donatistae,
2951 741 3044 798 sed
3079 742 3398 821 Christiani;
3426 749 3539 825 quia
3562 750 3753 815 Christus

2234 830 2402 887 solam
2440 830 2673 887 Africam
2702 833 2869 893 emit:
2898 848 3194 913 quanquam
3230 846 3285 892 et
3314 836 3401 892 hic
3438 855 3537 899 non
3569 844 3753 906 salino.

2233 923 2462 980 natistm.
2487 924 2591 978 Sed
2612 939 2717 985 non
2741 926 2901 981 tacuit
2922 926 2972 991 in
2994 929 3315 995 commercio
3336 944 3430 986 suo
3450 933 3567 1007 quid
3587 941 3752 995 emerit.

2230 1014 2377 1075 Fecit
2407 1016 2611 1075 tabulas
2642 1034 2654 1070 :
2686 1017 2797 1073 Deo
2822 1019 3041 1093 gratias,
3070 1037 3170 1074 non
3202 1036 3301 1081 nos
3328 1022 3522 1083 fefellit.
3550 1026 3674 1105 Opus
3695 1042 3753 1088 est

2230 1117 2285 1173 ut
2305 1108 2483 1165 audiat
2507 1110 2593 1171 illa
2618 1126 2811 1183 sponsa
2834 1154 2849 1182 ,
2889 1119 2943 1167 et
2981 1113 3050 1169 ibi
3077 1113 3337 1188 intelligat
3366 1116 3450 1172 cui
3474 1120 3653 1175 voverit
3671 1122 3753 1178 vir-

2226 1201 2523 1275 ginitatem.
2555 1202 2627 1265 ibi
2651 1203 2702 1261 in
2726 1204 2841 1277 ipso
2866 1206 3068 1279 psalmo
3093 1206 3180 1267 ubi
3204 1207 3399 1267 dictum
3422 1219 3518 1278 est,
3546 1209 3753 1271 Foderant

2228 1312 2406 1353 manus
2435 1313 2569 1355 meas
2595 1307 2640 1355 at
2669 1298 2840 1369 pedes,
2872 1299 3308 1359 dinumeraverunt
3334 1304 3499 1361 omnia
3522 1321 3623 1361 ossa
3641 1324 3753 1377 utea;

2227 1387 2315 1445 ubi
2336 1388 2514 1458 passio
2531 1389 2738 1449 Domini
2759 1390 3092 1461 apertissime
3111 1390 3410 1447 declaratur
3429 1412 3442 1448 :
3465 1395 3549 1471 qui
3570 1397 3754 1466 psalmus

2225 1480 2369 1534 omni
2398 1495 2537 1539 anno
2577 1481 2767 1553 legitur
2796 1483 3083 1543 novissima
3111 1484 3440 1545 hebdomada
3468 1486 3648 1545 intento
3668 1493 3754 1548 uni-

2226 1585 2384 1629 verso
2426 1572 2651 1646 populo,
2686 1573 2997 1631 imminente
3032 1575 3280 1645 passione
3309 1576 3529 1647 Christi,
3569 1589 3617 1636 et
3649 1582 3752 1657 apud

2225 1675 2342 1727 nos,
2371 1671 2426 1721 et
2450 1663 2587 1735 apud
2614 1664 2733 1723 illos
2763 1665 2997 1735 psalmus
3027 1666 3126 1723 iste
3155 1667 3367 1742 legitur.
3396 1668 3653 1739 Intendite,
3676 1672 3753 1729 fra-

2225 1760 2353 1819 tres,
2385 1754 2508 1824 quid
2540 1755 2611 1809 ibi
2641 1756 2800 1825 emit;
2836 1758 3124 1813 recitentur
3149 1758 3340 1814 tabulae
3375 1764 3750 1829 commerciaies;

2223 1845 2346 1919 quid
2377 1845 2444 1900 ibi
2471 1847 2617 1915 emit,
2650 1847 2826 1902 audite
2851 1866 2864 1901 :
2892 1847 3425 1911 Commemombuntur
3451 1861 3493 1911 et
3517 1862 3753 1910 converten-

2222 1946 2302 1991 tur
2325 1937 2393 1995 ad
2417 1936 2689 1997 Dominum
2730 1940 2948 1995 universi
2982 1941 3107 2008 ﬁnes
3148 1949 3332 2009 tet-rte;
3365 1951 3412 1996 et
3449 1941 3752 2001 adorabuntia

2222 2040 2487 2113 conspectu
2512 2032 2620 2104 ejus
2644 2033 2887 2088 universa
2908 2034 3084 2105 patria:
3102 2035 3326 2106 gentium
3351 2051 3371 2088 :
3391 2036 3614 2107 quoniam
3633 2038 3752 2115 ipsis;

2220 2129 2292 2177 est
2332 2137 2574 2194 regnum,
2617 2129 2661 2175 et
2704 2122 2811 2193 ipse
2853 2122 3191 2177 dominabitur
3232 2125 3455 2197 gentium
3500 2123 3750 2197 (Psat.xu,

2222 2209 2431 2286 17-29).
2462 2212 2598 2268 Ecce
2618 2212 2745 2284 quid
2769 2214 2917 2269 emit.
2952 2214 3088 2270 Ecce
3104 2216 3345 2285 quoniam
3370 2233 3458 2273 rex
3480 2217 3626 2272 omnis
3644 2227 3753 2279 terra

2221 2298 2360 2358 Deus
2379 2312 2461 2359 esr
2482 2316 2706 2372 sponsus
2731 2311 2869 2357 tuus.
2899 2303 3034 2373 Quid
3056 2319 3182 2376 ergo
3207 2304 3274 2360 ad
3298 2321 3497 2379 pannos
3518 2307 3589 2365 vis
3606 2306 3752 2363 deduci

2222 2390 2380 2446 talem
2423 2391 2679 2446 divitem?
2723 2393 2963 2467 Agnosco
2994 2412 3007 2449 :
3040 2402 3207 2450 totum
3251 2398 3412 2463 emit,
3455 2406 3505 2453 et
3545 2407 3596 2461 tu
3634 2398 3750 2468 dicis,

2218 2480 2428 2543 Partem
2460 2480 2543 2537 hic
2568 2481 2753 2537 habes.
2786 2481 2829 2538 Ο
2856 2484 2899 2539 si
2930 2483 3166 2554 piaceres
3194 2502 3415 2555 sponso,
3447 2503 3477 2543 ο
3500 2490 3541 2543 si
3562 2504 3651 2544 non
3670 2505 3753 2546 cor-

2219 2580 2369 2639 rupto
2402 2573 2692 2641 loquereris
2712 2614 2724 2637 ,
2752 2568 2806 2627 e't
2831 2583 3076 2643 corrupta
3098 2616 3113 2640 ,
3143 2577 3285 2646 quod
3315 2580 3463 2650 pejus
3483 2588 3585 2651 est,
3608 2579 3750 2647 corde,

2217 2678 2325 2719 non
2350 2666 2605 2734 corpore!
2643 2667 2802 2720 Amas
2831 2664 3101 2722 hominem
3144 2683 3241 2742 pro
3277 2669 3521 2739 Christo,
3547 2687 3672 2727 amas
3694 2669 3752 2726 di-

2216 2767 2445 2821 centem,
2469 2757 2581 2826 Ego
2608 2757 2814 2827 baptizo
2839 2776 2851 2811 :
2877 2760 3104 2815 amicum
3130 2761 3313 2833 sponsi
3339 2779 3441 2819 non
3463 2762 3601 2825 audis
3618 2763 3752 2818 dicen-

2216 2856 2341 2916 tem,
2362 2848 2459 2905 Hic
2479 2861 2548 2905 est
2564 2852 2648 2921 qui
2661 2850 2878 2922 baptizat
2894 2869 2915 2918 ;
2936 2870 3040 2907 non
3061 2853 3211 2911 audis
3235 2854 3517 2929 dicentem,
3537 2856 3625 2923 Qui
3639 2856 3750 2910 habet

2214 2956 2469 3013 sponsam,
2503 2959 2714 3013 sponsus
2740 2952 2830 2998 est.
2863 2944 2973 3014 Ego
2992 2959 3096 3001 non
3126 2945 3300 3002 habeo
3329 2963 3589 3020 sponsam,
3611 2947 3748 3003 dixit:

2214 3030 2306 3087 sed
2334 3031 2458 3103 quiti
2484 3033 2641 3087 sum?
2670 3034 2872 3089 Amicus
2925 3045 3090 3088 autem
3120 3040 3330 3109 sponsi,
3358 3040 3441 3109 qui
3461 3048 3551 3093 stat
3575 3048 3616 3093 et
3640 3037 3750 3092 audit

2214 3141 2343 3191 eum,
2371 3124 2557 3196 gaudio
2573 3125 2756 3197 gaudet
2787 3136 2988 3199 propter
3012 3144 3178 3182 uocem
3204 3131 3381 3201 sponsi
3401 3130 3440 3205 (i
3457 3130 3563 3185 Cor.
3580 3129 3748 3205 sunt).

2288 3218 2370 3272 15.
2404 3217 2691 3273 Evidentcr
2719 3235 2861 3290 ergo,
2899 3221 3087 3276 fratres
3118 3222 3246 3289 mei,
3280 3223 3407 3279 nihil
3440 3224 3637 3294 prodest
3660 3222 3748 3277 istis

2212 3321 2425 3363 servare
2446 3308 2820 3380 virginitatem,
2852 3310 3047 3366 habere
3068 3312 3468 3378 continentiam,
3499 3314 3748 3385 elecmosy-

2212 3416 2307 3459 nas
2332 3401 2488 3471 dare;
2516 3402 2692 3459 omnia
2723 3403 2808 3457 illa
2837 3419 2954 3475 quae
2982 3403 3264 3459 laudantur
3295 3407 3343 3460 in
3376 3406 3618 3473 Ecclesia,
3642 3403 3746 3460 nihil

2210 3494 2311 3552 illis
2344 3504 2561 3563 prosunt
2586 3514 2597 3550 :
2623 3497 2741 3565 quia
2766 3496 3115 3553 eonscindunt
3145 3498 3425 3569 unitatem,
3452 3499 3501 3555 id
3524 3508 3614 3565 est,
3641 3496 3748 3553 tuni-

2209 3602 2325 3643 cam
2346 3587 2485 3643 illam
2504 3586 2793 3643 charitatis.
2810 3588 2944 3657 Quid
2964 3588 3191 3644 faciunt?
3210 3591 3402 3647 Diserti
3420 3601 3538 3647 sunt
3552 3591 3678 3647 multi
3693 3591 3733 3644 in

2208 3686 2291 3735 ter
2317 3678 2454 3747 illos,
2476 3695 2678 3750 magna:
2704 3680 2923 3751 lingum,
2957 3680 3169 3738 ﬂumina
3195 3680 3745 3759 linguarumNumquid

2207 3768 2446 3841 angelice
2476 3769 2792 3840 loquuntur?
2818 3771 3045 3827 Audiant
3070 3773 3297 3829 arnicmn
3325 3774 3500 3844 sponsi
3527 3774 3744 3829 zeiantem

2208 3875 2424 3930 sponso,
2451 3876 2557 3914 non
2578 3861 2676 3917 sibi
2702 3878 2714 3914 :
2742 3862 2801 3917 Si
2828 3862 3013 3934 linguis
3038 3864 3297 3920 hominum
3319 3865 3495 3937 loquar
3512 3875 3556 3919 et
3574 3861 3744 3935 Angelo-

2206 3970 2348 4019 rum,
2380 3954 2676 4009 charitatem
2700 3965 2866 4011 autem
2886 3972 2985 4011 non
3006 3955 3232 4021 habeam,
3260 3960 3425 4029 {actus
3444 3974 3549 4011 sum
3573 3965 3621 4009 ut
3644 3969 3744 4025 trra-

2205 4054 2423 4101 mentum
2452 4062 2658 4114 sonans,
2690 4056 2775 4099 aut
2804 4047 3087 4119 cymbalum
3116 4048 3332 4111 tinniens
3352 4047 3411 4124 (Ι
3434 4048 3544 4106 Cor.
3563 4063 3661 4113 xm,
3682 4043 3740 4116 i).

2276 4139 2361 4195 16.
2394 4138 2498 4195 Sed
2528 4139 2651 4210 quid
2679 4139 2899 4197 dicunt?
2930 4140 3194 4201 ilubenttts
3212 4141 3556 4215 Baptismum.
3580 4140 3738 4203 Habes,

2201 4228 2297 4287 sed
2344 4226 2450 4287 non
2495 4239 2661 4285 tuum.
2712 4228 2868 4284 Aliud
2915 4238 2997 4285 est
3042 4229 3268 4301 habere,
3316 4233 3457 4288 aliud
3499 4226 3739 4289 dominari.
3814 4256 3817 4261 ι

2200 4321 2529 4390 Baptismum
2561 4320 2756 4387 habes,
2797 4320 2917 4391 quia
2960 4320 3209 4391 accepisti
3256 4332 3313 4381 ut
3355 4323 3628 4397 baptizatus
3662 4316 3736 4381 sis,

2199 4413 2451 4483 accepisti
2503 4422 2749 4484 tanquam
2797 4411 3155 4481 illuminatus;
3204 4415 3250 4471 si
3297 4425 3469 4475 tamen
3511 4429 3537 4469 τι
3576 4421 3621 4467 te
3653 4423 3737 4464 non

2202 4505 2505 4561 tenebratus
2537 4523 2548 4558 :
2581 4512 2634 4559 et
2663 4504 2873 4573 quando
2911 4503 3040 4572 das,
3083 4506 3326 4564 minister
3360 4506 3481 4577 das,
3521 4520 3615 4560 non
3642 4514 3739 4573 pos-

2198 4610 2410 4662 sessor;
2446 4609 2620 4665 prmco
2643 4594 2873 4661 clamas,
2904 4610 3007 4651 non
3029 4595 3212 4667 judex.
3246 4597 3347 4651 Per
3376 4607 3650 4669 praeconem
3672 4590 3736 4643 io-

2197 4690 2375 4758 quitur
2399 4687 2593 4758 judex,
2629 4696 2682 4745 ct
2709 4688 2759 4742 in
2786 4689 2917 4747 actis
2943 4698 3117 4744 tamen
3151 4706 3253 4742 non
3281 4691 3553 4754 scribitur,
3588 4686 3734 4741 Pnl‘co

2196 4778 2360 4844 dixit;
2392 4778 2506 4844 sed,
2530 4777 2697 4835 Judex
2720 4778 2870 4832 dixit.
2904 4779 3132 4837 Proinde
3156 4780 3274 4841 vide
3300 4781 3344 4837 si
3372 4791 3508 4836 tumn
3530 4789 3596 4837 est
3619 4770 3733 4847 (ptod

2195 4868 2312 4936 das,
2337 4877 2616 4940 potestate.
2635 4867 2688 4924 Si
2709 4876 2886 4925 autem
2905 4870 3172 4941 accepisti,
3189 4872 3443 4924 conﬁtere
3463 4883 3571 4923 eum
3591 4864 3732 4920 amico

2194 4959 2407 5030 sponsi,
2439 4959 2558 5013 Non
2586 4970 2743 5030 potest
2771 4959 2919 5015 homo
2958 4961 3182 5031 accipere
3213 4962 3480 5033 quidquam
3498 5001 3512 5025 ,
3542 4955 3630 5010 nisi
3652 4953 3729 5006 da-

2193 5062 2299 5108 tum
2318 5052 2468 5124 fuerit
2499 5054 2544 5107 ei
2569 5053 2631 5109 de
2656 5051 2798 5109 creto.
2823 5051 3090 5113 Conﬁtere
3114 5069 3232 5107 cum
3256 5055 3427 5108 amico
3447 5048 3628 5123 sponsi,
3650 5042 3730 5110 Qui

2192 5144 2337 5200 habet
2366 5160 2624 5214 sponsam,
2650 5162 2864 5216 sponsus
2884 5155 2989 5211 est;
3019 5146 3207 5200 amicus
3227 5157 3388 5199 autem
3409 5142 3571 5218 sponsi
3590 5148 3671 5195 stat
3691 5145 3727 5188 et

2190 5234 2331 5289 audit
2361 5251 2494 5291 eum.
2528 5234 2631 5296 Sed
2664 5250 2697 5291 0
2721 5235 2763 5289 si
2795 5244 2964 5297 stares
2986 5245 3039 5290 et
3058 5234 3271 5293 audires
3296 5252 3435 5305 eum,
3463 5243 3513 5289 et
3540 5246 3631 5286 non
3656 5240 3728 5280 ca-

2188 5328 2344 5385 deres
2372 5335 2431 5382 ut
2454 5327 2667 5385 audires
2695 5328 2775 5384 te!
2823 5327 3101 5385 Audiendo
3141 5330 3281 5385 enim
3323 5345 3474 5397 eum,
3503 5334 3653 5380 stares
3683 5325 3724 5372 et

2188 5418 2400 5475 audires
2428 5439 2441 5475 :
2467 5434 2585 5475 nam
2616 5418 2879 5490 loqueris,
2907 5427 2961 5475 et
3001 5420 3093 5477 tibi
3126 5428 3283 5490 caput
3310 5418 3473 5474 initas.
3506 5415 3636 5485 Ego,
3658 5408 3725 5464 in-

2186 5514 2301 5582 quit
2325 5511 2596 5577 Ecclesia,
2626 5512 2669 5566 si
2711 5527 2905 5582 sponsa
2947 5527 3100 5581 sum,
3139 5512 3181 5573 si
3229 5512 3410 5571 arrhas
3451 5504 3651 5576 accepi,
3683 5497 3720 5555 Si

2186 5606 2358 5675 pretio
2396 5603 2666 5675 Sanguinis
2710 5604 2850 5659 illius
2889 5603 3159 5674 redempta
3189 5620 3338 5670 sum,
3380 5601 3530 5661 audio
3563 5604 3718 5651 vocem

2186 5696 2400 5767 sponsi;
2431 5706 2483 5749 et
2513 5710 2695 5751 vocem
2725 5695 2877 5755 amici
2908 5695 3086 5769 sponsi
3120 5704 3243 5752 tunc
3268 5692 3448 5758 audio,
3475 5691 3517 5751 si
3551 5693 3718 5761 sponso

2293 5790 2384 5845 Ern,
2409 5782 2493 5834 ibi.
2557 5792 2609 5832 at.
