3916 6382
573 431 714 490 1505

570 546 719 606 audit
742 559 863 601 eum
889 559 902 597 :
927 541 992 598 de
1017 541 1112 596 illo
1137 538 1278 595 enim
1303 537 1532 609 quodam
1562 536 1653 607 qui
1689 536 1913 601 cecidit,
1944 536 2142 590 dictum

572 645 674 699 est.
696 633 765 689 Et
783 637 836 689 in
856 634 1057 689 ueritate
1079 648 1179 687 non
1201 630 1330 686 stetit
1361 629 1536 701 (Joan.
1562 645 1669 691 vni,
1688 628 1778 699 M)
1804 647 1817 688 ;
1845 627 1913 682 de
1932 627 2144 682 diabolo

571 728 770 785 dictum
797 736 899 783 est.
927 727 1066 796 Ergo
1085 732 1226 780 stare
1253 723 1413 779 debet
1436 722 1639 777 amicus
1659 722 1837 790 sponsi
1865 731 1919 776 et
1939 720 2147 775 audire.

570 821 708 891 Quid
734 829 817 876 est
842 819 1018 875 stare?
1046 819 1363 873 Permanere
1386 814 1439 870 in
1469 814 1639 885 gratia
1664 813 1779 883 ejus
1805 827 1959 882 quam
1990 826 2145 866 acce-

573 917 667 987 pit.
700 914 766 970 Et
790 912 937 969 audit
956 926 1138 967 vocem
1168 911 1235 965 ad
1261 924 1418 980 quam
1454 906 1699 978 gaudeat.
1726 905 1814 959 Sic
1846 914 1959 958 erat
1981 902 2145 957 Joan-

572 1021 704 1061 nes:
733 1010 951 1060 noverat
976 1002 1114 1057 unde
1133 1000 1423 1072 gaudebat,
1447 1012 1551 1051 non
1577 995 1678 1050 sibi
1704 994 1983 1065 arrogabat
2004 991 2147 1063 quod

572 1098 687 1169 ipse
708 1113 810 1150 non
840 1105 951 1151 erat
971 1111 987 1160 ;
1008 1094 1210 1150 sciebat
1233 1090 1584 1146 illuminatum
1623 1102 1683 1142 se
1703 1128 1717 1150 ,
1747 1102 1853 1140 non
1882 1084 2148 1139 illumina-

572 1198 762 1244 torem.
792 1186 915 1242 Erat
940 1194 1106 1239 autem
1136 1183 1302 1237 lumen
1320 1197 1509 1246 verum,
1529 1180 1601 1233 ait
1625 1177 1959 1247 Evangelista
1976 1216 1990 1235 ,
2012 1173 2148 1245 quod

571 1282 823 1337 illuminat
848 1295 1045 1335 onmem
1082 1277 1333 1330 hominem
1368 1273 1640 1327 uenientem
1670 1272 1721 1324 in
1752 1269 1884 1322 hunc
1904 1265 2147 1320 mundum

577 1374 684 1446 (Id.
718 1392 766 1440 ι,
798 1374 877 1443 9).
908 1374 964 1428 Si
992 1386 1119 1439 ergo
1145 1383 1355 1423 omnem
1381 1366 1681 1428 hominem,
1714 1373 1767 1417 et
1790 1362 1958 1431 ipsum
1984 1358 2146 1414 Joan-

571 1481 729 1530 nem;
761 1464 882 1534 quia
926 1470 982 1516 et
1024 1462 1136 1529 ipse
1176 1458 1241 1513 de
1282 1455 1603 1512 hominibus.
1656 1452 1862 1507 Etenim
1908 1450 2148 1520 quamvis

571 1568 728 1609 nemo
756 1550 1119 1607 exsurrexerit
1157 1548 1326 1616 major
1352 1544 1557 1601 Joanne
1602 1542 1653 1596 in
1698 1542 1835 1595 natis
1866 1539 2145 1594 mulierum

574 1643 783 1715 (Matth.
817 1658 868 1696 xi
892 1682 904 1705 ,
931 1640 1044 1709 il),
1080 1654 1214 1692 unus
1259 1646 1434 1691 tamen
1474 1642 1528 1689 et
1573 1633 1685 1702 ipse
1712 1646 1775 1685 ex
1816 1630 1897 1683 his
1923 1628 2011 1699 qui
2040 1627 2147 1683 nati

569 1744 695 1792 sunt
719 1751 783 1789 ex
812 1732 1145 1788 mulieribus.
1174 1726 1434 1797 Numquid
1456 1722 1841 1795 comparandus
1862 1731 1941 1776 est
1965 1721 2014 1775 ei
2035 1720 2144 1789 qui,

569 1826 690 1897 quia
718 1824 914 1887 voluit,
947 1830 1099 1876 natus
1139 1828 1252 1884 est;
1275 1827 1328 1873 et
1357 1817 1476 1871 ideo
1518 1830 1655 1869 novo
1684 1822 1866 1885 partu,
1898 1811 2017 1882 quia
2047 1826 2146 1863 no-

571 1932 668 1971 vus
704 1913 892 1971 natus?
920 1912 1106 1967 Amba‘.
1150 1911 1292 1965 enim
1334 1900 1706 1979 generationes
1748 1904 1954 1958 Domini
1984 1903 2148 1957 inusi-

572 2015 695 2061 tata:
741 2012 896 2070 sunt,
926 2012 980 2057 et
1005 2002 1178 2057 divina
1224 2010 1278 2055 et
1321 1996 1787 2052 humanatdivina
1837 2010 1939 2048 non
1989 1993 2148 2047 habet

572 2108 828 2164 matrem,
864 2097 1092 2151 humana
1122 2108 1225 2148 non
1275 2091 1434 2146 habet
1479 2099 1702 2160 patrem.
1736 2087 1876 2157 Ergo
1917 2102 2050 2140 unus
2080 2084 2148 2140 de

571 2187 783 2245 czcteris
811 2186 1047 2242 Joannes
1066 2227 1080 2250 ,
1110 2183 1202 2237 sed
1230 2192 1402 2236 tamen
1437 2179 1651 2248 majoris
1670 2179 1850 2247 gratim.
1870 2218 1885 2243 ,
1917 2176 1983 2229 ita
2012 2185 2068 2229 ut
2092 2173 2146 2229 in

572 2280 710 2335 natis
736 2279 1014 2333 mulierum
1042 2290 1199 2330 nemo
1241 2280 1549 2342 exsurgeret
1579 2269 1747 2338 maior
1793 2269 1913 2333 illo,
1949 2276 2145 2322 tantam

570 2370 991 2427 testiﬁcationem
1015 2366 1195 2422 tribuit
1221 2366 1445 2420 Domino
1475 2373 1657 2418 nostro
1686 2362 1811 2418 Jesu
1836 2361 2065 2423 Christo,
2091 2368 2147 2413 ut

570 2462 721 2519 illum
749 2460 888 2517 dicat
913 2473 1163 2531 sponsum
1181 2500 1195 2523 ,
1218 2472 1277 2512 se
1303 2456 1529 2529 amicum
1560 2456 1740 2525 Sponsi
1757 2497 1771 2520 ,
1797 2470 1900 2508 non
1927 2454 2146 2522 dignum

570 2565 747 2611 tamen
778 2552 985 2608 solvere
1012 2548 1290 2620 corrigiam
1314 2546 1656 2603 calceamenti
1680 2546 1861 2615 ipsius.
1894 2545 2024 2597 [line
2051 2558 2147 2596 au-

569 2647 700 2704 divit
722 2646 834 2717 jam
864 2643 1028 2699 multa
1073 2641 1314 2697 Charitas
1361 2649 1536 2695 vestra
1567 2657 1578 2692 :
1609 2637 1750 2708 quod
1793 2638 2030 2706 sequitur
2070 2634 2150 2688 vi-

571 2739 825 2800 deamus;
850 2735 1176 2804 aliquantum
1202 2732 1343 2786 enim
1389 2731 1616 2799 Spissum
1646 2736 1729 2782 est
1747 2727 1813 2780 ad
1848 2727 2146 2795 intelligen-

571 2830 717 2885 dum.
760 2828 867 2883 Sed
891 2826 1139 2896 quoniam
1170 2824 1298 2876 dicit
1330 2823 1443 2890 ipse
1472 2821 1707 2875 Joannes
1727 2859 1740 2881 ,
1769 2819 1886 2888 quia
1918 2834 2017 2871 non
2051 2834 2148 2886 po-

571 2929 663 2974 test
687 2920 834 2973 homo
859 2918 1084 2986 accipere
1112 2913 1414 2983 quidquam,
1439 2911 1537 2964 nisi
1580 2909 1749 2963 datum
1791 2908 1868 2962 illi
1912 2909 2061 2978 fuerit
2088 2908 2152 2962 de

574 3010 734 3072 caelo;
759 3005 1011 3077 quidquid
1038 3020 1143 3060 non
1172 3002 1619 3065 intellexerimus,
1648 3015 1892 3069 rogemus
1911 3016 2032 3055 eum
2059 3000 2148 3070 qui

575 3102 667 3154 dat
695 3099 762 3155 de
803 3097 977 3153 coelo:
1007 3097 1128 3167 quia
1178 3093 1419 3149 homines
1462 3106 1677 3157 sumus,
1709 3101 1761 3147 et
1809 3105 1913 3146 non
1963 3105 2151 3161 possu-

577 3205 695 3244 mus
739 3187 981 3256 aceipere
1008 3185 1293 3256 quidquam
1313 3226 1327 3249 ,
1362 3183 1461 3238 nisi
1504 3183 1595 3237 ille
1622 3182 1831 3237 dederit
1856 3183 1945 3254 qui
1991 3185 2151 3238 homo

576 3295 680 3334 non
712 3288 814 3332 CSI.

646 3372 699 3426 5.
740 3370 853 3423 Hoc
889 3381 1014 3437 ergo
1040 3367 1296 3436 sequitur,
1330 3374 1383 3419 et
1425 3364 1552 3419 dicit
1574 3364 1839 3431 Joannes,
1872 3363 1985 3417 Hoc
2033 3380 2151 3434 ergo

575 3463 815 3537 gaudium
838 3476 1001 3515 meum
1020 3459 1276 3528 impletum
1298 3467 1384 3512 est.
1409 3457 1559 3524 Quod
1580 3466 1661 3512 est
1680 3456 1925 3526 gaudium
1949 3456 2152 3524 ipsius?

577 3556 648 3612 Ut
686 3552 913 3626 gaudeat
955 3551 1021 3606 ad
1064 3566 1248 3605 vocem
1279 3549 1481 3619 sponsi.
1520 3540 1794 3618 Impletum
1826 3558 1907 3602 est
1948 3548 1999 3601 in
2034 3563 2149 3613 me,

576 3647 745 3703 habeo
767 3645 988 3717 gratiam
1035 3658 1208 3699 meam
1229 3685 1244 3710 ,
1271 3643 1388 3711 plus
1433 3641 1558 3696 mihi
1588 3657 1694 3696 non
1724 3656 1938 3695 assumo
1957 3682 1970 3701 ,
2002 3656 2069 3694 ne
2099 3650 2155 3696 et

577 3736 719 3808 quod
750 3735 927 3805 accepi
957 3734 1215 3789 amittam.
1242 3731 1392 3799 Quod
1415 3740 1497 3785 est
1524 3735 1623 3786 hoc
1646 3731 1928 3801 gaudium?
1955 3730 2153 3785 Gaudio

577 3827 762 3902 gaudet
790 3834 992 3897 prapter
1020 3841 1186 3878 uocem
1210 3824 1401 3895 sponsi.
1431 3822 1692 3893 intelligat
1719 3837 1846 3891 ergo
1870 3822 2026 3876 homo
2049 3838 2153 3877 non

577 3933 639 3974 se
665 3916 896 3988 gaudere
921 3915 1117 3971 debere
1146 3914 1213 3970 de
1239 3913 1497 3983 sapientia
1526 3928 1619 3967 sua
1641 3954 1654 3978 ,
1683 3913 1774 3967 sed
1805 3912 1871 3967 de
1896 3913 2154 3983 sapientia

579 4024 736 4080 quam
764 4008 967 4078 accepit
995 4022 1023 4061 a
1057 4006 1183 4062 Deo.
1215 4005 1352 4060 Nihil
1383 4005 1497 4073 plus
1526 4013 1757 4075 quzerat,
1785 4015 1836 4058 et
1862 4020 1966 4059 non
1997 4005 2155 4059 amit-

580 4102 643 4157 tit
668 4100 808 4172 quod
827 4099 1047 4155 invenit.
1067 4098 1211 4153 Multi
1232 4099 1373 4152 enim
1396 4097 1514 4152 ideo
1533 4096 1653 4151 facti
1675 4107 1796 4151 sunt
1822 4097 2153 4166 insipientes,

578 4194 705 4265 quia
731 4192 980 4248 dixerunt
1004 4205 1062 4245 se
1088 4205 1209 4246 esse
1243 4190 1529 4259 sapientes.
1560 4190 1750 4259 Arguit
1774 4190 1895 4244 illos
1922 4191 2155 4258 ApoSto-

578 4283 662 4339 lus
682 4324 698 4349 ,
722 4291 777 4338 et
814 4281 938 4335 dicit
966 4280 1034 4335 de
1060 4281 1189 4350 ipsis
1217 4297 1229 4331 :
1260 4298 1278 4331 ι
1330 4278 1459 4347 Quia
1504 4279 1643 4349 quod
1692 4287 1873 4333 notum
1918 4287 2001 4332 est
2029 4279 2153 4344 Dei,

578 4373 672 4437 ait,
692 4370 1025 4427 manifestum
1047 4380 1128 4424 est
1146 4370 1247 4423 illis
1267 4386 1280 4422 :
1300 4370 1439 4423 Deus
1457 4371 1597 4424 enim
1616 4370 1719 4423 illis
1745 4369 2116 4425 manifestavit.
2132 4389 2150 4423 ι

580 4465 659 4520 De
711 4462 1029 4533 quibusdam
1077 4460 1315 4531 ingratis,
1344 4461 1538 4528 impiis,
1571 4460 1747 4515 audite
1802 4461 1925 4530 quid
1974 4462 2153 4516 dicat:

587 4572 608 4607 ι
639 4553 777 4608 Deus
800 4553 942 4607 enim
973 4551 1078 4605 illis
1106 4550 1482 4605 manifestavit.
1502 4550 1783 4604 lnvisibilia
1816 4552 1954 4606 enim
1978 4553 2156 4622 ejus,a

580 4652 821 4699 creatura
871 4640 1092 4701 mundi.
1126 4655 1220 4710 per
1260 4656 1321 4694 ea
1361 4656 1477 4709 qua:
1526 4640 1661 4695 facta
1706 4651 1861 4705 sunt,
1894 4644 2156 4702 intellecta

582 4735 1002 4804 conSpiciuntur;
1032 4732 1353 4801 sempiterna
1376 4748 1585 4802 quoque
1612 4733 1774 4787 virtus
1799 4733 1912 4802 ejus
1938 4751 2000 4790 ac
2026 4737 2159 4793 divi-

583 4825 739 4891 nitas,
759 4825 930 4878 utsint
949 4824 1044 4893 ipsi
1063 4823 1463 4877 inexcusabiles.
1480 4842 1497 4873 ι
1515 4823 1688 4889 Quare
1706 4842 1725 4875 ‹
1753 4825 2160 4885 inexcusabiles?

582 4914 715 4983 Quia
735 4922 1115 4985 cognoscentes
1144 4914 1304 4967 Deum
1326 4929 1371 4978 ς»
1397 4928 1499 4968 non
1517 4914 1666 4978 dixit,
1689 4916 1810 4981 quia
1835 4932 1937 4971 non
1960 4933 2159 4988 cogno-

586 5015 805 5072 verunt;
826 5024 846 5059 ε
874 5014 1258 5077 cognoscentes
1285 5006 1470 5070 Deum,
1488 5022 1592 5061 non
1616 5008 1751 5063 sicut
1774 5008 1937 5063 Deum
1954 5012 2157 5080 gloriﬁ-

587 5108 841 5153 caverunt
866 5107 957 5152 aut
976 5098 1171 5168 gratias
1192 5107 1443 5167 egerunt;
1472 5098 1563 5152 sed
1585 5109 1913 5155 evanuerunt
1938 5102 1987 5155 in
2017 5104 2163 5174 cogi-

586 5188 872 5245 tationibus
888 5188 1019 5255 suis,
1039 5199 1092 5242 et
1112 5188 1446 5243 obscuratum
1466 5199 1547 5244 est
1564 5189 1817 5258 insipiens
1832 5206 1925 5245 cor
1945 5209 2157 5248 eorum:

585 5280 824 5338 dicentes
837 5278 978 5334 enim
992 5294 1050 5333 se
1063 5293 1180 5333 esse
1191 5279 1475 5347 sapientes,
1495 5280 1639 5333 stulti
1654 5279 1774 5335 facti
1790 5290 1914 5335 sunt
1938 5303 1953 5331 ι
1982 5284 2158 5349 (Rom.

586 5369 843 5443 519-22).
874 5370 929 5427 Si
950 5372 1091 5426 enim
1114 5370 1276 5424 Deum
1303 5379 1691 5439 cognoverant,
1719 5373 1872 5425 simul
1898 5388 2160 5441 cognove-

587 5467 712 5515 rant
762 5457 885 5529 quia
940 5473 1045 5511 non
1076 5471 1170 5511 eos
1212 5456 1411 5511 fecerat
1438 5458 1701 5528 sapientes
1728 5461 1825 5514 nisi
1859 5460 2013 5514 Deus.
2046 5462 2161 5516 Non

588 5563 718 5620 ergo
740 5548 844 5604 sibi
874 5548 1168 5603 tribuerent
1193 5548 1330 5617 quod
1357 5564 1386 5602 a
1408 5563 1465 5603 se
1490 5564 1594 5603 non
1628 5551 1912 5618 habebant,
1935 5552 2027 5606 sed
2057 5554 2103 5606 ei
2131 5568 2161 5608 a

590 5656 697 5711 quo
716 5648 1048 5711 acceperant.
1074 5638 1189 5694 Non
1210 5649 1388 5695 autem
1408 5639 1615 5710 agendo
1634 5642 1827 5710 gratias
1853 5642 1952 5696 insi
1958 5644 2164 5713 pientes

590 5730 719 5786 facti
746 5740 887 5785 sunt.
917 5730 1054 5800 Ergo
1082 5731 1222 5785 Deus
1251 5729 1390 5800 quod
1430 5715 1649 5786 dederat
1690 5733 1853 5801 gratis
1873 5774 1886 5798 ,
1912 5734 2032 5789 tulit
2078 5735 2164 5790 in-

590 5818 777 5890 gratis.
809 5818 989 5875 Noluit
1013 5835 1131 5876 esse
1169 5820 1271 5876 hoc
1293 5821 1525 5875 Joannes
1546 5862 1559 5885 ,
1588 5830 1768 5891 gratus
1793 5837 1910 5877 esw
1954 5826 2113 5881 voluit
2149 5847 2162 5882 :

1504 421 1571 478 IN
1607 419 1886 478 JOANNIS
1924 412 2394 483 EVANGELIUM,
2435 414 2491 471 S.
2530 412 2895 471 AUGUSTINI

2256 532 2531 588 confessus
2557 543 2636 587 est
2656 532 2923 601 accepisse
2945 547 3021 597 se,
3046 540 3098 586 et
3120 531 3349 602 gaudere
3371 546 3428 587 se
3448 532 3571 590 dixit
3589 547 3759 608 propter

2252 641 2436 679 vocem
2462 625 2677 694 sponsi,
2708 632 2762 680 et
2785 624 2890 691 ait,
2926 622 3036 677 Hoc
3064 641 3178 696 ergo
3197 626 3436 697 gaudium
3454 643 3603 682 meum
3618 630 3759 700 impie-

2255 725 2360 769 tum
2386 723 2477 769 est.
2748 721 2755 729 ‘

2322 808 2374 861 4.
2415 806 2576 862 Illum
2595 816 2785 877 oportet
2809 822 3041 871 crescere,
3070 823 3148 861 me
3168 815 3335 861 autem
3360 808 3532 862 minui.
3558 810 3674 878 Quid
3696 823 3758 872 est

2253 896 2386 952 hoc?
2429 897 2576 952 Illum
2627 905 2837 967 oportet
2886 896 3126 966 exaltari,
3166 913 3254 952 me
3301 908 3476 953 autem
3528 900 3759 961 humiliari.

2251 986 2529 1054 Quomodo
2554 988 2745 1042 crescit
2771 986 2963 1042 Jesus?
2986 986 3251 1057 quomodo
3275 990 3464 1044 crescit
3491 990 3649 1047 Deus?
3664 994 3760 1051 Per-

2252 1078 2423 1134 fectus
2441 1095 2548 1134 non
2576 1078 2785 1134 crescit.
2810 1079 2950 1133 Deus
2978 1087 3153 1133 autem
3186 1093 3286 1134 nec
3322 1080 3537 1150 crescit,
3580 1098 3663 1140 nec
3694 1087 3765 1141 mi.

2253 1170 2449 1224 nuitur.
2476 1169 2530 1223 Si
2560 1170 2700 1224 enim
2728 1169 2941 1233 crescit,
2965 1168 3231 1239 perfectus
3259 1184 3365 1225 non
3388 1180 3470 1226 est
3499 1189 3512 1225 :
3545 1172 3585 1227 si
3619 1176 3764 1230 minui-

2254 1270 2360 1328 tur,
2402 1263 2542 1316 Deus
2575 1277 2679 1315 non
2706 1270 2805 1316 est.
2840 1259 2993 1315 Jesus
3015 1268 3192 1316 autem
3222 1260 3367 1317 Deus
3404 1262 3646 1332 quomodo
3676 1281 3763 1322 creo

2253 1358 2392 1412 scit?
2426 1358 2481 1413 Si
2510 1357 2576 1411 ad
2601 1356 2973 1426 :etatem,quia
2999 1355 3244 1426 dignatus
3279 1366 3364 1412 est
3389 1371 3506 1414 esse
3550 1357 3765 1428 homo,et

2254 1448 2351 1503 fuit
2380 1464 2539 1517 puer;
2571 1456 2624 1502 et
2662 1463 2780 1503 cum
2810 1448 2876 1501 sit
2904 1447 3132 1502 Verbum
3158 1447 3289 1511 Dei,
3319 1445 3493 1503 infans
3519 1448 3567 1503 in
3591 1450 3764 1521 praesepi

2247 1538 2436 1608 jacuit,
2462 1545 2516 1591 et
2542 1553 2660 1591 cum
2691 1538 2802 1607 ipse
2833 1545 3053 1591 matrem
3079 1550 3228 1592 suam
3257 1536 3573 1603 condiderit,
3606 1539 3675 1595 lac
3704 1541 3764 1595 iu-

2252 1626 2428 1681 fautim
2451 1628 2517 1681 de
2550 1637 2716 1682 matre
2735 1627 2913 1681 suxit:
2952 1628 3071 1696 quia
3106 1628 3275 1683 crevit
3319 1644 3445 1700 ergo
3480 1629 3622 1685 Jesus
3651 1626 3766 1688 atate

2252 1718 2446 1780 carnis,
2482 1717 2599 1771 ideo
2626 1716 2765 1773 forte
2785 1718 2985 1772 dictum
3002 1727 3104 1785 est,
3134 1716 3299 1772 Illum
3337 1729 3525 1789 oportet
3569 1736 3764 1788 crescere,

2252 1825 2331 1861 me
2352 1816 2515 1860 autem
2537 1808 2713 1863 minui.
2742 1806 2846 1863 Sed
2876 1823 3040 1878 quare
3067 1817 3121 1863 et
3149 1808 3288 1864 hoc?
3310 1808 3535 1866 Joannes
3556 1820 3603 1866 et
3634 1810 3764 1877 Jesus,

2253 1907 2393 1978 quod
2422 1907 2486 1960 ad
2515 1922 2728 1961 carnem
2759 1907 3008 1978 pertinet,
3041 1907 3204 1961 coaavi
3231 1916 3387 1962 erant
3425 1925 3438 1960 :
3484 1923 3572 1963 sex
3606 1922 3766 1962 menses

2253 1998 2393 2053 inter
2418 2013 2477 2053 se
2503 1997 2764 2053 habebant
2793 1996 2945 2069 (Luc.
2973 2013 3011 2062 I,
3037 1996 3150 2068 56),
3188 1998 3390 2067 pariter
3428 2006 3699 2060 creverant;
3730 2006 3767 2052 et

2252 2089 2295 2145 si
2335 2090 2531 2143 diutius
2575 2100 2699 2143 ante
2735 2098 2958 2143 mortem
2987 2089 3241 2143 Dominus
3285 2098 3463 2145 noster
3488 2088 3625 2144 Jesus
3655 2087 3767 2143 cui.

2252 2190 2365 2236 stus
2380 2180 2538 2235 vellet
2565 2180 2652 2234 hic
2672 2195 2810 2242 esse,
2836 2191 2890 2235 et
2916 2181 3085 2248 ipsum
3099 2179 3360 2234 Joannem
3386 2178 3471 2233 hic
3490 2193 3650 2234 secum
3666 2191 3765 2243 ease,

2252 2272 2517 2343 quomodo
2556 2274 2754 2341 pariter
2781 2280 3091 2339 creverant,
3120 2271 3188 2325 ita
3217 2272 3416 2342 pariter
3438 2284 3765 2340 senescerepo—

2252 2371 2426 2417 terant
2457 2358 2665 2433 {quare
2685 2377 2835 2432 ergo,
2860 2360 3019 2416 Illum
3046 2371 3242 2433 oportet
3268 2378 3517 2430 crescere,
3542 2377 3612 2416 me
3643 2370 3767 2413 auten

2251 2455 2453 2508 minui?
2476 2454 2673 2518 Primo,
2697 2455 2818 2524 quia
2842 2455 2950 2525 jam
2982 2464 3035 2508 et
3058 2454 3315 2509 Dominus
3336 2453 3541 2525 triginta
3564 2468 3768 2508 annorum

2253 2556 2368 2602 erat
2396 2544 2504 2619 (Id.
2538 2562 2618 2609 tu,
2651 2546 2742 2614 23)
2769 2563 2781 2600 :
2811 2545 3064 2617 numquid
3100 2545 3344 2614 juvenis,
3385 2546 3429 2601 si
3464 2547 3567 2615 jam
3607 2544 3769 2615 triginta

2251 2652 2510 2692 animum
2534 2637 2622 2705 sit,
2651 2637 2824 2691 adhuc
2849 2636 3079 2691 crescit?
3106 2635 3224 2691 Jam
3255 2637 3324 2690 ab
3367 2650 3478 2707 Ipsa
3516 2644 3654 2690 :etate
3684 2648 3769 2688 ver-

2252 2746 2378 2801 gere
2405 2732 2663 2801 incipiunt
2692 2731 2968 2797 homines,
3014 2739 3069 2786 et
3112 2730 3387 2786 declinare
3422 2731 3485 2787 ad
3530 2729 3769 2802 graviorem

2254 2832 2462 2877 aetatem
2481 2865 2496 2889 ,
2522 2831 2574 2877 et
2604 2823 2725 2878 inde
2750 2822 2815 2878 ad
2838 2831 3183 2877 senectutem.
3209 2821 3318 2878 Sed
3339 2832 3391 2877 et
3413 2822 3457 2877 si
3479 2822 3614 2893 pueri
3635 2828 3769 2876 essent

2254 2914 2433 2981 ambo,
2462 2930 2566 2969 non
2588 2914 2815 2982 diceret,
2844 2913 3001 2970 Illum
3031 2924 3223 2987 oportet
3261 2931 3477 2970 crescere
3494 2956 3507 2981 ,
3535 2929 3608 2968 me
3646 2922 3770 2965 auum

2255 3007 2449 3069 minui;
2476 3004 2567 3060 sed
2595 3005 2816 3070 diceret,
2838 3004 3007 3060 Simul
3030 3021 3126 3059 nos
3146 3013 3355 3075 oportet
3395 3018 3634 3061 crescere.
3660 3001 3769 3056 Nunc

2254 3108 2431 3154 autem
2460 3098 2667 3171 triginta
2715 3112 2976 3152 annorum
3035 3097 3155 3163 ille,
3194 3098 3407 3168 triginta
3451 3104 3504 3153 et
3538 3096 3619 3151 ille
3656 3111 3668 3147 :
3702 3105 3770 3146 ser

2255 3204 2469 3245 menses
2492 3189 2580 3259 qui
2610 3189 2939 3254 intererant,
2974 3189 3170 3243 nullam
3206 3188 3535 3259 distinguunt
3578 3192 3768 3246 aetatem;

2255 3281 2425 3350 magis
2448 3281 2573 3335 illud
2595 3281 2795 3336 invenit
2821 3281 2978 3336 lectio
3005 3296 3163 3351 quam
3192 3280 3451 3351 aspectio.

2327 3374 2380 3425 5.
2412 3372 2544 3440 Quid
2568 3388 2695 3443 ergo
2717 3381 2829 3438 est,
2860 3371 3018 3426 Illum
3056 3381 3251 3444 oportet
3279 3387 3523 3438 crescere,
3551 3385 3622 3424 me
3649 3375 3772 3421 aulas

2255 3463 2444 3516 minui?
2473 3463 2713 3533 Magnum
2734 3462 2835 3517 hoc
2860 3463 3281 3517 sacramentum!
3310 3461 3560 3532 intelligat
3582 3457 3773 3516 Charitas

2258 3564 2459 3609 vestra.
2492 3557 2789 3626 Antequam
2819 3555 3023 3610 veniret
3055 3555 3312 3611 Dominus
3356 3554 3539 3621 Jesus,
3584 3549 3774 3606 homines

2256 3646 2617 3716 gloriabantur
2644 3645 2710 3700 de
2744 3660 2804 3702 se
2845 3661 2859 3697 :
2888 3645 3032 3700 venit
3070 3644 3159 3700 ille
3187 3644 3384 3711 homo,
3424 3654 3481 3700 ut
3510 3642 3775 3698 minueretur

2260 3736 2489 3791 hominis
2515 3736 2702 3807 gloria,
2725 3746 2781 3792 et
2799 3744 3080 3806 augeretur
3105 3735 3272 3807 gloria
3304 3737 3418 3792 Dei.
3458 3733 3648 3792 Etenim
3668 3726 3778 3785 venit

2259 3827 2350 3881 ille
2378 3827 2497 3881 sine
2522 3837 2762 3897 peccato,
2793 3835 2847 3881 et
2870 3826 3071 3881 invenit
3096 3840 3280 3881 omnes
3327 3841 3447 3882 cum
3483 3832 3692 3897 peccato.
3734 3815 3776 3873 Si

2258 3917 2335 3971 sic
2361 3917 2502 3971 venit
2538 3916 2627 3970 ille
2666 3924 2724 3970 ut
2772 3915 3062 3972 dimitteret
3095 3925 3314 3986 peccata
3338 3958 3356 3985 ,
3388 3917 3524 3973 Deus
3558 3914 3773 3985 largiatur.

2259 4007 2420 4062 homo
2442 4007 2779 4063 conﬁteatur.
2811 4007 3020 4062 Etenim
3058 4006 3326 4064 confessio
3369 4007 3617 4073 hominis,
3641 4000 3774 4059 humi-

2259 4099 2382 4155 litas
2414 4099 2646 4154 hominis
2676 4118 2689 4154 :
2720 4100 2992 4155 miseratio
3023 4100 3151 4168 Dei,
3191 4100 3421 4158 altitudo
3447 4100 3556 4156 Dei.
3606 4096 3656 4153 Si
3682 4106 3776 4164 ergo

2258 4193 2403 4247 venit
2445 4192 2533 4247 ille
2557 4192 2840 4247 dimittere
2871 4191 3069 4247 homini
3109 4199 3360 4262 peccata,
3399 4199 3631 4264 agnoscat
3653 4187 3776 4243 homo

2260 4281 2609 4337 humilitatem
2630 4296 2798 4347 suam,
2821 4291 2876 4337 et
2895 4282 3035 4337 Deus
3049 4281 3205 4338 faciat
3225 4282 3626 4340 misericordiam
3643 4288 3774 4335 suam.

2261 4372 2417 4429 Illum
2446 4383 2638 4446 oportet
2665 4390 2903 4441 crescere,
2932 4391 3011 4429 me
3034 4384 3198 4429 autem
3221 4377 3382 4431 minui
3402 4394 3419 4431 :
3439 4375 3536 4431 hoc
3553 4382 3641 4437 est,
3664 4369 3776 4426 illum

2261 4473 2470 4535 oportet
2493 4464 2638 4531 dare,
2668 4480 2753 4518 me
2777 4472 2951 4519 autem
2978 4466 3250 4534 accipere;
3283 4467 3431 4522 illum
3470 4471 3659 4537 oportet
3686 4460 3778 4531 glo-

2262 4556 2477 4623 riticari,
2509 4571 2595 4610 me
2617 4564 2791 4611 autem
2827 4557 3087 4612 conﬁteri.
3124 4558 3387 4630 lutelligat
3427 4559 3578 4614 homo
3605 4551 3776 4625 gradum

2263 4661 2445 4711 suum,
2479 4654 2534 4700 et
2560 4646 2877 4701 conﬁteatur
2901 4647 3039 4713 Deo,
3072 4656 3127 4702 et
3164 4647 3344 4704 audiat
3393 4647 3678 4719 Apostolum
3713 4640 3774 4694 di-

2262 4746 2472 4791 centem
2504 4735 2706 4790 homini
2734 4737 3057 4806 superbienti
3085 4747 3135 4792 et
3163 4738 3324 4806 elato,
3354 4738 3594 4794 extollere
3627 4749 3678 4789 se
3704 4744 3775 4783 γο-

2262 4828 2389 4883 lenti
2425 4845 2437 4880 :
2472 4828 2608 4892 Quid
2633 4828 2764 4882 enim
2793 4827 2943 4883 habes
2978 4830 3112 4899 quod
3143 4847 3243 4885 non
3267 4831 3536 4902 accepisti?
3565 4828 3608 4882 si
3648 4830 3778 4878 autem

2262 4917 2514 4988 accepisti,
2540 4917 2661 4988 quid
2686 4917 2917 4988 gloriaris
2939 4919 3084 4987 quasi
3111 4936 3210 4974 non
3237 4922 3485 4987 acceperis
3524 4918 3567 4989 (Ι
3591 4915 3689 4972 Cor.
3715 4925 3775 4973 IV.

2264 5007 2356 5079 7)?
2398 5007 2660 5078 Intelligat
2688 5022 2815 5078 ergo
2843 5009 3005 5063 homo
3049 5011 3169 5080 quia
3221 5015 3453 5080 accepit,
3488 5010 3572 5080 qui
3610 5003 3778 5061 volebat

2263 5114 2417 5154 suum
2445 5098 2625 5154 dicere
2651 5098 2791 5168 quod
2817 5114 2921 5154 non
2950 5110 3031 5154 est
3059 5100 3205 5169 ejus,
3229 5086 3596 5157 et'minuatur:
3620 5097 3775 5151 bonum

2263 5200 2346 5247 est
2373 5192 2511 5246 enim
2543 5192 2696 5247 illiut
2724 5192 2866 5247 Deus
2899 5193 2950 5247 in
2989 5194 3080 5247 illo
3119 5194 3455 5264 gloriﬁcetur.
3501 5194 3608 5262 ipse
3649 5188 3693 5245 in
3734 5196 3777 5236 se

2264 5281 2551 5348 minuatur,
2579 5290 2636 5337 ut
2653 5282 2704 5336 in
2729 5283 2837 5337 Deo
2858 5293 3129 5353 augeatur.
3152 5284 3274 5340 Haec
3298 5283 3582 5340 testimonia
3608 5289 3655 5335 et
3671 5274 3795 5355 hanc;

2252 5373 2572 5440 veritatem,
2619 5375 2777 5429 etiam
2840 5375 3171 5444 passionibus
3240 5378 3348 5432 suis
3407 5371 3795 5449 signiﬁcaverat!!!

2263 5464 2507 5520 Christus
2549 5476 2603 5520 et
2631 5466 2883 5523 Joannes.
2921 5467 3052 5522 Nam
3086 5468 3316 5526 Joannes
3359 5468 3527 5539 capite
3556 5464 3774 5520 minutus.

2266 5555 2512 5613 Christus
2544 5558 2597 5612 in
2625 5573 2781 5615 cruce
2809 5560 3104 5626 exaltatus;
3135 5572 3192 5617 ut
3213 5571 3267 5618 et
3296 5561 3366 5618 ibi
3388 5564 3646 5632 appareret
3679 5542 3779 5622 quid

2266 5658 2367 5717 est,
2390 5648 2549 5703 Illum
2564 5659 2755 5720 oportet
2777 5668 3013 5720 crescere,
3045 5670 3123 5708 me
3141 5663 3306 5709 autem
3325 5652 3496 5708 minui.
3515 5644 3689 5705 Deinde
3700 5655 3776 5696 na-

2269 5749 2354 5795 tus
2381 5752 2463 5796 est
2498 5741 2741 5796 Christus
2783 5757 2901 5798 cum
2931 5747 3040 5814 jam
3079 5745 3371 5816 inciperent
3410 5754 3633 5800 crescere
3667 5734 3774 5793 diei.

2273 5842 2424 5885 natus
2451 5841 2531 5887 est
2554 5832 2784 5889 Joannes
2811 5836 3020 5905 quando
3044 5849 3316 5906 cmperunt
3352 5835 3506 5893 minui
3545 5831 3660 5888 dies.
3698 5827 3753 5880 Δί
