3916 6404
1260 374 1667 434 TRACTATUS
1694 373 1838 434 XIV.
1877 378 2102 438 CAPUT
2140 382 2224 438 lll.

3261 393 3401 453 I506

146 505 323 558 tanta
366 502 451 553 est
507 494 631 568 ipSa
675 498 917 551 crcatura
956 500 1010 548 et
1044 491 1173 565 ipsze
1223 491 1499 562 passiones
1548 488 1726 545 verbis
1776 576 1777 579 η
1831 507 1975 547 nemo
1996 495 2196 567 accipit.
2225 495 2300 551 De
2323 497 2446 553 caelo
2474 499 2621 564 venit,
2653 517 2810 573 supra
2827 517 2996 559 omnes
3023 515 3115 572 est,
3142 504 3399 564 Dominus

143 589 350 649 Joannis
375 587 639 652 dicentis,
668 584 825 641 Illum
845 594 1043 654 oportet
1070 600 1309 649 crescere,
1334 601 1414 639 me
1434 594 1601 638 autem
1626 582 1722 636 mi-

144 686 242 741 nui.
265 684 487 740 Crescat
530 695 668 752 ergo
704 681 754 735 in
786 680 941 736 nobis
979 680 1143 750 gloria
1187 679 1313 744 Dei,
1353 687 1407 734 et
1453 679 1723 734 minuatur

140 778 294 849 gloria
322 783 529 843 nostra,
567 774 697 829 utin
724 773 835 828 Deo
858 781 1064 829 crescat
1097 780 1151 828 et
1196 781 1396 827 nostra.
1431 771 1543 826 Hoc
1579 773 1722 826 enim

140 868 258 925 dicit
280 867 597 938 Apostolus,
631 866 729 922 hoc
757 865 1176 935 dieitScriptura
1199 874 1380 921 sancta
1411 882 1424 919 :
1470 866 1567 931 Qui
1604 866 1719 937 glo-

140 966 306 1027 riatur,
325 960 636 1016 in'Domino
651 958 892 1031 glorietur
918 957 975 1031 (Ι
1001 957 1118 1015 Cor.
1141 974 1178 1023 ι,
1209 959 1302 1026 51,
1329 966 1378 1013 ει
1403 958 1594 1013 Jerem.
1627 975 1681 1013 ix
1701 1002 1717 1027 ,

137 1055 221 1122 ιε,
243 1052 356 1125 24).
378 1053 438 1107 ln
462 1060 518 1109 te
548 1052 638 1108 vis
655 1051 902 1123 gloriari?
923 1066 1166 1106 crescere
1180 1051 1261 1105 vis
1291 1066 1305 1104 :
1338 1050 1433 1106 sed
1457 1052 1599 1106 malo
1630 1060 1720 1106 tuo

140 1146 268 1203 male
293 1143 516 1200 crescis.
546 1143 651 1212 Qui
679 1144 822 1198 enim
853 1142 994 1198 male
1013 1142 1236 1205 crescit,
1259 1142 1403 1212 juste
1443 1142 1715 1197 minuitur.

139 1239 339 1296 Crescat
366 1252 502 1309 ergo
530 1237 681 1293 Deus
708 1237 799 1307 qui
820 1252 1032 1305 semper
1052 1235 1319 1305 perfectus
1360 1244 1470 1297 est,
1515 1244 1721 1291 crescat

141 1332 189 1387 in
215 1340 281 1387 te.
312 1329 529 1398 Quanto
555 1329 703 1384 enim
738 1329 907 1397 magis
926 1327 1180 1397 intelligis
1203 1327 1367 1382 Deum
1390 1370 1402 1387 ,
1442 1336 1494 1382 et
1519 1336 1719 1397 quanto

139 1424 292 1494 magis
310 1423 481 1493 capis,
512 1421 730 1477 videtur
752 1421 805 1475 in
836 1430 887 1477 te
912 1434 1154 1475 crescere
1175 1420 1315 1475 Deus
1339 1435 1351 1472 :
1382 1419 1434 1473 in
1456 1434 1514 1474 se
1540 1427 1716 1473 autem

141 1532 235 1574 non
260 1514 486 1579 crescit,
515 1512 617 1569 sed
662 1527 878 1582 semper
923 1509 1189 1582 perfectus
1224 1519 1322 1565 est.
1384 1509 1717 1580 Intelligcbas

140 1605 242 1664 heri
286 1605 598 1672 modicum,
643 1602 895 1673 intelligis
942 1601 1103 1656 hodie
1149 1601 1408 1671 amplius,
1454 1601 1717 1671 intelliges

141 1714 246 1755 cras
266 1697 433 1753 multo
455 1695 693 1766 amplius
722 1713 735 1748 :
768 1695 947 1750 lumen
974 1693 1146 1763 ipsum
1176 1692 1268 1747 Dei
1304 1693 1497 1747 crescit
1526 1692 1576 1745 in
1622 1700 1674 1747 te
1698 1709 1713 1758 ;

140 1789 203 1845 ita
227 1788 361 1844 velut
384 1787 532 1843 Deus
557 1785 791 1851 crescit,
822 1784 912 1855 qui
954 1799 1166 1853 semper
1210 1781 1476 1853 perlectus
1514 1793 1711 1838 manet.

143 1877 581 1949 Quemadmodum
628 1878 678 1933 si
706 1886 1021 1933 curarentur
1053 1875 1275 1945 alicujus
1309 1875 1448 1929 oculi
1498 1891 1561 1930 ex
1602 1876 1713 1944 pri-

142 1973 263 2028 stina
285 1973 522 2029 caecitate
541 2013 558 2036 ,
590 1979 651 2026 et
673 1970 934 2041 inciperet
960 1969 1140 2024 videre
1165 1968 1433 2038 paululum
1463 1968 1593 2022 lucis
1613 2009 1628 2034 ,
1659 1976 1713 2024 et

146 2063 241 2119 alia
265 2063 343 2118 die
368 2063 484 2133 plus
502 2061 741 2127 videret,
777 2071 831 2117 et
861 2061 1013 2116 tertia
1040 2060 1125 2115 die
1150 2060 1375 2130 amplius
1397 2102 1412 2126 ,
1444 2058 1716 2115 videretur

147 2153 216 2207 illi
231 2155 314 2209 lux
339 2168 583 2209 crescere
616 2169 632 2206 :
664 2151 759 2208 lux
808 2162 984 2207 tamen
1026 2152 1255 2222 perfecta
1293 2158 1394 2217 est,
1448 2152 1559 2206 sive
1601 2152 1714 2222 ipse

148 2243 321 2309 videat,
348 2244 458 2300 sive
491 2258 607 2299 non
644 2242 841 2298 videat.
872 2242 959 2298 Sic
1000 2252 1082 2298 est
1123 2251 1177 2297 et
1224 2242 1447 2297 interior
1502 2243 1663 2298 homo
1696 2261 1711 2297 :

148 2332 331 2403 prolicit
364 2332 580 2404 quidem
614 2334 671 2387 in
702 2332 874 2397 Deo‘,
894 2340 948 2387 et
975 2333 1114 2388 Deus
1144 2333 1194 2386 in
1222 2332 1312 2387 illo
1349 2333 1558 2387 videtur
1598 2348 1718 2390 cre-

148 2438 303 2491 scere;
327 2426 436 2496 ipse
458 2435 649 2482 tamen
668 2424 944 2492 minuitur,
968 2435 1024 2480 ut
1052 2440 1081 2479 τι
1106 2425 1272 2497 gloria
1296 2441 1390 2480 sua
1410 2425 1636 2493 decidat,
1660 2435 1716 2482 et

149 2515 193 2571 in
213 2516 418 2588 gloriam
448 2516 547 2572 llei
571 2524 780 2586 surgat.

205 2607 253 2662 6.
290 2608 347 2663 Et
375 2606 636 2663 distincte
652 2608 762 2678 jam
790 2616 843 2664 et
863 2608 1138 2665 manifeste
1157 2620 1378 2680 apparet
1397 2611 1537 2682 quod
1556 2611 1714 2667 modo

151 2699 436 2757 audivimus.
468 2702 573 2767 Qui
601 2701 669 2755 de
692 2718 892 2756 sursum
911 2704 1062 2769 venit,
1090 2719 1247 2773 supra
1266 2720 1435 2758 omnes
1456 2715 1545 2759 est.
1580 2704 1713 2760 Vide

151 2794 255 2866 quid
277 2794 411 2850 dicat
430 2793 498 2851 de
517 2794 767 2851 Christo.
790 2793 926 2862 Quid
953 2794 1019 2850 de
1039 2796 1137 2851 se?
1165 2796 1262 2861 Qui
1282 2804 1355 2850 est
1377 2797 1439 2849 de
1465 2805 1618 2862 terra,
1651 2797 1712 2851 de

155 2894 267 2941 terra
285 2898 369 2952 est,
398 2900 446 2943 et
472 2888 536 2942 de
561 2895 703 2943 terra
724 2887 957 2958 loquitur.
990 2888 1088 2953 Qui
1125 2887 1187 2942 de
1219 2900 1415 2943 sursum
1440 2890 1599 2957 venit,
1622 2905 1710 2944 su—

158 2993 235 3047 pra
258 2994 416 3034 omnes
435 2987 541 3044 est;
561 2978 816 3035 Christus
836 2987 917 3032 est
958 2996 970 3032 :
1001 2977 1100 3044 Qui
1127 2989 1301 3033 autem
1340 2989 1410 3033 est
1443 2980 1505 3034 de
1546 2989 1707 3047 terra,

155 3066 207 3122 de
226 3077 347 3122 terra
366 3078 464 3135 est,
495 3078 544 3123 et
567 3069 639 3123 de
666 3078 798 3122 terra
828 3068 1088 3137 loquitur;
1111 3067 1344 3125 Joannes
1371 3079 1470 3124 est.
1515 3070 1581 3124 Et
1612 3069 1712 3125 hoc

154 3165 225 3213 est
246 3165 421 3225 totum,
450 3159 696 3215 Joannes
722 3158 789 3213 de
816 3168 954 3213 terra
976 3168 1078 3221 est,
1111 3166 1165 3213 et
1188 3159 1254 3213 de
1284 3169 1423 3215 terra
1445 3161 1711 3231 loquitur?

156 3256 297 3306 totum
320 3252 686 3308 testimonium
702 3251 841 3322 quod
860 3251 1101 3321 perhibet
1125 3253 1191 3307 de
1233 3252 1461 3318 Christo,
1485 3253 1552 3307 de
1570 3262 1711 3309 terra

155 3339 394 3411 loquitur?
422 3358 528 3399 non
552 3346 723 3397 vaces
748 3342 838 3396 Dei
874 3341 1159 3396 audiuntur
1185 3358 1214 3396 a
1243 3342 1475 3408 Joanne,
1506 3343 1595 3398 ubi
1634 3352 1714 3400 te-

158 3432 427 3488 stimonium
467 3433 720 3504 perbibet
768 3432 835 3488 de
871 3432 1122 3487 Christo?
1152 3434 1427 3501 Quomodo
1469 3450 1597 3506 ergo
1644 3437 1712 3492 de

160 3529 276 3577 terra
301 3522 571 3594 loquitur?
611 3522 717 3579 Sed
742 3523 809 3578 de
830 3522 1043 3579 homine
1071 3524 1300 3579 dicebat.
1339 3524 1602 3592 Quantum
1643 3526 1711 3582 ad

159 3610 301 3681 ipsum
323 3612 597 3671 hominem
622 3615 869 3687 pertinet,
903 3615 970 3671 de
993 3624 1129 3670 terra
1160 3625 1260 3683 est,
1288 3625 1342 3671 et
1365 3618 1430 3671 de
1452 3627 1589 3673 terra
1633 3618 1712 3674 lo-

157 3702 309 3771 quitur
335 3721 348 3758 :
375 3704 627 3763 siautem
648 3706 826 3777 aliqua
862 3706 1094 3777 loquitur
1136 3707 1342 3774 divina,
1384 3709 1709 3765 illuminatus

160 3800 228 3847 est
245 3808 271 3847 a
290 3795 409 3854 Deo.
432 3796 573 3854 Nam
596 3798 640 3852 si
670 3813 776 3852 non
804 3806 947 3853 esset
971 3797 1315 3864 illuminatus,
1343 3808 1479 3854 terra
1513 3808 1708 3856 terram

159 3882 443 3956 loqueretur.
461 3892 612 3963 Ergo
634 3905 876 3948 seorsum
904 3899 987 3946 est
1010 3890 1174 3959 gratia
1204 3892 1333 3958 Dei,
1356 3908 1594 3948 seorsum
1618 3910 1708 3949 na-

162 3983 256 4032 tura
273 3977 509 4039 hominis.
538 3981 702 4038 Modo
742 3991 983 4036 naturam
1010 3981 1238 4036 hominis
1277 3982 1540 4054 interroga
1574 4004 1587 4039 :
1615 4001 1708 4040 na-

160 4069 360 4129 scituret
381 4076 600 4142 crescit,
623 4074 821 4129 usitata
839 4073 936 4128 ista
964 4072 1237 4128 hominum
1259 4073 1431 4130 discit.
1452 4075 1587 4143 Quid
1610 4092 1707 4131 no-

162 4159 224 4214 vit
243 4161 332 4218 nisi
356 4172 553 4221 terram
580 4165 651 4222 de
694 4164 869 4220 terra?
900 4164 1138 4220 Humana
1184 4166 1436 4236 loquitur,
1475 4166 1705 4223 humana

163 4252 301 4319 novit,
318 4254 542 4313 humana
569 4258 737 4329 sapit;
765 4257 993 4313 carnalis
1010 4258 1293 4312 carnaliter
1310 4259 1556 4325 aestimat,
1583 4275 1701 4315 car-

164 4342 326 4399 naliter
350 4348 650 4419 suspicatur
680 4365 694 4402 :
722 4361 847 4402 ecce
875 4356 958 4402 est
976 4356 1116 4403 totus
1156 4347 1335 4404 homo.
1371 4349 1559 4404 Veniat
1581 4365 1704 4420 grao

165 4429 340 4500 tiaDei,
360 4437 625 4495 illuminet
652 4438 899 4495 tenebras
934 4437 1093 4507 illius,
1122 4440 1261 4495 sicut
1291 4439 1449 4507 dicit,
1481 4440 1558 4494 Tu
1579 4442 1705 4496 illu-

166 4520 346 4581 ﬂtittabis
366 4526 624 4584 lucernam
643 4545 824 4595 meum,
858 4528 1105 4598 Domine;
1132 4530 1269 4585 Deus
1299 4547 1456 4599 meus,
1475 4532 1706 4589 illumina

168 4614 356 4673 latebras
371 4636 501 4678 meas
523 4619 695 4694 (Psal.
713 4637 842 4688 xvu,
866 4621 982 4694 29);
1009 4632 1244 4677 assumat
1262 4634 1491 4679 mentem
1514 4624 1703 4680 huma-

169 4715 290 4772 ιιιιιι,
308 4722 574 4783 convertat
592 4714 615 4745 ³
644 4713 713 4768 ad
739 4713 908 4769 lucem
934 4729 1084 4770 suam
1109 4733 1121 4768 :
1154 4716 1337 4787 incipit
1360 4716 1470 4787 jam
1500 4717 1699 4784 dicere,

170 4796 287 4862 (1υού
307 4799 581 4870 Apostolus
609 4802 757 4870 dicit,
786 4802 909 4859 Non
935 4821 1024 4877 ego
1052 4814 1217 4860 autem
1238 4848 1253 4873 ,
1289 4808 1376 4862 sed
1402 4810 1567 4879 gratia
1605 4809 1703 4865 Dei

172 4902 331 4946 meum
349 4894 391 4967 (l
405 4895 520 4953 Cor.
552 4912 647 4965 xv,
675 4897 789 4971 10);
812 4906 886 4965 et,
915 4896 1039 4954 Vivo
1061 4908 1227 4955 autem
1236 4902 1351 4973 jam
1375 4919 1476 4957 non
1496 4920 1606 4974 ego,
1629 4906 1703 4960 vi-

174 4980 228 5033 sit
249 4990 560 5065 auteninpte
585 4986 815 5046 Christus
843 4987 1039 5059 (Galat.
1072 5006 1140 5058 ιι,
1160 4991 1273 5064 20).
1300 4993 1410 5049 Hoc
1456 5002 1572 5063 est,
1617 4995 1699 5051 Il-

177 5068 260 5128 lam
280 5090 451 5148 oportet
472 5100 713 5152 crescere,
739 5100 818 5139 me
845 5083 1011 5140 autem
1048 5086 1228 5140 minui.
1268 5086 1412 5160 Ergo
1445 5089 1697 5162 Joannes,

176 5166 288 5233 Quod
310 5171 370 5226 ad
400 5173 654 5231 Joannem
682 5175 935 5247 pertinet,
969 5176 1036 5233 de
1056 5185 1195 5233 terra
1220 5188 1330 5247 est,
1355 5189 1411 5235 et
1452 5181 1519 5238 de
1562 5192 1701 5240 terra

177 5249 371 5327 loquitur
398 5281 412 5319 :
437 5267 482 5324 si
506 5267 632 5340 quid
661 5266 897 5324 divinum
926 5268 1120 5326 audisti
1145 5285 1175 5325 a
1217 5270 1450 5338 Joanne,
1502 5274 1699 5331 illumi-

180 5350 320 5409 ωηιὶς
343 5366 436 5426 εει,
463 5374 568 5417 non
596 5360 921 5433 recipientis.

234 5438 280 5494 7-
313 5444 403 5513 Qui
427 5450 485 5507 de
511 5454 637 5509 οωιο
664 5455 823 5522 venit,
855 5471 1014 5523 supra
1035 5471 1204 5513 omnes
1227 5468 1301 5513 est
1327 5476 1349 5524 ;
1385 5469 1433 5513 et
1470 5461 1603 5533 quod
1628 5464 1697 5517 vi-

186 5528 305 5627 tlilet
332 5543 538 5615 αιάὶυίι,
584 5548 680 5604 hoc
737 5548 1066 5621 testiﬁcatur;
1112 5563 1158 5607 et
1210 5528 1542 5611 testimonium
1591 5561 1701 5631 ejus

235 5665 593 5745 ξὶὶιὲραιιειιειε
610 5690 717 5745 his,
738 5680 791 5735 in
811 5693 981 5737 Deum.

183 5727 981 5851 "mmmﬁi’rffeiﬁ?
993 5757 1101 5801 tuas.
1118 5783 1136 5811 ,
1186 5758 1458 5817 convertat;
1487 5755 1702 5821 scilicet.

1829 596 2010 642 noster
2037 588 2193 643 Jesus
2222 588 2465 646 Christus
2498 610 2510 645 :
2552 591 2617 647 de
2642 607 2748 663 quo
2782 595 3022 665 superius
3050 595 3249 653 dictum
3300 606 3403 667 est,

1830 674 1996 732 Nemo
2021 680 2245 733 ascendit
2273 681 2324 734 in
2352 683 2534 737 aulum
2553 724 2569 751 ,
2606 684 2704 739 nisi
2741 686 2827 757 qui
2868 686 2933 742 de
2973 688 3099 743 calo
3127 688 3405 760 descendit,

1832 767 1878 821 F
1878 769 1996 823 ilius
2026 771 2241 825 hominis
2261 773 2348 841 qui
2377 784 2447 826 est
2472 774 2523 827 in
2552 775 2676 829 caelo
2703 774 2878 846 (Joan.
2910 791 2987 844 ιιι,
3021 777 3131 850 l3).
3177 780 3273 835 Est
3309 795 3406 837 au-

1828 867 1932 914 tem
1964 875 2124 931 super
2153 878 2375 929 omnes;
2410 875 2456 919 et
2481 866 2614 935 quod
2635 867 2756 921 vidit
2781 877 2830 922 et
2864 869 3090 938 audiuit,
3121 873 3216 927 hoc
3244 871 3409 942 loqui-

1824 963 1923 1007 tur.
1954 954 2115 1010 Habet
2143 957 2284 1011 euim
2315 966 2368 1012 et
2397 958 2605 1014 Patrem
2635 960 2747 1030 ipse
2773 961 2943 1017 Filius
2969 963 3099 1030 Dei;
3136 962 3301 1021 habet
3349 976 3406 1023 et

1823 1043 2053 1109 Patrem,
2082 1055 2135 1101 et
2158 1047 2306 1102 audit
2333 1064 2362 1102 a
2387 1048 2562 1105 Patre.
2596 1051 2662 1106 Et
2689 1054 2829 1122 quod
2857 1053 3004 1110 audit
3025 1070 3057 1109 a
3089 1054 3247 1113 Patre
3273 1056 3399 1128 quid

1822 1138 1937 1194 est?
1962 1141 2081 1210 quis
2106 1140 2207 1196 hoe
2235 1142 2498 1211 explicat?
2525 1144 2748 1211 Quando
2793 1146 2967 1216 lingua
2999 1162 3139 1215 mea,
3191 1147 3405 1220 quando

1821 1242 1915 1283 cor
1935 1245 2108 1283 meum
2131 1230 2374 1286 sufﬁcere
2399 1241 2593 1302 potest,
2617 1234 2702 1291 vel
2722 1250 2813 1292 cor
2858 1236 2925 1292 ad
2968 1236 3400 1310 intelligendum,

1820 1321 1904 1376 vel
1929 1322 2105 1392 lingua
2125 1324 2190 1376 ad
2214 1322 2606 1394 proferendum,
2619 1327 2744 1397 quid
2772 1337 2856 1384 est
2866 1329 3006 1399 quod
3020 1329 3187 1387 Filius
3202 1332 3403 1390 audivit

1820 1427 1850 1466 a
1867 1412 2051 1467 Patre?
2067 1414 2224 1471 Forte
2243 1415 2403 1471 Filius
2419 1416 2647 1473 Verbum
2669 1419 2840 1476 Patris
2852 1421 3089 1477 audivit?
3105 1422 3216 1481 lmo
3234 1425 3402 1484 Filius

1819 1502 2052 1561 Verbum
2080 1506 2250 1562 Patris
2274 1518 2373 1562 est.
2405 1508 2603 1564 Videtis
2631 1512 3076 1581 quemadmodum
3104 1515 3192 1572 hic
3219 1515 3401 1589 fatige-

1819 1604 1906 1652 tur
1927 1600 2102 1655 omnis
2128 1609 2349 1656 conatus
2377 1601 2676 1670 humanus;
2727 1605 2920 1661 videtis
2953 1609 3397 1677 quemadmodum

1819 1689 1906 1746 hic
1960 1692 2176 1748 deficiat
2230 1694 2406 1749 omnis
2451 1694 2756 1766 conjectura
2807 1700 3037 1768 pectoris
3079 1702 3286 1769 nostri,
3343 1713 3401 1760 et

1819 1785 1992 1839 omnis
2041 1785 2264 1841 intentio
2307 1786 2501 1841 mentis
2542 1787 2838 1858 caligantis.
2896 1789 3069 1845 Audio
3130 1790 3398 1849 dicentem

1819 1873 2149 1947 Scripturam
2180 1874 2304 1946 quia
2343 1876 2511 1932 Filius
2560 1878 2661 1933 hoc
2707 1879 2959 1950 loquitur,
2999 1881 3144 1952 quod
3182 1882 3330 1938 audit
3363 1898 3395 1938 a

1818 1964 2017 2031 Patre;
2064 1976 2117 2021 et
2149 1982 2338 2023 rursus
2382 1967 2541 2023 audio
2587 1967 2852 2025 dicentem
2901 1970 3227 2041 Scripturam
3273 1972 3397 2043 quia

1819 2056 1934 2127 ipse
1956 2058 2123 2113 Filius
2153 2059 2387 2116 Verbum
2413 2061 2584 2116 Patris
2610 2071 2730 2116 est:
2760 2060 2826 2117 In
2858 2064 3105 2134 principio
3129 2073 3234 2120 erat
3272 2065 3397 2121 Ver-

1817 2146 1951 2213 bum,
1985 2159 2033 2202 et
2064 2148 2279 2203 Verbum
2300 2162 2405 2204 erat
2433 2150 2570 2220 apud
2589 2150 2775 2219 Deum,
2793 2161 2840 2206 et
2868 2151 3005 2209 Deus
3027 2165 3132 2209 erat
3158 2153 3397 2215 Verbum.

1817 2237 1925 2293 Nos
1955 2239 2223 2309 loquimur
2249 2242 2409 2296 verba
2430 2243 2662 2297 volantia
2689 2253 2743 2298 et
2772 2246 3095 2301 transeuntia
3132 2262 3146 2299 :
3177 2261 3304 2304 mox
3341 2256 3401 2308 ut

1817 2333 2058 2386 senuerit
2085 2348 2179 2388 ore
2209 2345 2299 2388 tuo
2328 2335 2548 2389 verbum
2575 2343 2742 2402 tuum,
2771 2337 2996 2402 transit;
3027 2339 3228 2409 peragit
3256 2348 3398 2396 stre-

1815 2423 1983 2494 pitum
2006 2439 2159 2478 suum
2187 2434 2242 2479 et
2271 2426 2458 2479 transit
2502 2425 2553 2479 in
2595 2425 2883 2480 silentium.
2929 2426 3193 2499 Numquid
3246 2439 3399 2500 potes

1815 2516 1965 2585 sequi
1991 2530 2180 2569 sonum
2209 2525 2375 2580 tuum,
2407 2525 2460 2570 et
2482 2526 2664 2571 tenere
2686 2525 2745 2570 ιιι
2767 2517 2916 2572 stet?
2938 2515 3195 2588 Cogitatio
3220 2527 3397 2578 tamen

1816 2612 1906 2660 tua
1934 2614 2134 2671 manet,
2166 2613 2220 2659 et
2240 2605 2308 2660 de
2331 2605 2445 2675 ipsa
2460 2606 2782 2677 cogitatione
2805 2617 3054 2663 manente
3081 2609 3215 2664 dicis
3229 2611 3396 2668 multa

1814 2698 1977 2751 verba
2004 2696 2350 2751 trauseuntia.
2380 2695 2517 2763 Quid
2540 2696 2785 2764 dicimus,
2819 2695 3053 2754 fratres?
3090 2700 3230 2757 Deus
3272 2716 3396 2759 cum

1815 2785 2146 2856 loqueretur,
2172 2786 2411 2841 adhibuit
2434 2802 2645 2855 vocem,
2685 2787 2925 2843 adhibuit
2947 2803 3128 2858 sonos,
3154 2790 3398 2850 adhibuit

1814 2876 2090 2949 syllabas?
2118 2877 2175 2933 Si
2223 2877 2466 2933 adhibuit
2511 2878 2643 2944 ista,
2692 2894 2795 2949 qua
2825 2878 2999 2951 lingua
3034 2881 3244 2938 locutus
3270 2883 3396 2940 est?

1816 2967 2058 3032 Hebraea,
2087 2984 2154 3023 an
2174 2983 2371 3039 διξερε,
2400 2985 2468 3024 an
2494 2969 2700 3024 latina?
2726 2970 2801 3025 ibi
2826 2973 3139 3028 necessaria:
3178 2973 3391 3046 linguae,

1814 3059 1904 3115 ubi
1934 3060 2200 3115 distinctio
2228 3062 2483 3131 gentium.
2516 3060 2590 3116 lbi
2616 3074 2793 3117 autem
2822 3078 2978 3118 nemo
2998 3073 3174 3134 potest
3190 3064 3392 3132 dicere,

1815 3150 1904 3205 illa
1931 3150 2128 3222 lingua,
2164 3152 2244 3207 vel
2277 3152 2367 3207 illa
2393 3151 2569 3223 lingua
2602 3153 2834 3208 locutum
2873 3168 2993 3210 esse
3044 3156 3233 3211 Deum.
3288 3155 3396 3213 Cor

1816 3256 1963 3303 tuum
1993 3246 2227 3303 attende.
2252 3247 2474 3315 Quando
2495 3247 2731 3318 concipis
2763 3248 2981 3304 verbum
3020 3249 3162 3321 quod
3206 3250 3392 3310 dicas:

1813 3338 1987 3394 dicam
2013 3339 2188 3407 enim,
2223 3340 2267 3393 si
2294 3348 2514 3409 potero,
2541 3338 2683 3409 quod
2725 3340 2778 3394 in
2818 3340 2971 3396 nobis
3022 3341 3390 3412 attendamus,

1812 3446 1919 3486 non
1971 3431 2111 3485 unde
2141 3430 2266 3485 illud
2296 3430 2847 3500 comprehendamus:
2873 3430 3087 3502 quando
3109 3446 3238 3504 ergo
3259 3447 3391 3489 con-

1811 3522 1944 3592 cipis
1974 3523 2195 3577 verbum
2221 3520 2360 3591 quod
2400 3520 2665 3591 proferas},
2707 3535 2819 3576 rem
2848 3522 2928 3576 vis
2947 3522 3151 3590 dicere,
3184 3531 3240 3578 et
3278 3524 3394 3594 ipsa

1812 3614 1889 3668 rei
1920 3614 2198 3683 conceptio
2224 3613 2275 3666 in
2302 3611 2462 3667 corde
2489 3621 2579 3666 tuo
2601 3612 2711 3681 jam
2749 3612 2970 3667 verbum
2998 3621 3111 3679 est;
3156 3613 3391 3670 nondum

1812 3708 2090 3776 processit,
2123 3705 2217 3760 sed
2233 3705 2342 3774 jam
2371 3712 2552 3759 natum
2579 3712 2662 3758 εει
2688 3704 2744 3757 in
2786 3703 2966 3771 corde,
3012 3712 3066 3758 et
3106 3713 3285 3760 manet
3332 3713 3394 3760 ut

1812 3803 2067 3871 procedat
2098 3816 2113 3853 :
2157 3798 2389 3854 attendis
2433 3805 2610 3852 autem
2647 3795 2714 3851 ad
2742 3811 2900 3866 quem
2937 3795 3226 3866 procedat,
3269 3811 3390 3854 cum

1810 3902 1916 3967 quo
1944 3896 2211 3965 loquaris;
2245 3894 2291 3948 si
2312 3893 2527 3947 Latinus
2554 3898 2638 3947 est
2659 3932 2674 3957 ,
2705 3905 2889 3945 vocem
2917 3889 3134 3945 latinam
3163 3891 3389 3961 quaeris;

1810 3987 1856 4042 si
1884 3986 2101 4040 Graecus
2124 3993 2227 4050 est,
2258 3983 2416 4038 verba
2436 3996 2609 4052 grzeca
2637 3980 2943 4047 meditaris;
2967 3981 3010 4035 si
3034 3981 3260 4037 Punicus
3284 3990 3386 4051 est,

1809 4076 2037 4131 attendis
2063 4076 2104 4128 si
2130 4073 2263 4129 nosti
2286 4075 2516 4144 linguam
2546 4070 2824 4142 punicum;
2857 4085 2952 4139 pro
2972 4070 3275 4127 diversitate
3291 4086 3388 4126 au-

1809 4167 2040 4222 ditorum
2068 4164 2306 4219 diversas
2333 4162 2542 4232 linguas
2559 4160 2802 4227 adhibes,
2827 4168 2881 4213 ut
2903 4159 3141 4229 proferas
3167 4160 3386 4216 verbum

1808 4266 2122 4327 conceptum
2148 4272 2161 4308 :
2187 4253 2317 4309 illud
2336 4261 2514 4308 autem
2534 4250 2677 4322 quod
2700 4251 2860 4306 corde
2882 4265 3225 4320 conceperas,
3245 4252 3384 4306 nulla

1808 4352 1984 4422 lingua
2015 4348 2310 4405 tenebatur.
2342 4349 2472 4402 Cum
2510 4360 2638 4417 ergo
2664 4344 2805 4400 Deus
2849 4344 3100 4416 loquens,
3154 4345 3385 4417 liuguatu

1807 4460 1916 4500 non
1942 4450 2203 4513 quaereret
2227 4483 2242 4509 ,
2270 4448 2325 4496 et
2348 4453 2517 4510 genus
2538 4436 2823 4506 locutionis
2848 4437 2863 4468 ¹
2909 4451 3014 4491 ιιοιι
3053 4446 3381 4506 assumeret,

1807 4537 2075 4611 quomodo
2096 4536 2308 4592 auditus
2333 4544 2417 4590 est
2452 4550 2483 4589 a
2532 4533 2688 4600 Filio,
2717 4546 2838 4588 cum
2871 4532 3044 4604 ipsum
3076 4531 3269 4588 Filium
3315 4531 3388 4589 sit

1806 4629 2015 4685 locutus
2042 4626 2222 4682 Deus?
2254 4622 2531 4693 Quomodo
2568 4623 2711 4678 enim
2765 4631 2818 4677 tu
2860 4622 3079 4678 verbum
3113 4622 3255 4694 quod
3304 4622 3386 4679 lo-

1807 4720 2006 4792 queris,
2035 4720 2089 4774 in
2117 4717 2278 4774 corde
2299 4716 2461 4772 habes
2481 4756 2496 4782 ,
2524 4724 2579 4770 et
2604 4712 2744 4784 apud
2771 4724 2822 4768 te
2850 4722 2967 4780 est,
2995 4724 3048 4769 et
3087 4713 3202 4784 ipsa
3249 4726 3383 4769 con-
3442 4790 3448 4798 θ

1807 4816 1984 4885 ceptio
2009 4811 2297 4882 spiritualis
2323 4818 2406 4864 est
2446 4809 2593 4878 (nam
2638 4807 2774 4863 sicut
2811 4806 2986 4861 anima
3028 4814 3113 4860 tua
3167 4805 3382 4876 spiritus

1807 4918 1917 4976 est;
1968 4909 2041 4963 ita
2088 4915 2142 4962 et
2185 4906 2405 4961 verbum
2449 4903 2592 4974 quod
2640 4900 2950 4971 concepisti,
2995 4898 3211 4969 spiritus
3263 4906 3381 4967 est;

1807 5000 2043 5058 nondum
2071 4998 2214 5054 enim
2242 4996 2446 5066 accepit
2469 5009 2657 5050 sonum
2685 5001 2743 5048 ut
2772 5006 2868 5062 per
2906 4989 3136 5063 syllabas
3172 4988 3380 5047 divida-

1808 5105 1912 5164 tur,
1942 5093 2040 5150 sed
2069 5102 2248 5148 manet
2272 5092 2324 5145 in
2352 5087 2698 5157 conceptione
2741 5083 2919 5139 cordis
2955 5093 3009 5138 et
3063 5082 3117 5137 in
3165 5081 3384 5153 speculo

1804 5186 2058 5262 mentis’)
2088 5204 2102 5239 :
2130 5185 2207 5242 sic
2238 5184 2375 5239 Deus
2399 5180 2561 5238 edidit
2587 5178 2850 5246 Verbum,
2889 5180 2992 5233 hoc
3034 5184 3146 5243 est,
3197 5175 3383 5247 genuit

1802 5283 2015 5341 Filium.
2044 5280 2115 5337 Et
2135 5289 2188 5336 tu
2208 5276 2417 5349 quidem
2438 5290 2505 5330 ex
2531 5282 2767 5342 tempore
2790 5271 2959 5343 gignis
2977 5269 3191 5324 verbum
3221 5271 3380 5323 etiam

1802 5376 1857 5435 in
1906 5376 2067 5433 corde
2110 5393 2123 5429 :
2178 5373 2318 5427 Deus
2355 5370 2471 5424 sine
2511 5377 2747 5437 tempore
2789 5364 2972 5437 genuit
2998 5363 3227 5427 Filium,
3286 5375 3384 5431 per

1803 5486 1959 5543 quem
1983 5468 2182 5524 creavit
2203 5465 2375 5520 omnia
2400 5472 2655 5531 tempora.
2694 5458 2828 5514 Cum
2867 5472 2992 5527 ergo
3024 5454 3255 5511 Verbum
3283 5452 3361 5509 De

1808 5562 1973 5619 Filius
2002 5562 2088 5622 sit,
2120 5558 2282 5613 Filius
2322 5565 2497 5609 autem
2524 5553 2728 5607 locutus
2773 5557 2857 5605 est
2886 5545 3072 5614 nobis,
3108 5557 3214 5599 non
3261 5557 3378 5598 ver-

1869 5760 1887 5788 ι
1913 5762 1963 5803 ιιι
1984 5750 2207 5800 omnibus
2237 5755 2360 5802 κῑεεη
2383 5737 2673 5804 elocutionis.
2780 5792 2814 5804 __

1871 5822 1891 5851 ί
1913 5798 2136 5876 Plerique
2162 5822 2287 5869 Mss,
2310 5798 2360 5856 in
2383 5798 2649 5868 spectaculo
2668 5798 2852 5846 mentis.
