3916 6374
527 346 666 413 im

522 471 647 526 bam
672 478 847 535 suum,
876 465 969 523 sed
991 463 1229 524 Verbum
1252 462 1446 527 Patris.
1469 478 1527 519 se
1555 465 1708 519 nobis
1731 462 1874 533 loqui
1906 461 2092 529 voluit,

524 559 614 632 qul
644 556 878 617 Verbum
927 557 1100 615 Patris
1133 555 1468 628 loquebatur.
1508 556 1620 611 Hoc
1668 570 1795 626 ergo
1833 552 2103 625 quomodo

522 650 719 716 decuit,
744 658 798 707 et
828 650 1091 722 oportuit,
1122 646 1252 704 dixit
1280 647 1513 703 Joannes
1554 662 1569 701 :
1612 645 1883 716 quomodo
1926 644 2105 716 potui-

520 758 658 807 mus,
677 755 772 796 nos
796 738 1159 811 exposuimus.
1175 738 1269 795 Cui
1297 737 1365 793 ad
1383 752 1476 792 cor
1500 737 1732 793 nondum
1753 736 1993 806 pervenit
2018 733 2100 789 di-

517 848 654 906 gnus
682 832 749 889 de
776 842 919 889 tanta
948 846 1008 888 re
1033 831 1367 896 intellectus,
1396 829 1555 885 habet
1574 843 1681 899 quo
1703 842 1762 883 se
1783 835 2095 893 convertat,

516 923 676 980 habet
701 936 805 995 quo
833 923 1024 995 pulset,
1055 922 1213 977 habet
1240 936 1270 975 ει
1297 932 1406 992 quo
1430 927 1663 991 (κηπεῖαί,
1708 918 1865 974 habet
1908 932 1938 973 a
1992 930 2101 989 quo

516 1023 682 1088 petat,
716 1014 876 1071 habet
894 1030 923 1069 ει
950 1026 1057 1084 quo
1083 1014 1331 1085 accipiat.

588 1106 641 1164 8.
667 1106 766 1175 Qui
792 1108 857 1163 de
882 1108 1004 1163 cata
1031 1108 1164 1161 venit
1183 1148 1198 1171 ,
1228 1120 1384 1176 supra
1403 1118 1579 1161 antnes
1595 1114 1670 1159 est
1698 1119 1717 1159 :
1744 1114 1793 1159 et
1820 1104 1958 1175 quod
1975 1103 2101 1157 sidit

517 1210 571 1256 et
596 1199 792 1255 audiuit
809 1234 825 1267 ,
863 1202 959 1254 hoc
988 1208 1230 1263 testatur;
1259 1204 1306 1253 et
1343 1198 1680 1252 testimonium
1707 1197 1816 1267 ejus
1841 1210 1984 1249 nemo
2006 1208 2097 1247 ac-

515 1291 657 1362 cipit.
691 1290 749 1346 Si
769 1298 946 1359 nemo,
976 1288 1161 1361 utquid
1182 1276 1363 1345 venit?
1387 1288 1747 1357 Quorumdam
1767 1300 1896 1357 ergo
1916 1297 2093 1341 nemo.

516 1382 613 1438 Est
632 1379 844 1454 quidam
873 1381 1097 1451 populus
1117 1385 1443 1450 praeparatus
1459 1376 1523 1433 ad
1552 1378 1683 1431 iram
1709 1377 1821 1439 Dei,
1840 1375 2098 1430 damnan-

515 1476 616 1531 dus
644 1490 764 1531 cum
793 1473 1005 1529 diabolo
1035 1490 1050 1527 :
1083 1472 1270 1527 horum
1315 1485 1474 1526 nemo
1514 1470 1707 1539 accipit
1736 1469 2094 1523 testimonium

510 1564 729 1621 Christi.
775 1563 905 1619 Nam
931 1564 977 1619 si
1015 1563 1235 1619 ontnino
1283 1575 1473 1626 nemo,
1512 1559 1689 1613 nullus
1727 1558 1923 1623 homo;
1968 1557 2096 1626 quid

510 1666 591 1714 est
619 1657 761 1729 quod
789 1656 1046 1727 sequitur,
1081 1654 1181 1719 Qui
1201 1661 1369 1705 autem
1391 1652 1579 1721 accepit
1602 1650 1939 1703 testimonium
1960 1652 2091 1717 ejus,

506 1749 724 1820 signauit
746 1749 864 1812 quia
895 1745 1033 1800 Deus
1059 1758 1213 1799 veras:
1238 1741 1356 1797 est?
1401 1742 1561 1797 Certe
1603 1754 1733 1809 ergo
1768 1755 1874 1793 non
1912 1753 2090 1804 nemo,

507 1840 554 1895 si
583 1852 639 1895 tu
666 1838 779 1911 ipse
807 1837 969 1903 dicis,
1011 1835 1110 1902 Qui
1140 1835 1330 1903 accepit
1354 1830 1691 1887 testinmn'utss
1718 1831 1849 1901 ejus,
1878 1830 2095 1901 signauit

505 1932 624 2001 quia
654 1929 790 1983 Dens
814 1942 965 1982 verax
990 1936 1081 1981 est.
1114 1924 1485 1995 Responderet
1512 1937 1641 1993 ergo
1676 1921 1900 1976 fortasse
1924 1920 2091 1977 Joan-

507 2034 605 2077 nes
630 2020 1002 2089 interrogatus,
1032 2025 1087 2072 et
1109 2016 1328 2081 diceret,
1357 2014 1492 2069 Novi
1509 2013 1633 2083 quid
1658 2012 1904 2077 dixerim,
1921 2025 2088 2065 neuio.

507 2112 606 2168 Est
632 2111 773 2167 enim
802 2109 1017 2180 quidam
1044 2107 1271 2177 populus
1310 2114 1469 2160 natos
1495 2104 1561 2159 ad
1600 2103 1734 2158 iram
1780 2102 1870 2157 Dei
1896 2144 1911 2168 ,
1945 2109 1999 2155 et
2023 2099 2093 2155 ad

507 2202 610 2258 hoc
641 2200 1012 2273 prmcugnitus.
1044 2197 1145 2265 Qui
1175 2198 1278 2252 sint
1299 2196 1442 2251 enim
1469 2193 1757 2259 credituri,
1786 2202 1840 2248 et
1864 2192 1954 2262 qui
1982 2206 2091 2247 non

506 2296 613 2351 sint
642 2292 932 2358 credituri,
964 2291 1111 2346 novit
1140 2290 1312 2355 Dous;
1352 2288 1441 2358 qui
1486 2287 1596 2341 sint
1622 2284 2010 2358 perseveratnri
2034 2284 2091 2339 in

503 2400 569 2444 eo
595 2387 735 2454 quod
766 2385 1124 2447 crediderunt,
1156 2390 1209 2437 et
1236 2380 1326 2451 qui
1356 2380 1462 2434 sint
1491 2377 1711 2447 lapsuri,
1740 2376 1888 2430 novit
1914 2376 2084 2431 Deus:

503 2488 558 2538 et
587 2478 850 2536 numerati
877 2484 1002 2531 sunt
1025 2475 1134 2530 Deo
1152 2486 1339 2527 omnes
1360 2470 1519 2526 futuri
1546 2470 1597 2524 in
1621 2470 1783 2523 vitam
1798 2476 2089 2531 aeternam;

503 2579 557 2627 et
583 2569 731 2625 novit
763 2567 871 2638 jam
923 2564 1071 2620 illum
1117 2562 1368 2634 populum
1417 2560 1744 2615 distinctum.
1795 2557 1930 2611 Etsi
1974 2556 2090 2624 ipso

500 2664 687 2727 novit,
717 2670 769 2718 et
799 2659 1080 2732 Prophetis
1105 2655 1252 2712 dedit
1291 2668 1450 2709 nosse
1480 2668 1576 2723 per
1612 2651 1870 2721 Spiritum
1908 2663 2083 2715 suum,

500 2755 646 2812 dedit
672 2760 725 2809 et
752 2750 962 2809 .loauni.
989 2746 1310 2804 Attendebat
1336 2759 1464 2814 ergo
1492 2743 1725 2797 Joannes
1750 2780 1763 2805 ,
1796 2754 1902 2794 non
1931 2737 2089 2792 oculo

499 2860 631 2914 suo;
681 2858 804 2901 nam
830 2850 1083 2914 quantum
1115 2839 1181 2894 ad
1209 2839 1380 2908 ipsum
1412 2835 1643 2904 pertinet
1663 2871 1679 2899 ,
1711 2844 1851 2886 terra
1883 2839 2001 2897 est,
2031 2838 2089 2886 es

505 2943 571 2997 de
616 2948 755 2995 terra
799 2936 1032 3006 loquitur
1061 2948 1077 2986 τ
1106 2929 1199 2986 sed
1230 2929 1281 2984 in
1324 2943 1387 2984 ea
1428 2927 1597 2997 gratia
1624 2924 1854 2995 Spiritus
1876 2965 1892 2989 ,
1925 2936 2087 2992 quam

499 3031 704 3102 accepit
725 3044 753 3083 a
778 3028 917 3092 Deo,
962 3025 1098 3081 vidit
1121 3022 1402 3094 quemdam
1436 3018 1685 3090 pupulum
1721 3016 1973 3086 impium,
2000 3017 2085 3069 in-

502 3122 754 3187 ﬁdelem;
793 3116 1074 3174 attendens
1099 3114 1253 3170 illum
1280 3114 1330 3167 in
1362 3110 1674 3166 inﬁdelitate
1701 3123 1816 3174 sua,
1843 3108 1949 3171 ait,
1982 3105 2086 3160 Te-

497 3211 787 3271 stimonium
806 3208 915 3280 ejus
940 3209 1027 3279 qui
1050 3206 1179 3261 uenit
1199 3204 1261 3259 de
1274 3203 1419 3269 caelo,
1450 3216 1595 3256 nemo
1617 3200 1817 3270 accipit.
1846 3198 2084 3265 Quorum

497 3301 696 3361 nemo?
730 3300 925 3357 Eorum
956 3298 1045 3369 qui
1077 3296 1145 3352 ad
1182 3295 1453 3351 sinistram
1498 3292 1657 3347 futuri
1695 3297 1857 3355 sunt,
1896 3303 2083 3344 eorum

496 3394 690 3467 quibus
719 3390 926 3447 dicetur
945 3430 959 3455 ,
990 3387 1071 3443 Ite
1092 3389 1145 3441 in
1168 3388 1337 3457 ignem
1360 3394 1620 3443 atem,
1654 3383 1738 3451 qui
1768 3390 2084 3452 preparatus

495 3495 569 3542 est
595 3483 797 3539 diabolo
842 3490 888 3536 et
926 3481 1119 3552 angelis
1155 3480 1286 3551 ejus.
1332 3476 1433 3543 Qui
1478 3490 1607 3544 ergo
1650 3471 1959 3542 accipiunt?
2001 3471 2082 3526 illi

494 3576 584 3648 qui
618 3574 683 3632 ad
713 3573 988 3631 dexteram
1017 3570 1175 3626 futuri
1203 3576 1358 3632 sunt,
1388 3567 1462 3622 illi
1492 3566 1681 3636 quibus
1704 3565 1942 3630 dicetur,
1980 3562 2081 3618 Ve-

495 3668 599 3721 nite
619 3709 633 3733 ,
666 3664 910 3721 benedicti
941 3661 1115 3716 Patris
1140 3661 1257 3725 mei,
1286 3658 1526 3730 pereipite
1553 3672 1764 3725 regnum
1790 3654 1925 3723 quod
1945 3652 2081 3708 vobis

496 3767 735 3829 paratum
775 3764 847 3811 est
890 3753 952 3808 ab
994 3752 1187 3823 origine
1212 3749 1390 3804 mundi
1420 3747 1630 3819 (Matth.
1661 3762 1761 3801 xxv
1786 3787 1802 3813 ,
1834 3746 1895 3800 il
1917 3787 1933 3812 ,
1963 3745 2077 3815 '54).

497 3847 741 3904 Atlendit
768 3860 896 3917 ergo
921 3846 972 3899 in
994 3843 1187 3915 spiritu
1213 3840 1526 3897 divisionem
1546 3878 1561 3905 ,
1600 3839 1653 3893 in
1681 3852 1874 3908 genere
1902 3844 2083 3892 autem

494 3940 729 3996 humano
757 3935 1218 3999 commixtionem;
1243 3940 1300 3988 et
1327 3929 1469 4002 quod
1499 3928 1739 3984 nondum
1762 3927 1893 3983 locis
1917 3941 2076 3997 sepa-

492 4040 665 4088 ratum
697 4037 799 4097 est,
827 4025 1096 4098 separavit
1118 4023 1409 4087 intellectu,
1438 4020 1705 4091 separavit
1728 4018 1904 4076 cordis
1922 4033 2080 4088 aspe-

490 4132 614 4190 ctu;
661 4127 718 4177 et
759 4118 891 4176 vidit
918 4119 1051 4173 duos
1081 4115 1336 4186 populos,
1383 4111 1616 4167 ﬁdelium
1647 4118 1702 4166 et
1738 4107 2027 4165 inﬁdelium
2057 4125 2073 4162 :

489 4212 713 4270 attendit
753 4209 997 4267 inﬁdeles
1021 4251 1035 4275 ,
1081 4214 1135 4264 et
1158 4207 1265 4274 ait,
1317 4205 1419 4270 Qui
1458 4204 1521 4258 tle
1558 4203 1682 4258 calo
1716 4203 1875 4265 venit,
1918 4218 2078 4272 supra

490 4318 665 4362 otnnes
695 4313 766 4361 est
799 4320 818 4359 :
842 4312 891 4357 et
916 4300 1050 4372 quod
1073 4299 1196 4354 uidit
1220 4309 1268 4352 st
1306 4297 1525 4361 audivit,
1556 4296 1651 4349 hoc
1692 4303 1901 4349 testatur
1930 4295 1987 4360 ¹;
2029 4301 2077 4348 et

490 4396 829 4452 testimonium
868 4396 975 4464 ejus
1014 4406 1160 4447 nemo
1187 4389 1387 4460 accipit.
1439 4387 1638 4443 Deinde
1671 4387 1938 4445 transtulit
1959 4401 2019 4441 se
2041 4401 2075 4442 a

491 4489 730 4554 sinistra,
756 4495 812 4542 et
839 4485 1046 4554 aspexit
1068 4483 1135 4538 ad
1163 4482 1435 4537 dexteram
1454 4520 1470 4547 ,
1500 4488 1555 4535 et
1580 4488 1794 4535 secutus
1816 4479 1891 4533 ait
1912 4520 1928 4547 ,
1975 4478 2076 4545 Qui

488 4578 681 4652 accepit
709 4576 1046 4633 testimonium
1069 4575 1180 4645 ejus
1201 4613 1214 4639 ,
1245 4572 1461 4643 signauit
1485 4572 1604 4642 quia
1634 4571 1771 4626 Deus
1795 4586 1949 4627 uerax
1976 4580 2072 4627 est.

489 4668 631 4739 Quid
669 4679 771 4736 ess,
814 4667 1027 4739 signavit
1066 4664 1184 4737 quis
1231 4662 1370 4717 Deus
1395 4678 1548 4717 om
1580 4671 1689 4727 est,
1730 4663 1865 4731 nisi,
1910 4663 2075 4719 heluo

489 4759 719 4818 mendax
747 4767 851 4827 est,
884 4766 937 4814 et
957 4758 1097 4813 Deus
1120 4770 1281 4812 verax
1307 4754 1426 4809 est?
1451 4754 1584 4820 Quia
1616 4769 1772 4809 nemo
1796 4754 2071 4811 hominum

491 4863 670 4929 poteSt
706 4853 885 4910 dicere
909 4850 1051 4923 quod
1077 4848 1320 4905 veritatis
1346 4858 1432 4903 est
1454 4889 1469 4912 ,
1516 4847 1619 4902 nisi
1650 4847 1976 4904 illuminetur
2002 4850 2072 4906 ab

489 4967 556 5008 eo
581 4948 671 5022 qui
692 4946 905 5004 mentiri
934 4961 1039 5001 non
1067 4951 1262 5017 potest.
1296 4943 1436 4998 Deos
1463 4957 1591 5013 ergo
1614 4957 1797 5008 verax,
1826 4941 2071 5001 Christus

490 5051 667 5100 autem
690 5040 849 5096 Deus.
885 5039 977 5095 Vis
1005 5036 1272 5111 probare?
1322 5037 1520 5106 Accipe
1547 5034 1905 5090 testimonium
1928 5035 2067 5105 ejus,

489 5140 544 5191 et
572 5133 778 5189 invenis
802 5148 818 5186 :
846 5131 947 5199 Qui
970 5131 1101 5186 enim
1118 5128 1306 5202 accpit
1327 5126 1662 5182 testinwnium
1687 5126 1799 5197 ejus
1816 5167 1831 5192 ,
1855 5126 2071 5196 signauit

487 5224 607 5297 quia
632 5223 771 5279 Deus
809 5237 959 5278 ueras:
985 5230 1077 5276 est.
1117 5219 1278 5288 Quis?
1326 5219 1443 5289 Ipse
1470 5218 1560 5289 qui
1582 5217 1649 5273 de
1678 5217 1819 5273 cmlo
1844 5218 1990 5273 venit
2013 5226 2073 5274 et

488 5330 647 5389 supra
666 5328 855 5373 omnes
876 5319 982 5380 est,
1002 5313 1141 5367 Dens
1156 5326 1317 5366 verax
1336 5319 1437 5367 est.
1463 5309 1569 5365 Sed
1594 5310 1640 5365 si
1662 5308 1901 5365 nondum
1919 5309 2069 5365 illum

488 5409 742 5481 intelligis
771 5407 959 5470 Deum,
989 5402 1222 5459 nondum
1249 5402 1498 5473 accepisti
1528 5401 1889 5457 testimonium
1912 5401 2066 5472 ejus:

489 5503 692 5573 accipe,
722 5506 779 5557 et
805 5499 1003 5570 signas,
1030 5504 1414 5567 prazsumentcr
1443 5493 1717 5565 intelligis,
1746 5493 2069 5550 delinienter

490 5593 733 5665 agnoscis
757 5589 880 5661 quia
913 5588 1052 5643 Deus
1082 5602 1242 5643 verax
1270 5593 1370 5641 est.

562 5686 615 5739 9.
646 5682 803 5748 Quem
830 5680 963 5734 enim
991 5680 1124 5734 misit
1168 5676 1335 5745 Deus,
1366 5676 1514 5730 verba
1544 5675 1635 5731 Dei
1672 5676 1908 5745 loquitur.
1951 5674 2068 5748 Ipse

554 5796 571 5828 ι
594 5801 722 5847 ωε..
746 5791 988 5844 inanitur:
1015 5798 1213 5854 etpost,
1242 5788 1367 5851 loco,
1391 5788 1647 5852 transtulit,
1677 5788 1879 5852 habent,
1912 5788 2033 5839 tulit.

1461 352 1527 408 IN
1563 346 1840 409 ,ιοΑΝΝιε
1876 338 2346 414 EVANGELIUM,
2388 347 2447 404 S.
2488 342 2847 406 AUGUSTINI

3611 352 3721 419 ιω

2206 468 2291 516 est
2333 460 2479 516 Deus
2511 474 2711 528 veru,
2762 470 2819 515 et
2859 460 3007 516 misit
3048 452 3199 516 illum
3241 455 3418 519 Deus:
3446 464 3574 523 Deus
3606 471 3726 530 una

2207 550 2397 607 Dem.
2420 550 2591 623 longe
2626 552 2835 619 ambos,
2863 568 3001 610 unus
3023 553 3195 622 Deus,
3223 554 3366 611 Deus
3387 570 3536 614 verax
3559 563 3719 622 missis

2204 658 2236 698 a
2265 644 2396 699 Deo.
2440 644 2761 715 Desingulis
2788 646 3095 717 interroga,
3134 646 3277 704 Dens
3306 649 3486 706 :otdo
3514 654 3726 713 ambobus

2207 735 2491 805 interroga,
2524 736 2685 792 Deus.
2708 736 2825 792 Non
2854 736 3049 808 singuli
3068 737 3212 794 Deus
3240 739 3258 770 ⁸
3289 748 3345 796 st
3366 740 3517 798 umbo
3537 742 3620 813 dii,
3651 749 3727 805 sed

2204 827 2448 897 singulos
2490 829 2717 899 quisque
2759 829 2905 885 Deus
2935 839 2992 886 et
3025 829 3188 887 δύο
3222 829 3381 888 Deus.
3425 833 3581 890 Tanta
3615 840 3727 896 utin

2204 916 2276 972 ibi
2310 925 2394 972 est
2430 917 2660 973 charitas
2686 918 2918 990 Spiritus
2950 921 3121 977 sancti
3143 956 3163 987 ,
3206 929 3355 978 tanta
3400 938 3499 994 pax
3532 927 3728 998 unitatis,

2205 1014 2269 1063 ut
2283 1006 2352 1063 de
2396 1009 2617 1079 singulis
2656 1025 2779 1065 cum
2820 1010 3220 1084 interrogatur,
3260 1011 3401 1074 Dem
3426 1013 3519 1069 tibi
3549 1030 3732 1087 respon-

2202 1097 2420 1165 deatur;
2461 1099 2530 1156 de
2559 1100 2821 1159 Trinitate
2848 1118 2973 1158 eum
3005 1104 3380 1177 interrogatus,
3408 1104 3542 1168 Deus
3563 1104 3645 1168 ltiti
3663 1124 3739 1172 τε*

2202 1192 2547 1261 spondeatur.
2588 1193 2645 1249 Si
2667 1195 2808 1250 enim
2835 1196 3059 1266 spiritus
3078 1197 3311 1254 hominis
3332 1201 3539 1271 quando
3556 1203 3736 1260 inhaeret

2204 1281 2317 1337 Deo
2352 1298 2491 1338 unus
2524 1286 2744 1355 spiritus
2780 1297 2862 1341 est
2882 1324 2896 1351 ,
2927 1296 3113 1356 aperte
3132 1289 3390 1359 Apostolo
3414 1290 3632 1361 dicente,
3656 1295 3733 1361 Qui

2200 1372 2423 1428 adium-st
2442 1374 2681 1441 Domino,
2704 1392 2838 1431 unus
2854 1377 3061 1447 spiritus
3075 1387 3148 1433 est
3160 1377 3204 1449 (ι
3216 1378 3333 1434 Cor.
3353 1396 3427 1445 γι,
3446 1383 3556 1454 i7);
3578 1395 3734 1455 quanto

2200 1465 2369 1534 magis
2401 1464 2568 1521 Filius
2610 1467 2830 1537 aequalis
2855 1467 3137 1524 adhatrens
3162 1469 3305 1526 Patri
3344 1472 3501 1528 simul
3529 1490 3635 1531 cum
3667 1474 3733 1532 illo

2202 1569 2340 1608 unus
2377 1555 2516 1609 Deus
2546 1555 2671 1611 est?
2717 1557 2911 1614 Audite
2945 1558 3171 1616 alterum
3196 1562 3571 1619 testimonium.
3592 1565 3733 1624 Nostis

2202 1659 2361 1715 quam
2390 1646 2542 1701 multi
2589 1646 2962 1715 crediderunt,
3008 1651 3229 1720 quando
3256 1653 3439 1709 omnia
3460 1669 3571 1725 qua:
3604 1655 3732 1712 babe-

2198 1733 2358 1799 bant,
2402 1737 2467 1791 ad
2506 1737 2671 1808 pedes
2698 1739 3071 1809 Apostolorum
3108 1742 3326 1800 vendita
3366 1757 3737 1815 posuerunt,ut

2198 1826 2607 1884 distribueretus
2646 1832 2931 1903 unicuique
2959 1832 3099 1889 sicut
3121 1849 3260 1905 opus
3306 1847 3424 1892 erat
3450 1854 3465 1891 :
3494 1846 3548 1892 et
3581 1837 3640 1895 de
3667 1839 3733 1894 illa

2198 1923 2607 1991 congregatione
2648 1932 2954 1980 sanctorum
2980 1925 3109 1996 quid
3135 1926 3271 1984 dicit
3297 1929 3598 1999 Scriptura?
3636 1928 3734 1985 Erat

2199 2011 2305 2068 illis
2331 2013 2502 2066 anima
2523 2030 2628 2067 una
2649 2023 2699 2068 et
2720 2031 2808 2069 cor
2844 2032 3003 2070 unum
3029 2017 3084 2071 in
3124 2016 3355 2075 Domino
3375 2017 3505 2094 (Act.
3533 2035 3583 2075 tv
3602 2061 3617 2088 ,
3642 2020 3731 2093 δί).

2198 2100 2257 2157 Si
2281 2100 2512 2157 charitas
2542 2102 2609 2159 de
2650 2113 2728 2159 tot
2764 2104 2955 2161 animis
2994 2106 3116 2163 iecit
3139 2109 3374 2164 animam
3403 2125 3554 2166 unam
3575 2150 3589 2176 ,
3621 2110 3734 2167 etde

2199 2200 2278 2248 tot
2301 2194 2553 2251 cordibus
2579 2194 2700 2251 facit
2741 2211 2834 2251 cor
2864 2212 3027 2252 unum
3053 2236 3069 2266 ,
3105 2208 3304 2269 quanta
3335 2211 3417 2256 est
3440 2201 3651 2258 charitas
3670 2202 3732 2257 in-

2199 2296 2279 2342 ter
2302 2288 2513 2343 Patrem
2539 2297 2593 2343 et
2620 2288 2849 2345 Filium?
2874 2289 3043 2359 liajor
3066 2291 3250 2363 utique
3280 2302 3453 2364 potest
3474 2310 3584 2351 esse
3606 2309 3734 2365 quam

2195 2377 2335 2433 inter
2376 2377 2496 2434 illos
2546 2380 2788 2436 homines
2830 2382 3023 2450 quibus
3041 2393 3159 2439 erat
3201 2400 3299 2440 cor
3342 2402 3520 2442 unum.
3561 2385 3733 2458 Siesgo

2193 2471 2480 2525 multorum
2511 2472 2728 2526 fratrum
2754 2487 2847 2527 cor
2890 2490 3050 2528 unum
3089 2487 3309 2545 propter
3345 2477 3662 2543 charitatem,
3690 2487 3732 2533 et

2192 2562 2480 2618 multorum
2526 2562 2745 2619 fratrum
2795 2567 2970 2620 ani
3018 2583 3126 2623 una
3163 2580 3388 2642 propter
3434 2571 3728 2636 Charitelen;

2194 2653 2337 2709 Deus
2364 2656 2523 2711 Pater
2545 2667 2600 2712 et
2629 2658 2769 2713 Deus
2796 2659 2987 2726 Filius,
3005 2660 3247 2718 dicturus
3270 2679 3331 2720 es
3354 2664 3473 2736 quia
3500 2665 3596 2721 duo
3609 2666 3731 2721 sust!

2194 2742 2250 2798 Si
2277 2745 2387 2799 duo
2409 2745 2479 2800 dii
2506 2757 2650 2813 sunt,
2685 2764 2789 2803 non
2818 2758 2900 2804 est
2929 2750 3000 2805 ibi
3029 2767 3239 2808 summa
3262 2754 3508 2811 cbaritas.
3547 2756 3599 2812 Si
3620 2756 3735 2812 enim

2193 2834 2281 2890 hic
2310 2845 2455 2892 tanta
2490 2837 2721 2892 charitas
2762 2850 2844 2895 est
2868 2880 2889 2907 ,
2936 2850 2997 2895 ut
3038 2844 3273 2899 animam
3302 2854 3442 2900 tuam
3469 2854 3521 2901 et
3541 2846 3737 2902 animant

2191 2928 2349 2982 amici
2382 2930 2452 2982 tni
2483 2945 2639 2983 unam
2682 2931 2921 2986 animam
2940 2933 3125 2998 faciat;
3168 2937 3438 3006 quomodo
3466 2937 3535 2993 ibi
3559 2945 3735 2994 nonat

2194 3032 2329 3073 unus
2356 3019 2494 3074 Deus
2522 3020 2678 3076 Pater
2703 3031 2757 3077 et
2784 3022 2991 3078 Filius?
3037 3025 3191 3080 Absit
3218 3035 3278 3081 ut
3301 3027 3403 3083 hoc
3427 3028 3609 3083 sentiat
3625 3025 3734 3082 ﬁdes

2190 3125 2301 3165 non
2355 3112 2496 3167 licia.
2552 3112 2779 3167 Prorsus
2824 3124 3079 3184 quantum
3118 3118 3353 3173 excellat
3392 3118 3610 3175 charitas
3643 3118 3733 3184 illa,

2190 3200 2317 3256 hinc
2346 3202 2642 3274 intelligite.
2689 3204 2871 3259 Multa:
2911 3206 3102 3260 anima:
3130 3217 3258 3262 sunt
3282 3208 3559 3265 multorum
3589 3206 3731 3263 homi-

2188 3309 2316 3349 num
2337 3335 2353 3360 ,
2396 3304 2451 3350 et
2476 3296 2520 3350 si
2544 3310 2602 3349 se
2629 3295 2884 3366 diligunt,
2917 3312 3018 3351 una
3047 3298 3223 3353 anima
3248 3309 3373 3366 est;
3418 3300 3510 3356 sed
3547 3304 3735 3370 possunt

2188 3384 2291 3440 dici
2322 3394 2376 3440 et
2399 3387 2578 3441 multa:
2609 3388 2821 3455 animat,
2846 3398 3065 3458 possunt
3093 3390 3147 3443 in
3170 3390 3497 3460 hominibus,
3516 3391 3625 3462 quia
3644 3403 3729 3445 non

2190 3484 2273 3530 est
2316 3484 2459 3529 tanta
2503 3476 2804 3545 conjuuclio
2839 3495 2851 3532 :
2883 3478 2953 3532 ibi
2992 3490 3169 3533 autem
3193 3521 3209 3545 ,
3250 3498 3414 3537 unum
3442 3482 3601 3538 Deum
3630 3480 3731 3534 licet

2188 3566 2369 3632 dicas;
2408 3568 2540 3622 duos
2570 3577 2661 3622 aut
2699 3576 2807 3624 tres
2845 3570 2976 3626 deos
3002 3587 3108 3625 non
3147 3572 3277 3629 licet
3309 3575 3481 3631 dicas.
3516 3568 3729 3629 Hinctibi

2189 3659 2593 3714 commendatur
2631 3662 3077 3730 supereminentia
3105 3672 3161 3719 et
3195 3666 3477 3723 ωωωίω
3499 3658 3730 3722 Charilaus

2188 3758 2354 3814 tanta,
2386 3758 2441 3803 ut
2463 3750 2633 3818 major
2659 3766 2778 3806 esse
2807 3767 2913 3808 non
2943 3754 3127 3823 possit.

2263 3843 2348 3897 i0.
2382 3842 2544 3908 Quem
2568 3845 2701 3898 enim
2730 3846 2864 3900 misit
2889 3845 3027 3903 Deus
3046 3886 3063 3914 ,
3090 3848 3241 3904 verba
3261 3848 3363 3906 Dei
3386 3849 3612 3922 loquitur.
3638 3844 3726 3901 Hoc

2184 3935 2366 4005 utique
2392 3935 2460 3990 de
2488 3934 2696 3992 Clu-isto
2726 3936 2933 3992 dicebat
2954 3980 2970 4006 ,
3011 3949 3071 3995 ut
3091 3954 3151 3996 se
3176 3940 3246 3997 ab
3284 3942 3377 3998 illo
3403 3941 3724 4011 distingueret.

2186 4025 2323 4092 Quid
2353 4026 2537 4082 enin»?
2579 4028 2753 4096 ipsum
2789 4029 3045 4086 Joannem
3087 4047 3266 4088 notme
3296 4035 3434 4090 Deus
3473 4030 3641 4089 misit?
3663 4027 3727 4082 Au

2185 4131 2289 4171 non
2322 4116 2437 4188 ipse
2477 4117 2631 4185 dixit,
2664 4118 2855 4173 Missus
2882 4138 2994 4174 sum
3023 4131 3141 4177 ante
3161 4139 3276 4177 eum
3306 4122 3487 4196 (Joan.
3509 4139 3560 4179 ut
3582 4163 3598 4188 ,
3618 4117 3695 4187 28)
3712 4158 3733 4184 τ

2183 4218 2236 4264 et
2259 4250 2274 4273 ,
2323 4210 2424 4276 Qui
2450 4228 2528 4266 me
2567 4213 2700 4266 misit
2726 4211 2980 4284 baptizare
3003 4215 3061 4268 in
3080 4232 3215 4285 aqua
3236 4215 3351 4290 (Id.
3378 4233 3392 4271 ι
3417 4259 3433 4285 ,
3459 4213 3544 4287 35)
3576 4232 3588 4269 :
3612 4210 3728 4267 etde

2183 4304 2277 4359 illo
2303 4304 2507 4360 dictum
2536 4315 2639 4371 est,
2670 4305 2800 4359 Ecce
2834 4308 2982 4362 mitto
3005 4308 3239 4380 angelum
3264 4326 3430 4365 meum
3462 4318 3571 4363 ante
3594 4314 3666 4370 ω,
3690 4308 3728 4356 ει

2185 4394 2488 4465 prteparabit
2513 4397 2645 4449 viam
2671 4398 2843 4451 tuam?
2864 4397 3051 4453 Nonne
3074 4409 3129 4455 et
3147 4400 3259 4469 ipse
3282 4401 3447 4458 verba
3472 4398 3562 4455 Dei
3580 4393 3726 4466 ιοᾳιὶο

2182 4494 2269 4541 tur
2291 4526 2306 4552 ,
2334 4485 2401 4541 de
2427 4503 2533 4557 quo
2556 4489 2717 4544 etiam
2740 4489 2941 4545 dictum
2964 4501 3047 4548 est
3083 4493 3223 4563 quod
3248 4494 3325 4549 sit
3346 4493 3565 4564 amplius
3593 4500 3725 4560 quam

2180 4574 2439 4646 propheta
2469 4577 2719 4648 (Maloea.
2748 4596 2827 4646 ut,
2856 4581 2881 4636 i
2911 4597 2926 4646 ;
2960 4579 3148 4636 llattlt.
3181 4599 3272 4650 χι,
3303 4585 3405 4650 ω,
3434 4582 3524 4655 9)?
3550 4580 3725 4646 $3380

2179 4674 2235 4722 et
2260 4666 2430 4735 ipsum
2461 4666 2601 4722 Deus
2626 4669 2788 4734 misit,
2817 4678 2870 4725 et
2896 4669 3057 4726 verba
3086 4671 3178 4727 Dei
3203 4673 3466 4744 loquitur;
3492 4665 3725 4742 quomodo

2178 4756 2245 4812 ad
2270 4757 2689 4827 distinctionem,
2734 4760 2803 4817 de
2824 4759 3041 4817 Christo
3067 4777 3191 4818 mm
3214 4763 3416 4821 dixisse
3439 4760 3723 4833 accipimus,

2185 4848 2349 4914 Quem
2375 4852 2513 4905 enim
2536 4852 2668 4905 misit
2694 4849 2837 4907 Deus
2860 4891 2885 4919 ,,
2918 4854 3070 4907 orba
3090 4852 3188 4909 Dei
3211 4854 3472 4927 loquitur?
3506 4851 3603 4909 Sed
3624 4846 3722 4903 Vide

2180 4941 2303 5012 quid
2330 4942 2582 5013 adiungat
2610 4961 2623 4997 :
2651 4940 2775 4998 Non
2797 4944 2930 4999 enim
2948 4944 3019 4999 ad
3042 4961 3331 5001 nteasurent
3357 4946 3446 5001 dat
3466 4943 3593 5000 Deus
3611 4937 3718 5011 Spi-

2178 5034 2350 5089 ritum.
2379 5034 2514 5101 Quid
2543 5044 2625 5091 est
2658 5032 2783 5101 hoc,
2812 5034 2935 5091 Non
2954 5038 3089 5092 enim
3111 5038 3181 5092 ad
3200 5053 3483 5094 mensuram
3500 5034 3581 5090 dat
3608 5029 3718 5084 Dm

2179 5123 2472 5196 Spiritum?
2517 5122 2816 5183 Invenimus
2865 5129 2986 5199 quia
3038 5128 3107 5185 ad
3157 5144 3459 5187 mensuram
3484 5126 3571 5183 dat
3600 5123 3716 5179 Delli

2179 5218 2453 5288 Spiritum.
2484 5218 2623 5274 Audi
2646 5220 2957 5288 Apostoltun
2989 5220 3273 5289 dicentem,
3305 5219 3715 5278 Secundillame

2177 5325 2349 5363 suram
2385 5309 2672 5364 donationis
2715 5309 2900 5365 Christi
2943 5309 3158 5381 (Ep/tes.
3185 5328 3237 5368 tv
3257 5353 3281 5382 ,
3316 5306 3390 5389 7).
3440 5303 3715 5367 Homuth

2177 5399 2246 5455 ad
2274 5415 2579 5457 ensuram
2608 5400 2721 5465 dat,
2748 5402 2904 5456 unico
2930 5402 3067 5458 Filio
3089 5420 3193 5460 non
3223 5405 3316 5461 dat
3336 5403 3402 5459 ad
3425 5406 3710 5459 mensura!“-

2177 5492 2455 5560 Quomodo
2480 5492 2783 5549 hominibus
2802 5494 2869 5549 ad
2896 5498 3240 5553 mensuram?
3265 5497 3365 5553 Alii
3381 5494 3567 5569 quidem
3583 5489 3708 5544 dull

2179 5601 2268 5655 per
2297 5585 2548 5655 Spiritum
2574 5601 2739 5640 sermo
2780 5587 3077 5658 sapientius;
3122 5590 3211 5644 alii
3247 5605 3404 5646 sermo
3428 5583 3628 5642 scientia
3641 5593 3707 5635 st-

2177 5677 2395 5732 cundum
2424 5677 2656 5732 eumdem
2688 5678 2921 5749 spiritum
2936 5695 2959 5746 ;
3000 5681 3090 5737 alii
3116 5682 3244 5753 ﬁdes
3278 5685 3333 5738 in
3352 5678 3513 5738 eodem
3531 5672 3704 5751 *γυίων

2246 5792 2261 5822 ί
2286 5792 2357 5841 Sic
2379 5804 2549 5842 omnes
2568 5799 2675 5844 Mss.
2700 5799 2756 5845 At
2778 5794 2893 5845 editi
2909 5804 3035 5846 :Non
3054 5794 3233 5861 singuli

3858 995 3865 1095 ἰ

3858 974 3865 1121 φ
