  <div class='ocr_page' id='page_1' title='image "/cluster/home/n/w/nwhite01/storage/ocr_20150623/35/uva.x000827104/106.png"; bbox 0 0 3916 6374; ppageno 0'>
   <div class='ocr_carea' id='block_1_1' title="bbox 133 479 1700 553">
    <p class='ocr_par' dir='ltr' id='par_1_1' title="bbox 133 479 1700 553">
     <span class='ocr_line' id='line_1_1' title="bbox 133 479 1700 553; baseline -0.003 -14"><span class='ocrx_word' id='word_1_1' title='bbox 133 485 211 539; x_wconf 84' lang='lat' dir='ltr'><strong><em>alii</em></strong></span> <span class='ocrx_word' id='word_1_2' title='bbox 238 480 501 553; x_wconf 64' lang='lat' dir='ltr'><strong>prophetia</strong></span> <span class='ocrx_word' id='word_1_3' title='bbox 525 521 545 547; x_wconf 95' lang='lat'><strong><em>,</em></strong></span> <span class='ocrx_word' id='word_1_4' title='bbox 591 480 679 535; x_wconf 82' lang='lat' dir='ltr'><strong><em>alii</em></strong></span> <span class='ocrx_word' id='word_1_5' title='bbox 721 479 1020 551; x_wconf 79' lang='lat' dir='ltr'><strong>dijudicatio</strong></span> <span class='ocrx_word' id='word_1_6' title='bbox 1053 479 1354 550; x_wconf 73' lang='lat' dir='ltr'><strong><em>spirituum,</em></strong></span> <span class='ocrx_word' id='word_1_7' title='bbox 1400 480 1489 534; x_wconf 88' lang='lat' dir='ltr'><strong><em>alii</em></strong></span> <span class='ocrx_word' id='word_1_8' title='bbox 1515 496 1700 551; x_wconf 85' lang='lat' dir='ltr'><strong>genera</strong></span> 
     </span>
    </p>
   </div>
   <div class='ocr_carea' id='block_1_2' title="bbox 131 568 1701 645">
    <p class='ocr_par' dir='ltr' id='par_1_2' title="bbox 131 568 1701 645">
     <span class='ocr_line' id='line_1_2' title="bbox 131 568 1701 645; baseline -0.002 -15"><span class='ocrx_word' id='word_1_9' title='bbox 131 578 404 645; x_wconf 72' lang='lat' dir='ltr'><strong>linguarum</strong></span> <span class='ocrx_word' id='word_1_10' title='bbox 423 612 441 640; x_wconf 95' lang='lat'><strong><em>,</em></strong></span> <span class='ocrx_word' id='word_1_11' title='bbox 486 572 585 626; x_wconf 89' lang='lat' dir='ltr'><strong><em>alii</em></strong></span> <span class='ocrx_word' id='word_1_12' title='bbox 620 572 821 626; x_wconf 76' lang='lat' dir='ltr'><strong>donatio</strong></span> <span class='ocrx_word' id='word_1_13' title='bbox 847 571 1184 625; x_wconf 73' lang='lat' dir='ltr'><strong>curationum.</strong></span> <span class='ocrx_word' id='word_1_14' title='bbox 1231 568 1497 641; x_wconf 82' lang='lat' dir='ltr'><strong>Numquid</strong></span> <span class='ocrx_word' id='word_1_15' title='bbox 1531 588 1701 627; x_wconf 77' lang='lat' dir='ltr'><strong>omnes</strong></span> 
     </span>
    </p>
   </div>
   <div class='ocr_carea' id='block_1_3' title="bbox 129 662 1701 738">
    <p class='ocr_par' dir='ltr' id='par_1_3' title="bbox 129 662 1701 738">
     <span class='ocr_line' id='line_1_3' title="bbox 129 662 1701 738; baseline -0.003 -17"><span class='ocrx_word' id='word_1_16' title='bbox 129 666 327 738; x_wconf 74' lang='lat' dir='ltr'><strong>apostoli</strong></span> <span class='ocrx_word' id='word_1_17' title='bbox 347 666 374 719; x_wconf 67' lang='grc' dir='ltr'><em>ἲ</em></span> <span class='ocrx_word' id='word_1_18' title='bbox 418 662 667 735; x_wconf 65' lang='lat' dir='ltr'><strong>nunquid</strong></span> <span class='ocrx_word' id='word_1_19' title='bbox 705 679 877 717; x_wconf 83' lang='lat' dir='ltr'><strong>omnes</strong></span> <span class='ocrx_word' id='word_1_20' title='bbox 915 662 1208 734; x_wconf 69' lang='lat' dir='ltr'><strong>propheta?</strong></span> <span class='ocrx_word' id='word_1_21' title='bbox 1246 662 1494 734; x_wconf 84' lang='lat' dir='ltr'><strong>numquid</strong></span> <span class='ocrx_word' id='word_1_22' title='bbox 1531 678 1701 717; x_wconf 77' lang='lat' dir='ltr'><strong>omnes</strong></span> 
     </span>
    </p>
   </div>
   <div class='ocr_carea' id='block_1_4' title="bbox 130 746 1703 817">
    <p class='ocr_par' dir='ltr' id='par_1_4' title="bbox 130 746 1703 817">
     <span class='ocr_line' id='line_1_4' title="bbox 130 746 1703 817; baseline -0.004 -10"><span class='ocrx_word' id='word_1_23' title='bbox 130 747 373 807; x_wconf 77' lang='lat' dir='ltr'><strong>dederes!</strong></span> <span class='ocrx_word' id='word_1_24' title='bbox 395 747 646 817; x_wconf 65' lang='lat' dir='ltr'><strong>numquid</strong></span> <span class='ocrx_word' id='word_1_25' title='bbox 664 764 835 803; x_wconf 69' lang='lat' dir='ltr'><strong>eomes</strong></span> <span class='ocrx_word' id='word_1_26' title='bbox 849 748 1087 802; x_wconf 77' lang='lat' dir='ltr'><strong>virtutes?</strong></span> <span class='ocrx_word' id='word_1_27' title='bbox 1102 746 1346 817; x_wconf 81' lang='lat' dir='ltr'><strong>numquid</strong></span> <span class='ocrx_word' id='word_1_28' title='bbox 1372 762 1541 801; x_wconf 83' lang='lat' dir='ltr'><strong>omnes</strong></span> <span class='ocrx_word' id='word_1_29' title='bbox 1567 746 1703 801; x_wconf 87' lang='lat' dir='ltr'><strong>dona</strong></span> 
     </span>
    </p>
   </div>
   <div class='ocr_carea' id='block_1_5' title="bbox 130 837 1703 910">
    <p class='ocr_par' dir='ltr' id='par_1_5' title="bbox 130 837 1703 910">
     <span class='ocr_line' id='line_1_5' title="bbox 130 837 1703 910; baseline -0.004 -14"><span class='ocrx_word' id='word_1_30' title='bbox 130 842 294 896; x_wconf 72' lang='lat' dir='ltr'><strong>habent</strong></span> <span class='ocrx_word' id='word_1_31' title='bbox 332 840 658 896; x_wconf 77' lang='lat' dir='ltr'><strong>sanitatum?</strong></span> <span class='ocrx_word' id='word_1_32' title='bbox 700 837 943 908; x_wconf 76' lang='lat' dir='ltr'><strong>numquid</strong></span> <span class='ocrx_word' id='word_1_33' title='bbox 972 854 1143 893; x_wconf 85' lang='lat' dir='ltr'><strong>omnes</strong></span> <span class='ocrx_word' id='word_1_34' title='bbox 1169 838 1355 909; x_wconf 85' lang='lat' dir='ltr'><strong>linguis</strong></span> <span class='ocrx_word' id='word_1_35' title='bbox 1393 839 1703 910; x_wconf 77' lang='lat' dir='ltr'><strong>loquuntur?</strong></span> 
     </span>
    </p>
   </div>
   <div class='ocr_carea' id='block_1_6' title="bbox 128 927 1697 1005">
    <p class='ocr_par' dir='ltr' id='par_1_6' title="bbox 128 927 1697 1005">
     <span class='ocr_line' id='line_1_6' title="bbox 128 927 1697 1005; baseline -0.001 -18"><span class='ocrx_word' id='word_1_36' title='bbox 128 928 358 1005; x_wconf 77' lang='lat' dir='ltr'><strong>numquid</strong></span> <span class='ocrx_word' id='word_1_37' title='bbox 400 946 582 985; x_wconf 83' lang='lat' dir='ltr'><strong>omnes</strong></span> <span class='ocrx_word' id='word_1_38' title='bbox 621 930 1014 1001; x_wconf 75' lang='lat' dir='ltr'><strong><em>interpretantur</em></strong></span> <span class='ocrx_word' id='word_1_39' title='bbox 1057 928 1100 1001; x_wconf 89' lang='grc' dir='ltr'><strong>(Ι</strong></span> <span class='ocrx_word' id='word_1_40' title='bbox 1125 927 1245 984; x_wconf 87' lang='lat' dir='ltr'><strong>Cor.</strong></span> <span class='ocrx_word' id='word_1_41' title='bbox 1278 944 1385 997; x_wconf 80' lang='lat' dir='ltr'><strong>xu,</strong></span> <span class='ocrx_word' id='word_1_42' title='bbox 1411 929 1480 996; x_wconf 86' lang='lat'><strong>8,</strong></span> <span class='ocrx_word' id='word_1_43' title='bbox 1508 928 1576 995; x_wconf 89' lang='lat'><strong>9,</strong></span> <span class='ocrx_word' id='word_1_44' title='bbox 1614 928 1697 994; x_wconf 85' lang='lat' dir='ltr'><strong>l0,</strong></span> 
     </span>
    </p>
   </div>
   <div class='ocr_carea' id='block_1_7' title="bbox 128 1019 1702 1093">
    <p class='ocr_par' dir='ltr' id='par_1_7' title="bbox 128 1019 1702 1093">
     <span class='ocr_line' id='line_1_7' title="bbox 128 1019 1702 1093; baseline -0.002 -15"><span class='ocrx_word' id='word_1_45' title='bbox 128 1023 218 1089; x_wconf 71' lang='lat'><strong>29,</strong></span> <span class='ocrx_word' id='word_1_46' title='bbox 244 1020 331 1093; x_wconf 76' lang='lat'><strong>&#39;50)</strong></span> <span class='ocrx_word' id='word_1_47' title='bbox 352 1021 376 1075; x_wconf 85' lang='lat'><strong>?</strong></span> <span class='ocrx_word' id='word_1_48' title='bbox 400 1020 567 1077; x_wconf 80' lang='lat' dir='ltr'><strong>Aliud</strong></span> <span class='ocrx_word' id='word_1_49' title='bbox 593 1020 754 1077; x_wconf 85' lang='lat' dir='ltr'><strong>habet</strong></span> <span class='ocrx_word' id='word_1_50' title='bbox 782 1021 919 1087; x_wconf 89' lang='lat' dir='ltr'><strong>iste,</strong></span> <span class='ocrx_word' id='word_1_51' title='bbox 946 1019 1089 1075; x_wconf 81' lang='lat' dir='ltr'><strong><em>aliud</em></strong></span> <span class='ocrx_word' id='word_1_52' title='bbox 1125 1021 1248 1084; x_wconf 86' lang='lat' dir='ltr'><strong>ille;</strong></span> <span class='ocrx_word' id='word_1_53' title='bbox 1279 1029 1336 1076; x_wconf 88' lang='lat' dir='ltr'><strong>et</strong></span> <span class='ocrx_word' id='word_1_54' title='bbox 1368 1020 1509 1092; x_wconf 90' lang='lat' dir='ltr'><strong>quod</strong></span> <span class='ocrx_word' id='word_1_55' title='bbox 1542 1019 1702 1075; x_wconf 84' lang='lat' dir='ltr'><strong>habet</strong></span> 
     </span>
    </p>
   </div>
   <div class='ocr_carea' id='block_1_8' title="bbox 128 1112 1699 1184">
    <p class='ocr_par' dir='ltr' id='par_1_8' title="bbox 128 1112 1699 1184">
     <span class='ocr_line' id='line_1_8' title="bbox 128 1112 1699 1184; baseline -0.005 -11"><span class='ocrx_word' id='word_1_56' title='bbox 128 1116 207 1173; x_wconf 88' lang='lat' dir='ltr'><strong>ille</strong></span> <span class='ocrx_word' id='word_1_57' title='bbox 228 1157 243 1182; x_wconf 90' lang='lat'><strong>,</strong></span> <span class='ocrx_word' id='word_1_58' title='bbox 267 1131 371 1171; x_wconf 88' lang='lat' dir='ltr'><strong>non</strong></span> <span class='ocrx_word' id='word_1_59' title='bbox 403 1114 572 1170; x_wconf 81' lang='lat' dir='ltr'><strong>habet</strong></span> <span class='ocrx_word' id='word_1_60' title='bbox 607 1113 713 1169; x_wconf 87' lang='lat' dir='ltr'><strong>iste</strong></span> <span class='ocrx_word' id='word_1_61' title='bbox 741 1132 756 1168; x_wconf 90' lang='lat'><strong>:</strong></span> <span class='ocrx_word' id='word_1_62' title='bbox 787 1127 1036 1169; x_wconf 83' lang='lat' dir='ltr'><strong>mensura</strong></span> <span class='ocrx_word' id='word_1_63' title='bbox 1065 1121 1183 1181; x_wconf 87' lang='lat' dir='ltr'><strong>est,</strong></span> <span class='ocrx_word' id='word_1_64' title='bbox 1222 1112 1418 1168; x_wconf 86' lang='lat' dir='ltr'><strong>divisio</strong></span> <span class='ocrx_word' id='word_1_65' title='bbox 1458 1112 1699 1184; x_wconf 67' lang='lat' dir='ltr'><strong>qutedam</strong></span> 
     </span>
    </p>
   </div>
   <div class='ocr_carea' id='block_1_9' title="bbox 128 1203 1704 1276">
    <p class='ocr_par' dir='ltr' id='par_1_9' title="bbox 128 1203 1704 1276">
     <span class='ocr_line' id='line_1_9' title="bbox 128 1203 1704 1276; baseline -0.003 -14"><span class='ocrx_word' id='word_1_66' title='bbox 128 1206 367 1262; x_wconf 87' lang='lat' dir='ltr'><strong>donorum</strong></span> <span class='ocrx_word' id='word_1_67' title='bbox 387 1214 494 1261; x_wconf 80' lang='lat' dir='ltr'><strong>est.</strong></span> <span class='ocrx_word' id='word_1_68' title='bbox 523 1204 669 1276; x_wconf 84' lang='lat' dir='ltr'><strong>Ergo</strong></span> <span class='ocrx_word' id='word_1_69' title='bbox 694 1204 998 1260; x_wconf 88' lang='lat' dir='ltr'><strong>hominibus</strong></span> <span class='ocrx_word' id='word_1_70' title='bbox 1018 1203 1086 1260; x_wconf 85' lang='lat' dir='ltr'><strong>ad</strong></span> <span class='ocrx_word' id='word_1_71' title='bbox 1112 1219 1420 1260; x_wconf 84' lang='lat' dir='ltr'><strong>mensuram</strong></span> <span class='ocrx_word' id='word_1_72' title='bbox 1439 1205 1621 1269; x_wconf 86' lang='lat' dir='ltr'><strong>datur,</strong></span> <span class='ocrx_word' id='word_1_73' title='bbox 1649 1211 1704 1258; x_wconf 89' lang='lat' dir='ltr'><strong>ct</strong></span> 
     </span>
    </p>
   </div>
   <div class='ocr_carea' id='block_1_10' title="bbox 129 1294 1700 1366">
    <p class='ocr_par' dir='ltr' id='par_1_10' title="bbox 129 1294 1700 1366">
     <span class='ocr_line' id='line_1_10' title="bbox 129 1294 1700 1366; baseline -0.002 -12"><span class='ocrx_word' id='word_1_74' title='bbox 129 1296 392 1354; x_wconf 80' lang='lat' dir='ltr'><strong>concordia</strong></span> <span class='ocrx_word' id='word_1_75' title='bbox 423 1295 500 1351; x_wconf 87' lang='lat' dir='ltr'><strong>ibi</strong></span> <span class='ocrx_word' id='word_1_76' title='bbox 532 1311 701 1351; x_wconf 90' lang='lat' dir='ltr'><strong>unum</strong></span> <span class='ocrx_word' id='word_1_77' title='bbox 726 1309 920 1366; x_wconf 87' lang='lat' dir='ltr'><strong>corpus</strong></span> <span class='ocrx_word' id='word_1_78' title='bbox 943 1295 1089 1351; x_wconf 80' lang='lat' dir='ltr'><strong>facit.</strong></span> <span class='ocrx_word' id='word_1_79' title='bbox 1136 1295 1415 1364; x_wconf 87' lang='lat' dir='ltr'><strong>Quomodo</strong></span> <span class='ocrx_word' id='word_1_80' title='bbox 1439 1294 1585 1350; x_wconf 86' lang='lat' dir='ltr'><strong>aliud</strong></span> <span class='ocrx_word' id='word_1_81' title='bbox 1609 1310 1700 1351; x_wconf 74' lang='lat' dir='ltr'><strong>ae-</strong></span> 
     </span>
    </p>
   </div>
   <div class='ocr_carea' id='block_1_11' title="bbox 127 1388 1702 1460">
    <p class='ocr_par' dir='ltr' id='par_1_11' title="bbox 127 1388 1702 1460">
     <span class='ocr_line' id='line_1_11' title="bbox 127 1388 1702 1460; baseline -0.001 -15"><span class='ocrx_word' id='word_1_82' title='bbox 127 1391 241 1460; x_wconf 82' lang='lat' dir='ltr'><strong>cipit</strong></span> <span class='ocrx_word' id='word_1_83' title='bbox 262 1402 450 1443; x_wconf 86' lang='lat' dir='ltr'><strong>manus</strong></span> <span class='ocrx_word' id='word_1_84' title='bbox 476 1397 539 1443; x_wconf 90' lang='lat' dir='ltr'><strong>ut</strong></span> <span class='ocrx_word' id='word_1_85' title='bbox 556 1397 836 1458; x_wconf 79' lang='lat' dir='ltr'><strong>operetur,</strong></span> <span class='ocrx_word' id='word_1_86' title='bbox 857 1388 1003 1444; x_wconf 84' lang='lat' dir='ltr'><strong><em>aliud</em></strong></span> <span class='ocrx_word' id='word_1_87' title='bbox 1029 1389 1214 1445; x_wconf 87' lang='lat' dir='ltr'><strong>oculus</strong></span> <span class='ocrx_word' id='word_1_88' title='bbox 1242 1397 1302 1445; x_wconf 90' lang='lat' dir='ltr'><strong>ut</strong></span> <span class='ocrx_word' id='word_1_89' title='bbox 1320 1389 1528 1454; x_wconf 83' lang='lat' dir='ltr'><strong>videat,</strong></span> <span class='ocrx_word' id='word_1_90' title='bbox 1559 1388 1702 1444; x_wconf 87' lang='lat' dir='ltr'><strong>aliud</strong></span> 
     </span>
    </p>
   </div>
   <div class='ocr_carea' id='block_1_12' title="bbox 126 1478 1700 1551">
    <p class='ocr_par' dir='ltr' id='par_1_12' title="bbox 126 1478 1700 1551">
     <span class='ocr_line' id='line_1_12' title="bbox 126 1478 1700 1551; baseline 0.001 -17"><span class='ocrx_word' id='word_1_91' title='bbox 126 1480 255 1536; x_wconf 83' lang='lat' dir='ltr'><strong>auris</strong></span> <span class='ocrx_word' id='word_1_92' title='bbox 280 1488 337 1535; x_wconf 91' lang='lat' dir='ltr'><strong>ut</strong></span> <span class='ocrx_word' id='word_1_93' title='bbox 358 1478 550 1535; x_wconf 81' lang='lat' dir='ltr'><strong>audiat</strong></span> <span class='ocrx_word' id='word_1_94' title='bbox 571 1521 588 1545; x_wconf 92' lang='lat'><strong>,</strong></span> <span class='ocrx_word' id='word_1_95' title='bbox 618 1479 763 1535; x_wconf 85' lang='lat' dir='ltr'><strong>aliud</strong></span> <span class='ocrx_word' id='word_1_96' title='bbox 793 1495 888 1551; x_wconf 83' lang='lat' dir='ltr'><strong>pes</strong></span> <span class='ocrx_word' id='word_1_97' title='bbox 908 1488 969 1535; x_wconf 91' lang='lat' dir='ltr'><strong>ut</strong></span> <span class='ocrx_word' id='word_1_98' title='bbox 990 1481 1263 1548; x_wconf 80' lang='lat' dir='ltr'><strong>ambulet;</strong></span> <span class='ocrx_word' id='word_1_99' title='bbox 1305 1482 1483 1536; x_wconf 90' lang='lat' dir='ltr'><strong>anima</strong></span> <span class='ocrx_word' id='word_1_100' title='bbox 1523 1490 1700 1537; x_wconf 88' lang='lat' dir='ltr'><strong>tamen</strong></span> 
     </span>
    </p>
   </div>
   <div class='ocr_carea' id='block_1_13' title="bbox 128 1570 1697 1645">
    <p class='ocr_par' dir='ltr' id='par_1_13' title="bbox 128 1570 1697 1645">
     <span class='ocr_line' id='line_1_13' title="bbox 128 1570 1697 1645; baseline 0.002 -19"><span class='ocrx_word' id='word_1_101' title='bbox 128 1587 216 1626; x_wconf 85' lang='lat' dir='ltr'><strong>una</strong></span> <span class='ocrx_word' id='word_1_102' title='bbox 253 1579 334 1627; x_wconf 86' lang='lat' dir='ltr'><strong>est</strong></span> <span class='ocrx_word' id='word_1_103' title='bbox 374 1587 497 1641; x_wconf 77' lang='lat' dir='ltr'><strong>qua:</strong></span> <span class='ocrx_word' id='word_1_104' title='bbox 537 1570 650 1643; x_wconf 86' lang='lat' dir='ltr'><strong>agit</strong></span> <span class='ocrx_word' id='word_1_105' title='bbox 688 1571 897 1639; x_wconf 85' lang='lat' dir='ltr'><strong>omnia,</strong></span> <span class='ocrx_word' id='word_1_106' title='bbox 941 1572 995 1627; x_wconf 93' lang='lat' dir='ltr'><strong>in</strong></span> <span class='ocrx_word' id='word_1_107' title='bbox 1038 1587 1197 1628; x_wconf 85' lang='lat' dir='ltr'><strong>manu</strong></span> <span class='ocrx_word' id='word_1_108' title='bbox 1241 1582 1298 1629; x_wconf 89' lang='lat' dir='ltr'><strong>ut</strong></span> <span class='ocrx_word' id='word_1_109' title='bbox 1330 1583 1600 1645; x_wconf 83' lang='lat' dir='ltr'><strong>Operetur,</strong></span> <span class='ocrx_word' id='word_1_110' title='bbox 1645 1574 1697 1629; x_wconf 93' lang='lat' dir='ltr'><strong>in</strong></span> 
     </span>
    </p>
   </div>
   <div class='ocr_carea' id='block_1_14' title="bbox 128 1664 1701 1735">
    <p class='ocr_par' dir='ltr' id='par_1_14' title="bbox 128 1664 1701 1735">
     <span class='ocr_line' id='line_1_14' title="bbox 128 1664 1701 1735; baseline 0 -14"><span class='ocrx_word' id='word_1_111' title='bbox 128 1664 245 1735; x_wconf 85' lang='lat' dir='ltr'><strong>pede</strong></span> <span class='ocrx_word' id='word_1_112' title='bbox 271 1673 328 1720; x_wconf 90' lang='lat' dir='ltr'><strong>ut</strong></span> <span class='ocrx_word' id='word_1_113' title='bbox 350 1664 599 1721; x_wconf 83' lang='lat' dir='ltr'><strong>ambulet</strong></span> <span class='ocrx_word' id='word_1_114' title='bbox 621 1705 637 1731; x_wconf 95' lang='lat'><strong><em>,</em></strong></span> <span class='ocrx_word' id='word_1_115' title='bbox 676 1665 729 1720; x_wconf 91' lang='lat' dir='ltr'><strong>in</strong></span> <span class='ocrx_word' id='word_1_116' title='bbox 766 1680 895 1721; x_wconf 90' lang='lat' dir='ltr'><strong>aure</strong></span> <span class='ocrx_word' id='word_1_117' title='bbox 932 1674 991 1721; x_wconf 90' lang='lat' dir='ltr'><strong>ut</strong></span> <span class='ocrx_word' id='word_1_118' title='bbox 1019 1666 1231 1733; x_wconf 84' lang='lat' dir='ltr'><strong>audiat,</strong></span> <span class='ocrx_word' id='word_1_119' title='bbox 1278 1667 1331 1722; x_wconf 90' lang='lat' dir='ltr'><strong>in</strong></span> <span class='ocrx_word' id='word_1_120' title='bbox 1358 1667 1511 1722; x_wconf 86' lang='lat' dir='ltr'><strong>oculo</strong></span> <span class='ocrx_word' id='word_1_121' title='bbox 1538 1676 1593 1721; x_wconf 93' lang='lat' dir='ltr'><strong>ut</strong></span> <span class='ocrx_word' id='word_1_122' title='bbox 1620 1668 1701 1721; x_wconf 57' lang='lat' dir='ltr'><strong>vi.</strong></span> 
     </span>
    </p>
   </div>
   <div class='ocr_carea' id='block_1_15' title="bbox 128 1756 1697 1829">
    <p class='ocr_par' dir='ltr' id='par_1_15' title="bbox 128 1756 1697 1829">
     <span class='ocr_line' id='line_1_15' title="bbox 128 1756 1697 1829; baseline -0.001 -16"><span class='ocrx_word' id='word_1_123' title='bbox 128 1757 233 1813; x_wconf 85' lang='lat' dir='ltr'><strong>deat</strong></span> <span class='ocrx_word' id='word_1_124' title='bbox 256 1777 270 1813; x_wconf 90' lang='lat'><strong>:</strong></span> <span class='ocrx_word' id='word_1_125' title='bbox 292 1758 377 1814; x_wconf 85' lang='lat' dir='ltr'><strong>sic</strong></span> <span class='ocrx_word' id='word_1_126' title='bbox 411 1765 548 1813; x_wconf 83' lang='lat' dir='ltr'><strong>sunt</strong></span> <span class='ocrx_word' id='word_1_127' title='bbox 571 1757 733 1813; x_wconf 88' lang='lat' dir='ltr'><strong>etiam</strong></span> <span class='ocrx_word' id='word_1_128' title='bbox 759 1756 972 1814; x_wconf 79' lang='lat' dir='ltr'><strong>diversa</strong></span> <span class='ocrx_word' id='word_1_129' title='bbox 998 1758 1134 1814; x_wconf 90' lang='lat' dir='ltr'><strong>dona</strong></span> <span class='ocrx_word' id='word_1_130' title='bbox 1160 1758 1418 1824; x_wconf 85' lang='lat' dir='ltr'><strong>ﬁdelium,</strong></span> <span class='ocrx_word' id='word_1_131' title='bbox 1449 1769 1697 1829; x_wconf 87' lang='lat' dir='ltr'><strong>tanquam</strong></span> 
     </span>
    </p>
   </div>
   <div class='ocr_carea' id='block_1_16' title="bbox 128 1850 1694 1922">
    <p class='ocr_par' dir='ltr' id='par_1_16' title="bbox 128 1850 1694 1922">
     <span class='ocr_line' id='line_1_16' title="bbox 128 1850 1694 1922; baseline -0.001 -16"><span class='ocrx_word' id='word_1_132' title='bbox 128 1850 359 1907; x_wconf 78' lang='lat' dir='ltr'><strong>membris</strong></span> <span class='ocrx_word' id='word_1_133' title='bbox 384 1850 457 1906; x_wconf 89' lang='lat' dir='ltr'><strong>ad</strong></span> <span class='ocrx_word' id='word_1_134' title='bbox 500 1866 814 1907; x_wconf 87' lang='lat' dir='ltr'><strong>mensuram</strong></span> <span class='ocrx_word' id='word_1_135' title='bbox 854 1852 1047 1922; x_wconf 84' lang='lat' dir='ltr'><strong>cuique</strong></span> <span class='ocrx_word' id='word_1_136' title='bbox 1091 1852 1354 1922; x_wconf 84' lang='lat' dir='ltr'><strong>propriam</strong></span> <span class='ocrx_word' id='word_1_137' title='bbox 1393 1852 1694 1908; x_wconf 84' lang='lat' dir='ltr'><strong>distributa.</strong></span> 
     </span>
    </p>
   </div>
   <div class='ocr_carea' id='block_1_17' title="bbox 129 1940 1526 2014">
    <p class='ocr_par' dir='ltr' id='par_1_17' title="bbox 129 1940 1526 2014">
     <span class='ocr_line' id='line_1_17' title="bbox 129 1940 1526 2014; baseline 0 -17"><span class='ocrx_word' id='word_1_138' title='bbox 129 1940 222 1996; x_wconf 86' lang='lat' dir='ltr'><strong>Sed</strong></span> <span class='ocrx_word' id='word_1_139' title='bbox 240 1940 473 1997; x_wconf 83' lang='lat' dir='ltr'><strong>Christus</strong></span> <span class='ocrx_word' id='word_1_140' title='bbox 500 1941 595 2014; x_wconf 87' lang='lat' dir='ltr'><strong>qui</strong></span> <span class='ocrx_word' id='word_1_141' title='bbox 617 1941 727 2008; x_wconf 86' lang='lat' dir='ltr'><strong>dat,</strong></span> <span class='ocrx_word' id='word_1_142' title='bbox 761 1956 867 1996; x_wconf 90' lang='lat' dir='ltr'><strong>non</strong></span> <span class='ocrx_word' id='word_1_143' title='bbox 894 1942 961 1996; x_wconf 91' lang='lat' dir='ltr'><strong>ad</strong></span> <span class='ocrx_word' id='word_1_144' title='bbox 989 1957 1291 1998; x_wconf 87' lang='lat' dir='ltr'><strong>mensuram</strong></span> <span class='ocrx_word' id='word_1_145' title='bbox 1316 1944 1526 2013; x_wconf 86' lang='lat' dir='ltr'><strong>accipit.</strong></span> 
     </span>
    </p>
   </div>
   <div class='ocr_carea' id='block_1_18' title="bbox 190 2035 1697 2108">
    <p class='ocr_par' dir='ltr' id='par_1_18' title="bbox 190 2035 1697 2108">
     <span class='ocr_line' id='line_1_18' title="bbox 190 2035 1697 2108; baseline 0.001 -16"><span class='ocrx_word' id='word_1_146' title='bbox 190 2036 275 2092; x_wconf 72' lang='lat' dir='ltr'><strong>il.</strong></span> <span class='ocrx_word' id='word_1_147' title='bbox 303 2035 442 2091; x_wconf 82' lang='lat' dir='ltr'><strong>Audi</strong></span> <span class='ocrx_word' id='word_1_148' title='bbox 465 2035 617 2090; x_wconf 74' lang='lat' dir='ltr'><strong>enim</strong></span> <span class='ocrx_word' id='word_1_149' title='bbox 641 2035 815 2091; x_wconf 87' lang='lat' dir='ltr'><strong>adhuc</strong></span> <span class='ocrx_word' id='word_1_150' title='bbox 849 2036 978 2106; x_wconf 91' lang='lat' dir='ltr'><strong>quid</strong></span> <span class='ocrx_word' id='word_1_151' title='bbox 1016 2037 1255 2107; x_wconf 84' lang='lat' dir='ltr'><strong>sequitur</strong></span> <span class='ocrx_word' id='word_1_152' title='bbox 1279 2055 1293 2102; x_wconf 89' lang='lat'><strong>;</strong></span> <span class='ocrx_word' id='word_1_153' title='bbox 1320 2038 1441 2108; x_wconf 86' lang='lat' dir='ltr'><strong>quia</strong></span> <span class='ocrx_word' id='word_1_154' title='bbox 1460 2037 1528 2093; x_wconf 82' lang='lat' dir='ltr'><strong>de</strong></span> <span class='ocrx_word' id='word_1_155' title='bbox 1560 2036 1697 2093; x_wconf 86' lang='lat' dir='ltr'><strong>Filio</strong></span> 
     </span>
    </p>
   </div>
   <div class='ocr_carea' id='block_1_19' title="bbox 130 2123 1697 2199">
    <p class='ocr_par' dir='ltr' id='par_1_19' title="bbox 130 2123 1697 2199">
     <span class='ocr_line' id='line_1_19' title="bbox 130 2123 1697 2199; baseline 0.002 -20"><span class='ocrx_word' id='word_1_156' title='bbox 130 2125 345 2193; x_wconf 81' lang='lat' dir='ltr'><strong>dixerat,</strong></span> <span class='ocrx_word' id='word_1_157' title='bbox 382 2123 512 2180; x_wconf 84' lang='lat' dir='ltr'><strong>Non</strong></span> <span class='ocrx_word' id='word_1_158' title='bbox 543 2126 680 2181; x_wconf 86' lang='lat' dir='ltr'><strong>enim</strong></span> <span class='ocrx_word' id='word_1_159' title='bbox 708 2125 776 2180; x_wconf 89' lang='lat' dir='ltr'><strong>ad</strong></span> <span class='ocrx_word' id='word_1_160' title='bbox 815 2143 1100 2181; x_wconf 83' lang='lat' dir='ltr'><strong>mensuram</strong></span> <span class='ocrx_word' id='word_1_161' title='bbox 1126 2127 1216 2181; x_wconf 90' lang='lat' dir='ltr'><strong><em>dat</em></strong></span> <span class='ocrx_word' id='word_1_162' title='bbox 1243 2126 1382 2182; x_wconf 83' lang='lat' dir='ltr'><strong>Deus</strong></span> <span class='ocrx_word' id='word_1_163' title='bbox 1398 2128 1647 2199; x_wconf 86' lang='lat' dir='ltr'><strong>Spiritum</strong></span> <span class='ocrx_word' id='word_1_164' title='bbox 1677 2143 1697 2182; x_wconf 92' lang='lat'><strong><em>:</em></strong></span> 
     </span>
    </p>
   </div>
   <div class='ocr_carea' id='block_1_20' title="bbox 129 2213 1696 2289">
    <p class='ocr_par' dir='ltr' id='par_1_20' title="bbox 129 2213 1696 2289">
     <span class='ocr_line' id='line_1_20' title="bbox 129 2213 1696 2289; baseline 0.004 -20"><span class='ocrx_word' id='word_1_165' title='bbox 129 2213 445 2288; x_wconf 67' lang='lat' dir='ltr'><strong>Patsrdilig‘it</strong></span> <span class='ocrx_word' id='word_1_166' title='bbox 469 2215 696 2283; x_wconf 81' lang='lat' dir='ltr'><strong>Filium,</strong></span> <span class='ocrx_word' id='word_1_167' title='bbox 722 2225 772 2271; x_wconf 80' lang='lat' dir='ltr'><strong>et</strong></span> <span class='ocrx_word' id='word_1_168' title='bbox 795 2218 965 2271; x_wconf 83' lang='lat' dir='ltr'><strong>omnia</strong></span> <span class='ocrx_word' id='word_1_169' title='bbox 979 2217 1114 2272; x_wconf 80' lang='lat' dir='ltr'><strong>dedit</strong></span> <span class='ocrx_word' id='word_1_170' title='bbox 1130 2220 1183 2271; x_wconf 85' lang='lat' dir='ltr'><strong>in</strong></span> <span class='ocrx_word' id='word_1_171' title='bbox 1204 2235 1357 2273; x_wconf 87' lang='lat' dir='ltr'><strong>manu</strong></span> <span class='ocrx_word' id='word_1_172' title='bbox 1371 2220 1500 2289; x_wconf 78' lang='lat' dir='ltr'><strong>ejus.</strong></span> <span class='ocrx_word' id='word_1_173' title='bbox 1533 2219 1696 2289; x_wconf 84' lang='lat' dir='ltr'><strong>Adje-</strong></span> 
     </span>
    </p>
   </div>
   <div class='ocr_carea' id='block_1_21' title="bbox 131 2306 1695 2383">
    <p class='ocr_par' dir='ltr' id='par_1_21' title="bbox 131 2306 1695 2383">
     <span class='ocr_line' id='line_1_21' title="bbox 131 2306 1695 2383; baseline 0.003 -21"><span class='ocrx_word' id='word_1_174' title='bbox 131 2307 222 2375; x_wconf 89' lang='lat' dir='ltr'><strong>cit,</strong></span> <span class='ocrx_word' id='word_1_175' title='bbox 257 2306 436 2364; x_wconf 66' lang='lat' dir='ltr'><strong><em>Omnia</em></strong></span> <span class='ocrx_word' id='word_1_176' title='bbox 459 2309 610 2364; x_wconf 84' lang='lat' dir='ltr'><strong>dedit</strong></span> <span class='ocrx_word' id='word_1_177' title='bbox 632 2310 687 2363; x_wconf 88' lang='lat' dir='ltr'><strong><em>in</em></strong></span> <span class='ocrx_word' id='word_1_178' title='bbox 714 2325 869 2363; x_wconf 72' lang='lat' dir='ltr'><strong>ntanu</strong></span> <span class='ocrx_word' id='word_1_179' title='bbox 890 2311 1033 2380; x_wconf 84' lang='lat' dir='ltr'><strong>ejus,</strong></span> <span class='ocrx_word' id='word_1_180' title='bbox 1067 2319 1125 2365; x_wconf 90' lang='lat' dir='ltr'><strong>ut</strong></span> <span class='ocrx_word' id='word_1_181' title='bbox 1152 2326 1340 2366; x_wconf 82' lang='lat' dir='ltr'><strong>nosses</strong></span> <span class='ocrx_word' id='word_1_182' title='bbox 1379 2321 1436 2367; x_wconf 89' lang='lat' dir='ltr'><strong>et</strong></span> <span class='ocrx_word' id='word_1_183' title='bbox 1481 2312 1567 2365; x_wconf 83' lang='lat' dir='ltr'><strong>hic</strong></span> <span class='ocrx_word' id='word_1_184' title='bbox 1591 2327 1695 2383; x_wconf 86' lang='lat' dir='ltr'><strong>qua</strong></span> 
     </span>
    </p>
   </div>
   <div class='ocr_carea' id='block_1_22' title="bbox 128 2396 1711 2479">
    <p class='ocr_par' dir='ltr' id='par_1_22' title="bbox 128 2396 1711 2479">
     <span class='ocr_line' id='line_1_22' title="bbox 128 2396 1711 2479; baseline 0.003 -25"><span class='ocrx_word' id='word_1_185' title='bbox 128 2396 446 2456; x_wconf 77' lang='lat' dir='ltr'><strong>distinctione</strong></span> <span class='ocrx_word' id='word_1_186' title='bbox 474 2402 493 2432; x_wconf 70' lang='grc' dir='ltr'><strong>ι</strong></span> <span class='ocrx_word' id='word_1_187' title='bbox 519 2399 730 2456; x_wconf 83' lang='lat' dir='ltr'><strong>dictum</strong></span> <span class='ocrx_word' id='word_1_188' title='bbox 768 2401 870 2468; x_wconf 94' lang='lat' dir='ltr'><strong>sit,</strong></span> <span class='ocrx_word' id='word_1_189' title='bbox 900 2399 1058 2457; x_wconf 86' lang='lat' dir='ltr'><strong>Pater</strong></span> <span class='ocrx_word' id='word_1_190' title='bbox 1084 2401 1253 2474; x_wconf 77' lang='lat' dir='ltr'><strong><em>diligit</em></strong></span> <span class='ocrx_word' id='word_1_191' title='bbox 1272 2402 1485 2458; x_wconf 82' lang='lat' dir='ltr'><strong>Filium.</strong></span> <span class='ocrx_word' id='word_1_192' title='bbox 1520 2403 1711 2479; x_wconf 61' lang='lat' dir='ltr'><strong>Quare~</strong></span> 
     </span>
    </p>
   </div>
   <div class='ocr_carea' id='block_1_23' title="bbox 129 2489 1692 2563">
    <p class='ocr_par' dir='ltr' id='par_1_23' title="bbox 129 2489 1692 2563">
     <span class='ocr_line' id='line_1_23' title="bbox 129 2489 1692 2563; baseline 0.006 -20"><span class='ocrx_word' id='word_1_193' title='bbox 129 2489 287 2544; x_wconf 76' lang='lat' dir='ltr'><strong>enim?</strong></span> <span class='ocrx_word' id='word_1_194' title='bbox 328 2492 493 2547; x_wconf 80' lang='lat' dir='ltr'><strong>Pater</strong></span> <span class='ocrx_word' id='word_1_195' title='bbox 546 2507 655 2547; x_wconf 82' lang='lat' dir='ltr'><strong>non</strong></span> <span class='ocrx_word' id='word_1_196' title='bbox 701 2491 874 2563; x_wconf 88' lang='lat' dir='ltr'><strong>diligit</strong></span> <span class='ocrx_word' id='word_1_197' title='bbox 919 2493 1224 2549; x_wconf 70' lang='lat' dir='ltr'><strong>Joannem?</strong></span> <span class='ocrx_word' id='word_1_198' title='bbox 1270 2504 1325 2551; x_wconf 87' lang='lat' dir='ltr'><strong>et</strong></span> <span class='ocrx_word' id='word_1_199' title='bbox 1366 2504 1541 2552; x_wconf 86' lang='lat' dir='ltr'><strong>tamen</strong></span> <span class='ocrx_word' id='word_1_200' title='bbox 1586 2512 1692 2552; x_wconf 88' lang='lat' dir='ltr'><strong>non</strong></span> 
     </span>
    </p>
   </div>
   <div class='ocr_carea' id='block_1_24' title="bbox 129 2581 1694 2657">
    <p class='ocr_par' dir='ltr' id='par_1_24' title="bbox 129 2581 1694 2657">
     <span class='ocr_line' id='line_1_24' title="bbox 129 2581 1694 2657; baseline 0.003 -21"><span class='ocrx_word' id='word_1_201' title='bbox 129 2581 284 2636; x_wconf 77' lang='lat' dir='ltr'><strong>omnia</strong></span> <span class='ocrx_word' id='word_1_202' title='bbox 305 2581 450 2638; x_wconf 80' lang='lat' dir='ltr'><strong>dedit</strong></span> <span class='ocrx_word' id='word_1_203' title='bbox 477 2582 537 2637; x_wconf 88' lang='lat' dir='ltr'><strong>in</strong></span> <span class='ocrx_word' id='word_1_204' title='bbox 563 2597 724 2638; x_wconf 84' lang='lat' dir='ltr'><strong>manu</strong></span> <span class='ocrx_word' id='word_1_205' title='bbox 751 2585 888 2651; x_wconf 69' lang='lat' dir='ltr'><strong>ejus.</strong></span> <span class='ocrx_word' id='word_1_206' title='bbox 921 2583 1077 2639; x_wconf 86' lang='lat' dir='ltr'><strong>Pater</strong></span> <span class='ocrx_word' id='word_1_207' title='bbox 1105 2600 1211 2640; x_wconf 87' lang='lat' dir='ltr'><strong>non</strong></span> <span class='ocrx_word' id='word_1_208' title='bbox 1238 2586 1411 2657; x_wconf 76' lang='lat' dir='ltr'><strong>diligit</strong></span> <span class='ocrx_word' id='word_1_209' title='bbox 1430 2586 1694 2642; x_wconf 83' lang='lat' dir='ltr'><strong>Paulum?</strong></span> 
     </span>
    </p>
   </div>
   <div class='ocr_carea' id='block_1_25' title="bbox 130 2675 1696 2752">
    <p class='ocr_par' dir='ltr' id='par_1_25' title="bbox 130 2675 1696 2752">
     <span class='ocr_line' id='line_1_25' title="bbox 130 2675 1696 2752; baseline 0.004 -24"><span class='ocrx_word' id='word_1_210' title='bbox 130 2680 175 2727; x_wconf 82' lang='lat' dir='ltr'><strong>et</strong></span> <span class='ocrx_word' id='word_1_211' title='bbox 191 2682 354 2730; x_wconf 84' lang='lat' dir='ltr'><strong>tamen</strong></span> <span class='ocrx_word' id='word_1_212' title='bbox 377 2690 488 2731; x_wconf 91' lang='lat' dir='ltr'><strong>non</strong></span> <span class='ocrx_word' id='word_1_213' title='bbox 522 2676 705 2730; x_wconf 87' lang='lat' dir='ltr'><strong>omnia</strong></span> <span class='ocrx_word' id='word_1_214' title='bbox 729 2675 874 2731; x_wconf 83' lang='lat' dir='ltr'><strong>dedit</strong></span> <span class='ocrx_word' id='word_1_215' title='bbox 902 2676 957 2731; x_wconf 89' lang='lat' dir='ltr'><strong>in</strong></span> <span class='ocrx_word' id='word_1_216' title='bbox 983 2693 1142 2733; x_wconf 76' lang='lat' dir='ltr'><strong>manu</strong></span> <span class='ocrx_word' id='word_1_217' title='bbox 1168 2678 1301 2749; x_wconf 82' lang='lat' dir='ltr'><strong>ejus.</strong></span> <span class='ocrx_word' id='word_1_218' title='bbox 1352 2678 1509 2735; x_wconf 75' lang='lat' dir='ltr'><strong>Pater</strong></span> <span class='ocrx_word' id='word_1_219' title='bbox 1531 2681 1696 2752; x_wconf 76' lang='lat' dir='ltr'><strong><em>diligit</em></strong></span> 
     </span>
    </p>
   </div>
   <div class='ocr_carea' id='block_1_26' title="bbox 129 2760 1693 2840">
    <p class='ocr_par' dir='ltr' id='par_1_26' title="bbox 129 2760 1693 2840">
     <span class='ocr_line' id='line_1_26' title="bbox 129 2760 1693 2840; baseline 0.008 -26"><span class='ocrx_word' id='word_1_220' title='bbox 129 2760 297 2818; x_wconf 76' lang='lat' dir='ltr'><strong>Filium</strong></span> <span class='ocrx_word' id='word_1_221' title='bbox 319 2781 339 2818; x_wconf 87' lang='lat'><strong><em>:</em></strong></span> <span class='ocrx_word' id='word_1_222' title='bbox 365 2765 464 2822; x_wconf 89' lang='lat' dir='ltr'><strong>sed</strong></span> <span class='ocrx_word' id='word_1_223' title='bbox 505 2767 779 2836; x_wconf 86' lang='lat' dir='ltr'><strong>quomodo</strong></span> <span class='ocrx_word' id='word_1_224' title='bbox 817 2766 971 2822; x_wconf 84' lang='lat' dir='ltr'><strong>Pater</strong></span> <span class='ocrx_word' id='word_1_225' title='bbox 1009 2767 1200 2822; x_wconf 78' lang='lat' dir='ltr'><strong>Filium</strong></span> <span class='ocrx_word' id='word_1_226' title='bbox 1223 2806 1241 2837; x_wconf 96' lang='lat'><strong>,</strong></span> <span class='ocrx_word' id='word_1_227' title='bbox 1272 2784 1377 2825; x_wconf 90' lang='lat' dir='ltr'><strong>non</strong></span> <span class='ocrx_word' id='word_1_228' title='bbox 1423 2772 1693 2840; x_wconf 86' lang='lat' dir='ltr'><strong>quomodo</strong></span> 
     </span>
    </p>
   </div>
   <div class='ocr_carea' id='block_1_27' title="bbox 127 2852 1693 2931">
    <p class='ocr_par' dir='ltr' id='par_1_27' title="bbox 127 2852 1693 2931">
     <span class='ocr_line' id='line_1_27' title="bbox 127 2852 1693 2931; baseline 0.006 -24"><span class='ocrx_word' id='word_1_229' title='bbox 127 2852 345 2911; x_wconf 79' lang='lat' dir='ltr'><strong>dominus</strong></span> <span class='ocrx_word' id='word_1_230' title='bbox 381 2871 647 2922; x_wconf 81' lang='lat' dir='ltr'><strong>servum;</strong></span> <span class='ocrx_word' id='word_1_231' title='bbox 688 2858 956 2925; x_wconf 83' lang='lat' dir='ltr'><strong>quomodo</strong></span> <span class='ocrx_word' id='word_1_232' title='bbox 981 2857 1241 2924; x_wconf 88' lang='lat' dir='ltr'><strong>Unicum,</strong></span> <span class='ocrx_word' id='word_1_233' title='bbox 1282 2876 1388 2915; x_wconf 89' lang='lat' dir='ltr'><strong>non</strong></span> <span class='ocrx_word' id='word_1_234' title='bbox 1427 2862 1693 2931; x_wconf 79' lang='lat' dir='ltr'><strong>quomodo</strong></span> 
     </span>
    </p>
   </div>
   <div class='ocr_carea' id='block_1_28' title="bbox 124 2944 1691 3022">
    <p class='ocr_par' dir='ltr' id='par_1_28' title="bbox 124 2944 1691 3022">
     <span class='ocr_line' id='line_1_28' title="bbox 124 2944 1691 3022; baseline 0.003 -18"><span class='ocrx_word' id='word_1_235' title='bbox 124 2944 429 3017; x_wconf 65' lang='lat' dir='ltr'><strong>adoptatum.</strong></span> <span class='ocrx_word' id='word_1_236' title='bbox 477 2947 663 3018; x_wconf 74' lang='lat' dir='ltr'><strong>Itaque</strong></span> <span class='ocrx_word' id='word_1_237' title='bbox 702 2949 875 3002; x_wconf 81' lang='lat' dir='ltr'><strong>omnia</strong></span> <span class='ocrx_word' id='word_1_238' title='bbox 920 2949 1059 3004; x_wconf 85' lang='lat' dir='ltr'><strong>dedit</strong></span> <span class='ocrx_word' id='word_1_239' title='bbox 1102 2950 1155 3003; x_wconf 78' lang='lat' dir='ltr'><strong><em>in</em></strong></span> <span class='ocrx_word' id='word_1_240' title='bbox 1196 2966 1352 3004; x_wconf 82' lang='lat' dir='ltr'><strong>manu</strong></span> <span class='ocrx_word' id='word_1_241' title='bbox 1378 2953 1507 3022; x_wconf 76' lang='lat' dir='ltr'><strong>ejus.</strong></span> <span class='ocrx_word' id='word_1_242' title='bbox 1553 2952 1691 3020; x_wconf 84' lang='lat' dir='ltr'><strong>Quid</strong></span> 
     </span>
    </p>
   </div>
   <div class='ocr_carea' id='block_1_29' title="bbox 127 3038 1687 3111">
    <p class='ocr_par' dir='ltr' id='par_1_29' title="bbox 127 3038 1687 3111">
     <span class='ocr_line' id='line_1_29' title="bbox 127 3038 1687 3111; baseline 0.003 -19"><span class='ocrx_word' id='word_1_243' title='bbox 127 3040 405 3102; x_wconf 75' lang='lat' dir='ltr'><strong>est,etania</strong></span> <span class='ocrx_word' id='word_1_244' title='bbox 434 3040 461 3094; x_wconf 69' lang='grc'><em>2</em></span> <span class='ocrx_word' id='word_1_245' title='bbox 504 3038 577 3095; x_wconf 86' lang='lat' dir='ltr'><strong>Ut</strong></span> <span class='ocrx_word' id='word_1_246' title='bbox 607 3047 783 3095; x_wconf 87' lang='lat' dir='ltr'><strong>tantus</strong></span> <span class='ocrx_word' id='word_1_247' title='bbox 823 3039 893 3094; x_wconf 87' lang='lat' dir='ltr'><strong>sit</strong></span> <span class='ocrx_word' id='word_1_248' title='bbox 915 3039 1100 3105; x_wconf 86' lang='lat' dir='ltr'><strong>Filius,</strong></span> <span class='ocrx_word' id='word_1_249' title='bbox 1142 3051 1371 3111; x_wconf 86' lang='lat' dir='ltr'><strong>quantus</strong></span> <span class='ocrx_word' id='word_1_250' title='bbox 1394 3050 1477 3096; x_wconf 87' lang='lat' dir='ltr'><strong>est</strong></span> <span class='ocrx_word' id='word_1_251' title='bbox 1513 3042 1687 3098; x_wconf 83' lang='lat' dir='ltr'><strong>Pater.</strong></span> 
     </span>
    </p>
   </div>
   <div class='ocr_carea' id='block_1_30' title="bbox 126 3126 1688 3203">
    <p class='ocr_par' dir='ltr' id='par_1_30' title="bbox 126 3126 1688 3203">
     <span class='ocr_line' id='line_1_30' title="bbox 126 3126 1688 3203; baseline 0.006 -23"><span class='ocrx_word' id='word_1_252' title='bbox 126 3126 195 3182; x_wconf 78' lang='lat' dir='ltr'><strong>Ad</strong></span> <span class='ocrx_word' id='word_1_253' title='bbox 215 3130 565 3200; x_wconf 65' lang='lat' dir='ltr'><strong>cqualitatem</strong></span> <span class='ocrx_word' id='word_1_254' title='bbox 594 3133 734 3185; x_wconf 89' lang='lat' dir='ltr'><strong>enim</strong></span> <span class='ocrx_word' id='word_1_255' title='bbox 758 3130 860 3185; x_wconf 87' lang='lat' dir='ltr'><strong>sibi</strong></span> <span class='ocrx_word' id='word_1_256' title='bbox 878 3130 1060 3200; x_wconf 83' lang='lat' dir='ltr'><strong>genuit</strong></span> <span class='ocrx_word' id='word_1_257' title='bbox 1086 3146 1229 3199; x_wconf 83' lang='lat' dir='ltr'><strong>eum,</strong></span> <span class='ocrx_word' id='word_1_258' title='bbox 1257 3134 1342 3187; x_wconf 85' lang='lat' dir='ltr'><strong>cui</strong></span> <span class='ocrx_word' id='word_1_259' title='bbox 1374 3134 1558 3203; x_wconf 83' lang='lat' dir='ltr'><strong>rapina</strong></span> <span class='ocrx_word' id='word_1_260' title='bbox 1583 3150 1688 3189; x_wconf 87' lang='lat' dir='ltr'><strong>non</strong></span> 
     </span>
    </p>
   </div>
   <div class='ocr_carea' id='block_1_31' title="bbox 129 3216 1688 3300">
    <p class='ocr_par' dir='ltr' id='par_1_31' title="bbox 129 3216 1688 3300">
     <span class='ocr_line' id='line_1_31' title="bbox 129 3216 1688 3300; baseline 0.004 -25"><span class='ocrx_word' id='word_1_261' title='bbox 129 3227 248 3274; x_wconf 78' lang='lat' dir='ltr'><strong>esset</strong></span> <span class='ocrx_word' id='word_1_262' title='bbox 268 3220 316 3275; x_wconf 90' lang='lat' dir='ltr'><strong>in</strong></span> <span class='ocrx_word' id='word_1_263' title='bbox 336 3216 517 3276; x_wconf 71' lang='lat' dir='ltr'><strong>forma</strong></span> <span class='ocrx_word' id='word_1_264' title='bbox 538 3221 631 3276; x_wconf 87' lang='lat' dir='ltr'><strong>Dei</strong></span> <span class='ocrx_word' id='word_1_265' title='bbox 659 3236 778 3276; x_wconf 86' lang='lat' dir='ltr'><strong>esse</strong></span> <span class='ocrx_word' id='word_1_266' title='bbox 801 3222 1059 3291; x_wconf 78' lang='lat' dir='ltr'><strong>aequalem</strong></span> <span class='ocrx_word' id='word_1_267' title='bbox 1089 3224 1198 3278; x_wconf 89' lang='lat' dir='ltr'><strong>Deo</strong></span> <span class='ocrx_word' id='word_1_268' title='bbox 1226 3223 1485 3297; x_wconf 82' lang='lat' dir='ltr'><strong><em>(Philipp.</em></strong></span> <span class='ocrx_word' id='word_1_269' title='bbox 1514 3243 1573 3292; x_wconf 88' lang='grc' dir='ltr'>ιι,</span> <span class='ocrx_word' id='word_1_270' title='bbox 1606 3226 1688 3300; x_wconf 88' lang='grc'><strong>6).</strong></span> 
     </span>
    </p>
   </div>
   <div class='ocr_carea' id='block_1_32' title="bbox 130 3305 1689 3390">
    <p class='ocr_par' dir='ltr' id='par_1_32' title="bbox 130 3305 1689 3390">
     <span class='ocr_line' id='line_1_32' title="bbox 130 3305 1689 3390; baseline 0.008 -30"><span class='ocrx_word' id='word_1_271' title='bbox 130 3305 264 3365; x_wconf 81' lang='lat' dir='ltr'><strong>Pater</strong></span> <span class='ocrx_word' id='word_1_272' title='bbox 301 3312 476 3382; x_wconf 79' lang='lat' dir='ltr'><strong><em>diligit</em></strong></span> <span class='ocrx_word' id='word_1_273' title='bbox 520 3310 569 3364; x_wconf 82' lang='lat' dir='ltr'><em>F</em></span> <span class='ocrx_word' id='word_1_274' title='bbox 570 3311 712 3366; x_wconf 87' lang='lat' dir='ltr'><strong>ilium</strong></span> <span class='ocrx_word' id='word_1_275' title='bbox 738 3350 752 3377; x_wconf 92' lang='lat'><strong>,</strong></span> <span class='ocrx_word' id='word_1_276' title='bbox 799 3321 845 3366; x_wconf 84' lang='lat' dir='ltr'><strong><em>et</em></strong></span> <span class='ocrx_word' id='word_1_277' title='bbox 877 3314 1049 3367; x_wconf 80' lang='lat' dir='ltr'><strong>omnia</strong></span> <span class='ocrx_word' id='word_1_278' title='bbox 1093 3315 1230 3369; x_wconf 83' lang='lat' dir='ltr'><strong>dedit</strong></span> <span class='ocrx_word' id='word_1_279' title='bbox 1270 3316 1323 3369; x_wconf 87' lang='lat' dir='ltr'><strong><em>in</em></strong></span> <span class='ocrx_word' id='word_1_280' title='bbox 1366 3332 1521 3371; x_wconf 86' lang='lat' dir='ltr'><strong>manu</strong></span> <span class='ocrx_word' id='word_1_281' title='bbox 1559 3321 1689 3390; x_wconf 69' lang='lat' dir='ltr'><strong>eius.</strong></span> 
     </span>
    </p>
   </div>
   <div class='ocr_carea' id='block_1_33' title="bbox 132 3393 1688 3475">
    <p class='ocr_par' dir='ltr' id='par_1_33' title="bbox 132 3393 1688 3475">
     <span class='ocr_line' id='line_1_33' title="bbox 132 3393 1688 3475; baseline 0.006 -21"><span class='ocrx_word' id='word_1_282' title='bbox 132 3395 251 3470; x_wconf 74' lang='lat' dir='ltr'><strong>Ergo</strong></span> <span class='ocrx_word' id='word_1_283' title='bbox 283 3415 407 3456; x_wconf 85' lang='lat' dir='ltr'><strong>cum</strong></span> <span class='ocrx_word' id='word_1_284' title='bbox 439 3401 503 3456; x_wconf 86' lang='lat' dir='ltr'><strong>ad</strong></span> <span class='ocrx_word' id='word_1_285' title='bbox 533 3417 633 3457; x_wconf 87' lang='lat' dir='ltr'><strong>nos</strong></span> <span class='ocrx_word' id='word_1_286' title='bbox 662 3403 910 3473; x_wconf 81' lang='lat' dir='ltr'><strong>dignatus</strong></span> <span class='ocrx_word' id='word_1_287' title='bbox 932 3412 1019 3458; x_wconf 88' lang='lat' dir='ltr'><strong>est</strong></span> <span class='ocrx_word' id='word_1_288' title='bbox 1054 3405 1264 3461; x_wconf 86' lang='lat' dir='ltr'><strong>mittere</strong></span> <span class='ocrx_word' id='word_1_289' title='bbox 1308 3393 1499 3462; x_wconf 86' lang='lat' dir='ltr'><strong>Filium</strong></span> <span class='ocrx_word' id='word_1_290' title='bbox 1522 3449 1537 3475; x_wconf 93' lang='lat'><strong>,</strong></span> <span class='ocrx_word' id='word_1_291' title='bbox 1583 3422 1688 3464; x_wconf 86' lang='lat' dir='ltr'><strong>non</strong></span> 
     </span>
    </p>
   </div>
   <div class='ocr_carea' id='block_1_34' title="bbox 132 3492 1685 3567">
    <p class='ocr_par' dir='ltr' id='par_1_34' title="bbox 132 3492 1685 3567">
     <span class='ocr_line' id='line_1_34' title="bbox 132 3492 1685 3567; baseline 0.008 -24"><span class='ocrx_word' id='word_1_292' title='bbox 132 3498 343 3558; x_wconf 83' lang='lat' dir='ltr'><strong>putemus</strong></span> <span class='ocrx_word' id='word_1_293' title='bbox 367 3492 577 3563; x_wconf 81' lang='lat' dir='ltr'><strong>aliquid</strong></span> <span class='ocrx_word' id='word_1_294' title='bbox 606 3493 780 3548; x_wconf 83' lang='lat' dir='ltr'><strong>minus</strong></span> <span class='ocrx_word' id='word_1_295' title='bbox 802 3494 953 3549; x_wconf 77' lang='lat' dir='ltr'><strong>nobis</strong></span> <span class='ocrx_word' id='word_1_296' title='bbox 979 3495 1198 3550; x_wconf 84' lang='lat' dir='ltr'><strong>missum</strong></span> <span class='ocrx_word' id='word_1_297' title='bbox 1222 3511 1383 3567; x_wconf 83' lang='lat' dir='ltr'><strong>quam</strong></span> <span class='ocrx_word' id='word_1_298' title='bbox 1408 3508 1493 3555; x_wconf 89' lang='lat' dir='ltr'><strong>est</strong></span> <span class='ocrx_word' id='word_1_299' title='bbox 1510 3500 1685 3557; x_wconf 85' lang='lat' dir='ltr'><strong>Pater.</strong></span> 
     </span>
    </p>
   </div>
   <div class='ocr_carea' id='block_1_35' title="bbox 135 3579 1275 3652">
    <p class='ocr_par' dir='ltr' id='par_1_35' title="bbox 135 3579 1275 3652">
     <span class='ocr_line' id='line_1_35' title="bbox 135 3579 1275 3652; baseline 0.005 -18"><span class='ocrx_word' id='word_1_300' title='bbox 135 3579 264 3637; x_wconf 82' lang='lat' dir='ltr'><strong>Pater</strong></span> <span class='ocrx_word' id='word_1_301' title='bbox 280 3584 502 3639; x_wconf 85' lang='lat' dir='ltr'><strong>mittens</strong></span> <span class='ocrx_word' id='word_1_302' title='bbox 527 3584 745 3652; x_wconf 85' lang='lat' dir='ltr'><strong>Filium,</strong></span> <span class='ocrx_word' id='word_1_303' title='bbox 779 3595 838 3641; x_wconf 89' lang='lat' dir='ltr'><strong>se</strong></span> <span class='ocrx_word' id='word_1_304' title='bbox 858 3585 1087 3640; x_wconf 88' lang='lat' dir='ltr'><strong>alterum</strong></span> <span class='ocrx_word' id='word_1_305' title='bbox 1109 3588 1275 3642; x_wconf 89' lang='lat' dir='ltr'><strong>misit.</strong></span> 
     </span>
    </p>
   </div>
   <div class='ocr_carea' id='block_1_36' title="bbox 190 3670 1690 3751">
    <p class='ocr_par' dir='ltr' id='par_1_36' title="bbox 190 3670 1690 3751">
     <span class='ocr_line' id='line_1_36' title="bbox 190 3670 1690 3751; baseline 0.006 -22"><span class='ocrx_word' id='word_1_306' title='bbox 190 3670 264 3729; x_wconf 70' lang='grc'><strong>12.</strong></span> <span class='ocrx_word' id='word_1_307' title='bbox 300 3673 545 3746; x_wconf 78' lang='lat' dir='ltr'><strong>Namque</strong></span> <span class='ocrx_word' id='word_1_308' title='bbox 582 3683 834 3747; x_wconf 87' lang='lat' dir='ltr'><strong>putantes</strong></span> <span class='ocrx_word' id='word_1_309' title='bbox 871 3676 1047 3731; x_wconf 88' lang='lat' dir='ltr'><strong>adhuc</strong></span> <span class='ocrx_word' id='word_1_310' title='bbox 1090 3676 1334 3748; x_wconf 86' lang='lat' dir='ltr'><strong>discipuli</strong></span> <span class='ocrx_word' id='word_1_311' title='bbox 1364 3681 1488 3751; x_wconf 86' lang='lat' dir='ltr'><strong>quia</strong></span> <span class='ocrx_word' id='word_1_312' title='bbox 1531 3683 1690 3739; x_wconf 83' lang='lat' dir='ltr'><strong>Pater</strong></span> 
     </span>
    </p>
   </div>
   <div class='ocr_carea' id='block_1_37' title="bbox 134 3763 1692 3838">
    <p class='ocr_par' dir='ltr' id='par_1_37' title="bbox 134 3763 1692 3838">
     <span class='ocr_line' id='line_1_37' title="bbox 134 3763 1692 3838; baseline 0.011 -23"><span class='ocrx_word' id='word_1_313' title='bbox 134 3763 302 3836; x_wconf 78' lang='lat' dir='ltr'><strong>aliquid</strong></span> <span class='ocrx_word' id='word_1_314' title='bbox 328 3767 505 3836; x_wconf 84' lang='lat' dir='ltr'><strong>majus</strong></span> <span class='ocrx_word' id='word_1_315' title='bbox 542 3778 627 3824; x_wconf 84' lang='lat' dir='ltr'><strong>est</strong></span> <span class='ocrx_word' id='word_1_316' title='bbox 669 3784 827 3838; x_wconf 88' lang='lat' dir='ltr'><strong>quam</strong></span> <span class='ocrx_word' id='word_1_317' title='bbox 855 3768 1058 3837; x_wconf 82' lang='lat' dir='ltr'><strong>Filius,</strong></span> <span class='ocrx_word' id='word_1_318' title='bbox 1109 3770 1352 3828; x_wconf 82' lang='lat' dir='ltr'><strong>videntes</strong></span> <span class='ocrx_word' id='word_1_319' title='bbox 1391 3788 1608 3830; x_wconf 85' lang='lat' dir='ltr'><strong>carnem</strong></span> <span class='ocrx_word' id='word_1_320' title='bbox 1636 3784 1692 3832; x_wconf 89' lang='lat' dir='ltr'><strong>et</strong></span> 
     </span>
    </p>
   </div>
   <div class='ocr_carea' id='block_1_38' title="bbox 134 3859 1687 3935">
    <p class='ocr_par' dir='ltr' id='par_1_38' title="bbox 134 3859 1687 3935">
     <span class='ocr_line' id='line_1_38' title="bbox 134 3859 1687 3935; baseline 0.007 -26"><span class='ocrx_word' id='word_1_321' title='bbox 134 3869 224 3910; x_wconf 83' lang='lat' dir='ltr'><strong>non</strong></span> <span class='ocrx_word' id='word_1_322' title='bbox 254 3859 606 3931; x_wconf 83' lang='lat' dir='ltr'><strong>intelligentcs</strong></span> <span class='ocrx_word' id='word_1_323' title='bbox 628 3859 954 3917; x_wconf 77' lang='lat' dir='ltr'><strong>divinitatem</strong></span> <span class='ocrx_word' id='word_1_324' title='bbox 980 3901 997 3925; x_wconf 80' lang='lat'><strong>.</strong></span> <span class='ocrx_word' id='word_1_325' title='bbox 1037 3861 1287 3917; x_wconf 81' lang='lat' dir='ltr'><strong>dixerunt</strong></span> <span class='ocrx_word' id='word_1_326' title='bbox 1325 3865 1375 3919; x_wconf 89' lang='lat' dir='ltr'><strong>ei</strong></span> <span class='ocrx_word' id='word_1_327' title='bbox 1405 3882 1418 3918; x_wconf 90' lang='lat'><strong>:</strong></span> <span class='ocrx_word' id='word_1_328' title='bbox 1453 3864 1687 3935; x_wconf 78' lang='lat' dir='ltr'><strong>Domine,</strong></span> 
     </span>
    </p>
   </div>
   <div class='ocr_carea' id='block_1_39' title="bbox 138 3950 1689 4026">
    <p class='ocr_par' dir='ltr' id='par_1_39' title="bbox 138 3950 1689 4026">
     <span class='ocr_line' id='line_1_39' title="bbox 138 3950 1689 4026; baseline 0.008 -25"><span class='ocrx_word' id='word_1_329' title='bbox 138 3950 311 4006; x_wconf 70' lang='lat' dir='ltr'><strong>ostmds</strong></span> <span class='ocrx_word' id='word_1_330' title='bbox 330 3952 477 4007; x_wconf 78' lang='lat' dir='ltr'><strong>nobis</strong></span> <span class='ocrx_word' id='word_1_331' title='bbox 505 3950 743 4016; x_wconf 83' lang='lat' dir='ltr'><strong>Patrem,</strong></span> <span class='ocrx_word' id='word_1_332' title='bbox 782 3960 830 4006; x_wconf 86' lang='lat' dir='ltr'><strong>et</strong></span> <span class='ocrx_word' id='word_1_333' title='bbox 858 3952 1035 4022; x_wconf 69' lang='lat' dir='ltr'><strong>suﬂicit</strong></span> <span class='ocrx_word' id='word_1_334' title='bbox 1058 3952 1217 4007; x_wconf 68' lang='lat' dir='ltr'><strong>nobis.</strong></span> <span class='ocrx_word' id='word_1_335' title='bbox 1248 3954 1519 4026; x_wconf 84' lang='lat' dir='ltr'><strong>Tanquam</strong></span> <span class='ocrx_word' id='word_1_336' title='bbox 1544 3957 1689 4013; x_wconf 86' lang='lat' dir='ltr'><strong>dice-</strong></span> 
     </span>
    </p>
   </div>
   <div class='ocr_carea' id='block_1_40' title="bbox 139 4042 1690 4116">
    <p class='ocr_par' dir='ltr' id='par_1_40' title="bbox 139 4042 1690 4116">
     <span class='ocr_line' id='line_1_40' title="bbox 139 4042 1690 4116; baseline 0.005 -21"><span class='ocrx_word' id='word_1_337' title='bbox 139 4049 265 4110; x_wconf 84' lang='lat' dir='ltr'><strong>rent,</strong></span> <span class='ocrx_word' id='word_1_338' title='bbox 293 4043 412 4099; x_wconf 74' lang='lat' dir='ltr'><strong>iam</strong></span> <span class='ocrx_word' id='word_1_339' title='bbox 438 4044 685 4098; x_wconf 80' lang='lat' dir='ltr'><strong>novimus</strong></span> <span class='ocrx_word' id='word_1_340' title='bbox 712 4053 785 4110; x_wconf 90' lang='lat' dir='ltr'><strong>te,</strong></span> <span class='ocrx_word' id='word_1_341' title='bbox 814 4054 871 4099; x_wconf 88' lang='lat' dir='ltr'><strong>et</strong></span> <span class='ocrx_word' id='word_1_342' title='bbox 897 4042 1258 4100; x_wconf 84' lang='lat' dir='ltr'><strong>benedieimus</strong></span> <span class='ocrx_word' id='word_1_343' title='bbox 1281 4054 1351 4112; x_wconf 81' lang='lat' dir='ltr'><strong>te,</strong></span> <span class='ocrx_word' id='word_1_344' title='bbox 1387 4048 1507 4116; x_wconf 88' lang='lat' dir='ltr'><strong>quia</strong></span> <span class='ocrx_word' id='word_1_345' title='bbox 1534 4049 1690 4102; x_wconf 88' lang='lat' dir='ltr'><strong>novi-</strong></span> 
     </span>
    </p>
   </div>
   <div class='ocr_carea' id='block_1_41' title="bbox 139 4133 1690 4204">
    <p class='ocr_par' dir='ltr' id='par_1_41' title="bbox 139 4133 1690 4204">
     <span class='ocr_line' id='line_1_41' title="bbox 139 4133 1690 4204; baseline 0.005 -17"><span class='ocrx_word' id='word_1_346' title='bbox 139 4143 239 4187; x_wconf 74' lang='lat' dir='ltr'><strong>ltus</strong></span> <span class='ocrx_word' id='word_1_347' title='bbox 259 4141 306 4189; x_wconf 82' lang='lat' dir='ltr'><strong>te</strong></span> <span class='ocrx_word' id='word_1_348' title='bbox 334 4153 349 4189; x_wconf 88' lang='lat'><strong>:</strong></span> <span class='ocrx_word' id='word_1_349' title='bbox 376 4134 576 4204; x_wconf 77' lang='lat' dir='ltr'><strong>gratias</strong></span> <span class='ocrx_word' id='word_1_350' title='bbox 593 4134 736 4190; x_wconf 86' lang='lat' dir='ltr'><strong>enim</strong></span> <span class='ocrx_word' id='word_1_351' title='bbox 768 4133 863 4188; x_wconf 82' lang='lat' dir='ltr'><strong>tibi</strong></span> <span class='ocrx_word' id='word_1_352' title='bbox 891 4134 1098 4204; x_wconf 84' lang='lat' dir='ltr'><strong>agimus</strong></span> <span class='ocrx_word' id='word_1_353' title='bbox 1119 4174 1134 4201; x_wconf 88' lang='lat'><strong>,</strong></span> <span class='ocrx_word' id='word_1_354' title='bbox 1178 4136 1299 4204; x_wconf 86' lang='lat' dir='ltr'><strong>quia</strong></span> <span class='ocrx_word' id='word_1_355' title='bbox 1334 4137 1610 4193; x_wconf 86' lang='lat' dir='ltr'><strong>ostendisti</strong></span> <span class='ocrx_word' id='word_1_356' title='bbox 1638 4147 1690 4195; x_wconf 84' lang='lat' dir='ltr'><strong>te</strong></span> 
     </span>
    </p>
   </div>
   <div class='ocr_carea' id='block_1_42' title="bbox 139 4223 1691 4296">
    <p class='ocr_par' dir='ltr' id='par_1_42' title="bbox 139 4223 1691 4296">
     <span class='ocr_line' id='line_1_42' title="bbox 139 4223 1691 4296; baseline 0.004 -17"><span class='ocrx_word' id='word_1_357' title='bbox 139 4223 301 4291; x_wconf 81' lang='lat' dir='ltr'><strong>nobis;</strong></span> <span class='ocrx_word' id='word_1_358' title='bbox 339 4224 437 4281; x_wconf 81' lang='lat' dir='ltr'><strong>sed</strong></span> <span class='ocrx_word' id='word_1_359' title='bbox 462 4225 675 4281; x_wconf 77' lang='lat' dir='ltr'><strong>Patrem</strong></span> <span class='ocrx_word' id='word_1_360' title='bbox 700 4224 935 4281; x_wconf 81' lang='lat' dir='ltr'><strong>nondum</strong></span> <span class='ocrx_word' id='word_1_361' title='bbox 964 4225 1208 4280; x_wconf 84' lang='lat' dir='ltr'><strong>novimus</strong></span> <span class='ocrx_word' id='word_1_362' title='bbox 1236 4243 1249 4278; x_wconf 86' lang='lat'><strong>:</strong></span> <span class='ocrx_word' id='word_1_363' title='bbox 1282 4235 1560 4296; x_wconf 79' lang='lat' dir='ltr'><strong>propterea</strong></span> <span class='ocrx_word' id='word_1_364' title='bbox 1597 4244 1691 4284; x_wconf 88' lang='lat' dir='ltr'><strong>cor</strong></span> 
     </span>
    </p>
   </div>
   <div class='ocr_carea' id='block_1_43' title="bbox 141 4316 1690 4387">
    <p class='ocr_par' dir='ltr' id='par_1_43' title="bbox 141 4316 1690 4387">
     <span class='ocr_line' id='line_1_43' title="bbox 141 4316 1690 4387; baseline 0.005 -17"><span class='ocrx_word' id='word_1_365' title='bbox 141 4324 349 4372; x_wconf 77' lang='lat' dir='ltr'><strong>nostrum</strong></span> <span class='ocrx_word' id='word_1_366' title='bbox 363 4316 534 4384; x_wconf 78' lang='lat' dir='ltr'><strong>ardet,</strong></span> <span class='ocrx_word' id='word_1_367' title='bbox 551 4326 608 4372; x_wconf 84' lang='lat' dir='ltr'><strong>et</strong></span> <span class='ocrx_word' id='word_1_368' title='bbox 626 4317 811 4387; x_wconf 77' lang='lat' dir='ltr'><strong>satagit</strong></span> <span class='ocrx_word' id='word_1_369' title='bbox 825 4317 1252 4387; x_wconf 78' lang='lat' dir='ltr'><strong>concupiscentia</strong></span> <span class='ocrx_word' id='word_1_370' title='bbox 1267 4318 1491 4387; x_wconf 82' lang='lat' dir='ltr'><strong>quadam</strong></span> <span class='ocrx_word' id='word_1_371' title='bbox 1508 4329 1690 4376; x_wconf 81' lang='lat' dir='ltr'><strong>sancta</strong></span> 
     </span>
    </p>
   </div>
   <div class='ocr_carea' id='block_1_44' title="bbox 143 4406 1688 4483">
    <p class='ocr_par' dir='ltr' id='par_1_44' title="bbox 143 4406 1688 4483">
     <span class='ocr_line' id='line_1_44' title="bbox 143 4406 1688 4483; baseline 0.005 -19"><span class='ocrx_word' id='word_1_372' title='bbox 143 4406 325 4466; x_wconf 62' lang='grc' dir='ltr'><strong>*Μ</strong></span> <span class='ocrx_word' id='word_1_373' title='bbox 343 4410 516 4467; x_wconf 79' lang='lat' dir='ltr'><strong>Patris</strong></span> <span class='ocrx_word' id='word_1_374' title='bbox 540 4410 621 4465; x_wconf 86' lang='lat' dir='ltr'><strong>tui</strong></span> <span class='ocrx_word' id='word_1_375' title='bbox 645 4411 735 4480; x_wconf 82' lang='lat' dir='ltr'><strong>qui</strong></span> <span class='ocrx_word' id='word_1_376' title='bbox 762 4420 812 4465; x_wconf 88' lang='lat' dir='ltr'><strong>te</strong></span> <span class='ocrx_word' id='word_1_377' title='bbox 838 4409 1021 4476; x_wconf 86' lang='lat' dir='ltr'><strong>misit;</strong></span> <span class='ocrx_word' id='word_1_378' title='bbox 1064 4410 1234 4481; x_wconf 85' lang='lat' dir='ltr'><strong>ipsum</strong></span> <span class='ocrx_word' id='word_1_379' title='bbox 1271 4412 1424 4466; x_wconf 89' lang='lat' dir='ltr'><strong>nobis</strong></span> <span class='ocrx_word' id='word_1_380' title='bbox 1443 4414 1688 4483; x_wconf 81' lang='lat' dir='ltr'><strong>ostende,</strong></span> 
     </span>
    </p>
   </div>
   <div class='ocr_carea' id='block_1_45' title="bbox 145 4500 1690 4575">
    <p class='ocr_par' dir='ltr' id='par_1_45' title="bbox 145 4500 1690 4575">
     <span class='ocr_line' id='line_1_45' title="bbox 145 4500 1690 4575; baseline 0.006 -22"><span class='ocrx_word' id='word_1_381' title='bbox 145 4508 189 4554; x_wconf 83' lang='lat' dir='ltr'><strong>et</strong></span> <span class='ocrx_word' id='word_1_382' title='bbox 206 4500 324 4559; x_wconf 72' lang='lat' dir='ltr'><strong>nihil</strong></span> <span class='ocrx_word' id='word_1_383' title='bbox 346 4504 573 4575; x_wconf 73' lang='lat' dir='ltr'><strong>amplius</strong></span> <span class='ocrx_word' id='word_1_384' title='bbox 590 4517 621 4557; x_wconf 82' lang='grc' dir='ltr'><strong>ιι</strong></span> <span class='ocrx_word' id='word_1_385' title='bbox 648 4514 700 4559; x_wconf 81' lang='lat' dir='ltr'><strong>te</strong></span> <span class='ocrx_word' id='word_1_386' title='bbox 726 4501 1147 4559; x_wconf 83' lang='lat' dir='ltr'><strong>desiderabimus</strong></span> <span class='ocrx_word' id='word_1_387' title='bbox 1171 4522 1183 4557; x_wconf 88' lang='lat'><strong>:</strong></span> <span class='ocrx_word' id='word_1_388' title='bbox 1206 4503 1401 4560; x_wconf 71' lang='lat' dir='ltr'><strong>sufficit</strong></span> <span class='ocrx_word' id='word_1_389' title='bbox 1425 4507 1569 4561; x_wconf 87' lang='lat' dir='ltr'><strong>enim</strong></span> <span class='ocrx_word' id='word_1_390' title='bbox 1589 4522 1690 4563; x_wconf 85' lang='lat' dir='ltr'><strong>no-</strong></span> 
     </span>
    </p>
   </div>
   <div class='ocr_carea' id='block_1_46' title="bbox 148 4589 1691 4668">
    <p class='ocr_par' dir='ltr' id='par_1_46' title="bbox 148 4589 1691 4668">
     <span class='ocr_line' id='line_1_46' title="bbox 148 4589 1691 4668; baseline 0.008 -23"><span class='ocrx_word' id='word_1_391' title='bbox 148 4589 215 4648; x_wconf 85' lang='lat' dir='ltr'><strong>bis</strong></span> <span class='ocrx_word' id='word_1_392' title='bbox 250 4610 362 4652; x_wconf 89' lang='lat' dir='ltr'><strong>cum</strong></span> <span class='ocrx_word' id='word_1_393' title='bbox 404 4596 495 4652; x_wconf 90' lang='lat' dir='ltr'><strong>ille</strong></span> <span class='ocrx_word' id='word_1_394' title='bbox 541 4595 700 4650; x_wconf 81' lang='lat' dir='ltr'><strong>fuerit</strong></span> <span class='ocrx_word' id='word_1_395' title='bbox 747 4594 1174 4662; x_wconf 88' lang='lat' dir='ltr'><strong>demonstratus,</strong></span> <span class='ocrx_word' id='word_1_396' title='bbox 1232 4614 1337 4668; x_wconf 90' lang='lat' dir='ltr'><strong>quo</strong></span> <span class='ocrx_word' id='word_1_397' title='bbox 1367 4599 1535 4668; x_wconf 82' lang='lat' dir='ltr'><strong>major</strong></span> <span class='ocrx_word' id='word_1_398' title='bbox 1569 4616 1691 4658; x_wconf 82' lang='lat' dir='ltr'><strong>esse</strong></span> 
     </span>
    </p>
   </div>
   <div class='ocr_carea' id='block_1_47' title="bbox 146 4688 1688 4762">
    <p class='ocr_par' dir='ltr' id='par_1_47' title="bbox 146 4688 1688 4762">
     <span class='ocr_line' id='line_1_47' title="bbox 146 4688 1688 4762; baseline 0.005 -20"><span class='ocrx_word' id='word_1_399' title='bbox 146 4697 476 4758; x_wconf 56' lang='lat' dir='ltr'><strong>mutem.</strong></span> <span class='ocrx_word' id='word_1_400' title='bbox 495 4688 1100 4758; x_wconf 72' lang='lat' dir='ltr'><strong>Bomcmtcopiseentis.</strong></span> <span class='ocrx_word' id='word_1_401' title='bbox 1119 4691 1316 4745; x_wconf 80' lang='lat' dir='ltr'><strong>bonum</strong></span> <span class='ocrx_word' id='word_1_402' title='bbox 1332 4692 1655 4749; x_wconf 75' lang='lat' dir='ltr'><strong>desiderium</strong></span> <span class='ocrx_word' id='word_1_403' title='bbox 1674 4713 1688 4762; x_wconf 90' lang='lat'><strong>;</strong></span> 
     </span>
    </p>
   </div>
   <div class='ocr_carea' id='block_1_48' title="bbox 146 4775 1690 4852">
    <p class='ocr_par' dir='ltr' id='par_1_48' title="bbox 146 4775 1690 4852">
     <span class='ocr_line' id='line_1_48' title="bbox 146 4775 1690 4852; baseline 0.006 -21"><span class='ocrx_word' id='word_1_404' title='bbox 146 4775 420 4849; x_wconf 62' lang='lat' dir='ltr'><strong>sedtum</strong></span> <span class='ocrx_word' id='word_1_405' title='bbox 455 4780 782 4836; x_wconf 70' lang='lat' dir='ltr'><strong>intellectus.</strong></span> <span class='ocrx_word' id='word_1_406' title='bbox 813 4779 1105 4835; x_wconf 78' lang='lat' dir='ltr'><strong>Attendens</strong></span> <span class='ocrx_word' id='word_1_407' title='bbox 1128 4782 1270 4836; x_wconf 84' lang='lat' dir='ltr'><strong>enim</strong></span> <span class='ocrx_word' id='word_1_408' title='bbox 1292 4784 1406 4852; x_wconf 83' lang='lat' dir='ltr'><strong>ipse</strong></span> <span class='ocrx_word' id='word_1_409' title='bbox 1437 4786 1690 4841; x_wconf 86' lang='lat' dir='ltr'><strong>Dominus</strong></span> 
     </span>
    </p>
   </div>
   <div class='ocr_carea' id='block_1_49' title="bbox 147 4864 1687 4948">
    <p class='ocr_par' dir='ltr' id='par_1_49' title="bbox 147 4864 1687 4948">
     <span class='ocr_line' id='line_1_49' title="bbox 147 4864 1687 4948; baseline 0.006 -24"><span class='ocrx_word' id='word_1_410' title='bbox 147 4864 279 4924; x_wconf 60' lang='lat' dir='ltr'><strong>ius</strong></span> <span class='ocrx_word' id='word_1_411' title='bbox 299 4886 484 4941; x_wconf 72' lang='lat' dir='ltr'><strong>parvos</strong></span> <span class='ocrx_word' id='word_1_412' title='bbox 510 4886 701 4941; x_wconf 78' lang='lat' dir='ltr'><strong>magno</strong></span> <span class='ocrx_word' id='word_1_413' title='bbox 723 4879 1043 4941; x_wconf 63' lang='lat' dir='ltr'><strong>quatrentcs,</strong></span> <span class='ocrx_word' id='word_1_414' title='bbox 1074 4880 1130 4927; x_wconf 90' lang='lat' dir='ltr'><strong>ct</strong></span> <span class='ocrx_word' id='word_1_415' title='bbox 1154 4889 1213 4928; x_wconf 86' lang='lat' dir='ltr'><strong>se</strong></span> <span class='ocrx_word' id='word_1_416' title='bbox 1241 4874 1412 4944; x_wconf 82' lang='lat' dir='ltr'><strong>ipsum</strong></span> <span class='ocrx_word' id='word_1_417' title='bbox 1439 4890 1687 4948; x_wconf 82' lang='lat' dir='ltr'><strong>magnum</strong></span> 
     </span>
    </p>
   </div>
   <div class='ocr_carea' id='block_1_50' title="bbox 149 4958 1690 5043">
    <p class='ocr_par' dir='ltr' id='par_1_50' title="bbox 149 4958 1690 5043">
     <span class='ocr_line' id='line_1_50' title="bbox 149 4958 1690 5043; baseline 0.008 -29"><span class='ocrx_word' id='word_1_418' title='bbox 149 4958 268 5017; x_wconf 74' lang='lat' dir='ltr'><strong>inter</strong></span> <span class='ocrx_word' id='word_1_419' title='bbox 298 4979 483 5035; x_wconf 74' lang='lat' dir='ltr'><strong>parvos</strong></span> <span class='ocrx_word' id='word_1_420' title='bbox 504 5002 525 5032; x_wconf 87' lang='lat'><strong>,</strong></span> <span class='ocrx_word' id='word_1_421' title='bbox 565 4974 621 5021; x_wconf 83' lang='lat' dir='ltr'><strong>et</strong></span> <span class='ocrx_word' id='word_1_422' title='bbox 650 4978 870 5035; x_wconf 78' lang='lat' dir='ltr'><strong>parvum</strong></span> <span class='ocrx_word' id='word_1_423' title='bbox 900 4965 1040 5020; x_wconf 86' lang='lat' dir='ltr'><strong>inter</strong></span> <span class='ocrx_word' id='word_1_424' title='bbox 1078 4981 1304 5036; x_wconf 78' lang='lat' dir='ltr'><strong>parvos,</strong></span> <span class='ocrx_word' id='word_1_425' title='bbox 1346 4970 1418 5023; x_wconf 84' lang='lat' dir='ltr'><strong>ait</strong></span> <span class='ocrx_word' id='word_1_426' title='bbox 1446 4969 1690 5043; x_wconf 76' lang='lat' dir='ltr'><strong>Philippo</strong></span> 
     </span>
    </p>
   </div>
   <div class='ocr_carea' id='block_1_51' title="bbox 150 5052 1692 5135">
    <p class='ocr_par' dir='ltr' id='par_1_51' title="bbox 150 5052 1692 5135">
     <span class='ocr_line' id='line_1_51' title="bbox 150 5052 1692 5135; baseline 0.006 -24"><span class='ocrx_word' id='word_1_427' title='bbox 150 5052 223 5119; x_wconf 68' lang='grc' dir='ltr'><strong>ςιί</strong></span> <span class='ocrx_word' id='word_1_428' title='bbox 257 5052 344 5112; x_wconf 79' lang='lat' dir='ltr'><strong>llos</strong></span> <span class='ocrx_word' id='word_1_429' title='bbox 384 5056 593 5112; x_wconf 60' lang='lat' dir='ltr'><strong>dixerat</strong></span> <span class='ocrx_word' id='word_1_430' title='bbox 618 5097 634 5121; x_wconf 93' lang='lat'><strong><em>,</em></strong></span> <span class='ocrx_word' id='word_1_431' title='bbox 681 5056 772 5111; x_wconf 80' lang='lat' dir='ltr'><strong>uni</strong></span> <span class='ocrx_word' id='word_1_432' title='bbox 818 5071 883 5111; x_wconf 82' lang='lat' dir='ltr'><strong>ex</strong></span> <span class='ocrx_word' id='word_1_433' title='bbox 930 5056 1208 5127; x_wconf 74' lang='lat' dir='ltr'><strong>discipttlis</strong></span> <span class='ocrx_word' id='word_1_434' title='bbox 1240 5078 1252 5113; x_wconf 89' lang='lat'>:</span> <span class='ocrx_word' id='word_1_435' title='bbox 1286 5059 1446 5116; x_wconf 82' lang='lat' dir='ltr'><strong>Tanto</strong></span> <span class='ocrx_word' id='word_1_436' title='bbox 1471 5072 1692 5135; x_wconf 78' lang='lat' dir='ltr'><strong>tempore</strong></span> 
     </span>
    </p>
   </div>
   <div class='ocr_carea' id='block_1_52' title="bbox 150 5143 1691 5222">
    <p class='ocr_par' dir='ltr' id='par_1_52' title="bbox 150 5143 1691 5222">
     <span class='ocr_line' id='line_1_52' title="bbox 150 5143 1691 5222; baseline 0.007 -23"><span class='ocrx_word' id='word_1_437' title='bbox 150 5143 362 5202; x_wconf 59' lang='lat' dir='ltr'><strong>&quot;bim</strong></span> <span class='ocrx_word' id='word_1_438' title='bbox 385 5164 521 5216; x_wconf 67' lang='lat' dir='ltr'><strong>satis,</strong></span> <span class='ocrx_word' id='word_1_439' title='bbox 544 5157 593 5202; x_wconf 85' lang='lat' dir='ltr'><strong>et</strong></span> <span class='ocrx_word' id='word_1_440' title='bbox 617 5162 719 5202; x_wconf 74' lang='lat' dir='ltr'><strong>non</strong></span> <span class='ocrx_word' id='word_1_441' title='bbox 745 5148 1051 5218; x_wconf 69' lang='lat' dir='ltr'><strong>cognoristis</strong></span> <span class='ocrx_word' id='word_1_442' title='bbox 1070 5165 1166 5213; x_wconf 78' lang='lat' dir='ltr'><strong>me,</strong></span> <span class='ocrx_word' id='word_1_443' title='bbox 1197 5149 1478 5222; x_wconf 75' lang='lat' dir='ltr'><strong>Philippe?</strong></span> <span class='ocrx_word' id='word_1_444' title='bbox 1504 5154 1691 5210; x_wconf 79' lang='lat' dir='ltr'><strong>Posset</strong></span> 
     </span>
    </p>
   </div>
   <div class='ocr_carea' id='block_1_53' title="bbox 68 5230 1689 5321">
    <p class='ocr_par' dir='ltr' id='par_1_53' title="bbox 68 5230 1689 5321">
     <span class='ocr_line' id='line_1_53' title="bbox 68 5230 1689 5321; baseline 0.007 -31"><span class='ocrx_word' id='word_1_445' title='bbox 68 5296 83 5321; x_wconf 48' lang='grc' dir='ltr'>ι</span> <span class='ocrx_word' id='word_1_446' title='bbox 153 5230 231 5290; x_wconf 70' lang='lat' dir='ltr'><strong>hic</strong></span> <span class='ocrx_word' id='word_1_447' title='bbox 251 5236 513 5311; x_wconf 72' lang='lat' dir='ltr'><strong>Philippus</strong></span> <span class='ocrx_word' id='word_1_448' title='bbox 534 5238 882 5308; x_wconf 69' lang='lat' dir='ltr'><strong>respondere,</strong></span> <span class='ocrx_word' id='word_1_449' title='bbox 908 5240 1270 5309; x_wconf 68' lang='lat' dir='ltr'><strong>Cognovitnus</strong></span> <span class='ocrx_word' id='word_1_450' title='bbox 1294 5250 1378 5308; x_wconf 86' lang='lat' dir='ltr'><strong>te;</strong></span> <span class='ocrx_word' id='word_1_451' title='bbox 1406 5245 1499 5299; x_wconf 87' lang='lat' dir='ltr'><strong>sed</strong></span> <span class='ocrx_word' id='word_1_452' title='bbox 1531 5261 1689 5301; x_wconf 88' lang='lat' dir='ltr'><strong>num-</strong></span> 
     </span>
    </p>
   </div>
   <div class='ocr_carea' id='block_1_54' title="bbox 155 5327 1686 5408">
    <p class='ocr_par' dir='ltr' id='par_1_54' title="bbox 155 5327 1686 5408">
     <span class='ocr_line' id='line_1_54' title="bbox 155 5327 1686 5408; baseline 0.006 -22"><span class='ocrx_word' id='word_1_453' title='bbox 523 5330 641 5397; x_wconf 83' lang='lat' dir='ltr'><strong>tibi,</strong></span> <span class='ocrx_word' id='word_1_454' title='bbox 674 5329 909 5387; x_wconf 78' lang='lat' dir='ltr'><strong>Ostende</strong></span> <span class='ocrx_word' id='word_1_455' title='bbox 936 5331 1091 5385; x_wconf 83' lang='lat' dir='ltr'><strong>nobis</strong></span> <span class='ocrx_word' id='word_1_456' title='bbox 1113 5334 1197 5387; x_wconf 81' lang='lat' dir='ltr'><strong>te?</strong></span> <span class='ocrx_word' id='word_1_457' title='bbox 1223 5333 1298 5389; x_wconf 87' lang='lat' dir='ltr'><strong>Te</strong></span> <span class='ocrx_word' id='word_1_458' title='bbox 1322 5338 1686 5408; x_wconf 77' lang='lat' dir='ltr'><strong>cognovimus,</strong></span> 
     </span>
    </p>
   </div>
   <div class='ocr_carea' id='block_1_55' title="bbox 152 5418 1686 5499">
    <p class='ocr_par' dir='ltr' id='par_1_55' title="bbox 152 5418 1686 5499">
     <span class='ocr_line' id='line_1_55' title="bbox 152 5418 1686 5499; baseline 0.011 -30"><span class='ocrx_word' id='word_1_459' title='bbox 152 5418 231 5473; x_wconf 76' lang='lat' dir='ltr'><strong>sed</strong></span> <span class='ocrx_word' id='word_1_460' title='bbox 252 5421 443 5480; x_wconf 66' lang='lat' dir='ltr'><strong>Patrem</strong></span> <span class='ocrx_word' id='word_1_461' title='bbox 469 5424 780 5494; x_wconf 62' lang='lat' dir='ltr'><strong>querimus.</strong></span> <span class='ocrx_word' id='word_1_462' title='bbox 802 5422 1043 5492; x_wconf 66' lang='lat' dir='ltr'><strong>Subiecit</strong></span> <span class='ocrx_word' id='word_1_463' title='bbox 1067 5424 1243 5479; x_wconf 77' lang='lat' dir='ltr'><strong>statim</strong></span> <span class='ocrx_word' id='word_1_464' title='bbox 1275 5444 1287 5479; x_wconf 90' lang='lat'><strong>:</strong></span> <span class='ocrx_word' id='word_1_465' title='bbox 1322 5426 1422 5492; x_wconf 81' lang='lat' dir='ltr'><strong><em>Qui</em></strong></span> <span class='ocrx_word' id='word_1_466' title='bbox 1448 5446 1528 5482; x_wconf 78' lang='lat' dir='ltr'><strong>me</strong></span> <span class='ocrx_word' id='word_1_467' title='bbox 1541 5431 1686 5499; x_wconf 72' lang='lat' dir='ltr'><strong>vidit,</strong></span> 
     </span>
    </p>
   </div>
   <div class='ocr_carea' id='block_1_56' title="bbox 108 5509 1686 5589">
    <p class='ocr_par' dir='ltr' id='par_1_56' title="bbox 108 5509 1686 5589">
     <span class='ocr_line' id='line_1_56' title="bbox 108 5509 1686 5589; baseline 0.007 -24"><span class='ocrx_word' id='word_1_468' title='bbox 108 5555 111 5565; x_wconf 95' lang='lat'><strong>.</strong></span> <span class='ocrx_word' id='word_1_469' title='bbox 154 5509 311 5569; x_wconf 69' lang='lat' dir='ltr'><strong><em>titlitat</em></strong></span> <span class='ocrx_word' id='word_1_470' title='bbox 331 5515 533 5571; x_wconf 63' lang='lat' dir='ltr'><strong>Paean</strong></span> <span class='ocrx_word' id='word_1_471' title='bbox 562 5512 743 5589; x_wconf 69' lang='lat' dir='ltr'><strong>(locu.</strong></span> <span class='ocrx_word' id='word_1_472' title='bbox 770 5530 882 5582; x_wconf 71' lang='lat' dir='ltr'><strong>stv,</strong></span> <span class='ocrx_word' id='word_1_473' title='bbox 904 5514 959 5582; x_wconf 82' lang='lat'><strong>8,</strong></span> <span class='ocrx_word' id='word_1_474' title='bbox 985 5516 1063 5587; x_wconf 79' lang='lat'><strong>9).</strong></span> <span class='ocrx_word' id='word_1_475' title='bbox 1087 5515 1142 5572; x_wconf 92' lang='lat' dir='ltr'><strong>Si</strong></span> <span class='ocrx_word' id='word_1_476' title='bbox 1165 5532 1293 5588; x_wconf 85' lang='lat' dir='ltr'><strong>ergo</strong></span> <span class='ocrx_word' id='word_1_477' title='bbox 1312 5520 1529 5588; x_wconf 69' lang='lat' dir='ltr'><strong>:cqualis</strong></span> <span class='ocrx_word' id='word_1_478' title='bbox 1548 5520 1686 5576; x_wconf 75' lang='lat' dir='ltr'><strong>Patri</strong></span> 
     </span>
    </p>
   </div>
   <div class='ocr_carea' id='block_1_57' title="bbox 104 5601 1685 5683">
    <p class='ocr_par' dir='ltr' id='par_1_57' title="bbox 104 5601 1685 5683">
     <span class='ocr_line' id='line_1_57' title="bbox 104 5601 1685 5683; baseline 0.011 -31"><span class='ocrx_word' id='word_1_479' title='bbox 104 5606 111 5635; x_wconf 75' lang='grc' dir='ltr'><strong>ι</strong></span> <span class='ocrx_word' id='word_1_480' title='bbox 153 5601 315 5663; x_wconf 64' lang='lat' dir='ltr'><strong>nisus</strong></span> <span class='ocrx_word' id='word_1_481' title='bbox 329 5617 431 5676; x_wconf 78' lang='lat' dir='ltr'><strong>est,</strong></span> <span class='ocrx_word' id='word_1_482' title='bbox 452 5623 565 5665; x_wconf 74' lang='lat' dir='ltr'><strong>non</strong></span> <span class='ocrx_word' id='word_1_483' title='bbox 580 5614 713 5665; x_wconf 64' lang='lat' dir='ltr'><strong>eum</strong></span> <span class='ocrx_word' id='word_1_484' title='bbox 737 5608 1060 5663; x_wconf 61' lang='lat' dir='ltr'><strong>aestimemus</strong></span> <span class='ocrx_word' id='word_1_485' title='bbox 1082 5625 1147 5664; x_wconf 80' lang='lat' dir='ltr'><strong>ex</strong></span> <span class='ocrx_word' id='word_1_486' title='bbox 1172 5609 1478 5666; x_wconf 77' lang='lat' dir='ltr'><strong>inﬁrmitate</strong></span> <span class='ocrx_word' id='word_1_487' title='bbox 1490 5614 1685 5683; x_wconf 83' lang='lat' dir='ltr'><strong>carnis,</strong></span> 
     </span>
    </p>
   </div>
   <div class='ocr_carea' id='block_1_58' title="bbox 156 5694 1687 5777">
    <p class='ocr_par' dir='ltr' id='par_1_58' title="bbox 156 5694 1687 5777">
     <span class='ocr_line' id='line_1_58' title="bbox 156 5694 1687 5777; baseline 0.009 -28"><span class='ocrx_word' id='word_1_488' title='bbox 880 5700 1116 5757; x_wconf 65' lang='lat' dir='ltr'><strong>indutam</strong></span> <span class='ocrx_word' id='word_1_489' title='bbox 1132 5715 1316 5772; x_wconf 78' lang='lat' dir='ltr'><strong>carne,</strong></span> <span class='ocrx_word' id='word_1_490' title='bbox 1338 5719 1444 5761; x_wconf 79' lang='lat' dir='ltr'><strong>non</strong></span> <span class='ocrx_word' id='word_1_491' title='bbox 1466 5719 1687 5777; x_wconf 80' lang='lat' dir='ltr'><strong>oppres-</strong></span> 
     </span>
    </p>
   </div>
   <div class='ocr_carea' id='block_1_59' title="bbox 207 5809 1271 5885">
    <p class='ocr_par' dir='ltr' id='par_1_59' title="bbox 207 5809 1271 5885">
     <span class='ocr_line' id='line_1_59' title="bbox 207 5809 1271 5885; baseline 0.009 -21"><span class='ocrx_word' id='word_1_492' title='bbox 207 5809 221 5843; x_wconf 88' lang='grc'>¹</span> <span class='ocrx_word' id='word_1_493' title='bbox 242 5816 669 5885; x_wconf 51' lang='lat' dir='ltr'><strong>liemigieushlﬁq&#39;</strong></span> <span class='ocrx_word' id='word_1_494' title='bbox 817 5817 882 5870; x_wconf 88' lang='lat' dir='ltr'><strong>ad</strong></span> <span class='ocrx_word' id='word_1_495' title='bbox 906 5817 1271 5874; x_wconf 66' lang='lat' dir='ltr'><strong>diadum-</strong></span> 
     </span>
    </p>
   </div>
   <div class='ocr_carea' id='block_1_60' title="bbox 470 5968 811 6181">
    <p class='ocr_par' dir='ltr' id='par_1_60' title="bbox 470 5968 811 6181">
     <span class='ocr_line' id='line_1_60' title="bbox 470 5968 811 6181; baseline 0.006 -46"><span class='ocrx_word' id='word_1_496' title='bbox 470 5968 811 6181; x_wconf 62' lang='lat' dir='ltr'><strong>ti...</strong></span> 
     </span>
    </p>
   </div>
   <div class='ocr_carea' id='block_1_61' title="bbox 466 6014 816 6186">
    <p class='ocr_par' dir='ltr' id='par_1_61' title="bbox 470 6018 811 6181">
     <span class='ocr_line' id='line_1_61' title="bbox 470 6018 811 6181; baseline 0.006 -46"><span class='ocrx_word' id='word_1_497' title='bbox 470 6018 811 6181; x_wconf 59' lang='grc' dir='ltr'><strong>αι..</strong></span> 
     </span>
    </p>
   </div>
   <div class='ocr_carea' id='block_1_62' title="bbox 1217 363 2176 427">
    <p class='ocr_par' dir='ltr' id='par_1_62' title="bbox 1217 363 2176 427">
     <span class='ocr_line' id='line_1_62' title="bbox 1217 363 2176 427; baseline 0.007 -9"><span class='ocrx_word' id='word_1_498' title='bbox 1217 363 1629 422; x_wconf 80' lang='lat' dir='ltr'><strong>TRACTATUS</strong></span> <span class='ocrx_word' id='word_1_499' title='bbox 1667 367 1784 425; x_wconf 83' lang='lat' dir='ltr'><strong>XV.</strong></span> <span class='ocrx_word' id='word_1_500' title='bbox 1820 367 2049 425; x_wconf 79' lang='lat' dir='ltr'><strong>CAPUT</strong></span> <span class='ocrx_word' id='word_1_501' title='bbox 2085 367 2176 427; x_wconf 78' lang='lat' dir='ltr'><strong>IV.</strong></span> 
     </span>
    </p>
   </div>
   <div class='ocr_carea' id='block_1_63' title="bbox 1809 482 3387 573">
    <p class='ocr_par' dir='ltr' id='par_1_63' title="bbox 1809 482 3387 573">
     <span class='ocr_line' id='line_1_63' title="bbox 1809 482 3387 573; baseline 0.014 -36"><span class='ocrx_word' id='word_1_502' title='bbox 1809 497 1921 537; x_wconf 85' lang='lat' dir='ltr'><strong>sam</strong></span> <span class='ocrx_word' id='word_1_503' title='bbox 1946 498 2127 539; x_wconf 86' lang='lat' dir='ltr'><strong>carne.</strong></span> <span class='ocrx_word' id='word_1_504' title='bbox 2177 482 2396 542; x_wconf 79' lang='lat' dir='ltr'><strong>Manens</strong></span> <span class='ocrx_word' id='word_1_505' title='bbox 2432 486 2575 544; x_wconf 86' lang='lat' dir='ltr'><strong>enim</strong></span> <span class='ocrx_word' id='word_1_506' title='bbox 2609 489 2751 548; x_wconf 88' lang='lat' dir='ltr'><strong>Deus</strong></span> <span class='ocrx_word' id='word_1_507' title='bbox 2776 493 2916 564; x_wconf 83' lang='lat' dir='ltr'><strong>apud</strong></span> <span class='ocrx_word' id='word_1_508' title='bbox 2942 496 3157 555; x_wconf 80' lang='lat' dir='ltr'><strong>Patrem</strong></span> <span class='ocrx_word' id='word_1_509' title='bbox 3180 540 3197 566; x_wconf 92' lang='lat'><strong>,</strong></span> <span class='ocrx_word' id='word_1_510' title='bbox 3245 505 3387 573; x_wconf 84' lang='lat' dir='ltr'><strong>apud</strong></span> 
     </span>
    </p>
   </div>
   <div class='ocr_carea' id='block_1_64' title="bbox 1809 573 3390 663">
    <p class='ocr_par' dir='ltr' id='par_1_64' title="bbox 1809 573 3390 663">
     <span class='ocr_line' id='line_1_64' title="bbox 1809 573 3390 663; baseline 0.015 -35"><span class='ocrx_word' id='word_1_511' title='bbox 1809 573 2055 632; x_wconf 87' lang='lat' dir='ltr'><strong>homines</strong></span> <span class='ocrx_word' id='word_1_512' title='bbox 2083 575 2255 633; x_wconf 76' lang='lat' dir='ltr'><strong>factus</strong></span> <span class='ocrx_word' id='word_1_513' title='bbox 2276 588 2360 634; x_wconf 89' lang='lat' dir='ltr'><strong>est</strong></span> <span class='ocrx_word' id='word_1_514' title='bbox 2405 579 2600 649; x_wconf 84' lang='lat' dir='ltr'><strong>homo,</strong></span> <span class='ocrx_word' id='word_1_515' title='bbox 2651 593 2707 641; x_wconf 85' lang='lat' dir='ltr'><strong>ut</strong></span> <span class='ocrx_word' id='word_1_516' title='bbox 2737 592 2793 641; x_wconf 90' lang='lat' dir='ltr'><strong>tu</strong></span> <span class='ocrx_word' id='word_1_517' title='bbox 2829 602 2924 656; x_wconf 87' lang='lat' dir='ltr'><strong>per</strong></span> <span class='ocrx_word' id='word_1_518' title='bbox 2952 589 3101 645; x_wconf 87' lang='lat' dir='ltr'><strong>illum</strong></span> <span class='ocrx_word' id='word_1_519' title='bbox 3122 591 3214 663; x_wconf 86' lang='lat' dir='ltr'><strong>qui</strong></span> <span class='ocrx_word' id='word_1_520' title='bbox 3238 594 3305 649; x_wconf 81' lang='lat' dir='ltr'><strong>ad</strong></span> <span class='ocrx_word' id='word_1_521' title='bbox 3337 604 3390 652; x_wconf 82' lang='lat' dir='ltr'><strong>te</strong></span> 
     </span>
    </p>
   </div>
   <div class='ocr_carea' id='block_1_65' title="bbox 1809 664 3387 750">
    <p class='ocr_par' dir='ltr' id='par_1_65' title="bbox 1809 664 3387 750">
     <span class='ocr_line' id='line_1_65' title="bbox 1809 664 3387 750; baseline 0.015 -30"><span class='ocrx_word' id='word_1_522' title='bbox 1809 664 1979 722; x_wconf 81' lang='lat' dir='ltr'><strong>factus</strong></span> <span class='ocrx_word' id='word_1_523' title='bbox 2002 677 2086 724; x_wconf 89' lang='lat' dir='ltr'><strong>est</strong></span> <span class='ocrx_word' id='word_1_524' title='bbox 2114 669 2274 725; x_wconf 83' lang='lat' dir='ltr'><strong>homo</strong></span> <span class='ocrx_word' id='word_1_525' title='bbox 2291 712 2309 735; x_wconf 90' lang='lat'><strong>,</strong></span> <span class='ocrx_word' id='word_1_526' title='bbox 2336 671 2494 728; x_wconf 83' lang='lat' dir='ltr'><strong>lieres</strong></span> <span class='ocrx_word' id='word_1_527' title='bbox 2523 674 2644 729; x_wconf 87' lang='lat' dir='ltr'><strong>talis</strong></span> <span class='ocrx_word' id='word_1_528' title='bbox 2669 676 2841 747; x_wconf 87' lang='lat' dir='ltr'><strong>qualis</strong></span> <span class='ocrx_word' id='word_1_529' title='bbox 2863 679 3007 750; x_wconf 85' lang='lat' dir='ltr'><strong>capit</strong></span> <span class='ocrx_word' id='word_1_530' title='bbox 3036 682 3222 738; x_wconf 86' lang='lat' dir='ltr'><strong>Deum.</strong></span> <span class='ocrx_word' id='word_1_531' title='bbox 3267 684 3387 742; x_wconf 80' lang='lat' dir='ltr'><strong>Non</strong></span> 
     </span>
    </p>
   </div>
   <div class='ocr_carea' id='block_1_66' title="bbox 1808 759 3392 847">
    <p class='ocr_par' dir='ltr' id='par_1_66' title="bbox 1808 759 3392 847">
     <span class='ocr_line' id='line_1_66' title="bbox 1808 759 3392 847; baseline 0.014 -35"><span class='ocrx_word' id='word_1_532' title='bbox 1808 759 1950 847; x_wconf 84' lang='lat' dir='ltr'><strong>enim</strong></span> <span class='ocrx_word' id='word_1_533' title='bbox 2001 761 2162 817; x_wconf 88' lang='lat' dir='ltr'><strong>homo</strong></span> <span class='ocrx_word' id='word_1_534' title='bbox 2217 771 2426 835; x_wconf 87' lang='lat' dir='ltr'><strong>poterat</strong></span> <span class='ocrx_word' id='word_1_535' title='bbox 2477 781 2666 838; x_wconf 85' lang='lat' dir='ltr'><strong>capere</strong></span> <span class='ocrx_word' id='word_1_536' title='bbox 2715 769 2879 825; x_wconf 89' lang='lat' dir='ltr'><strong>Deum</strong></span> <span class='ocrx_word' id='word_1_537' title='bbox 2917 773 3138 830; x_wconf 84' lang='lat' dir='ltr'><strong>:videre</strong></span> <span class='ocrx_word' id='word_1_538' title='bbox 3182 786 3392 847; x_wconf 81' lang='lat' dir='ltr'><strong>poterat</strong></span> 
     </span>
    </p>
   </div>
   <div class='ocr_carea' id='block_1_67' title="bbox 1808 845 3386 931">
    <p class='ocr_par' dir='ltr' id='par_1_67' title="bbox 1808 845 3386 931">
     <span class='ocr_line' id='line_1_67' title="bbox 1808 845 3386 931; baseline 0.016 -30"><span class='ocrx_word' id='word_1_539' title='bbox 1808 845 1969 904; x_wconf 87' lang='lat' dir='ltr'><strong>homo</strong></span> <span class='ocrx_word' id='word_1_540' title='bbox 1995 849 2285 921; x_wconf 88' lang='lat' dir='ltr'><strong>hominem,</strong></span> <span class='ocrx_word' id='word_1_541' title='bbox 2319 870 2510 925; x_wconf 87' lang='lat' dir='ltr'><strong>capere</strong></span> <span class='ocrx_word' id='word_1_542' title='bbox 2531 857 2698 913; x_wconf 86' lang='lat' dir='ltr'><strong>Deum</strong></span> <span class='ocrx_word' id='word_1_543' title='bbox 2720 876 2823 914; x_wconf 88' lang='lat' dir='ltr'><strong>non</strong></span> <span class='ocrx_word' id='word_1_544' title='bbox 2853 871 3079 931; x_wconf 87' lang='lat' dir='ltr'><strong>poterat.</strong></span> <span class='ocrx_word' id='word_1_545' title='bbox 3105 845 3256 922; x_wconf 82' lang='lat' dir='ltr'><strong>Unde</strong></span> <span class='ocrx_word' id='word_1_546' title='bbox 3278 883 3386 925; x_wconf 85' lang='lat' dir='ltr'><strong>non</strong></span> 
     </span>
    </p>
   </div>
   <div class='ocr_carea' id='block_1_68' title="bbox 1808 938 3389 1010">
    <p class='ocr_par' dir='ltr' id='par_1_68' title="bbox 1808 938 3389 1010">
     <span class='ocr_line' id='line_1_68' title="bbox 1808 938 3389 1010; baseline 0.015 -24"><span class='ocrx_word' id='word_1_547' title='bbox 1808 942 2018 1002; x_wconf 84' lang='lat' dir='ltr'><strong>poterat</strong></span> <span class='ocrx_word' id='word_1_548' title='bbox 2038 951 2229 1006; x_wconf 88' lang='lat' dir='ltr'><strong>capere</strong></span> <span class='ocrx_word' id='word_1_549' title='bbox 2262 938 2471 996; x_wconf 88' lang='lat' dir='ltr'><strong>Deum?</strong></span> <span class='ocrx_word' id='word_1_550' title='bbox 2513 941 2644 1010; x_wconf 83' lang='lat' dir='ltr'><strong>Quia</strong></span> <span class='ocrx_word' id='word_1_551' title='bbox 2680 945 2890 1001; x_wconf 87' lang='lat' dir='ltr'><strong>oculum</strong></span> <span class='ocrx_word' id='word_1_552' title='bbox 2918 950 3098 1005; x_wconf 89' lang='lat' dir='ltr'><strong>cordis</strong></span> <span class='ocrx_word' id='word_1_553' title='bbox 3127 951 3268 1008; x_wconf 80' lang='lat' dir='ltr'><strong>unde</strong></span> <span class='ocrx_word' id='word_1_554' title='bbox 3295 968 3389 1009; x_wconf 83' lang='lat' dir='ltr'><strong>ca-</strong></span> 
     </span>
    </p>
   </div>
   <div class='ocr_carea' id='block_1_69' title="bbox 1807 1025 3387 1113">
    <p class='ocr_par' dir='ltr' id='par_1_69' title="bbox 1807 1025 3387 1113">
     <span class='ocr_line' id='line_1_69' title="bbox 1807 1025 3387 1113; baseline 0.013 -35"><span class='ocrx_word' id='word_1_555' title='bbox 1807 1035 1981 1093; x_wconf 85' lang='lat' dir='ltr'><strong>peret,</strong></span> <span class='ocrx_word' id='word_1_556' title='bbox 2009 1042 2113 1082; x_wconf 88' lang='lat' dir='ltr'><strong>non</strong></span> <span class='ocrx_word' id='word_1_557' title='bbox 2145 1025 2391 1087; x_wconf 81' lang='lat' dir='ltr'><strong>habebat.</strong></span> <span class='ocrx_word' id='word_1_558' title='bbox 2423 1030 2551 1088; x_wconf 85' lang='lat' dir='ltr'><strong>Erat</strong></span> <span class='ocrx_word' id='word_1_559' title='bbox 2576 1048 2702 1105; x_wconf 80' lang='lat' dir='ltr'><strong>ergo</strong></span> <span class='ocrx_word' id='word_1_560' title='bbox 2722 1036 2920 1107; x_wconf 87' lang='lat' dir='ltr'><strong>aliquid</strong></span> <span class='ocrx_word' id='word_1_561' title='bbox 2951 1038 3091 1096; x_wconf 88' lang='lat' dir='ltr'><strong>intus</strong></span> <span class='ocrx_word' id='word_1_562' title='bbox 3120 1043 3387 1113; x_wconf 84' lang='lat' dir='ltr'><strong>saucium,</strong></span> 
     </span>
    </p>
   </div>
   <div class='ocr_carea' id='block_1_70' title="bbox 1807 1116 3386 1201">
    <p class='ocr_par' dir='ltr' id='par_1_70' title="bbox 1807 1116 3386 1201">
     <span class='ocr_line' id='line_1_70' title="bbox 1807 1116 3386 1201; baseline 0.012 -31"><span class='ocrx_word' id='word_1_563' title='bbox 1807 1116 2069 1188; x_wconf 88' lang='lat' dir='ltr'><strong>etaliquid</strong></span> <span class='ocrx_word' id='word_1_564' title='bbox 2097 1116 2225 1174; x_wconf 84' lang='lat' dir='ltr'><strong>foris</strong></span> <span class='ocrx_word' id='word_1_565' title='bbox 2252 1134 2439 1176; x_wconf 87' lang='lat' dir='ltr'><strong>sanum</strong></span> <span class='ocrx_word' id='word_1_566' title='bbox 2469 1140 2481 1175; x_wconf 90' lang='lat'>:</span> <span class='ocrx_word' id='word_1_567' title='bbox 2502 1126 2737 1196; x_wconf 89' lang='lat' dir='ltr'><strong>corporis</strong></span> <span class='ocrx_word' id='word_1_568' title='bbox 2756 1127 2938 1184; x_wconf 91' lang='lat' dir='ltr'><strong>oculos</strong></span> <span class='ocrx_word' id='word_1_569' title='bbox 2955 1128 3188 1187; x_wconf 82' lang='lat' dir='ltr'><strong>habebat</strong></span> <span class='ocrx_word' id='word_1_570' title='bbox 3200 1148 3386 1201; x_wconf 85' lang='lat' dir='ltr'><strong>sanos,</strong></span> 
     </span>
    </p>
   </div>
   <div class='ocr_carea' id='block_1_71' title="bbox 1807 1209 3388 1285">
    <p class='ocr_par' dir='ltr' id='par_1_71' title="bbox 1807 1209 3388 1285">
     <span class='ocr_line' id='line_1_71' title="bbox 1807 1209 3388 1285; baseline 0.015 -23"><span class='ocrx_word' id='word_1_571' title='bbox 1807 1209 1982 1264; x_wconf 89' lang='lat' dir='ltr'><strong>cordis</strong></span> <span class='ocrx_word' id='word_1_572' title='bbox 2002 1211 2182 1267; x_wconf 85' lang='lat' dir='ltr'><strong>oculos</strong></span> <span class='ocrx_word' id='word_1_573' title='bbox 2214 1213 2439 1270; x_wconf 82' lang='lat' dir='ltr'><strong>habebat</strong></span> <span class='ocrx_word' id='word_1_574' title='bbox 2462 1219 2689 1275; x_wconf 85' lang='lat' dir='ltr'><strong>saucios.</strong></span> <span class='ocrx_word' id='word_1_575' title='bbox 2733 1220 2925 1279; x_wconf 86' lang='lat' dir='ltr'><strong>Factus</strong></span> <span class='ocrx_word' id='word_1_576' title='bbox 2942 1235 3023 1279; x_wconf 87' lang='lat' dir='ltr'><strong>est</strong></span> <span class='ocrx_word' id='word_1_577' title='bbox 3036 1220 3123 1282; x_wconf 85' lang='lat' dir='ltr'><strong>ille</strong></span> <span class='ocrx_word' id='word_1_578' title='bbox 3137 1227 3298 1284; x_wconf 88' lang='lat' dir='ltr'><strong>homo</strong></span> <span class='ocrx_word' id='word_1_579' title='bbox 3320 1229 3388 1285; x_wconf 84' lang='lat' dir='ltr'><strong>ad</strong></span> 
     </span>
    </p>
   </div>
   <div class='ocr_carea' id='block_1_72' title="bbox 1806 1305 3392 1392">
    <p class='ocr_par' dir='ltr' id='par_1_72' title="bbox 1806 1305 3392 1392">
     <span class='ocr_line' id='line_1_72' title="bbox 1806 1305 3392 1392; baseline 0.016 -38"><span class='ocrx_word' id='word_1_580' title='bbox 1806 1306 2045 1372; x_wconf 87' lang='lat' dir='ltr'><strong>corporis</strong></span> <span class='ocrx_word' id='word_1_581' title='bbox 2059 1305 2266 1360; x_wconf 89' lang='lat' dir='ltr'><strong>oculum</strong></span> <span class='ocrx_word' id='word_1_582' title='bbox 2285 1324 2300 1373; x_wconf 87' lang='lat'><strong>;</strong></span> <span class='ocrx_word' id='word_1_583' title='bbox 2321 1318 2375 1363; x_wconf 91' lang='lat' dir='ltr'><strong>ut</strong></span> <span class='ocrx_word' id='word_1_584' title='bbox 2395 1310 2618 1366; x_wconf 88' lang='lat' dir='ltr'><strong>credens</strong></span> <span class='ocrx_word' id='word_1_585' title='bbox 2644 1313 2695 1367; x_wconf 93' lang='lat' dir='ltr'><strong>in</strong></span> <span class='ocrx_word' id='word_1_586' title='bbox 2712 1328 2833 1370; x_wconf 87' lang='lat' dir='ltr'><strong>eum</strong></span> <span class='ocrx_word' id='word_1_587' title='bbox 2849 1317 2938 1387; x_wconf 91' lang='lat' dir='ltr'><strong>qui</strong></span> <span class='ocrx_word' id='word_1_588' title='bbox 2956 1318 3123 1375; x_wconf 88' lang='lat' dir='ltr'><strong>videri</strong></span> <span class='ocrx_word' id='word_1_589' title='bbox 3141 1336 3392 1392; x_wconf 79' lang='lat' dir='ltr'><strong>corpora-</strong></span> 
     </span>
    </p>
   </div>
   <div class='ocr_carea' id='block_1_73' title="bbox 1806 1395 3388 1483">
    <p class='ocr_par' dir='ltr' id='par_1_73' title="bbox 1806 1395 3388 1483">
     <span class='ocr_line' id='line_1_73' title="bbox 1806 1395 3388 1483; baseline 0.013 -34"><span class='ocrx_word' id='word_1_590' title='bbox 1806 1395 1928 1450; x_wconf 86' lang='lat' dir='ltr'><strong>liter</strong></span> <span class='ocrx_word' id='word_1_591' title='bbox 1954 1398 2138 1466; x_wconf 89' lang='lat' dir='ltr'><strong>potuit,</strong></span> <span class='ocrx_word' id='word_1_592' title='bbox 2164 1402 2428 1455; x_wconf 88' lang='lat' dir='ltr'><strong>curareris</strong></span> <span class='ocrx_word' id='word_1_593' title='bbox 2456 1403 2473 1434; x_wconf 79' lang='grc'>¹</span> <span class='ocrx_word' id='word_1_594' title='bbox 2502 1403 2569 1457; x_wconf 89' lang='lat' dir='ltr'><strong>ad</strong></span> <span class='ocrx_word' id='word_1_595' title='bbox 2594 1419 2721 1459; x_wconf 88' lang='lat' dir='ltr'><strong>eum</strong></span> <span class='ocrx_word' id='word_1_596' title='bbox 2738 1405 2911 1476; x_wconf 83' lang='lat' dir='ltr'><strong>ipsum</strong></span> <span class='ocrx_word' id='word_1_597' title='bbox 2930 1408 3217 1466; x_wconf 85' lang='lat' dir='ltr'><strong>videndum</strong></span> <span class='ocrx_word' id='word_1_598' title='bbox 3230 1428 3388 1483; x_wconf 84' lang='lat' dir='ltr'><strong>quem</strong></span> 
     </span>
    </p>
   </div>
   <div class='ocr_carea' id='block_1_74' title="bbox 1805 1487 3392 1568">
    <p class='ocr_par' dir='ltr' id='par_1_74' title="bbox 1805 1487 3392 1568">
     <span class='ocr_line' id='line_1_74' title="bbox 1805 1487 3392 1568; baseline 0.011 -26"><span class='ocrx_word' id='word_1_599' title='bbox 1805 1487 2146 1557; x_wconf 85' lang='lat' dir='ltr'><strong>spiritualiter</strong></span> <span class='ocrx_word' id='word_1_600' title='bbox 2161 1490 2337 1545; x_wconf 84' lang='lat' dir='ltr'><strong>videre</strong></span> <span class='ocrx_word' id='word_1_601' title='bbox 2351 1508 2453 1547; x_wconf 90' lang='lat' dir='ltr'><strong>non</strong></span> <span class='ocrx_word' id='word_1_602' title='bbox 2474 1502 2700 1562; x_wconf 77' lang='lat' dir='ltr'><strong>poteras.</strong></span> <span class='ocrx_word' id='word_1_603' title='bbox 2723 1495 2883 1552; x_wconf 82' lang='lat' dir='ltr'><strong>Tanto</strong></span> <span class='ocrx_word' id='word_1_604' title='bbox 2905 1511 3125 1568; x_wconf 80' lang='lat' dir='ltr'><strong>tempore</strong></span> <span class='ocrx_word' id='word_1_605' title='bbox 3139 1501 3392 1561; x_wconf 74' lang='lat' dir='ltr'><strong>uobiscum</strong></span> 
     </span>
    </p>
   </div>
   <div class='ocr_carea' id='block_1_75' title="bbox 1805 1584 3391 1660">
    <p class='ocr_par' dir='ltr' id='par_1_75' title="bbox 1805 1584 3391 1660">
     <span class='ocr_line' id='line_1_75' title="bbox 1805 1584 3391 1660; baseline 0.01 -26"><span class='ocrx_word' id='word_1_606' title='bbox 1805 1597 1935 1648; x_wconf 88' lang='lat' dir='ltr'><strong>sum,</strong></span> <span class='ocrx_word' id='word_1_607' title='bbox 1950 1591 1995 1635; x_wconf 91' lang='lat' dir='ltr'><strong>et</strong></span> <span class='ocrx_word' id='word_1_608' title='bbox 2009 1599 2109 1636; x_wconf 86' lang='lat' dir='ltr'><strong>non</strong></span> <span class='ocrx_word' id='word_1_609' title='bbox 2126 1586 2422 1655; x_wconf 77' lang='lat' dir='ltr'><strong>cognovistis</strong></span> <span class='ocrx_word' id='word_1_610' title='bbox 2439 1603 2535 1650; x_wconf 82' lang='lat' dir='ltr'><strong>me,</strong></span> <span class='ocrx_word' id='word_1_611' title='bbox 2553 1584 2832 1660; x_wconf 78' lang='lat' dir='ltr'><strong>Philippe?</strong></span> <span class='ocrx_word' id='word_1_612' title='bbox 2848 1591 2947 1658; x_wconf 83' lang='lat' dir='ltr'><strong>Qui</strong></span> <span class='ocrx_word' id='word_1_613' title='bbox 2957 1609 3035 1647; x_wconf 85' lang='lat' dir='ltr'><strong>me</strong></span> <span class='ocrx_word' id='word_1_614' title='bbox 3050 1594 3193 1660; x_wconf 71' lang='lat' dir='ltr'><strong><em>vidit,</em></strong></span> <span class='ocrx_word' id='word_1_615' title='bbox 3212 1596 3334 1649; x_wconf 70' lang='lat' dir='ltr'><strong><em>vidit</em></strong></span> <span class='ocrx_word' id='word_1_616' title='bbox 3342 1605 3391 1651; x_wconf 78' lang='lat' dir='ltr'><strong>et</strong></span> 
     </span>
    </p>
   </div>
   <div class='ocr_carea' id='block_1_76' title="bbox 1804 1670 3391 1745">
    <p class='ocr_par' dir='ltr' id='par_1_76' title="bbox 1804 1670 3391 1745">
     <span class='ocr_line' id='line_1_76' title="bbox 1804 1670 3391 1745; baseline 0.013 -20"><span class='ocrx_word' id='word_1_617' title='bbox 1804 1670 2035 1727; x_wconf 83' lang='lat' dir='ltr'><strong>Patrem.</strong></span> <span class='ocrx_word' id='word_1_618' title='bbox 2063 1676 2239 1743; x_wconf 86' lang='lat' dir='ltr'><strong>Quare</strong></span> <span class='ocrx_word' id='word_1_619' title='bbox 2265 1677 2338 1731; x_wconf 91' lang='lat' dir='ltr'><strong>illi</strong></span> <span class='ocrx_word' id='word_1_620' title='bbox 2369 1693 2472 1732; x_wconf 88' lang='lat' dir='ltr'><strong>non</strong></span> <span class='ocrx_word' id='word_1_621' title='bbox 2499 1680 2643 1735; x_wconf 90' lang='lat' dir='ltr'><strong>illum</strong></span> <span class='ocrx_word' id='word_1_622' title='bbox 2668 1682 2955 1739; x_wconf 76' lang='lat' dir='ltr'><strong>videbant?</strong></span> <span class='ocrx_word' id='word_1_623' title='bbox 2978 1686 3118 1742; x_wconf 81' lang='lat' dir='ltr'><strong>Ecce</strong></span> <span class='ocrx_word' id='word_1_624' title='bbox 3140 1687 3391 1745; x_wconf 80' lang='lat' dir='ltr'><strong>videbant</strong></span> 
     </span>
    </p>
   </div>
   <div class='ocr_carea' id='block_1_77' title="bbox 1803 1762 3389 1845">
    <p class='ocr_par' dir='ltr' id='par_1_77' title="bbox 1803 1762 3389 1845">
     <span class='ocr_line' id='line_1_77' title="bbox 1803 1762 3389 1845; baseline 0.012 -29"><span class='ocrx_word' id='word_1_625' title='bbox 1803 1762 1978 1829; x_wconf 87' lang='lat' dir='ltr'><strong>illum,</strong></span> <span class='ocrx_word' id='word_1_626' title='bbox 2004 1777 2058 1820; x_wconf 91' lang='lat' dir='ltr'><strong>et</strong></span> <span class='ocrx_word' id='word_1_627' title='bbox 2074 1766 2285 1822; x_wconf 85' lang='lat' dir='ltr'><strong>Patrem</strong></span> <span class='ocrx_word' id='word_1_628' title='bbox 2312 1783 2416 1824; x_wconf 87' lang='lat' dir='ltr'><strong>non</strong></span> <span class='ocrx_word' id='word_1_629' title='bbox 2439 1770 2723 1827; x_wconf 85' lang='lat' dir='ltr'><strong>videbant:</strong></span> <span class='ocrx_word' id='word_1_630' title='bbox 2748 1773 2999 1830; x_wconf 84' lang='lat' dir='ltr'><strong>videbant</strong></span> <span class='ocrx_word' id='word_1_631' title='bbox 3022 1792 3263 1845; x_wconf 87' lang='lat' dir='ltr'><strong>carnem,</strong></span> <span class='ocrx_word' id='word_1_632' title='bbox 3291 1779 3389 1835; x_wconf 88' lang='lat' dir='ltr'><strong>sed</strong></span> 
     </span>
    </p>
   </div>
   <div class='ocr_carea' id='block_1_78' title="bbox 1804 1855 3391 1939">
    <p class='ocr_par' dir='ltr' id='par_1_78' title="bbox 1804 1855 3391 1939">
     <span class='ocr_line' id='line_1_78' title="bbox 1804 1855 3391 1939; baseline 0.012 -30"><span class='ocrx_word' id='word_1_633' title='bbox 1804 1855 2055 1926; x_wconf 70' lang='lat' dir='ltr'><strong>maiestas</strong></span> <span class='ocrx_word' id='word_1_634' title='bbox 2075 1858 2292 1913; x_wconf 78' lang='lat' dir='ltr'><strong>latebat.</strong></span> <span class='ocrx_word' id='word_1_635' title='bbox 2324 1860 2477 1926; x_wconf 86' lang='lat' dir='ltr'><strong>Quod</strong></span> <span class='ocrx_word' id='word_1_636' title='bbox 2506 1862 2765 1920; x_wconf 83' lang='lat' dir='ltr'><strong>videbant</strong></span> <span class='ocrx_word' id='word_1_637' title='bbox 2789 1864 3030 1937; x_wconf 89' lang='lat' dir='ltr'><strong>discipuli</strong></span> <span class='ocrx_word' id='word_1_638' title='bbox 3056 1871 3143 1939; x_wconf 84' lang='lat' dir='ltr'><strong>qui</strong></span> <span class='ocrx_word' id='word_1_639' title='bbox 3176 1886 3391 1927; x_wconf 82' lang='lat' dir='ltr'><strong>amave-</strong></span> 
     </span>
    </p>
   </div>
   <div class='ocr_carea' id='block_1_79' title="bbox 1806 1947 3382 2033">
    <p class='ocr_par' dir='ltr' id='par_1_79' title="bbox 1806 1947 3382 2033">
     <span class='ocr_line' id='line_1_79' title="bbox 1806 1947 3382 2033; baseline 0.011 -34"><span class='ocrx_word' id='word_1_640' title='bbox 1806 1955 1951 2010; x_wconf 87' lang='lat' dir='ltr'><strong>runt,</strong></span> <span class='ocrx_word' id='word_1_641' title='bbox 1986 1947 2234 2004; x_wconf 86' lang='lat' dir='ltr'><strong>viderunt</strong></span> <span class='ocrx_word' id='word_1_642' title='bbox 2263 1959 2318 2005; x_wconf 90' lang='lat' dir='ltr'><strong>et</strong></span> <span class='ocrx_word' id='word_1_643' title='bbox 2344 1951 2513 2006; x_wconf 67' lang='lat' dir='ltr'><strong>Judaai</strong></span> <span class='ocrx_word' id='word_1_644' title='bbox 2542 1954 2633 2023; x_wconf 88' lang='lat' dir='ltr'><strong>qui</strong></span> <span class='ocrx_word' id='word_1_645' title='bbox 2661 1952 3059 2014; x_wconf 82' lang='lat' dir='ltr'><strong>crucitixeruut.</strong></span> <span class='ocrx_word' id='word_1_646' title='bbox 3086 1959 3233 2016; x_wconf 79' lang='lat' dir='ltr'><strong>Intus</strong></span> <span class='ocrx_word' id='word_1_647' title='bbox 3256 1977 3382 2033; x_wconf 79' lang='lat' dir='ltr'><strong>ergo</strong></span> 
     </span>
    </p>
   </div>
   <div class='ocr_carea' id='block_1_80' title="bbox 1803 2041 3388 2123">
    <p class='ocr_par' dir='ltr' id='par_1_80' title="bbox 1803 2041 3388 2123">
     <span class='ocr_line' id='line_1_80' title="bbox 1803 2041 3388 2123; baseline 0.013 -32"><span class='ocrx_word' id='word_1_648' title='bbox 1803 2048 1917 2093; x_wconf 87' lang='lat' dir='ltr'><strong>erat</strong></span> <span class='ocrx_word' id='word_1_649' title='bbox 1945 2048 2086 2095; x_wconf 89' lang='lat' dir='ltr'><strong>totus</strong></span> <span class='ocrx_word' id='word_1_650' title='bbox 2110 2041 2219 2107; x_wconf 86' lang='lat' dir='ltr'><strong>ille,</strong></span> <span class='ocrx_word' id='word_1_651' title='bbox 2262 2053 2318 2099; x_wconf 87' lang='lat' dir='ltr'><strong>et</strong></span> <span class='ocrx_word' id='word_1_652' title='bbox 2354 2044 2434 2099; x_wconf 87' lang='lat' dir='ltr'><strong>sic</strong></span> <span class='ocrx_word' id='word_1_653' title='bbox 2458 2045 2599 2102; x_wconf 84' lang='lat' dir='ltr'><strong>intus</strong></span> <span class='ocrx_word' id='word_1_654' title='bbox 2621 2047 2674 2102; x_wconf 88' lang='lat' dir='ltr'><strong>in</strong></span> <span class='ocrx_word' id='word_1_655' title='bbox 2702 2063 2894 2118; x_wconf 86' lang='lat' dir='ltr'><strong>carne,</strong></span> <span class='ocrx_word' id='word_1_656' title='bbox 2927 2060 2985 2107; x_wconf 77' lang='lat' dir='ltr'><strong>ut</strong></span> <span class='ocrx_word' id='word_1_657' title='bbox 3009 2053 3147 2123; x_wconf 79' lang='lat' dir='ltr'><strong>apud</strong></span> <span class='ocrx_word' id='word_1_658' title='bbox 3177 2053 3388 2110; x_wconf 85' lang='lat' dir='ltr'><strong>Patrem</strong></span> 
     </span>
    </p>
   </div>
   <div class='ocr_carea' id='block_1_81' title="bbox 1801 2138 3389 2217">
    <p class='ocr_par' dir='ltr' id='par_1_81' title="bbox 1801 2138 3389 2217">
     <span class='ocr_line' id='line_1_81' title="bbox 1801 2138 3389 2217; baseline 0.01 -30"><span class='ocrx_word' id='word_1_659' title='bbox 1801 2145 2042 2188; x_wconf 86' lang='lat' dir='ltr'><strong>maneret</strong></span> <span class='ocrx_word' id='word_1_660' title='bbox 2072 2151 2085 2187; x_wconf 89' lang='lat'><strong>:</strong></span> <span class='ocrx_word' id='word_1_661' title='bbox 2116 2151 2225 2191; x_wconf 87' lang='lat' dir='ltr'><strong>non</strong></span> <span class='ocrx_word' id='word_1_662' title='bbox 2262 2138 2407 2193; x_wconf 86' lang='lat' dir='ltr'><strong>enim</strong></span> <span class='ocrx_word' id='word_1_663' title='bbox 2452 2138 2689 2196; x_wconf 83' lang='lat' dir='ltr'><strong>deseruit</strong></span> <span class='ocrx_word' id='word_1_664' title='bbox 2726 2141 2941 2199; x_wconf 86' lang='lat' dir='ltr'><strong>Patrem</strong></span> <span class='ocrx_word' id='word_1_665' title='bbox 2993 2145 3207 2217; x_wconf 84' lang='lat' dir='ltr'><strong>quando</strong></span> <span class='ocrx_word' id='word_1_666' title='bbox 3246 2148 3389 2203; x_wconf 81' lang='lat' dir='ltr'><strong>venit</strong></span> 
     </span>
    </p>
   </div>
   <div class='ocr_carea' id='block_1_82' title="bbox 1799 2224 2120 2282">
    <p class='ocr_par' dir='ltr' id='par_1_82' title="bbox 1799 2224 2120 2282">
     <span class='ocr_line' id='line_1_82' title="bbox 1799 2224 2120 2282; baseline 0.009 -3"><span class='ocrx_word' id='word_1_667' title='bbox 1799 2224 1866 2279; x_wconf 91' lang='lat' dir='ltr'><strong>ad</strong></span> <span class='ocrx_word' id='word_1_668' title='bbox 1885 2240 2120 2282; x_wconf 79' lang='lat' dir='ltr'><strong>carnem.</strong></span> 
     </span>
    </p>
   </div>
   <div class='ocr_carea' id='block_1_83' title="bbox 1873 2318 3388 2398">
    <p class='ocr_par' dir='ltr' id='par_1_83' title="bbox 1873 2318 3388 2398">
     <span class='ocr_line' id='line_1_83' title="bbox 1873 2318 3388 2398; baseline 0.013 -27"><span class='ocrx_word' id='word_1_669' title='bbox 1873 2318 1960 2373; x_wconf 74' lang='grc'><strong>15.</strong></span> <span class='ocrx_word' id='word_1_670' title='bbox 1991 2318 2231 2376; x_wconf 73' lang='lat' dir='ltr'><strong>Caritatis</strong></span> <span class='ocrx_word' id='word_1_671' title='bbox 2256 2322 2509 2393; x_wconf 87' lang='lat' dir='ltr'><strong>cogitatio</strong></span> <span class='ocrx_word' id='word_1_672' title='bbox 2526 2341 2633 2382; x_wconf 90' lang='lat' dir='ltr'><strong>non</strong></span> <span class='ocrx_word' id='word_1_673' title='bbox 2660 2327 2799 2397; x_wconf 86' lang='lat' dir='ltr'><strong>capit</strong></span> <span class='ocrx_word' id='word_1_674' title='bbox 2824 2330 2965 2398; x_wconf 89' lang='lat' dir='ltr'><strong>quod</strong></span> <span class='ocrx_word' id='word_1_675' title='bbox 2993 2331 3115 2387; x_wconf 88' lang='lat' dir='ltr'><strong>dico</strong></span> <span class='ocrx_word' id='word_1_676' title='bbox 3141 2351 3154 2388; x_wconf 90' lang='lat'><strong>:</strong></span> <span class='ocrx_word' id='word_1_677' title='bbox 3177 2332 3388 2391; x_wconf 69' lang='lat' dir='ltr'><strong>diﬂerat</strong></span> 
     </span>
    </p>
   </div>
   <div class='ocr_carea' id='block_1_84' title="bbox 1800 2409 3381 2492">
    <p class='ocr_par' dir='ltr' id='par_1_84' title="bbox 1800 2409 3381 2492">
     <span class='ocr_line' id='line_1_84' title="bbox 1800 2409 3381 2492; baseline 0.011 -30"><span class='ocrx_word' id='word_1_678' title='bbox 1800 2409 2158 2474; x_wconf 85' lang='lat' dir='ltr'><strong>intellectum,</strong></span> <span class='ocrx_word' id='word_1_679' title='bbox 2182 2419 2236 2465; x_wconf 86' lang='lat' dir='ltr'><strong>et</strong></span> <span class='ocrx_word' id='word_1_680' title='bbox 2264 2412 2479 2483; x_wconf 83' lang='lat' dir='ltr'><strong>incipiat</strong></span> <span class='ocrx_word' id='word_1_681' title='bbox 2503 2431 2534 2467; x_wconf 74' lang='grc' dir='ltr'><strong>ιι</strong></span> <span class='ocrx_word' id='word_1_682' title='bbox 2564 2415 2698 2481; x_wconf 80' lang='lat' dir='ltr'><strong>ﬁde;</strong></span> <span class='ocrx_word' id='word_1_683' title='bbox 2731 2418 2913 2473; x_wconf 85' lang='lat' dir='ltr'><strong>audiat</strong></span> <span class='ocrx_word' id='word_1_684' title='bbox 2937 2421 3079 2489; x_wconf 83' lang='lat' dir='ltr'><strong>quod</strong></span> <span class='ocrx_word' id='word_1_685' title='bbox 3104 2424 3341 2492; x_wconf 77' lang='lat' dir='ltr'><strong>sequitur</strong></span> <span class='ocrx_word' id='word_1_686' title='bbox 3368 2442 3381 2478; x_wconf 88' lang='lat'><strong>:</strong></span> 
     </span>
    </p>
   </div>
   <div class='ocr_carea' id='block_1_85' title="bbox 1804 2500 3387 2583">
    <p class='ocr_par' dir='ltr' id='par_1_85' title="bbox 1804 2500 3387 2583">
     <span class='ocr_line' id='line_1_85' title="bbox 1804 2500 3387 2583; baseline 0.009 -30"><span class='ocrx_word' id='word_1_687' title='bbox 1804 2500 1904 2567; x_wconf 80' lang='lat' dir='ltr'><strong>Qui</strong></span> <span class='ocrx_word' id='word_1_688' title='bbox 1937 2502 2093 2555; x_wconf 80' lang='lat' dir='ltr'><strong>credit</strong></span> <span class='ocrx_word' id='word_1_689' title='bbox 2118 2503 2170 2556; x_wconf 90' lang='lat' dir='ltr'><strong>in</strong></span> <span class='ocrx_word' id='word_1_690' title='bbox 2198 2501 2391 2558; x_wconf 81' lang='lat' dir='ltr'><strong><em>Filium</em></strong></span> <span class='ocrx_word' id='word_1_691' title='bbox 2409 2545 2425 2572; x_wconf 96' lang='lat'><strong><em>,</em></strong></span> <span class='ocrx_word' id='word_1_692' title='bbox 2454 2505 2597 2560; x_wconf 78' lang='lat' dir='ltr'><strong>habet</strong></span> <span class='ocrx_word' id='word_1_693' title='bbox 2625 2511 2776 2561; x_wconf 74' lang='lat' dir='ltr'><strong><em>vitam</em></strong></span> <span class='ocrx_word' id='word_1_694' title='bbox 2802 2518 3039 2564; x_wconf 62' lang='lat' dir='ltr'><strong>cateruam</strong></span> <span class='ocrx_word' id='word_1_695' title='bbox 3070 2526 3091 2566; x_wconf 89' lang='lat'><strong><em>:</em></strong></span> <span class='ocrx_word' id='word_1_696' title='bbox 3111 2513 3198 2583; x_wconf 77' lang='lat' dir='ltr'><strong><em>qui</em></strong></span> <span class='ocrx_word' id='word_1_697' title='bbox 3218 2524 3387 2568; x_wconf 74' lang='lat' dir='ltr'><strong>autem</strong></span> 
     </span>
    </p>
   </div>
   <div class='ocr_carea' id='block_1_86' title="bbox 1799 2592 3384 2664">
    <p class='ocr_par' dir='ltr' id='par_1_86' title="bbox 1799 2592 3384 2664">
     <span class='ocr_line' id='line_1_86' title="bbox 1799 2592 3384 2664; baseline 0.008 -20"><span class='ocrx_word' id='word_1_698' title='bbox 1799 2592 2087 2646; x_wconf 77' lang='lat' dir='ltr'><strong>incredulus</strong></span> <span class='ocrx_word' id='word_1_699' title='bbox 2110 2602 2181 2646; x_wconf 83' lang='lat' dir='ltr'><strong>est</strong></span> <span class='ocrx_word' id='word_1_700' title='bbox 2211 2593 2347 2649; x_wconf 80' lang='lat' dir='ltr'><strong><em>Filio</em></strong></span> <span class='ocrx_word' id='word_1_701' title='bbox 2366 2636 2381 2661; x_wconf 96' lang='lat'><strong>,</strong></span> <span class='ocrx_word' id='word_1_702' title='bbox 2404 2611 2505 2650; x_wconf 84' lang='lat' dir='ltr'><strong>non</strong></span> <span class='ocrx_word' id='word_1_703' title='bbox 2530 2598 2709 2652; x_wconf 72' lang='lat' dir='ltr'><strong>ridebit</strong></span> <span class='ocrx_word' id='word_1_704' title='bbox 2734 2600 2886 2653; x_wconf 76' lang='lat' dir='ltr'><strong>vitam</strong></span> <span class='ocrx_word' id='word_1_705' title='bbox 2904 2638 2919 2664; x_wconf 93' lang='lat'><strong>,</strong></span> <span class='ocrx_word' id='word_1_706' title='bbox 2947 2601 3037 2654; x_wconf 87' lang='lat' dir='ltr'><strong>sed</strong></span> <span class='ocrx_word' id='word_1_707' title='bbox 3060 2602 3137 2654; x_wconf 82' lang='lat' dir='ltr'><strong><em>ira</em></strong></span> <span class='ocrx_word' id='word_1_708' title='bbox 3158 2601 3251 2657; x_wconf 89' lang='lat' dir='ltr'><strong>Dei</strong></span> <span class='ocrx_word' id='word_1_709' title='bbox 3272 2619 3384 2657; x_wconf 82' lang='lat' dir='ltr'><strong>nta-</strong></span> 
     </span>
    </p>
   </div>
   <div class='ocr_carea' id='block_1_87' title="bbox 1797 2690 3381 2763">
    <p class='ocr_par' dir='ltr' id='par_1_87' title="bbox 1797 2690 3381 2763">
     <span class='ocr_line' id='line_1_87' title="bbox 1797 2690 3381 2763; baseline 0.009 -24"><span class='ocrx_word' id='word_1_710' title='bbox 1797 2694 1881 2740; x_wconf 85' lang='lat' dir='ltr'><strong>net</strong></span> <span class='ocrx_word' id='word_1_711' title='bbox 1909 2703 2059 2757; x_wconf 71' lang='lat' dir='ltr'><strong>super</strong></span> <span class='ocrx_word' id='word_1_712' title='bbox 2084 2704 2219 2743; x_wconf 81' lang='lat' dir='ltr'><strong>eum.</strong></span> <span class='ocrx_word' id='word_1_713' title='bbox 2248 2690 2361 2745; x_wconf 78' lang='lat' dir='ltr'><strong>Non</strong></span> <span class='ocrx_word' id='word_1_714' title='bbox 2388 2692 2553 2759; x_wconf 76' lang='lat' dir='ltr'><strong>dixit,</strong></span> <span class='ocrx_word' id='word_1_715' title='bbox 2584 2693 2660 2747; x_wconf 87' lang='lat' dir='ltr'><strong>ira</strong></span> <span class='ocrx_word' id='word_1_716' title='bbox 2692 2694 2784 2749; x_wconf 85' lang='lat' dir='ltr'><strong>Dei</strong></span> <span class='ocrx_word' id='word_1_717' title='bbox 2812 2695 2954 2749; x_wconf 84' lang='lat' dir='ltr'><strong>venit</strong></span> <span class='ocrx_word' id='word_1_718' title='bbox 2981 2695 3047 2749; x_wconf 82' lang='lat' dir='ltr'><strong>ad</strong></span> <span class='ocrx_word' id='word_1_719' title='bbox 3071 2711 3193 2751; x_wconf 87' lang='lat' dir='ltr'><strong>eum</strong></span> <span class='ocrx_word' id='word_1_720' title='bbox 3219 2713 3232 2760; x_wconf 90' lang='lat'><strong>;</strong></span> <span class='ocrx_word' id='word_1_721' title='bbox 3267 2696 3381 2763; x_wconf 76' lang='lat' dir='ltr'><strong>sed,</strong></span> 
     </span>
    </p>
   </div>
   <div class='ocr_carea' id='block_1_88' title="bbox 1795 2776 3384 2857">
    <p class='ocr_par' dir='ltr' id='par_1_88' title="bbox 1795 2776 3384 2857">
     <span class='ocr_line' id='line_1_88' title="bbox 1795 2776 3384 2857; baseline 0.01 -28"><span class='ocrx_word' id='word_1_722' title='bbox 1795 2777 1877 2830; x_wconf 87' lang='lat' dir='ltr'><strong>ira</strong></span> <span class='ocrx_word' id='word_1_723' title='bbox 1912 2776 2007 2833; x_wconf 83' lang='lat' dir='ltr'><strong>Dei</strong></span> <span class='ocrx_word' id='word_1_724' title='bbox 2042 2790 2210 2834; x_wconf 84' lang='lat' dir='ltr'><strong>manet</strong></span> <span class='ocrx_word' id='word_1_725' title='bbox 2244 2799 2395 2853; x_wconf 81' lang='lat' dir='ltr'><strong>super</strong></span> <span class='ocrx_word' id='word_1_726' title='bbox 2417 2800 2547 2837; x_wconf 69' lang='lat' dir='ltr'><strong>cura.</strong></span> <span class='ocrx_word' id='word_1_727' title='bbox 2580 2785 2781 2841; x_wconf 88' lang='lat' dir='ltr'><strong>Omnes</strong></span> <span class='ocrx_word' id='word_1_728' title='bbox 2803 2787 2892 2857; x_wconf 85' lang='lat' dir='ltr'><strong>qui</strong></span> <span class='ocrx_word' id='word_1_729' title='bbox 2921 2796 3213 2844; x_wconf 76' lang='lat' dir='ltr'><strong>nascuntur</strong></span> <span class='ocrx_word' id='word_1_730' title='bbox 3236 2804 3384 2845; x_wconf 77' lang='lat' dir='ltr'><strong>mor-</strong></span> 
     </span>
    </p>
   </div>
   <div class='ocr_carea' id='block_1_89' title="bbox 1800 2871 3384 2948">
    <p class='ocr_par' dir='ltr' id='par_1_89' title="bbox 1800 2871 3384 2948">
     <span class='ocr_line' id='line_1_89' title="bbox 1800 2871 3384 2948; baseline 0.007 -23"><span class='ocrx_word' id='word_1_731' title='bbox 1800 2872 1962 2937; x_wconf 77' lang='lat' dir='ltr'><strong>tales,</strong></span> <span class='ocrx_word' id='word_1_732' title='bbox 1996 2871 2392 2929; x_wconf 78' lang='lat' dir='ltr'><strong>habentsecum</strong></span> <span class='ocrx_word' id='word_1_733' title='bbox 2421 2877 2550 2931; x_wconf 72' lang='lat' dir='ltr'><strong>iram</strong></span> <span class='ocrx_word' id='word_1_734' title='bbox 2580 2878 2695 2933; x_wconf 77' lang='lat' dir='ltr'><strong>Det.</strong></span> <span class='ocrx_word' id='word_1_735' title='bbox 2723 2879 2893 2947; x_wconf 79' lang='lat' dir='ltr'><strong>Quam</strong></span> <span class='ocrx_word' id='word_1_736' title='bbox 2916 2880 3045 2933; x_wconf 77' lang='lat' dir='ltr'><strong>iram</strong></span> <span class='ocrx_word' id='word_1_737' title='bbox 3065 2880 3384 2948; x_wconf 79' lang='lat' dir='ltr'><strong>Dei‘lanm</strong></span> 
     </span>
    </p>
   </div>
   <div class='ocr_carea' id='block_1_90' title="bbox 1795 2964 3380 3039">
    <p class='ocr_par' dir='ltr' id='par_1_90' title="bbox 1795 2964 3380 3039">
     <span class='ocr_line' id='line_1_90' title="bbox 1795 2964 3380 3039; baseline 0.008 -23"><span class='ocrx_word' id='word_1_738' title='bbox 1795 2964 2001 3032; x_wconf 86' lang='lat' dir='ltr'><strong>occepit</strong></span> <span class='ocrx_word' id='word_1_739' title='bbox 2024 2965 2224 3033; x_wconf 81' lang='lat' dir='ltr'><strong>primus</strong></span> <span class='ocrx_word' id='word_1_740' title='bbox 2252 2966 2442 3020; x_wconf 83' lang='lat' dir='ltr'><strong>Adam.</strong></span> <span class='ocrx_word' id='word_1_741' title='bbox 2471 2967 2527 3021; x_wconf 88' lang='lat' dir='ltr'><strong>Si</strong></span> <span class='ocrx_word' id='word_1_742' title='bbox 2552 2968 2691 3022; x_wconf 85' lang='lat' dir='ltr'><strong>enim</strong></span> <span class='ocrx_word' id='word_1_743' title='bbox 2725 2970 2964 3039; x_wconf 76' lang='lat' dir='ltr'><strong>peccavit</strong></span> <span class='ocrx_word' id='word_1_744' title='bbox 2984 2972 3185 3039; x_wconf 86' lang='lat' dir='ltr'><strong>primus</strong></span> <span class='ocrx_word' id='word_1_745' title='bbox 3200 2972 3380 3039; x_wconf 79' lang='lat' dir='ltr'><strong>homo,</strong></span> 
     </span>
    </p>
   </div>
   <div class='ocr_carea' id='block_1_91' title="bbox 1796 3054 3386 3133">
    <p class='ocr_par' dir='ltr' id='par_1_91' title="bbox 1796 3054 3386 3133">
     <span class='ocr_line' id='line_1_91' title="bbox 1796 3054 3386 3133; baseline 0.009 -27"><span class='ocrx_word' id='word_1_746' title='bbox 1796 3063 1851 3107; x_wconf 86' lang='lat' dir='ltr'><strong>et</strong></span> <span class='ocrx_word' id='word_1_747' title='bbox 1893 3054 2129 3121; x_wconf 82' lang='lat' dir='ltr'><strong>audivit,</strong></span> <span class='ocrx_word' id='word_1_748' title='bbox 2173 3055 2339 3110; x_wconf 69' lang='lat' dir='ltr'><strong>Morte</strong></span> <span class='ocrx_word' id='word_1_749' title='bbox 2375 3061 2600 3114; x_wconf 80' lang='lat' dir='ltr'><strong>morieris</strong></span> <span class='ocrx_word' id='word_1_750' title='bbox 2632 3060 2785 3130; x_wconf 76' lang='lat' dir='ltr'><strong>(Gen;</strong></span> <span class='ocrx_word' id='word_1_751' title='bbox 2819 3078 2886 3125; x_wconf 75' lang='grc' dir='ltr'>ιι.</span> <span class='ocrx_word' id='word_1_752' title='bbox 2924 3062 3053 3133; x_wconf 77' lang='lat' dir='ltr'><strong>l7);</strong></span> <span class='ocrx_word' id='word_1_753' title='bbox 3096 3063 3263 3119; x_wconf 82' lang='lat' dir='ltr'><strong>factus</strong></span> <span class='ocrx_word' id='word_1_754' title='bbox 3302 3074 3386 3121; x_wconf 80' lang='lat' dir='ltr'><strong>est</strong></span> 
     </span>
    </p>
   </div>
   <div class='ocr_carea' id='block_1_92' title="bbox 1796 3146 3385 3220">
    <p class='ocr_par' dir='ltr' id='par_1_92' title="bbox 1796 3146 3385 3220">
     <span class='ocr_line' id='line_1_92' title="bbox 1796 3146 3385 3220; baseline 0.009 -22"><span class='ocrx_word' id='word_1_755' title='bbox 1796 3146 2035 3201; x_wconf 73' lang='lat' dir='ltr'><strong>mortalis</strong></span> <span class='ocrx_word' id='word_1_756' title='bbox 2076 3147 2198 3214; x_wconf 85' lang='lat' dir='ltr'><strong>ille,</strong></span> <span class='ocrx_word' id='word_1_757' title='bbox 2239 3159 2295 3204; x_wconf 91' lang='lat' dir='ltr'><strong>et</strong></span> <span class='ocrx_word' id='word_1_758' title='bbox 2332 3151 2589 3220; x_wconf 63' lang='lat' dir='ltr'><strong>capimus</strong></span> <span class='ocrx_word' id='word_1_759' title='bbox 2630 3155 2776 3208; x_wconf 76' lang='lat' dir='ltr'><strong>nasci</strong></span> <span class='ocrx_word' id='word_1_760' title='bbox 2820 3155 3106 3220; x_wconf 74' lang='lat' dir='ltr'><strong>nmrtales;</strong></span> <span class='ocrx_word' id='word_1_761' title='bbox 3147 3171 3267 3211; x_wconf 78' lang='lat' dir='ltr'><strong>cum</strong></span> <span class='ocrx_word' id='word_1_762' title='bbox 3306 3158 3385 3213; x_wconf 82' lang='lat' dir='ltr'><strong>ira</strong></span> 
     </span>
    </p>
   </div>
   <div class='ocr_carea' id='block_1_93' title="bbox 1797 3235 3382 3321">
    <p class='ocr_par' dir='ltr' id='par_1_93' title="bbox 1797 3235 3382 3321">
     <span class='ocr_line' id='line_1_93' title="bbox 1797 3235 3382 3321; baseline 0.013 -32"><span class='ocrx_word' id='word_1_763' title='bbox 1797 3235 1891 3290; x_wconf 85' lang='lat' dir='ltr'><strong>Dei</strong></span> <span class='ocrx_word' id='word_1_764' title='bbox 1931 3237 2039 3291; x_wconf 83' lang='lat' dir='ltr'><strong>nati</strong></span> <span class='ocrx_word' id='word_1_765' title='bbox 2066 3254 2270 3293; x_wconf 84' lang='lat' dir='ltr'><strong>sumus.</strong></span> <span class='ocrx_word' id='word_1_766' title='bbox 2297 3240 2455 3296; x_wconf 82' lang='lat' dir='ltr'><strong>Venit</strong></span> <span class='ocrx_word' id='word_1_767' title='bbox 2484 3242 2605 3297; x_wconf 82' lang='lat' dir='ltr'><strong>inde</strong></span> <span class='ocrx_word' id='word_1_768' title='bbox 2638 3242 2802 3299; x_wconf 75' lang='lat' dir='ltr'><strong>Filius</strong></span> <span class='ocrx_word' id='word_1_769' title='bbox 2828 3258 2935 3301; x_wconf 82' lang='lat' dir='ltr'><strong>non</strong></span> <span class='ocrx_word' id='word_1_770' title='bbox 2967 3246 3170 3307; x_wconf 66' lang='lat' dir='ltr'><strong>lubens</strong></span> <span class='ocrx_word' id='word_1_771' title='bbox 3192 3259 3382 3321; x_wconf 77' lang='lat' dir='ltr'><strong>pecca-</strong></span> 
     </span>
    </p>
   </div>
   <div class='ocr_carea' id='block_1_94' title="bbox 1798 3329 3386 3401">
    <p class='ocr_par' dir='ltr' id='par_1_94' title="bbox 1798 3329 3386 3401">
     <span class='ocr_line' id='line_1_94' title="bbox 1798 3329 3386 3401; baseline 0.014 -22"><span class='ocrx_word' id='word_1_772' title='bbox 1798 3334 1906 3381; x_wconf 84' lang='lat' dir='ltr'><strong>tum</strong></span> <span class='ocrx_word' id='word_1_773' title='bbox 1928 3367 1943 3392; x_wconf 95' lang='lat'><strong>,</strong></span> <span class='ocrx_word' id='word_1_774' title='bbox 1968 3337 2023 3383; x_wconf 86' lang='lat' dir='ltr'><strong>et</strong></span> <span class='ocrx_word' id='word_1_775' title='bbox 2050 3329 2266 3386; x_wconf 86' lang='lat' dir='ltr'><strong>indutus</strong></span> <span class='ocrx_word' id='word_1_776' title='bbox 2295 3341 2376 3386; x_wconf 85' lang='lat' dir='ltr'><strong>est</strong></span> <span class='ocrx_word' id='word_1_777' title='bbox 2397 3348 2561 3388; x_wconf 80' lang='lat' dir='ltr'><strong>carne</strong></span> <span class='ocrx_word' id='word_1_778' title='bbox 2579 3374 2594 3399; x_wconf 92' lang='lat'><strong><em>,</em></strong></span> <span class='ocrx_word' id='word_1_779' title='bbox 2627 3336 2839 3391; x_wconf 80' lang='lat' dir='ltr'><strong>indutus</strong></span> <span class='ocrx_word' id='word_1_780' title='bbox 2853 3348 2937 3392; x_wconf 89' lang='lat' dir='ltr'><strong>est</strong></span> <span class='ocrx_word' id='word_1_781' title='bbox 2954 3342 3297 3400; x_wconf 73' lang='lat' dir='ltr'><strong>mortalitate.</strong></span> <span class='ocrx_word' id='word_1_782' title='bbox 3323 3344 3386 3401; x_wconf 82' lang='lat' dir='ltr'><strong>8i</strong></span> 
     </span>
    </p>
   </div>
   <div class='ocr_carea' id='block_1_95' title="bbox 1796 3416 3382 3505">
    <p class='ocr_par' dir='ltr' id='par_1_95' title="bbox 1796 3416 3382 3505">
     <span class='ocr_line' id='line_1_95' title="bbox 1796 3416 3382 3505; baseline 0.013 -34"><span class='ocrx_word' id='word_1_783' title='bbox 1796 3417 1887 3472; x_wconf 85' lang='lat' dir='ltr'><strong>ille</strong></span> <span class='ocrx_word' id='word_1_784' title='bbox 1923 3418 2203 3476; x_wconf 83' lang='lat' dir='ltr'><strong>nobiscum</strong></span> <span class='ocrx_word' id='word_1_785' title='bbox 2234 3425 2650 3480; x_wconf 83' lang='lat' dir='ltr'><strong>counnnnicavit</strong></span> <span class='ocrx_word' id='word_1_786' title='bbox 2675 3427 2807 3481; x_wconf 86' lang='lat' dir='ltr'><strong>iram</strong></span> <span class='ocrx_word' id='word_1_787' title='bbox 2840 3428 2932 3485; x_wconf 83' lang='lat' dir='ltr'><strong>Dei</strong></span> <span class='ocrx_word' id='word_1_788' title='bbox 2952 3468 2969 3499; x_wconf 96' lang='lat'><strong>,</strong></span> <span class='ocrx_word' id='word_1_789' title='bbox 2998 3416 3096 3487; x_wconf 53' lang='lat' dir='ltr'><strong>no&#39;s</strong></span> <span class='ocrx_word' id='word_1_790' title='bbox 3125 3434 3261 3505; x_wconf 78' lang='lat' dir='ltr'><strong>pigri</strong></span> <span class='ocrx_word' id='word_1_791' title='bbox 3286 3451 3382 3492; x_wconf 76' lang='lat' dir='ltr'><strong>su-</strong></span> 
     </span>
    </p>
   </div>
   <div class='ocr_carea' id='block_1_96' title="bbox 1793 3512 3383 3598">
    <p class='ocr_par' dir='ltr' id='par_1_96' title="bbox 1793 3512 3383 3598">
     <span class='ocr_line' id='line_1_96' title="bbox 1793 3512 3383 3598; baseline 0.01 -35"><span class='ocrx_word' id='word_1_792' title='bbox 1793 3523 1914 3564; x_wconf 90' lang='lat' dir='ltr'><strong>mus</strong></span> <span class='ocrx_word' id='word_1_793' title='bbox 1957 3524 2078 3565; x_wconf 87' lang='lat' dir='ltr'><strong>cum</strong></span> <span class='ocrx_word' id='word_1_794' title='bbox 2120 3512 2212 3566; x_wconf 89' lang='lat' dir='ltr'><strong>illo</strong></span> <span class='ocrx_word' id='word_1_795' title='bbox 2248 3516 2642 3572; x_wconf 81' lang='lat' dir='ltr'><strong>communicare</strong></span> <span class='ocrx_word' id='word_1_796' title='bbox 2673 3519 2899 3587; x_wconf 81' lang='lat' dir='ltr'><strong>gratiam</strong></span> <span class='ocrx_word' id='word_1_797' title='bbox 2941 3522 3203 3592; x_wconf 73' lang='lat' dir='ltr'><strong>DeiiQui</strong></span> <span class='ocrx_word' id='word_1_798' title='bbox 3252 3540 3383 3598; x_wconf 74' lang='lat' dir='ltr'><strong>ergo</strong></span> 
     </span>
    </p>
   </div>
   <div class='ocr_carea' id='block_1_97' title="bbox 1796 3604 3381 3684">
    <p class='ocr_par' dir='ltr' id='par_1_97' title="bbox 1796 3604 3381 3684">
     <span class='ocr_line' id='line_1_97' title="bbox 1796 3604 3381 3684; baseline 0.01 -28"><span class='ocrx_word' id='word_1_799' title='bbox 1796 3618 1901 3656; x_wconf 86' lang='lat' dir='ltr'><strong>non</strong></span> <span class='ocrx_word' id='word_1_800' title='bbox 1926 3604 2039 3657; x_wconf 78' lang='lat' dir='ltr'><strong>vult</strong></span> <span class='ocrx_word' id='word_1_801' title='bbox 2067 3604 2286 3660; x_wconf 88' lang='lat' dir='ltr'><strong>credere</strong></span> <span class='ocrx_word' id='word_1_802' title='bbox 2313 3606 2363 3659; x_wconf 87' lang='lat' dir='ltr'><strong>itt</strong></span> <span class='ocrx_word' id='word_1_803' title='bbox 2394 3606 2581 3662; x_wconf 88' lang='lat' dir='ltr'><strong>Filium</strong></span> <span class='ocrx_word' id='word_1_804' title='bbox 2605 3649 2617 3673; x_wconf 91' lang='lat'><strong><em>,</em></strong></span> <span class='ocrx_word' id='word_1_805' title='bbox 2649 3608 2727 3662; x_wconf 86' lang='lat' dir='ltr'><strong>ira</strong></span> <span class='ocrx_word' id='word_1_806' title='bbox 2752 3608 2850 3665; x_wconf 85' lang='lat' dir='ltr'><strong>Dei</strong></span> <span class='ocrx_word' id='word_1_807' title='bbox 2877 3622 3044 3667; x_wconf 87' lang='lat' dir='ltr'><strong>manet</strong></span> <span class='ocrx_word' id='word_1_808' title='bbox 3069 3630 3221 3684; x_wconf 76' lang='lat' dir='ltr'><strong>super</strong></span> <span class='ocrx_word' id='word_1_809' title='bbox 3242 3633 3381 3672; x_wconf 72' lang='lat' dir='ltr'><strong>eum.</strong></span> 
     </span>
    </p>
   </div>
   <div class='ocr_carea' id='block_1_98' title="bbox 1795 3694 3384 3781">
    <p class='ocr_par' dir='ltr' id='par_1_98' title="bbox 1795 3694 3384 3781">
     <span class='ocr_line' id='line_1_98' title="bbox 1795 3694 3384 3781; baseline 0.009 -32"><span class='ocrx_word' id='word_1_810' title='bbox 1795 3694 1924 3761; x_wconf 65' lang='lat' dir='ltr'><strong>Quae</strong></span> <span class='ocrx_word' id='word_1_811' title='bbox 1954 3696 2029 3750; x_wconf 84' lang='lat' dir='ltr'><strong>ira</strong></span> <span class='ocrx_word' id='word_1_812' title='bbox 2069 3695 2201 3751; x_wconf 79' lang='lat' dir='ltr'><strong>Dei?</strong></span> <span class='ocrx_word' id='word_1_813' title='bbox 2232 3698 2306 3752; x_wconf 87' lang='lat' dir='ltr'><strong>De</strong></span> <span class='ocrx_word' id='word_1_814' title='bbox 2329 3715 2430 3768; x_wconf 81' lang='lat' dir='ltr'><strong>qua</strong></span> <span class='ocrx_word' id='word_1_815' title='bbox 2459 3699 2588 3755; x_wconf 86' lang='lat' dir='ltr'><strong>dicit</strong></span> <span class='ocrx_word' id='word_1_816' title='bbox 2615 3701 2942 3781; x_wconf 73' lang='lat' dir='ltr'><strong>Apostolus,</strong></span> <span class='ocrx_word' id='word_1_817' title='bbox 2974 3704 3188 3762; x_wconf 75' lang='lat' dir='ltr'><strong>Fuimus</strong></span> <span class='ocrx_word' id='word_1_818' title='bbox 3218 3718 3264 3764; x_wconf 90' lang='lat' dir='ltr'><strong>et</strong></span> <span class='ocrx_word' id='word_1_819' title='bbox 3292 3728 3384 3765; x_wconf 82' lang='lat' dir='ltr'><strong>nos</strong></span> 
     </span>
    </p>
   </div>
   <div class='ocr_carea' id='block_1_99' title="bbox 1796 3790 3384 3873">
    <p class='ocr_par' dir='ltr' id='par_1_99' title="bbox 1796 3790 3384 3873">
     <span class='ocr_line' id='line_1_99' title="bbox 1796 3790 3384 3873; baseline 0.011 -32"><span class='ocrx_word' id='word_1_820' title='bbox 1796 3799 1979 3843; x_wconf 82' lang='lat' dir='ltr'><strong>natura</strong></span> <span class='ocrx_word' id='word_1_821' title='bbox 2018 3790 2114 3858; x_wconf 76' lang='lat' dir='ltr'><strong><em>ﬁlii</em></strong></span> <span class='ocrx_word' id='word_1_822' title='bbox 2151 3791 2243 3846; x_wconf 68' lang='lat' dir='ltr'><strong>ira</strong></span> <span class='ocrx_word' id='word_1_823' title='bbox 2278 3793 2407 3846; x_wconf 82' lang='lat' dir='ltr'><strong><em>sicut</em></strong></span> <span class='ocrx_word' id='word_1_824' title='bbox 2444 3801 2491 3846; x_wconf 78' lang='lat' dir='ltr'><strong><em>et</em></strong></span> <span class='ocrx_word' id='word_1_825' title='bbox 2519 3795 2687 3850; x_wconf 74' lang='lat' dir='ltr'><strong>caueri</strong></span> <span class='ocrx_word' id='word_1_826' title='bbox 2712 3795 2926 3869; x_wconf 73' lang='lat' dir='ltr'><strong>(Ephes.</strong></span> <span class='ocrx_word' id='word_1_827' title='bbox 2969 3814 3033 3864; x_wconf 82' lang='lat' dir='ltr'><strong>tt,</strong></span> <span class='ocrx_word' id='word_1_828' title='bbox 3080 3800 3156 3873; x_wconf 81' lang='lat'><strong>5).</strong></span> <span class='ocrx_word' id='word_1_829' title='bbox 3185 3801 3384 3859; x_wconf 77' lang='lat' dir='ltr'><strong>Omnes</strong></span> 
     </span>
    </p>
   </div>
   <div class='ocr_carea' id='block_1_100' title="bbox 1794 3884 3382 3956">
    <p class='ocr_par' dir='ltr' id='par_1_100' title="bbox 1794 3884 3382 3956">
     <span class='ocr_line' id='line_1_100' title="bbox 1794 3884 3382 3956; baseline 0.011 -22"><span class='ocrx_word' id='word_1_830' title='bbox 1794 3896 1924 3951; x_wconf 86' lang='lat' dir='ltr'><strong>ergo</strong></span> <span class='ocrx_word' id='word_1_831' title='bbox 1971 3884 2063 3938; x_wconf 86' lang='lat' dir='ltr'><strong>lilii</strong></span> <span class='ocrx_word' id='word_1_832' title='bbox 2111 3885 2242 3950; x_wconf 58' lang='lat' dir='ltr'><strong>ire;</strong></span> <span class='ocrx_word' id='word_1_833' title='bbox 2284 3886 2410 3956; x_wconf 84' lang='lat' dir='ltr'><strong>quia</strong></span> <span class='ocrx_word' id='word_1_834' title='bbox 2451 3885 2520 3941; x_wconf 88' lang='lat' dir='ltr'><strong>de</strong></span> <span class='ocrx_word' id='word_1_835' title='bbox 2558 3886 2847 3945; x_wconf 79' lang='lat' dir='ltr'><strong>maledicto</strong></span> <span class='ocrx_word' id='word_1_836' title='bbox 2871 3893 3057 3946; x_wconf 89' lang='lat' dir='ltr'><strong>mortis</strong></span> <span class='ocrx_word' id='word_1_837' title='bbox 3085 3893 3382 3952; x_wconf 81' lang='lat' dir='ltr'><strong>venientes.</strong></span> 
     </span>
    </p>
   </div>
   <div class='ocr_carea' id='block_1_101' title="bbox 1794 3974 3383 4049">
    <p class='ocr_par' dir='ltr' id='par_1_101' title="bbox 1794 3974 3383 4049">
     <span class='ocr_line' id='line_1_101' title="bbox 1794 3974 3383 4049; baseline 0.007 -19"><span class='ocrx_word' id='word_1_838' title='bbox 1794 3974 1967 4030; x_wconf 82' lang='lat' dir='ltr'><strong>Crede</strong></span> <span class='ocrx_word' id='word_1_839' title='bbox 2004 3976 2057 4029; x_wconf 91' lang='lat' dir='ltr'><strong>in</strong></span> <span class='ocrx_word' id='word_1_840' title='bbox 2089 3975 2356 4030; x_wconf 88' lang='lat' dir='ltr'><strong>Christum</strong></span> <span class='ocrx_word' id='word_1_841' title='bbox 2381 3975 2576 4031; x_wconf 83' lang='lat' dir='ltr'><strong>factum</strong></span> <span class='ocrx_word' id='word_1_842' title='bbox 2606 3994 2704 4049; x_wconf 81' lang='lat' dir='ltr'><strong>pro</strong></span> <span class='ocrx_word' id='word_1_843' title='bbox 2729 3987 2782 4035; x_wconf 85' lang='lat' dir='ltr'><strong>te</strong></span> <span class='ocrx_word' id='word_1_844' title='bbox 2805 3984 3087 4038; x_wconf 88' lang='lat' dir='ltr'><strong>mortalem</strong></span> <span class='ocrx_word' id='word_1_845' title='bbox 3106 4024 3122 4049; x_wconf 93' lang='lat'><strong>,</strong></span> <span class='ocrx_word' id='word_1_846' title='bbox 3154 3995 3210 4039; x_wconf 89' lang='lat' dir='ltr'><strong>ut</strong></span> <span class='ocrx_word' id='word_1_847' title='bbox 3234 3987 3383 4042; x_wconf 82' lang='lat' dir='ltr'><strong>illum</strong></span> 
     </span>
    </p>
   </div>
   <div class='ocr_carea' id='block_1_102' title="bbox 1795 4065 3384 4144">
    <p class='ocr_par' dir='ltr' id='par_1_102' title="bbox 1795 4065 3384 4144">
     <span class='ocr_line' id='line_1_102' title="bbox 1795 4065 3384 4144; baseline 0.006 -23"><span class='ocrx_word' id='word_1_848' title='bbox 1795 4065 1974 4135; x_wconf 83' lang='lat' dir='ltr'><strong>capias</strong></span> <span class='ocrx_word' id='word_1_849' title='bbox 2016 4066 2368 4143; x_wconf 85' lang='lat' dir='ltr'><strong>immortalem</strong></span> <span class='ocrx_word' id='word_1_850' title='bbox 2417 4084 2430 4120; x_wconf 90' lang='lat'><strong>:</strong></span> <span class='ocrx_word' id='word_1_851' title='bbox 2476 4069 2691 4137; x_wconf 83' lang='lat' dir='ltr'><strong>quando</strong></span> <span class='ocrx_word' id='word_1_852' title='bbox 2725 4071 2866 4126; x_wconf 88' lang='lat' dir='ltr'><strong>enim</strong></span> <span class='ocrx_word' id='word_1_853' title='bbox 2906 4075 3112 4142; x_wconf 83' lang='lat' dir='ltr'><strong>ceperis</strong></span> <span class='ocrx_word' id='word_1_854' title='bbox 3136 4075 3252 4144; x_wconf 82' lang='lat' dir='ltr'><strong>ejus</strong></span> <span class='ocrx_word' id='word_1_855' title='bbox 3280 4076 3384 4130; x_wconf 74' lang='lat' dir='ltr'><strong>int-</strong></span> 
     </span>
    </p>
   </div>
   <div class='ocr_carea' id='block_1_103' title="bbox 1795 4157 3382 4228">
    <p class='ocr_par' dir='ltr' id='par_1_103' title="bbox 1795 4157 3382 4228">
     <span class='ocr_line' id='line_1_103' title="bbox 1795 4157 3382 4228; baseline 0.006 -16"><span class='ocrx_word' id='word_1_856' title='bbox 1795 4157 2175 4212; x_wconf 77' lang='lat' dir='ltr'><strong>mortalitatem</strong></span> <span class='ocrx_word' id='word_1_857' title='bbox 2194 4197 2209 4223; x_wconf 92' lang='lat'><strong>,</strong></span> <span class='ocrx_word' id='word_1_858' title='bbox 2252 4172 2350 4211; x_wconf 84' lang='lat' dir='ltr'><strong>nec</strong></span> <span class='ocrx_word' id='word_1_859' title='bbox 2382 4165 2437 4211; x_wconf 88' lang='lat' dir='ltr'><strong>tu</strong></span> <span class='ocrx_word' id='word_1_860' title='bbox 2468 4157 2580 4214; x_wconf 87' lang='lat' dir='ltr'><strong>eris</strong></span> <span class='ocrx_word' id='word_1_861' title='bbox 2606 4162 2866 4216; x_wconf 82' lang='lat' dir='ltr'><strong>mortalis.</strong></span> <span class='ocrx_word' id='word_1_862' title='bbox 2902 4162 3151 4228; x_wconf 77' lang='lat' dir='ltr'><strong>Vivebat,</strong></span> <span class='ocrx_word' id='word_1_863' title='bbox 3180 4166 3382 4221; x_wconf 83' lang='lat' dir='ltr'><strong>morie-</strong></span> 
     </span>
    </p>
   </div>
   <div class='ocr_carea' id='block_1_104' title="bbox 1797 4248 3493 4325">
    <p class='ocr_par' dir='ltr' id='par_1_104' title="bbox 1797 4248 3493 4325">
     <span class='ocr_line' id='line_1_104' title="bbox 1797 4248 3493 4325; baseline 0.006 -22"><span class='ocrx_word' id='word_1_864' title='bbox 1797 4248 1941 4303; x_wconf 87' lang='lat' dir='ltr'><strong>baris</strong></span> <span class='ocrx_word' id='word_1_865' title='bbox 1984 4265 1999 4300; x_wconf 91' lang='lat'><strong>:</strong></span> <span class='ocrx_word' id='word_1_866' title='bbox 2041 4254 2284 4303; x_wconf 88' lang='lat' dir='ltr'><strong>mortuus</strong></span> <span class='ocrx_word' id='word_1_867' title='bbox 2326 4257 2444 4313; x_wconf 87' lang='lat' dir='ltr'><strong>est,</strong></span> <span class='ocrx_word' id='word_1_868' title='bbox 2487 4259 2546 4304; x_wconf 90' lang='lat' dir='ltr'><strong>ut</strong></span> <span class='ocrx_word' id='word_1_869' title='bbox 2577 4250 2745 4306; x_wconf 87' lang='lat' dir='ltr'><strong>vivas.</strong></span> <span class='ocrx_word' id='word_1_870' title='bbox 2775 4252 2966 4309; x_wconf 82' lang='lat' dir='ltr'><strong>Attulit</strong></span> <span class='ocrx_word' id='word_1_871' title='bbox 2992 4255 3215 4325; x_wconf 84' lang='lat' dir='ltr'><strong>gratiam</strong></span> <span class='ocrx_word' id='word_1_872' title='bbox 3248 4255 3378 4325; x_wconf 81' lang='lat' dir='ltr'><strong>Del,</strong></span> <span class='ocrx_word' id='word_1_873' title='bbox 3488 4318 3493 4321; x_wconf 22' lang='grc' dir='ltr'>κ</span> 
     </span>
    </p>
   </div>
   <div class='ocr_carea' id='block_1_105' title="bbox 1796 4340 3381 4412">
    <p class='ocr_par' dir='ltr' id='par_1_105' title="bbox 1796 4340 3381 4412">
     <span class='ocr_line' id='line_1_105' title="bbox 1796 4340 3381 4412; baseline 0.006 -17"><span class='ocrx_word' id='word_1_874' title='bbox 1796 4340 2013 4396; x_wconf 81' lang='lat' dir='ltr'><strong>abstulit</strong></span> <span class='ocrx_word' id='word_1_875' title='bbox 2038 4341 2173 4396; x_wconf 81' lang='lat' dir='ltr'><strong>iram</strong></span> <span class='ocrx_word' id='word_1_876' title='bbox 2201 4340 2316 4396; x_wconf 85' lang='lat' dir='ltr'><strong>Dei.</strong></span> <span class='ocrx_word' id='word_1_877' title='bbox 2344 4340 2488 4397; x_wconf 81' lang='lat' dir='ltr'><strong>Deus</strong></span> <span class='ocrx_word' id='word_1_878' title='bbox 2507 4342 2632 4398; x_wconf 86' lang='lat' dir='ltr'><strong>vicit</strong></span> <span class='ocrx_word' id='word_1_879' title='bbox 2654 4353 2883 4400; x_wconf 83' lang='lat' dir='ltr'><strong>mortem</strong></span> <span class='ocrx_word' id='word_1_880' title='bbox 2900 4387 2915 4412; x_wconf 90' lang='lat'><strong>,</strong></span> <span class='ocrx_word' id='word_1_881' title='bbox 2949 4360 3018 4402; x_wconf 89' lang='lat' dir='ltr'><strong>ne</strong></span> <span class='ocrx_word' id='word_1_882' title='bbox 3035 4361 3181 4403; x_wconf 77' lang='lat' dir='ltr'><strong>mors</strong></span> <span class='ocrx_word' id='word_1_883' title='bbox 3199 4348 3381 4405; x_wconf 82' lang='lat' dir='ltr'><strong>vinco-</strong></span> 
     </span>
    </p>
   </div>
   <div class='ocr_carea' id='block_1_106' title="bbox 1799 4431 2244 4488">
    <p class='ocr_par' dir='ltr' id='par_1_106' title="bbox 1799 4431 2244 4488">
     <span class='ocr_line' id='line_1_106' title="bbox 1799 4431 2244 4488; baseline -0.002 0"><span class='ocrx_word' id='word_1_884' title='bbox 1799 4440 1881 4488; x_wconf 87' lang='lat' dir='ltr'><strong>ret</strong></span> <span class='ocrx_word' id='word_1_885' title='bbox 1905 4431 2177 4487; x_wconf 80' lang='lat' dir='ltr'><strong>hominem</strong></span> <span class='ocrx_word' id='word_1_886' title='bbox 2202 4432 2244 4487; x_wconf 81' lang='grc'><strong>³.</strong></span> 
     </span>
    </p>
   </div>
   <div class='ocr_carea' id='block_1_107' title="bbox 2310 4544 2862 4605">
    <p class='ocr_par' dir='ltr' id='par_1_107' title="bbox 2310 4544 2862 4605">
     <span class='ocr_line' id='line_1_107' title="bbox 2310 4544 2862 4605; baseline 0.004 -5"><span class='ocrx_word' id='word_1_887' title='bbox 2310 4544 2720 4605; x_wconf 77' lang='lat' dir='ltr'><strong>TBACTATUS</strong></span> <span class='ocrx_word' id='word_1_888' title='bbox 2746 4546 2862 4603; x_wconf 74' lang='lat' dir='ltr'><strong>XV.</strong></span> 
     </span>
    </p>
   </div>
   <div class='ocr_carea' id='block_1_108' title="bbox 1799 4652 3382 4734">
    <p class='ocr_par' dir='ltr' id='par_1_108' title="bbox 1799 4652 3382 4734">
     <span class='ocr_line' id='line_1_108' title="bbox 1799 4652 3382 4734; baseline 0.006 -25"><span class='ocrx_word' id='word_1_889' title='bbox 1799 4655 1873 4709; x_wconf 85' lang='lat' dir='ltr'><strong>Ab</strong></span> <span class='ocrx_word' id='word_1_890' title='bbox 1910 4670 1968 4710; x_wconf 86' lang='lat' dir='ltr'><strong>eo</strong></span> <span class='ocrx_word' id='word_1_891' title='bbox 2007 4652 2270 4728; x_wconf 85' lang='lat' dir='ltr'><strong>Evangelii</strong></span> <span class='ocrx_word' id='word_1_892' title='bbox 2289 4656 2397 4712; x_wconf 86' lang='lat' dir='ltr'><strong>loco</strong></span> <span class='ocrx_word' id='word_1_893' title='bbox 2419 4700 2433 4725; x_wconf 94' lang='lat'><strong>,</strong></span> <span class='ocrx_word' id='word_1_894' title='bbox 2456 4654 2527 4713; x_wconf 91' lang='lat' dir='ltr'><strong>Ut</strong></span> <span class='ocrx_word' id='word_1_895' title='bbox 2551 4673 2676 4730; x_wconf 80' lang='lat' dir='ltr'><strong>ergo</strong></span> <span class='ocrx_word' id='word_1_896' title='bbox 2702 4660 2953 4730; x_wconf 83' lang='lat' dir='ltr'><strong>cognovit</strong></span> <span class='ocrx_word' id='word_1_897' title='bbox 2977 4658 3132 4717; x_wconf 83' lang='lat' dir='ltr'><strong>Jesus</strong></span> <span class='ocrx_word' id='word_1_898' title='bbox 3152 4660 3274 4734; x_wconf 88' lang='lat' dir='ltr'><strong>quia</strong></span> <span class='ocrx_word' id='word_1_899' title='bbox 3294 4679 3382 4719; x_wconf 55' lang='lat' dir='ltr'><strong>an.</strong></span> 
     </span>
    </p>
   </div>
   <div class='ocr_carea' id='block_1_109' title="bbox 1871 4742 3379 4824">
    <p class='ocr_par' dir='ltr' id='par_1_109' title="bbox 1871 4742 3379 4824">
     <span class='ocr_line' id='line_1_109' title="bbox 1871 4742 3379 4824; baseline 0.007 -22"><span class='ocrx_word' id='word_1_900' title='bbox 1871 4746 2083 4803; x_wconf 87' lang='lat' dir='ltr'><strong>dierunt</strong></span> <span class='ocrx_word' id='word_1_901' title='bbox 2102 4746 2513 4820; x_wconf 73' lang='lat' dir='ltr'><strong>Pltaris:ri,quia</strong></span> <span class='ocrx_word' id='word_1_902' title='bbox 2533 4746 2690 4805; x_wconf 88' lang='lat' dir='ltr'><strong>Jesus</strong></span> <span class='ocrx_word' id='word_1_903' title='bbox 2711 4750 2889 4821; x_wconf 88' lang='lat' dir='ltr'><strong>plures</strong></span> <span class='ocrx_word' id='word_1_904' title='bbox 2914 4742 3202 4824; x_wconf 87' lang='lat' dir='ltr'><strong>discipulos</strong></span> <span class='ocrx_word' id='word_1_905' title='bbox 3230 4754 3379 4823; x_wconf 79' lang='lat' dir='ltr'><strong>facit,</strong></span> 
     </span>
    </p>
   </div>
   <div class='ocr_carea' id='block_1_110' title="bbox 1871 4838 3380 4914">
    <p class='ocr_par' dir='ltr' id='par_1_110' title="bbox 1871 4838 3380 4914">
     <span class='ocr_line' id='line_1_110' title="bbox 1871 4838 3380 4914; baseline 0.007 -21"><span class='ocrx_word' id='word_1_906' title='bbox 1871 4848 1989 4906; x_wconf 88' lang='lat' dir='ltr'><strong>ctc.,</strong></span> <span class='ocrx_word' id='word_1_907' title='bbox 2016 4856 2176 4911; x_wconf 84' lang='lat' dir='ltr'><strong>usque</strong></span> <span class='ocrx_word' id='word_1_908' title='bbox 2200 4839 2269 4893; x_wconf 88' lang='lat' dir='ltr'><strong>ad</strong></span> <span class='ocrx_word' id='word_1_909' title='bbox 2290 4840 2362 4905; x_wconf 86' lang='lat' dir='ltr'><strong><em>id,</em></strong></span> <span class='ocrx_word' id='word_1_910' title='bbox 2391 4838 2461 4895; x_wconf 86' lang='lat' dir='ltr'><strong>Et</strong></span> <span class='ocrx_word' id='word_1_911' title='bbox 2481 4842 2679 4897; x_wconf 89' lang='lat' dir='ltr'><strong>scimus</strong></span> <span class='ocrx_word' id='word_1_912' title='bbox 2699 4843 2821 4914; x_wconf 91' lang='lat' dir='ltr'><strong>quia</strong></span> <span class='ocrx_word' id='word_1_913' title='bbox 2844 4840 2933 4899; x_wconf 86' lang='lat' dir='ltr'><strong>hic</strong></span> <span class='ocrx_word' id='word_1_914' title='bbox 2951 4856 3033 4901; x_wconf 87' lang='lat' dir='ltr'><strong>est</strong></span> <span class='ocrx_word' id='word_1_915' title='bbox 3048 4862 3172 4902; x_wconf 88' lang='lat' dir='ltr'><strong>vere</strong></span> <span class='ocrx_word' id='word_1_916' title='bbox 3189 4846 3380 4903; x_wconf 80' lang='lat' dir='ltr'><strong>Salva-</strong></span> 
     </span>
    </p>
   </div>
   <div class='ocr_carea' id='block_1_111' title="bbox 1875 4926 2752 5003">
    <p class='ocr_par' dir='ltr' id='par_1_111' title="bbox 1875 4926 2752 5003">
     <span class='ocr_line' id='line_1_111' title="bbox 1875 4926 2752 5003; baseline 0.003 -21"><span class='ocrx_word' id='word_1_917' title='bbox 1875 4934 1959 4982; x_wconf 86' lang='lat' dir='ltr'><strong>tor</strong></span> <span class='ocrx_word' id='word_1_918' title='bbox 1981 4927 2187 4984; x_wconf 86' lang='lat' dir='ltr'><strong>mundi.</strong></span> <span class='ocrx_word' id='word_1_919' title='bbox 2214 4928 2343 5000; x_wconf 88' lang='lat' dir='ltr'><strong>Cap.</strong></span> <span class='ocrx_word' id='word_1_920' title='bbox 2374 4942 2425 4984; x_wconf 85' lang='lat' dir='ltr'><strong>tv</strong></span> <span class='ocrx_word' id='word_1_921' title='bbox 2448 4973 2463 4997; x_wconf 91' lang='lat'><strong>,</strong></span> <span class='ocrx_word' id='word_1_922' title='bbox 2506 4926 2579 5003; x_wconf 60' lang='grc' dir='ltr'><strong>ᾗ.</strong></span> <span class='ocrx_word' id='word_1_923' title='bbox 2605 4930 2752 4987; x_wconf 64' lang='lat'><strong>{42.</strong></span> 
     </span>
    </p>
   </div>
   <div class='ocr_carea' id='block_1_112' title="bbox 1872 5036 3380 5118">
    <p class='ocr_par' dir='ltr' id='par_1_112' title="bbox 1872 5036 3380 5118">
     <span class='ocr_line' id='line_1_112' title="bbox 1872 5036 3380 5118; baseline 0.009 -23"><span class='ocrx_word' id='word_1_924' title='bbox 1872 5043 1922 5095; x_wconf 82' lang='lat' dir='ltr'><strong>l.</strong></span> <span class='ocrx_word' id='word_1_925' title='bbox 1964 5036 2085 5099; x_wconf 86' lang='lat' dir='ltr'><strong>Non</strong></span> <span class='ocrx_word' id='word_1_926' title='bbox 2120 5041 2252 5097; x_wconf 89' lang='lat' dir='ltr'><strong>rude</strong></span> <span class='ocrx_word' id='word_1_927' title='bbox 2292 5051 2374 5097; x_wconf 90' lang='lat' dir='ltr'><strong>est</strong></span> <span class='ocrx_word' id='word_1_928' title='bbox 2401 5042 2616 5098; x_wconf 87' lang='lat' dir='ltr'><strong>auribus</strong></span> <span class='ocrx_word' id='word_1_929' title='bbox 2646 5041 2929 5101; x_wconf 86' lang='lat' dir='ltr'><strong>Charitatis</strong></span> <span class='ocrx_word' id='word_1_930' title='bbox 2953 5056 3148 5104; x_wconf 75' lang='lat' dir='ltr'><strong>vestrae</strong></span> <span class='ocrx_word' id='word_1_931' title='bbox 3166 5090 3184 5118; x_wconf 95' lang='lat'><strong>,</strong></span> <span class='ocrx_word' id='word_1_932' title='bbox 3213 5066 3380 5108; x_wconf 74' lang='lat' dir='ltr'><strong>evan-</strong></span> 
     </span>
    </p>
   </div>
   <div class='ocr_carea' id='block_1_113' title="bbox 1798 5132 3385 5216">
    <p class='ocr_par' dir='ltr' id='par_1_113' title="bbox 1798 5132 3385 5216">
     <span class='ocr_line' id='line_1_113' title="bbox 1798 5132 3385 5216; baseline 0.008 -27"><span class='ocrx_word' id='word_1_933' title='bbox 1798 5134 2036 5204; x_wconf 83' lang='lat' dir='ltr'><strong>gelistam</strong></span> <span class='ocrx_word' id='word_1_934' title='bbox 2066 5132 2322 5191; x_wconf 88' lang='lat' dir='ltr'><strong>Joannem</strong></span> <span class='ocrx_word' id='word_1_935' title='bbox 2348 5135 2492 5190; x_wconf 87' lang='lat' dir='ltr'><strong>velut</strong></span> <span class='ocrx_word' id='word_1_936' title='bbox 2517 5136 2748 5207; x_wconf 82' lang='lat' dir='ltr'><strong>aquilam</strong></span> <span class='ocrx_word' id='word_1_937' title='bbox 2772 5139 2952 5195; x_wconf 80' lang='lat' dir='ltr'><strong>volare</strong></span> <span class='ocrx_word' id='word_1_938' title='bbox 2978 5140 3139 5196; x_wconf 86' lang='lat' dir='ltr'><strong>altius</strong></span> <span class='ocrx_word' id='word_1_939' title='bbox 3158 5184 3173 5208; x_wconf 96' lang='lat'><strong>,</strong></span> <span class='ocrx_word' id='word_1_940' title='bbox 3200 5146 3385 5216; x_wconf 80' lang='lat' dir='ltr'><strong>ealigi-</strong></span> 
     </span>
    </p>
   </div>
   <div class='ocr_carea' id='block_1_114' title="bbox 1800 5226 3379 5296">
    <p class='ocr_par' dir='ltr' id='par_1_114' title="bbox 1800 5226 3379 5296">
     <span class='ocr_line' id='line_1_114' title="bbox 1800 5226 3379 5296; baseline 0.007 -16"><span class='ocrx_word' id='word_1_941' title='bbox 1800 5241 2023 5296; x_wconf 83' lang='lat' dir='ltr'><strong>nemque</strong></span> <span class='ocrx_word' id='word_1_942' title='bbox 2050 5234 2205 5282; x_wconf 75' lang='lat' dir='ltr'><strong>terra:</strong></span> <span class='ocrx_word' id='word_1_943' title='bbox 2233 5226 2627 5294; x_wconf 86' lang='lat' dir='ltr'><strong>transcendere,</strong></span> <span class='ocrx_word' id='word_1_944' title='bbox 2649 5236 2703 5285; x_wconf 89' lang='lat' dir='ltr'><strong>et</strong></span> <span class='ocrx_word' id='word_1_945' title='bbox 2728 5229 2898 5286; x_wconf 87' lang='lat' dir='ltr'><strong>lucem</strong></span> <span class='ocrx_word' id='word_1_946' title='bbox 2920 5233 3156 5288; x_wconf 82' lang='lat' dir='ltr'><strong>veritatis</strong></span> <span class='ocrx_word' id='word_1_947' title='bbox 3175 5234 3379 5290; x_wconf 81' lang='lat' dir='ltr'><strong>ﬁrmio-</strong></span> 
     </span>
    </p>
   </div>
   <div class='ocr_carea' id='block_1_115' title="bbox 1797 5318 3378 5399">
    <p class='ocr_par' dir='ltr' id='par_1_115' title="bbox 1797 5318 3378 5399">
     <span class='ocr_line' id='line_1_115' title="bbox 1797 5318 3378 5399; baseline 0.006 -27"><span class='ocrx_word' id='word_1_948' title='bbox 1797 5318 1945 5373; x_wconf 88' lang='lat' dir='ltr'><strong>ribus</strong></span> <span class='ocrx_word' id='word_1_949' title='bbox 1979 5319 2151 5375; x_wconf 88' lang='lat' dir='ltr'><strong>oculis</strong></span> <span class='ocrx_word' id='word_1_950' title='bbox 2188 5319 2400 5375; x_wconf 92' lang='lat' dir='ltr'><strong>intueri.</strong></span> <span class='ocrx_word' id='word_1_951' title='bbox 2444 5319 2609 5378; x_wconf 81' lang='lat' dir='ltr'><strong>Multa</strong></span> <span class='ocrx_word' id='word_1_952' title='bbox 2649 5321 2792 5379; x_wconf 86' lang='lat' dir='ltr'><strong>enim</strong></span> <span class='ocrx_word' id='word_1_953' title='bbox 2830 5324 2942 5395; x_wconf 87' lang='lat' dir='ltr'><strong>jam</strong></span> <span class='ocrx_word' id='word_1_954' title='bbox 2988 5340 3054 5381; x_wconf 78' lang='lat' dir='ltr'><strong>ex</strong></span> <span class='ocrx_word' id='word_1_955' title='bbox 3096 5327 3378 5399; x_wconf 82' lang='lat' dir='ltr'><strong>Evangelio</strong></span> 
     </span>
    </p>
   </div>
   <div class='ocr_carea' id='block_1_116' title="bbox 1798 5411 3377 5489">
    <p class='ocr_par' dir='ltr' id='par_1_116' title="bbox 1798 5411 3377 5489">
     <span class='ocr_line' id='line_1_116' title="bbox 1798 5411 3377 5489; baseline 0.005 -23"><span class='ocrx_word' id='word_1_956' title='bbox 1798 5414 1915 5483; x_wconf 82' lang='lat' dir='ltr'><strong>ejus</strong></span> <span class='ocrx_word' id='word_1_957' title='bbox 1942 5426 2041 5481; x_wconf 89' lang='lat' dir='ltr'><strong>per</strong></span> <span class='ocrx_word' id='word_1_958' title='bbox 2063 5411 2413 5468; x_wconf 88' lang='lat' dir='ltr'><strong>ministerium</strong></span> <span class='ocrx_word' id='word_1_959' title='bbox 2440 5423 2686 5471; x_wconf 88' lang='lat' dir='ltr'><strong>nostrum</strong></span> <span class='ocrx_word' id='word_1_960' title='bbox 2716 5416 2942 5473; x_wconf 89' lang='lat' dir='ltr'><strong>Domino</strong></span> <span class='ocrx_word' id='word_1_961' title='bbox 2961 5417 3245 5489; x_wconf 82' lang='lat' dir='ltr'><strong>adjuvante</strong></span> <span class='ocrx_word' id='word_1_962' title='bbox 3266 5427 3377 5474; x_wconf 78' lang='lat' dir='ltr'><strong>tra-</strong></span> 
     </span>
    </p>
   </div>
   <div class='ocr_carea' id='block_1_117' title="bbox 1798 5504 3379 5580">
    <p class='ocr_par' dir='ltr' id='par_1_117' title="bbox 1798 5504 3379 5580">
     <span class='ocr_line' id='line_1_117' title="bbox 1798 5504 3379 5580; baseline 0.004 -21"><span class='ocrx_word' id='word_1_963' title='bbox 1798 5511 1934 5559; x_wconf 85' lang='lat' dir='ltr'><strong>ctata</strong></span> <span class='ocrx_word' id='word_1_964' title='bbox 1962 5511 2090 5559; x_wconf 86' lang='lat' dir='ltr'><strong>sunt</strong></span> <span class='ocrx_word' id='word_1_965' title='bbox 2115 5521 2127 5558; x_wconf 95' lang='lat'>:</span> <span class='ocrx_word' id='word_1_966' title='bbox 2150 5519 2219 5560; x_wconf 82' lang='lat' dir='ltr'><strong>ex</strong></span> <span class='ocrx_word' id='word_1_967' title='bbox 2239 5504 2424 5562; x_wconf 88' lang='lat' dir='ltr'><strong>ordine</strong></span> <span class='ocrx_word' id='word_1_968' title='bbox 2452 5514 2629 5562; x_wconf 87' lang='lat' dir='ltr'><strong>autem</strong></span> <span class='ocrx_word' id='word_1_969' title='bbox 2655 5508 2895 5580; x_wconf 87' lang='lat' dir='ltr'><strong>sequitur</strong></span> <span class='ocrx_word' id='word_1_970' title='bbox 2922 5507 3033 5563; x_wconf 62' lang='lat' dir='ltr'><strong>haec</strong></span> <span class='ocrx_word' id='word_1_971' title='bbox 3050 5508 3237 5573; x_wconf 88' lang='lat' dir='ltr'><strong>lectio,</strong></span> <span class='ocrx_word' id='word_1_972' title='bbox 3259 5525 3379 5580; x_wconf 75' lang='lat' dir='ltr'><strong>qmc</strong></span> 
     </span>
    </p>
   </div>
   <div class='ocr_carea' id='block_1_118' title="bbox 1862 5636 3377 5713">
    <p class='ocr_par' dir='ltr' id='par_1_118' title="bbox 1862 5636 3377 5713">
     <span class='ocr_line' id='line_1_118' title="bbox 1862 5636 3377 5713; baseline 0.005 -26"><span class='ocrx_word' id='word_1_973' title='bbox 1862 5636 2639 5713; x_wconf 56' lang='lat' dir='ltr'><strong>*ldimcmes.(:onaentlnnt</strong></span> <span class='ocrx_word' id='word_1_974' title='bbox 2669 5638 3258 5705; x_wconf 53' lang='lat' dir='ltr'><strong>mmmepttsttttobus</strong></span> <span class='ocrx_word' id='word_1_975' title='bbox 3292 5643 3377 5706; x_wconf 74' lang='lat' dir='ltr'><strong>qui</strong></span> 
     </span>
    </p>
   </div>
   <div class='ocr_carea' id='block_1_119' title="bbox 1794 5698 3377 5838">
    <p class='ocr_par' dir='ltr' id='par_1_119' title="bbox 1794 5698 3377 5838">
     <span class='ocr_line' id='line_1_119' title="bbox 1794 5698 3325 5761; baseline -0.004 -12"><span class='ocrx_word' id='word_1_976' title='bbox 1794 5698 1977 5761; x_wconf 80' lang='lat' dir='ltr'><strong>ferunt,</strong></span> <span class='ocrx_word' id='word_1_977' title='bbox 1998 5702 2257 5755; x_wconf 80' lang='lat' dir='ltr'><strong>curareris.</strong></span> <span class='ocrx_word' id='word_1_978' title='bbox 2780 5698 2790 5701; x_wconf 83' lang='grc'><em>’</em></span> <span class='ocrx_word' id='word_1_979' title='bbox 2946 5698 2963 5705; x_wconf 87' lang='grc'><em>’</em></span> <span class='ocrx_word' id='word_1_980' title='bbox 3310 5698 3325 5706; x_wconf 91' lang='grc'><strong>·</strong></span> 
     </span>
     <span class='ocr_line' id='line_1_120' title="bbox 1804 5758 3377 5838; baseline -0.003 -20"><span class='ocrx_word' id='word_1_981' title='bbox 1804 5834 1835 5838; x_wconf 10' lang='lat' dir='ltr'><strong>Ar</strong></span> <span class='ocrx_word' id='word_1_982' title='bbox 1900 5763 1977 5838; x_wconf 65' lang='lat' dir='ltr'><strong>Sig</strong></span> <span class='ocrx_word' id='word_1_983' title='bbox 1987 5758 2178 5838; x_wconf 52' lang='lat' dir='ltr'><strong>aliqua}</strong></span> <span class='ocrx_word' id='word_1_984' title='bbox 2199 5766 2391 5838; x_wconf 58' lang='lat' dir='ltr'><strong>Optima</strong></span> <span class='ocrx_word' id='word_1_985' title='bbox 2414 5773 2540 5818; x_wconf 67' lang='lat' dir='ltr'><strong>notae</strong></span> <span class='ocrx_word' id='word_1_986' title='bbox 2571 5771 2676 5817; x_wconf 76' lang='lat' dir='ltr'><strong>Mss.</strong></span> <span class='ocrx_word' id='word_1_987' title='bbox 2710 5770 2765 5816; x_wconf 76' lang='lat' dir='ltr'><strong>At</strong></span> <span class='ocrx_word' id='word_1_988' title='bbox 2781 5761 2918 5827; x_wconf 88' lang='lat' dir='ltr'><strong>editi,</strong></span> <span class='ocrx_word' id='word_1_989' title='bbox 2942 5760 3055 5817; x_wconf 80' lang='lat' dir='ltr'><strong>bibit</strong></span> <span class='ocrx_word' id='word_1_990' title='bbox 3076 5769 3293 5833; x_wconf 86' lang='lat' dir='ltr'><strong>mortem,</strong></span> <span class='ocrx_word' id='word_1_991' title='bbox 3315 5774 3377 5822; x_wconf 65' lang='lat' dir='ltr'><strong>no</strong></span> 
     </span>
    </p>
   </div>
  </div>
