  <div class='ocr_page' id='page_1' title='image "/cluster/home/n/w/nwhite01/storage/ocr_20150623/35/uva.x000827104/107.png"; bbox 0 0 3916 6376; ppageno 0'>
   <div class='ocr_carea' id='block_1_1' title="bbox 516 382 652 441">
    <p class='ocr_par' dir='ltr' id='par_1_1' title="bbox 516 382 652 441">
     <span class='ocr_line' id='line_1_1' title="bbox 516 382 652 441; baseline -0.037 0"><span class='ocrx_word' id='word_1_1' title='bbox 516 382 652 441; x_wconf 71' lang='grc'><strong>1511</strong></span> 
     </span>
    </p>
   </div>
   <div class='ocr_carea' id='block_1_2' title="bbox 520 494 2094 568">
    <p class='ocr_par' dir='ltr' id='par_1_2' title="bbox 520 494 2094 568">
     <span class='ocr_line' id='line_1_2' title="bbox 520 494 2094 568; baseline -0.003 -15"><span class='ocrx_word' id='word_1_2' title='bbox 520 497 680 553; x_wconf 85' lang='lat' dir='ltr'><strong>hodie</strong></span> <span class='ocrx_word' id='word_1_3' title='bbox 708 495 928 552; x_wconf 88' lang='lat' dir='ltr'><strong>recitata</strong></span> <span class='ocrx_word' id='word_1_4' title='bbox 955 503 1054 550; x_wconf 92' lang='lat' dir='ltr'><strong>est.</strong></span> <span class='ocrx_word' id='word_1_5' title='bbox 1087 495 1163 551; x_wconf 89' lang='lat' dir='ltr'><strong>Ea</strong></span> <span class='ocrx_word' id='word_1_6' title='bbox 1196 511 1312 568; x_wconf 59' lang='lat' dir='ltr'><strong>quae</strong></span> <span class='ocrx_word' id='word_1_7' title='bbox 1340 495 1575 550; x_wconf 86' lang='lat' dir='ltr'><strong>dicturus</strong></span> <span class='ocrx_word' id='word_1_8' title='bbox 1600 512 1716 552; x_wconf 92' lang='lat' dir='ltr'><strong>sum</strong></span> <span class='ocrx_word' id='word_1_9' title='bbox 1747 497 1968 550; x_wconf 92' lang='lat' dir='ltr'><strong>Domino</strong></span> <span class='ocrx_word' id='word_1_10' title='bbox 1995 494 2094 549; x_wconf 90' lang='lat' dir='ltr'><strong>do-</strong></span> 
     </span>
    </p>
   </div>
   <div class='ocr_carea' id='block_1_3' title="bbox 519 586 2095 658">
    <p class='ocr_par' dir='ltr' id='par_1_3' title="bbox 519 586 2095 658">
     <span class='ocr_line' id='line_1_3' title="bbox 519 586 2095 658; baseline -0.001 -16"><span class='ocrx_word' id='word_1_11' title='bbox 519 598 682 643; x_wconf 89' lang='lat' dir='ltr'><strong>nante</strong></span> <span class='ocrx_word' id='word_1_12' title='bbox 708 587 855 642; x_wconf 89' lang='lat' dir='ltr'><strong>multi</strong></span> <span class='ocrx_word' id='word_1_13' title='bbox 877 586 954 642; x_wconf 89' lang='lat' dir='ltr'><strong>sic</strong></span> <span class='ocrx_word' id='word_1_14' title='bbox 972 586 1198 642; x_wconf 92' lang='lat' dir='ltr'><strong>audituri</strong></span> <span class='ocrx_word' id='word_1_15' title='bbox 1225 588 1353 642; x_wconf 90' lang='lat' dir='ltr'><strong>estis</strong></span> <span class='ocrx_word' id='word_1_16' title='bbox 1376 629 1390 654; x_wconf 95' lang='lat'><strong>,</strong></span> <span class='ocrx_word' id='word_1_17' title='bbox 1420 596 1480 641; x_wconf 91' lang='lat' dir='ltr'><strong>ut</strong></span> <span class='ocrx_word' id='word_1_18' title='bbox 1508 587 1674 657; x_wconf 89' lang='lat' dir='ltr'><strong>magis</strong></span> <span class='ocrx_word' id='word_1_19' title='bbox 1704 586 2095 658; x_wconf 79' lang='lat' dir='ltr'><strong>recognoscatis</strong></span> 
     </span>
    </p>
   </div>
   <div class='ocr_carea' id='block_1_4' title="bbox 519 678 2095 751">
    <p class='ocr_par' dir='ltr' id='par_1_4' title="bbox 519 678 2095 751">
     <span class='ocr_line' id='line_1_4' title="bbox 519 678 2095 751; baseline -0.004 -15"><span class='ocrx_word' id='word_1_20' title='bbox 519 698 676 748; x_wconf 88' lang='lat' dir='ltr'><strong>quam</strong></span> <span class='ocrx_word' id='word_1_21' title='bbox 718 679 950 736; x_wconf 73' lang='lat' dir='ltr'><strong>discetis.</strong></span> <span class='ocrx_word' id='word_1_22' title='bbox 997 679 1111 734; x_wconf 88' lang='lat' dir='ltr'><strong>Non</strong></span> <span class='ocrx_word' id='word_1_23' title='bbox 1151 679 1268 735; x_wconf 91' lang='lat' dir='ltr'><strong>ideo</strong></span> <span class='ocrx_word' id='word_1_24' title='bbox 1297 689 1470 735; x_wconf 90' lang='lat' dir='ltr'><strong>tamen</strong></span> <span class='ocrx_word' id='word_1_25' title='bbox 1502 681 1652 751; x_wconf 87' lang='lat' dir='ltr'><strong>pigra</strong></span> <span class='ocrx_word' id='word_1_26' title='bbox 1682 680 1840 735; x_wconf 89' lang='lat' dir='ltr'><strong>debet</strong></span> <span class='ocrx_word' id='word_1_27' title='bbox 1863 693 1981 734; x_wconf 88' lang='lat' dir='ltr'><strong>esse</strong></span> <span class='ocrx_word' id='word_1_28' title='bbox 2012 678 2095 731; x_wconf 88' lang='lat' dir='ltr'><strong>in-</strong></span> 
     </span>
    </p>
   </div>
   <div class='ocr_carea' id='block_1_5' title="bbox 523 773 2095 844">
    <p class='ocr_par' dir='ltr' id='par_1_5' title="bbox 523 773 2095 844">
     <span class='ocr_line' id='line_1_5' title="bbox 523 773 2095 844; baseline -0.001 -17"><span class='ocrx_word' id='word_1_29' title='bbox 523 774 688 828; x_wconf 88' lang='lat' dir='ltr'><strong>tcntio</strong></span> <span class='ocrx_word' id='word_1_30' title='bbox 707 816 721 837; x_wconf 94' lang='lat'><strong>,</strong></span> <span class='ocrx_word' id='word_1_31' title='bbox 745 774 866 844; x_wconf 86' lang='lat' dir='ltr'><strong>quia</strong></span> <span class='ocrx_word' id='word_1_32' title='bbox 889 789 994 829; x_wconf 93' lang='lat' dir='ltr'><strong>non</strong></span> <span class='ocrx_word' id='word_1_33' title='bbox 1021 784 1101 830; x_wconf 88' lang='lat' dir='ltr'><strong>est</strong></span> <span class='ocrx_word' id='word_1_34' title='bbox 1124 775 1355 844; x_wconf 74' lang='lat' dir='ltr'><strong>cognitio</strong></span> <span class='ocrx_word' id='word_1_35' title='bbox 1373 816 1387 840; x_wconf 93' lang='lat'><strong>,</strong></span> <span class='ocrx_word' id='word_1_36' title='bbox 1413 774 1506 828; x_wconf 92' lang='lat' dir='ltr'><strong>sed</strong></span> <span class='ocrx_word' id='word_1_37' title='bbox 1534 773 1846 844; x_wconf 75' lang='lat' dir='ltr'><strong>recognitio.</strong></span> <span class='ocrx_word' id='word_1_38' title='bbox 1878 773 1989 827; x_wconf 82' lang='lat' dir='ltr'><strong>Hoc</strong></span> <span class='ocrx_word' id='word_1_39' title='bbox 2015 773 2095 827; x_wconf 80' lang='lat' dir='ltr'><strong>lc-</strong></span> 
     </span>
    </p>
   </div>
   <div class='ocr_carea' id='block_1_6' title="bbox 519 864 2098 934">
    <p class='ocr_par' dir='ltr' id='par_1_6' title="bbox 519 864 2098 934">
     <span class='ocr_line' id='line_1_6' title="bbox 519 864 2098 934; baseline -0.003 -14"><span class='ocrx_word' id='word_1_40' title='bbox 519 876 664 920; x_wconf 91' lang='lat' dir='ltr'><strong>ctum</strong></span> <span class='ocrx_word' id='word_1_41' title='bbox 691 877 807 932; x_wconf 89' lang='lat' dir='ltr'><strong>est,</strong></span> <span class='ocrx_word' id='word_1_42' title='bbox 837 874 891 922; x_wconf 84' lang='lat' dir='ltr'><strong>et</strong></span> <span class='ocrx_word' id='word_1_43' title='bbox 920 867 1056 921; x_wconf 90' lang='lat' dir='ltr'><strong>hanc</strong></span> <span class='ocrx_word' id='word_1_44' title='bbox 1084 866 1363 920; x_wconf 88' lang='lat' dir='ltr'><strong>lectionem</strong></span> <span class='ocrx_word' id='word_1_45' title='bbox 1396 866 1719 920; x_wconf 81' lang='lat' dir='ltr'><strong>tractandam</strong></span> <span class='ocrx_word' id='word_1_46' title='bbox 1750 875 2016 934; x_wconf 82' lang='lat' dir='ltr'><strong>gestamus</strong></span> <span class='ocrx_word' id='word_1_47' title='bbox 2042 864 2098 916; x_wconf 90' lang='lat' dir='ltr'><strong>in</strong></span> 
     </span>
    </p>
   </div>
   <div class='ocr_carea' id='block_1_7' title="bbox 520 953 2098 1026">
    <p class='ocr_par' dir='ltr' id='par_1_7' title="bbox 520 953 2098 1026">
     <span class='ocr_line' id='line_1_7' title="bbox 520 953 2098 1026; baseline -0.004 -15"><span class='ocrx_word' id='word_1_48' title='bbox 520 956 795 1024; x_wconf 90' lang='lat' dir='ltr'><strong>manibus,</strong></span> <span class='ocrx_word' id='word_1_49' title='bbox 837 957 982 1026; x_wconf 90' lang='lat' dir='ltr'><strong>quod</strong></span> <span class='ocrx_word' id='word_1_50' title='bbox 1019 957 1272 1012; x_wconf 89' lang='lat' dir='ltr'><strong>Dominus</strong></span> <span class='ocrx_word' id='word_1_51' title='bbox 1306 956 1459 1012; x_wconf 84' lang='lat' dir='ltr'><strong>Jesus</strong></span> <span class='ocrx_word' id='word_1_52' title='bbox 1497 956 1563 1010; x_wconf 88' lang='lat' dir='ltr'><strong>ad</strong></span> <span class='ocrx_word' id='word_1_53' title='bbox 1590 966 1802 1025; x_wconf 84' lang='lat' dir='ltr'><strong>puteum</strong></span> <span class='ocrx_word' id='word_1_54' title='bbox 1831 954 1994 1009; x_wconf 84' lang='lat' dir='ltr'><strong>Jacob</strong></span> <span class='ocrx_word' id='word_1_55' title='bbox 2016 953 2098 1006; x_wconf 89' lang='lat' dir='ltr'><strong>lo-</strong></span> 
     </span>
    </p>
   </div>
   <div class='ocr_carea' id='block_1_8' title="bbox 520 1047 2101 1119">
    <p class='ocr_par' dir='ltr' id='par_1_8' title="bbox 520 1047 2101 1119">
     <span class='ocr_line' id='line_1_8' title="bbox 520 1047 2101 1119; baseline -0.004 -14"><span class='ocrx_word' id='word_1_56' title='bbox 520 1050 782 1119; x_wconf 87' lang='lat' dir='ltr'><strong>quebatur</strong></span> <span class='ocrx_word' id='word_1_57' title='bbox 809 1065 929 1105; x_wconf 93' lang='lat' dir='ltr'><strong>cum</strong></span> <span class='ocrx_word' id='word_1_58' title='bbox 953 1051 1282 1105; x_wconf 79' lang='lat' dir='ltr'><strong>Samaritana</strong></span> <span class='ocrx_word' id='word_1_59' title='bbox 1305 1050 1540 1104; x_wconf 87' lang='lat' dir='ltr'><strong>muliere.</strong></span> <span class='ocrx_word' id='word_1_60' title='bbox 1565 1050 1711 1103; x_wconf 90' lang='lat' dir='ltr'><strong>Dicta</strong></span> <span class='ocrx_word' id='word_1_61' title='bbox 1734 1047 1875 1102; x_wconf 87' lang='lat' dir='ltr'><strong>enim</strong></span> <span class='ocrx_word' id='word_1_62' title='bbox 1893 1047 1964 1101; x_wconf 91' lang='lat' dir='ltr'><strong>ibi</strong></span> <span class='ocrx_word' id='word_1_63' title='bbox 1979 1053 2101 1100; x_wconf 89' lang='lat' dir='ltr'><strong>sunt</strong></span> 
     </span>
    </p>
   </div>
   <div class='ocr_carea' id='block_1_9' title="bbox 521 1138 2098 1212">
    <p class='ocr_par' dir='ltr' id='par_1_9' title="bbox 521 1138 2098 1212">
     <span class='ocr_line' id='line_1_9' title="bbox 521 1138 2098 1212; baseline -0.003 -18"><span class='ocrx_word' id='word_1_64' title='bbox 521 1154 708 1210; x_wconf 86' lang='lat' dir='ltr'><strong>magna</strong></span> <span class='ocrx_word' id='word_1_65' title='bbox 747 1141 996 1212; x_wconf 83' lang='lat' dir='ltr'><strong>mysteria</strong></span> <span class='ocrx_word' id='word_1_66' title='bbox 1017 1182 1032 1206; x_wconf 98' lang='lat'><strong>,</strong></span> <span class='ocrx_word' id='word_1_67' title='bbox 1073 1151 1126 1195; x_wconf 93' lang='lat' dir='ltr'><strong>et</strong></span> <span class='ocrx_word' id='word_1_68' title='bbox 1155 1156 1458 1211; x_wconf 88' lang='lat' dir='ltr'><strong>magnarum</strong></span> <span class='ocrx_word' id='word_1_69' title='bbox 1486 1138 1858 1192; x_wconf 77' lang='lat' dir='ltr'><strong>similitudines</strong></span> <span class='ocrx_word' id='word_1_70' title='bbox 1886 1151 2098 1200; x_wconf 89' lang='lat' dir='ltr'><strong>rerum;</strong></span> 
     </span>
    </p>
   </div>
   <div class='ocr_carea' id='block_1_10' title="bbox 523 1229 2097 1300">
    <p class='ocr_par' dir='ltr' id='par_1_10' title="bbox 523 1229 2097 1300">
     <span class='ocr_line' id='line_1_10' title="bbox 523 1229 2097 1300; baseline -0.003 -17"><span class='ocrx_word' id='word_1_71' title='bbox 523 1240 802 1300; x_wconf 84' lang='lat' dir='ltr'><strong>pascentes</strong></span> <span class='ocrx_word' id='word_1_72' title='bbox 817 1231 1046 1285; x_wconf 89' lang='lat' dir='ltr'><strong>animam</strong></span> <span class='ocrx_word' id='word_1_73' title='bbox 1064 1231 1404 1296; x_wconf 87' lang='lat' dir='ltr'><strong>esurientem,</strong></span> <span class='ocrx_word' id='word_1_74' title='bbox 1429 1229 1725 1284; x_wconf 84' lang='lat' dir='ltr'><strong>reficientes</strong></span> <span class='ocrx_word' id='word_1_75' title='bbox 1742 1229 2097 1297; x_wconf 83' lang='lat' dir='ltr'><strong>languentem.</strong></span> 
     </span>
    </p>
   </div>
   <div class='ocr_carea' id='block_1_11' title="bbox 591 1317 2103 1386">
    <p class='ocr_par' dir='ltr' id='par_1_11' title="bbox 591 1317 2103 1386">
     <span class='ocr_line' id='line_1_11' title="bbox 591 1317 2103 1386; baseline -0.002 -12"><span class='ocrx_word' id='word_1_76' title='bbox 591 1319 646 1374; x_wconf 73' lang='lat'><strong>2.</strong></span> <span class='ocrx_word' id='word_1_77' title='bbox 692 1321 946 1376; x_wconf 85' lang='lat' dir='ltr'><strong>Dominus</strong></span> <span class='ocrx_word' id='word_1_78' title='bbox 972 1322 1115 1376; x_wconf 90' lang='lat' dir='ltr'><strong>enim</strong></span> <span class='ocrx_word' id='word_1_79' title='bbox 1146 1320 1259 1375; x_wconf 63' lang='lat' dir='ltr'><strong>hare</strong></span> <span class='ocrx_word' id='word_1_80' title='bbox 1293 1339 1311 1372; x_wconf 85' lang='grc'><em>‹</em></span> <span class='ocrx_word' id='word_1_81' title='bbox 1346 1336 1466 1376; x_wconf 90' lang='lat' dir='ltr'><strong>cum</strong></span> <span class='ocrx_word' id='word_1_82' title='bbox 1493 1319 1762 1383; x_wconf 90' lang='lat' dir='ltr'><strong>audisset,</strong></span> <span class='ocrx_word' id='word_1_83' title='bbox 1792 1317 2103 1386; x_wconf 82' lang='lat' dir='ltr'><strong>cognovisse</strong></span> 
     </span>
    </p>
   </div>
   <div class='ocr_carea' id='block_1_12' title="bbox 523 1406 2104 1482">
    <p class='ocr_par' dir='ltr' id='par_1_12' title="bbox 523 1406 2104 1482">
     <span class='ocr_line' id='line_1_12' title="bbox 523 1406 2104 1482; baseline -0.006 -15"><span class='ocrx_word' id='word_1_84' title='bbox 523 1409 819 1467; x_wconf 77' lang='lat' dir='ltr'><strong>Pbarisams</strong></span> <span class='ocrx_word' id='word_1_85' title='bbox 847 1411 984 1481; x_wconf 91' lang='lat' dir='ltr'><strong>quod</strong></span> <span class='ocrx_word' id='word_1_86' title='bbox 1014 1412 1195 1482; x_wconf 86' lang='lat' dir='ltr'><strong>plures</strong></span> <span class='ocrx_word' id='word_1_87' title='bbox 1223 1410 1511 1480; x_wconf 88' lang='lat' dir='ltr'><strong>discipulos</strong></span> <span class='ocrx_word' id='word_1_88' title='bbox 1540 1411 1734 1463; x_wconf 90' lang='lat' dir='ltr'><strong>faceret</strong></span> <span class='ocrx_word' id='word_1_89' title='bbox 1759 1421 1916 1477; x_wconf 75' lang='lat' dir='ltr'><strong>quam</strong></span> <span class='ocrx_word' id='word_1_90' title='bbox 1945 1406 2104 1460; x_wconf 84' lang='lat' dir='ltr'><strong>Joan-</strong></span> 
     </span>
    </p>
   </div>
   <div class='ocr_carea' id='block_1_13' title="bbox 521 1496 2104 1573">
    <p class='ocr_par' dir='ltr' id='par_1_13' title="bbox 521 1496 2104 1573">
     <span class='ocr_line' id='line_1_13' title="bbox 521 1496 2104 1573; baseline -0.005 -15"><span class='ocrx_word' id='word_1_91' title='bbox 521 1517 617 1558; x_wconf 87' lang='lat' dir='ltr'><strong>nes</strong></span> <span class='ocrx_word' id='word_1_92' title='bbox 635 1542 650 1566; x_wconf 92' lang='lat'><strong>,</strong></span> <span class='ocrx_word' id='word_1_93' title='bbox 690 1511 747 1558; x_wconf 87' lang='lat' dir='ltr'><strong>et</strong></span> <span class='ocrx_word' id='word_1_94' title='bbox 782 1503 960 1572; x_wconf 91' lang='lat' dir='ltr'><strong>plures</strong></span> <span class='ocrx_word' id='word_1_95' title='bbox 984 1503 1271 1571; x_wconf 83' lang='lat' dir='ltr'><strong>baptizaret</strong></span> <span class='ocrx_word' id='word_1_96' title='bbox 1295 1501 1615 1573; x_wconf 88' lang='lat' dir='ltr'><strong>(quanquam</strong></span> <span class='ocrx_word' id='word_1_97' title='bbox 1636 1499 1788 1553; x_wconf 84' lang='lat' dir='ltr'><strong>.lcsus</strong></span> <span class='ocrx_word' id='word_1_98' title='bbox 1810 1512 1914 1552; x_wconf 94' lang='lat' dir='ltr'><strong>non</strong></span> <span class='ocrx_word' id='word_1_99' title='bbox 1938 1496 2104 1565; x_wconf 88' lang='lat' dir='ltr'><strong>bapti-</strong></span> 
     </span>
    </p>
   </div>
   <div class='ocr_carea' id='block_1_14' title="bbox 521 1589 2100 1663">
    <p class='ocr_par' dir='ltr' id='par_1_14' title="bbox 521 1589 2100 1663">
     <span class='ocr_line' id='line_1_14' title="bbox 521 1589 2100 1663; baseline -0.004 -15"><span class='ocrx_word' id='word_1_100' title='bbox 521 1601 700 1660; x_wconf 85' lang='lat' dir='ltr'><strong>zaret,</strong></span> <span class='ocrx_word' id='word_1_101' title='bbox 743 1593 834 1648; x_wconf 90' lang='lat' dir='ltr'><strong>sed</strong></span> <span class='ocrx_word' id='word_1_102' title='bbox 877 1593 1121 1663; x_wconf 90' lang='lat' dir='ltr'><strong>discipuli</strong></span> <span class='ocrx_word' id='word_1_103' title='bbox 1159 1589 1332 1663; x_wconf 84' lang='lat' dir='ltr'><strong>ejus),</strong></span> <span class='ocrx_word' id='word_1_104' title='bbox 1362 1590 1576 1659; x_wconf 91' lang='lat' dir='ltr'><strong>reliquit</strong></span> <span class='ocrx_word' id='word_1_105' title='bbox 1601 1590 1835 1643; x_wconf 71' lang='lat' dir='ltr'><strong>.ludteam</strong></span> <span class='ocrx_word' id='word_1_106' title='bbox 1870 1597 2062 1642; x_wconf 89' lang='lat' dir='ltr'><strong>terram</strong></span> <span class='ocrx_word' id='word_1_107' title='bbox 2084 1629 2100 1653; x_wconf 91' lang='lat'><strong>,</strong></span> 
     </span>
    </p>
   </div>
   <div class='ocr_carea' id='block_1_15' title="bbox 521 1678 2103 1748">
    <p class='ocr_par' dir='ltr' id='par_1_15' title="bbox 521 1678 2103 1748">
     <span class='ocr_line' id='line_1_15' title="bbox 521 1678 2103 1748; baseline -0.006 -8"><span class='ocrx_word' id='word_1_108' title='bbox 521 1693 578 1740; x_wconf 86' lang='lat' dir='ltr'><strong>et</strong></span> <span class='ocrx_word' id='word_1_109' title='bbox 593 1683 722 1739; x_wconf 91' lang='lat' dir='ltr'><strong>abiit</strong></span> <span class='ocrx_word' id='word_1_110' title='bbox 741 1685 930 1739; x_wconf 89' lang='lat' dir='ltr'><strong>iterum</strong></span> <span class='ocrx_word' id='word_1_111' title='bbox 954 1684 1005 1737; x_wconf 93' lang='lat' dir='ltr'><strong>in</strong></span> <span class='ocrx_word' id='word_1_112' title='bbox 1025 1683 1314 1738; x_wconf 83' lang='lat' dir='ltr'><strong>Galilaeam.</strong></span> <span class='ocrx_word' id='word_1_113' title='bbox 1329 1701 1348 1733; x_wconf 80' lang='grc' dir='ltr'><strong>ι</strong></span> <span class='ocrx_word' id='word_1_114' title='bbox 1373 1681 1505 1735; x_wconf 87' lang='lat' dir='ltr'><strong>Hinc</strong></span> <span class='ocrx_word' id='word_1_115' title='bbox 1520 1681 1714 1734; x_wconf 91' lang='lat' dir='ltr'><strong>diutius</strong></span> <span class='ocrx_word' id='word_1_116' title='bbox 1729 1678 2103 1748; x_wconf 90' lang='lat' dir='ltr'><strong>disputandum</strong></span> 
     </span>
    </p>
   </div>
   <div class='ocr_carea' id='block_1_16' title="bbox 521 1773 2105 1844">
    <p class='ocr_par' dir='ltr' id='par_1_16' title="bbox 521 1773 2105 1844">
     <span class='ocr_line' id='line_1_16' title="bbox 521 1773 2105 1844; baseline -0.006 -12"><span class='ocrx_word' id='word_1_117' title='bbox 521 1794 627 1833; x_wconf 91' lang='lat' dir='ltr'><strong>non</strong></span> <span class='ocrx_word' id='word_1_118' title='bbox 659 1786 741 1833; x_wconf 74' lang='lat' dir='ltr'><strong>est</strong></span> <span class='ocrx_word' id='word_1_119' title='bbox 759 1820 773 1844; x_wconf 94' lang='lat'><strong>,</strong></span> <span class='ocrx_word' id='word_1_120' title='bbox 803 1793 870 1832; x_wconf 91' lang='lat' dir='ltr'><strong>ne</strong></span> <span class='ocrx_word' id='word_1_121' title='bbox 896 1778 1241 1831; x_wconf 89' lang='lat' dir='ltr'><strong>immorantes</strong></span> <span class='ocrx_word' id='word_1_122' title='bbox 1266 1776 1318 1828; x_wconf 91' lang='lat' dir='ltr'><strong>in</strong></span> <span class='ocrx_word' id='word_1_123' title='bbox 1341 1773 1654 1837; x_wconf 88' lang='lat' dir='ltr'><strong>manifestis,</strong></span> <span class='ocrx_word' id='word_1_124' title='bbox 1680 1773 1945 1842; x_wconf 78' lang='lat' dir='ltr'><strong>angustias</strong></span> <span class='ocrx_word' id='word_1_125' title='bbox 1971 1780 2105 1824; x_wconf 87' lang='lat' dir='ltr'><strong>tem-</strong></span> 
     </span>
    </p>
   </div>
   <div class='ocr_carea' id='block_1_17' title="bbox 521 1859 2101 1938">
    <p class='ocr_par' dir='ltr' id='par_1_17' title="bbox 521 1859 2101 1938">
     <span class='ocr_line' id='line_1_17' title="bbox 521 1859 2101 1938; baseline -0.006 -15"><span class='ocrx_word' id='word_1_126' title='bbox 521 1869 668 1938; x_wconf 90' lang='lat' dir='ltr'><strong>poris</strong></span> <span class='ocrx_word' id='word_1_127' title='bbox 715 1867 975 1938; x_wconf 85' lang='lat' dir='ltr'><strong>patiamur</strong></span> <span class='ocrx_word' id='word_1_128' title='bbox 1020 1866 1086 1922; x_wconf 90' lang='lat' dir='ltr'><strong>ad</strong></span> <span class='ocrx_word' id='word_1_129' title='bbox 1130 1867 1354 1921; x_wconf 90' lang='lat' dir='ltr'><strong>obscura</strong></span> <span class='ocrx_word' id='word_1_130' title='bbox 1393 1863 1672 1919; x_wconf 89' lang='lat' dir='ltr'><strong>scrutanda</strong></span> <span class='ocrx_word' id='word_1_131' title='bbox 1715 1873 1770 1918; x_wconf 91' lang='lat' dir='ltr'><strong>et</strong></span> <span class='ocrx_word' id='word_1_132' title='bbox 1796 1859 2101 1931; x_wconf 90' lang='lat' dir='ltr'><strong>aperienda.</strong></span> 
     </span>
    </p>
   </div>
   <div class='ocr_carea' id='block_1_18' title="bbox 521 1955 2107 2030">
    <p class='ocr_par' dir='ltr' id='par_1_18' title="bbox 521 1955 2107 2030">
     <span class='ocr_line' id='line_1_18' title="bbox 521 1955 2107 2030; baseline -0.006 -15"><span class='ocrx_word' id='word_1_133' title='bbox 521 1959 714 2030; x_wconf 85' lang='lat' dir='ltr'><strong>Utique</strong></span> <span class='ocrx_word' id='word_1_134' title='bbox 754 1959 1005 2014; x_wconf 89' lang='lat' dir='ltr'><strong>Dominus</strong></span> <span class='ocrx_word' id='word_1_135' title='bbox 1043 1959 1087 2012; x_wconf 92' lang='lat' dir='ltr'><strong>si</strong></span> <span class='ocrx_word' id='word_1_136' title='bbox 1126 1959 1288 2013; x_wconf 84' lang='lat' dir='ltr'><strong>sciret</strong></span> <span class='ocrx_word' id='word_1_137' title='bbox 1313 1958 1609 2012; x_wconf 76' lang='lat' dir='ltr'><strong>Pbarisaeos</strong></span> <span class='ocrx_word' id='word_1_138' title='bbox 1637 1957 1706 2010; x_wconf 91' lang='lat' dir='ltr'><strong>ita</strong></span> <span class='ocrx_word' id='word_1_139' title='bbox 1732 1955 1797 2009; x_wconf 91' lang='lat' dir='ltr'><strong>dc</strong></span> <span class='ocrx_word' id='word_1_140' title='bbox 1825 1969 1884 2008; x_wconf 91' lang='lat' dir='ltr'><strong>se</strong></span> <span class='ocrx_word' id='word_1_141' title='bbox 1910 1968 2107 2023; x_wconf 87' lang='lat' dir='ltr'><strong>cogno-</strong></span> 
     </span>
    </p>
   </div>
   <div class='ocr_carea' id='block_1_19' title="bbox 522 2044 2104 2120">
    <p class='ocr_par' dir='ltr' id='par_1_19' title="bbox 522 2044 2104 2120">
     <span class='ocr_line' id='line_1_19' title="bbox 522 2044 2104 2120; baseline -0.004 -16"><span class='ocrx_word' id='word_1_142' title='bbox 522 2049 663 2106; x_wconf 87' lang='lat' dir='ltr'><strong>visse</strong></span> <span class='ocrx_word' id='word_1_143' title='bbox 682 2091 696 2115; x_wconf 90' lang='lat'><strong>,</strong></span> <span class='ocrx_word' id='word_1_144' title='bbox 733 2052 873 2120; x_wconf 90' lang='lat' dir='ltr'><strong>quod</strong></span> <span class='ocrx_word' id='word_1_145' title='bbox 900 2050 1076 2120; x_wconf 88' lang='lat' dir='ltr'><strong>plures</strong></span> <span class='ocrx_word' id='word_1_146' title='bbox 1103 2049 1392 2119; x_wconf 89' lang='lat' dir='ltr'><strong>discipulos</strong></span> <span class='ocrx_word' id='word_1_147' title='bbox 1417 2049 1646 2110; x_wconf 89' lang='lat' dir='ltr'><strong>faceret,</strong></span> <span class='ocrx_word' id='word_1_148' title='bbox 1678 2055 1733 2102; x_wconf 91' lang='lat' dir='ltr'><strong>et</strong></span> <span class='ocrx_word' id='word_1_149' title='bbox 1755 2045 1894 2115; x_wconf 91' lang='lat' dir='ltr'><strong>quod</strong></span> <span class='ocrx_word' id='word_1_150' title='bbox 1929 2044 2104 2114; x_wconf 89' lang='lat' dir='ltr'><strong>plures</strong></span> 
     </span>
    </p>
   </div>
   <div class='ocr_carea' id='block_1_20' title="bbox 523 2134 2102 2211">
    <p class='ocr_par' dir='ltr' id='par_1_20' title="bbox 523 2134 2102 2211">
     <span class='ocr_line' id='line_1_20' title="bbox 523 2134 2102 2211; baseline -0.005 -15"><span class='ocrx_word' id='word_1_151' title='bbox 523 2141 853 2211; x_wconf 89' lang='lat' dir='ltr'><strong>baptizaret,</strong></span> <span class='ocrx_word' id='word_1_152' title='bbox 900 2152 956 2196; x_wconf 94' lang='lat' dir='ltr'><strong>ut</strong></span> <span class='ocrx_word' id='word_1_153' title='bbox 998 2142 1098 2196; x_wconf 91' lang='lat' dir='ltr'><strong>hoc</strong></span> <span class='ocrx_word' id='word_1_154' title='bbox 1140 2143 1220 2196; x_wconf 91' lang='lat' dir='ltr'><strong>eis</strong></span> <span class='ocrx_word' id='word_1_155' title='bbox 1262 2141 1329 2196; x_wconf 90' lang='lat' dir='ltr'><strong>ad</strong></span> <span class='ocrx_word' id='word_1_156' title='bbox 1373 2142 1596 2196; x_wconf 86' lang='lat' dir='ltr'><strong>salutem</strong></span> <span class='ocrx_word' id='word_1_157' title='bbox 1621 2139 1820 2193; x_wconf 77' lang='lat' dir='ltr'><strong>valeret</strong></span> <span class='ocrx_word' id='word_1_158' title='bbox 1849 2134 2102 2204; x_wconf 86' lang='lat' dir='ltr'><strong>sequendi</strong></span> 
     </span>
    </p>
   </div>
   <div class='ocr_carea' id='block_1_21' title="bbox 522 2225 2102 2303">
    <p class='ocr_par' dir='ltr' id='par_1_21' title="bbox 522 2225 2102 2303">
     <span class='ocr_line' id='line_1_21' title="bbox 522 2225 2102 2303; baseline -0.005 -15"><span class='ocrx_word' id='word_1_159' title='bbox 522 2249 644 2288; x_wconf 90' lang='lat' dir='ltr'><strong>eum</strong></span> <span class='ocrx_word' id='word_1_160' title='bbox 667 2274 682 2297; x_wconf 91' lang='lat'><strong>,</strong></span> <span class='ocrx_word' id='word_1_161' title='bbox 717 2242 774 2287; x_wconf 93' lang='lat' dir='ltr'><strong>ut</strong></span> <span class='ocrx_word' id='word_1_162' title='bbox 801 2242 856 2289; x_wconf 89' lang='lat' dir='ltr'><strong>et</strong></span> <span class='ocrx_word' id='word_1_163' title='bbox 879 2233 979 2303; x_wconf 90' lang='lat' dir='ltr'><strong>ipsi</strong></span> <span class='ocrx_word' id='word_1_164' title='bbox 1011 2242 1188 2288; x_wconf 89' lang='lat' dir='ltr'><strong>essent</strong></span> <span class='ocrx_word' id='word_1_165' title='bbox 1215 2232 1496 2302; x_wconf 90' lang='lat' dir='ltr'><strong>discipuli,</strong></span> <span class='ocrx_word' id='word_1_166' title='bbox 1523 2239 1577 2284; x_wconf 87' lang='lat' dir='ltr'><strong>et</strong></span> <span class='ocrx_word' id='word_1_167' title='bbox 1604 2230 1703 2300; x_wconf 91' lang='lat' dir='ltr'><strong>ipsi</strong></span> <span class='ocrx_word' id='word_1_168' title='bbox 1725 2229 1924 2284; x_wconf 79' lang='lat' dir='ltr'><strong>vellent</strong></span> <span class='ocrx_word' id='word_1_169' title='bbox 1947 2225 2015 2280; x_wconf 93' lang='lat' dir='ltr'><strong>ab</strong></span> <span class='ocrx_word' id='word_1_170' title='bbox 2040 2241 2102 2281; x_wconf 91' lang='lat' dir='ltr'><strong>co</strong></span> 
     </span>
    </p>
   </div>
   <div class='ocr_carea' id='block_1_22' title="bbox 522 2314 2101 2393">
    <p class='ocr_par' dir='ltr' id='par_1_22' title="bbox 522 2314 2101 2393">
     <span class='ocr_line' id='line_1_22' title="bbox 522 2314 2101 2393; baseline -0.004 -16"><span class='ocrx_word' id='word_1_171' title='bbox 522 2322 775 2391; x_wconf 78' lang='lat' dir='ltr'><strong>baptizari</strong></span> <span class='ocrx_word' id='word_1_172' title='bbox 800 2340 816 2389; x_wconf 90' lang='lat'><strong>;</strong></span> <span class='ocrx_word' id='word_1_173' title='bbox 839 2324 1004 2393; x_wconf 87' lang='lat' dir='ltr'><strong>magis</strong></span> <span class='ocrx_word' id='word_1_174' title='bbox 1026 2339 1130 2377; x_wconf 93' lang='lat' dir='ltr'><strong>non</strong></span> <span class='ocrx_word' id='word_1_175' title='bbox 1153 2324 1476 2391; x_wconf 87' lang='lat' dir='ltr'><strong>relinqueret</strong></span> <span class='ocrx_word' id='word_1_176' title='bbox 1492 2320 1726 2375; x_wconf 69' lang='lat' dir='ltr'><strong>Judazam</strong></span> <span class='ocrx_word' id='word_1_177' title='bbox 1754 2328 1948 2373; x_wconf 90' lang='lat' dir='ltr'><strong>terram</strong></span> <span class='ocrx_word' id='word_1_178' title='bbox 1971 2358 1986 2383; x_wconf 94' lang='lat'><strong>,</strong></span> <span class='ocrx_word' id='word_1_179' title='bbox 2009 2314 2101 2370; x_wconf 90' lang='lat' dir='ltr'><strong>sed</strong></span> 
     </span>
    </p>
   </div>
   <div class='ocr_carea' id='block_1_23' title="bbox 522 2409 2102 2484">
    <p class='ocr_par' dir='ltr' id='par_1_23' title="bbox 522 2409 2102 2484">
     <span class='ocr_line' id='line_1_23' title="bbox 522 2409 2102 2484; baseline -0.004 -16"><span class='ocrx_word' id='word_1_180' title='bbox 522 2424 739 2484; x_wconf 89' lang='lat' dir='ltr'><strong>propter</strong></span> <span class='ocrx_word' id='word_1_181' title='bbox 777 2415 896 2469; x_wconf 92' lang='lat' dir='ltr'><strong>illos</strong></span> <span class='ocrx_word' id='word_1_182' title='bbox 924 2422 1162 2470; x_wconf 88' lang='lat' dir='ltr'><strong>maneret</strong></span> <span class='ocrx_word' id='word_1_183' title='bbox 1194 2414 1264 2468; x_wconf 90' lang='lat' dir='ltr'><strong>ibi</strong></span> <span class='ocrx_word' id='word_1_184' title='bbox 1296 2432 1308 2466; x_wconf 90' lang='lat'><strong>:</strong></span> <span class='ocrx_word' id='word_1_185' title='bbox 1341 2413 1462 2482; x_wconf 91' lang='lat' dir='ltr'><strong>quia</strong></span> <span class='ocrx_word' id='word_1_186' title='bbox 1493 2427 1622 2467; x_wconf 90' lang='lat' dir='ltr'><strong>vero</strong></span> <span class='ocrx_word' id='word_1_187' title='bbox 1648 2409 1893 2480; x_wconf 91' lang='lat' dir='ltr'><strong>cognovit</strong></span> <span class='ocrx_word' id='word_1_188' title='bbox 1917 2422 2102 2462; x_wconf 92' lang='lat' dir='ltr'><strong>eorum</strong></span> 
     </span>
    </p>
   </div>
   <div class='ocr_carea' id='block_1_24' title="bbox 521 2502 2101 2575">
    <p class='ocr_par' dir='ltr' id='par_1_24' title="bbox 521 2502 2101 2575">
     <span class='ocr_line' id='line_1_24' title="bbox 521 2502 2101 2575; baseline -0.004 -15"><span class='ocrx_word' id='word_1_189' title='bbox 521 2505 795 2561; x_wconf 71' lang='lat' dir='ltr'><strong>scientiam</strong></span> <span class='ocrx_word' id='word_1_190' title='bbox 815 2547 830 2572; x_wconf 92' lang='lat'><strong>,</strong></span> <span class='ocrx_word' id='word_1_191' title='bbox 873 2506 1030 2560; x_wconf 93' lang='lat' dir='ltr'><strong>simul</strong></span> <span class='ocrx_word' id='word_1_192' title='bbox 1071 2505 1316 2575; x_wconf 77' lang='lat' dir='ltr'><strong>cognovit</strong></span> <span class='ocrx_word' id='word_1_193' title='bbox 1359 2513 1412 2560; x_wconf 92' lang='lat' dir='ltr'><strong>et</strong></span> <span class='ocrx_word' id='word_1_194' title='bbox 1440 2503 1778 2559; x_wconf 87' lang='lat' dir='ltr'><strong>invidentiam</strong></span> <span class='ocrx_word' id='word_1_195' title='bbox 1800 2544 1814 2566; x_wconf 93' lang='lat'><strong>,</strong></span> <span class='ocrx_word' id='word_1_196' title='bbox 1846 2502 1965 2571; x_wconf 88' lang='lat' dir='ltr'><strong>quia</strong></span> <span class='ocrx_word' id='word_1_197' title='bbox 1995 2516 2101 2554; x_wconf 94' lang='lat' dir='ltr'><strong>non</strong></span> 
     </span>
    </p>
   </div>
   <div class='ocr_carea' id='block_1_25' title="bbox 521 2591 2104 2667">
    <p class='ocr_par' dir='ltr' id='par_1_25' title="bbox 521 2591 2104 2667">
     <span class='ocr_line' id='line_1_25' title="bbox 521 2591 2104 2667; baseline -0.004 -17"><span class='ocrx_word' id='word_1_198' title='bbox 521 2595 624 2650; x_wconf 87' lang='lat' dir='ltr'><strong>hoc</strong></span> <span class='ocrx_word' id='word_1_199' title='bbox 654 2605 930 2667; x_wconf 87' lang='lat' dir='ltr'><strong>propterea</strong></span> <span class='ocrx_word' id='word_1_200' title='bbox 963 2595 1262 2651; x_wconf 89' lang='lat' dir='ltr'><strong>didicerunt</strong></span> <span class='ocrx_word' id='word_1_201' title='bbox 1288 2603 1345 2649; x_wconf 92' lang='lat' dir='ltr'><strong>ut</strong></span> <span class='ocrx_word' id='word_1_202' title='bbox 1373 2603 1722 2664; x_wconf 86' lang='lat' dir='ltr'><strong>sequerentur</strong></span> <span class='ocrx_word' id='word_1_203' title='bbox 1740 2634 1754 2658; x_wconf 89' lang='lat'><strong>,</strong></span> <span class='ocrx_word' id='word_1_204' title='bbox 1781 2591 1876 2646; x_wconf 88' lang='lat' dir='ltr'><strong>sed</strong></span> <span class='ocrx_word' id='word_1_205' title='bbox 1901 2601 1958 2646; x_wconf 90' lang='lat' dir='ltr'><strong>ut</strong></span> <span class='ocrx_word' id='word_1_206' title='bbox 1983 2607 2104 2660; x_wconf 88' lang='lat' dir='ltr'><strong>per-</strong></span> 
     </span>
    </p>
   </div>
   <div class='ocr_carea' id='block_1_26' title="bbox 517 2684 2101 2756">
    <p class='ocr_par' dir='ltr' id='par_1_26' title="bbox 517 2684 2101 2756">
     <span class='ocr_line' id='line_1_26' title="bbox 517 2684 2101 2756; baseline -0.004 -14"><span class='ocrx_word' id='word_1_207' title='bbox 517 2696 902 2756; x_wconf 80' lang='lat' dir='ltr'><strong>sequerentur;</strong></span> <span class='ocrx_word' id='word_1_208' title='bbox 942 2687 1070 2742; x_wconf 89' lang='lat' dir='ltr'><strong>abiit</strong></span> <span class='ocrx_word' id='word_1_209' title='bbox 1111 2687 1252 2741; x_wconf 90' lang='lat' dir='ltr'><strong>inde.</strong></span> <span class='ocrx_word' id='word_1_210' title='bbox 1289 2686 1504 2740; x_wconf 90' lang='lat' dir='ltr'><strong>Poterat</strong></span> <span class='ocrx_word' id='word_1_211' title='bbox 1527 2684 1738 2754; x_wconf 88' lang='lat' dir='ltr'><strong>quidem</strong></span> <span class='ocrx_word' id='word_1_212' title='bbox 1769 2684 1855 2738; x_wconf 91' lang='lat' dir='ltr'><strong>ille</strong></span> <span class='ocrx_word' id='word_1_213' title='bbox 1884 2691 1937 2738; x_wconf 91' lang='lat' dir='ltr'><strong>et</strong></span> <span class='ocrx_word' id='word_1_214' title='bbox 1960 2697 2101 2752; x_wconf 80' lang='lat' dir='ltr'><strong>prae-</strong></span> 
     </span>
    </p>
   </div>
   <div class='ocr_carea' id='block_1_27' title="bbox 521 2772 2098 2842">
    <p class='ocr_par' dir='ltr' id='par_1_27' title="bbox 521 2772 2098 2842">
     <span class='ocr_line' id='line_1_27' title="bbox 521 2772 2098 2842; baseline -0.005 -8"><span class='ocrx_word' id='word_1_215' title='bbox 521 2792 646 2834; x_wconf 85' lang='lat' dir='ltr'><strong>sens</strong></span> <span class='ocrx_word' id='word_1_216' title='bbox 671 2778 738 2832; x_wconf 88' lang='lat' dir='ltr'><strong>ab</strong></span> <span class='ocrx_word' id='word_1_217' title='bbox 764 2776 849 2831; x_wconf 89' lang='lat' dir='ltr'><strong>his</strong></span> <span class='ocrx_word' id='word_1_218' title='bbox 871 2793 976 2831; x_wconf 91' lang='lat' dir='ltr'><strong>non</strong></span> <span class='ocrx_word' id='word_1_219' title='bbox 1000 2777 1247 2842; x_wconf 89' lang='lat' dir='ltr'><strong>teneri,si</strong></span> <span class='ocrx_word' id='word_1_220' title='bbox 1275 2775 1438 2829; x_wconf 92' lang='lat' dir='ltr'><strong>nollet</strong></span> <span class='ocrx_word' id='word_1_221' title='bbox 1461 2791 1474 2837; x_wconf 86' lang='lat'><strong>;</strong></span> <span class='ocrx_word' id='word_1_222' title='bbox 1496 2789 1598 2827; x_wconf 88' lang='lat' dir='ltr'><strong>non</strong></span> <span class='ocrx_word' id='word_1_223' title='bbox 1623 2773 1812 2839; x_wconf 90' lang='lat' dir='ltr'><strong>occidi,</strong></span> <span class='ocrx_word' id='word_1_224' title='bbox 1837 2773 1880 2826; x_wconf 89' lang='lat' dir='ltr'><strong>si</strong></span> <span class='ocrx_word' id='word_1_225' title='bbox 1904 2772 2098 2837; x_wconf 87' lang='lat' dir='ltr'><strong>nollet;</strong></span> 
     </span>
    </p>
   </div>
   <div class='ocr_carea' id='block_1_28' title="bbox 520 2862 2102 2938">
    <p class='ocr_par' dir='ltr' id='par_1_28' title="bbox 520 2862 2102 2938">
     <span class='ocr_line' id='line_1_28' title="bbox 520 2862 2102 2938; baseline -0.003 -16"><span class='ocrx_word' id='word_1_226' title='bbox 520 2871 641 2938; x_wconf 88' lang='lat' dir='ltr'><strong>quia</strong></span> <span class='ocrx_word' id='word_1_227' title='bbox 673 2867 844 2938; x_wconf 89' lang='lat' dir='ltr'><strong>potuit</strong></span> <span class='ocrx_word' id='word_1_228' title='bbox 871 2875 1058 2921; x_wconf 90' lang='lat' dir='ltr'><strong>etnon</strong></span> <span class='ocrx_word' id='word_1_229' title='bbox 1087 2865 1269 2932; x_wconf 91' lang='lat' dir='ltr'><strong>nasci,</strong></span> <span class='ocrx_word' id='word_1_230' title='bbox 1301 2864 1345 2917; x_wconf 94' lang='lat' dir='ltr'><strong>si</strong></span> <span class='ocrx_word' id='word_1_231' title='bbox 1376 2864 1575 2916; x_wconf 88' lang='lat' dir='ltr'><strong>nollet:</strong></span> <span class='ocrx_word' id='word_1_232' title='bbox 1607 2863 1702 2918; x_wconf 88' lang='lat' dir='ltr'><strong>sed</strong></span> <span class='ocrx_word' id='word_1_233' title='bbox 1731 2863 1852 2932; x_wconf 88' lang='lat' dir='ltr'><strong>quia</strong></span> <span class='ocrx_word' id='word_1_234' title='bbox 1884 2863 1934 2916; x_wconf 91' lang='lat' dir='ltr'><strong>in</strong></span> <span class='ocrx_word' id='word_1_235' title='bbox 1957 2862 2102 2917; x_wconf 88' lang='lat' dir='ltr'><strong>omni</strong></span> 
     </span>
    </p>
   </div>
   <div class='ocr_carea' id='block_1_29' title="bbox 521 2953 2101 3028">
    <p class='ocr_par' dir='ltr' id='par_1_29' title="bbox 521 2953 2101 3028">
     <span class='ocr_line' id='line_1_29' title="bbox 521 2953 2101 3028; baseline -0.004 -16"><span class='ocrx_word' id='word_1_236' title='bbox 521 2974 580 3014; x_wconf 89' lang='lat' dir='ltr'><strong>re</strong></span> <span class='ocrx_word' id='word_1_237' title='bbox 619 2975 776 3028; x_wconf 89' lang='lat' dir='ltr'><strong>quam</strong></span> <span class='ocrx_word' id='word_1_238' title='bbox 813 2958 977 3027; x_wconf 90' lang='lat' dir='ltr'><strong>gessit</strong></span> <span class='ocrx_word' id='word_1_239' title='bbox 1016 2965 1073 3011; x_wconf 91' lang='lat' dir='ltr'><strong>ut</strong></span> <span class='ocrx_word' id='word_1_240' title='bbox 1099 2955 1258 3009; x_wconf 91' lang='lat' dir='ltr'><strong>homo</strong></span> <span class='ocrx_word' id='word_1_241' title='bbox 1279 2996 1292 3021; x_wconf 90' lang='lat'><strong>,</strong></span> <span class='ocrx_word' id='word_1_242' title='bbox 1326 2953 1628 3008; x_wconf 89' lang='lat' dir='ltr'><strong>hominibus</strong></span> <span class='ocrx_word' id='word_1_243' title='bbox 1657 2955 1706 3007; x_wconf 92' lang='lat' dir='ltr'><strong>in</strong></span> <span class='ocrx_word' id='word_1_244' title='bbox 1738 2968 1795 3006; x_wconf 91' lang='lat' dir='ltr'><strong>se</strong></span> <span class='ocrx_word' id='word_1_245' title='bbox 1823 2953 2101 3007; x_wconf 92' lang='lat' dir='ltr'><strong>credituris</strong></span> 
     </span>
    </p>
   </div>
   <div class='ocr_carea' id='block_1_30' title="bbox 521 3045 2099 3122">
    <p class='ocr_par' dir='ltr' id='par_1_30' title="bbox 521 3045 2099 3122">
     <span class='ocr_line' id='line_1_30' title="bbox 521 3045 2099 3122; baseline -0.004 -17"><span class='ocrx_word' id='word_1_246' title='bbox 521 3051 793 3122; x_wconf 87' lang='lat' dir='ltr'><strong>praebebat</strong></span> <span class='ocrx_word' id='word_1_247' title='bbox 812 3050 1117 3118; x_wconf 80' lang='lat' dir='ltr'><strong>exemplum</strong></span> <span class='ocrx_word' id='word_1_248' title='bbox 1143 3047 1282 3119; x_wconf 89' lang='lat' dir='ltr'><strong>(quia</strong></span> <span class='ocrx_word' id='word_1_249' title='bbox 1307 3048 1664 3116; x_wconf 87' lang='lat' dir='ltr'><strong>unusquisque</strong></span> <span class='ocrx_word' id='word_1_250' title='bbox 1685 3061 1869 3100; x_wconf 85' lang='lat' dir='ltr'><strong>servus</strong></span> <span class='ocrx_word' id='word_1_251' title='bbox 1888 3045 1977 3100; x_wconf 87' lang='lat' dir='ltr'><strong>Dei</strong></span> <span class='ocrx_word' id='word_1_252' title='bbox 1996 3061 2099 3100; x_wconf 91' lang='lat' dir='ltr'><strong>non</strong></span> 
     </span>
    </p>
   </div>
   <div class='ocr_carea' id='block_1_31' title="bbox 520 3137 2099 3214">
    <p class='ocr_par' dir='ltr' id='par_1_31' title="bbox 520 3137 2099 3214">
     <span class='ocr_line' id='line_1_31' title="bbox 520 3137 2099 3214; baseline -0.004 -17"><span class='ocrx_word' id='word_1_253' title='bbox 520 3151 740 3214; x_wconf 88' lang='lat' dir='ltr'><strong>peccat,</strong></span> <span class='ocrx_word' id='word_1_254' title='bbox 769 3141 815 3195; x_wconf 88' lang='lat' dir='ltr'><strong>si</strong></span> <span class='ocrx_word' id='word_1_255' title='bbox 848 3141 1128 3196; x_wconf 86' lang='lat' dir='ltr'><strong>secesserit</strong></span> <span class='ocrx_word' id='word_1_256' title='bbox 1156 3140 1208 3193; x_wconf 91' lang='lat' dir='ltr'><strong>in</strong></span> <span class='ocrx_word' id='word_1_257' title='bbox 1231 3140 1389 3193; x_wconf 88' lang='lat' dir='ltr'><strong>alium</strong></span> <span class='ocrx_word' id='word_1_258' title='bbox 1417 3139 1586 3192; x_wconf 87' lang='lat' dir='ltr'><strong>locum</strong></span> <span class='ocrx_word' id='word_1_259' title='bbox 1607 3179 1622 3202; x_wconf 90' lang='lat'><strong>,</strong></span> <span class='ocrx_word' id='word_1_260' title='bbox 1655 3137 1839 3192; x_wconf 87' lang='lat' dir='ltr'><strong>videns</strong></span> <span class='ocrx_word' id='word_1_261' title='bbox 1869 3138 2099 3192; x_wconf 91' lang='lat' dir='ltr'><strong>furorem</strong></span> 
     </span>
    </p>
   </div>
   <div class='ocr_carea' id='block_1_32' title="bbox 519 3229 2098 3302">
    <p class='ocr_par' dir='ltr' id='par_1_32' title="bbox 519 3229 2098 3302">
     <span class='ocr_line' id='line_1_32' title="bbox 519 3229 2098 3302; baseline -0.004 -13"><span class='ocrx_word' id='word_1_262' title='bbox 519 3233 657 3289; x_wconf 89' lang='lat' dir='ltr'><strong>forte</strong></span> <span class='ocrx_word' id='word_1_263' title='bbox 705 3233 1132 3302; x_wconf 89' lang='lat' dir='ltr'><strong>persequentium</strong></span> <span class='ocrx_word' id='word_1_264' title='bbox 1173 3246 1265 3297; x_wconf 90' lang='lat' dir='ltr'><strong>se,</strong></span> <span class='ocrx_word' id='word_1_265' title='bbox 1305 3239 1395 3285; x_wconf 91' lang='lat' dir='ltr'><strong>ant</strong></span> <span class='ocrx_word' id='word_1_266' title='bbox 1431 3231 1782 3298; x_wconf 75' lang='lat' dir='ltr'><strong>qumrentium</strong></span> <span class='ocrx_word' id='word_1_267' title='bbox 1817 3231 1868 3284; x_wconf 92' lang='lat' dir='ltr'><strong>in</strong></span> <span class='ocrx_word' id='word_1_268' title='bbox 1906 3229 2098 3284; x_wconf 89' lang='lat' dir='ltr'><strong>malum</strong></span> 
     </span>
    </p>
   </div>
   <div class='ocr_carea' id='block_1_33' title="bbox 521 3321 2100 3390">
    <p class='ocr_par' dir='ltr' id='par_1_33' title="bbox 521 3321 2100 3390">
     <span class='ocr_line' id='line_1_33' title="bbox 521 3321 2100 3390; baseline -0.004 -11"><span class='ocrx_word' id='word_1_269' title='bbox 521 3325 751 3380; x_wconf 89' lang='lat' dir='ltr'><strong>animam</strong></span> <span class='ocrx_word' id='word_1_270' title='bbox 789 3339 936 3380; x_wconf 89' lang='lat' dir='ltr'><strong>suam</strong></span> <span class='ocrx_word' id='word_1_271' title='bbox 963 3339 978 3390; x_wconf 89' lang='lat'><strong>;</strong></span> <span class='ocrx_word' id='word_1_272' title='bbox 1020 3323 1288 3379; x_wconf 71' lang='lat' dir='ltr'><strong>videretur</strong></span> <span class='ocrx_word' id='word_1_273' title='bbox 1314 3332 1488 3377; x_wconf 88' lang='lat' dir='ltr'><strong>autem</strong></span> <span class='ocrx_word' id='word_1_274' title='bbox 1516 3323 1615 3376; x_wconf 86' lang='lat' dir='ltr'><strong>sibi</strong></span> <span class='ocrx_word' id='word_1_275' title='bbox 1644 3337 1828 3376; x_wconf 73' lang='lat' dir='ltr'><strong>servus</strong></span> <span class='ocrx_word' id='word_1_276' title='bbox 1855 3321 1944 3376; x_wconf 91' lang='lat' dir='ltr'><strong>Dei</strong></span> <span class='ocrx_word' id='word_1_277' title='bbox 1973 3335 2100 3390; x_wconf 88' lang='lat' dir='ltr'><strong>pec-</strong></span> 
     </span>
    </p>
   </div>
   <div class='ocr_carea' id='block_1_34' title="bbox 522 3413 2100 3482">
    <p class='ocr_par' dir='ltr' id='par_1_34' title="bbox 522 3413 2100 3482">
     <span class='ocr_line' id='line_1_34' title="bbox 522 3413 2100 3482; baseline -0.004 -10"><span class='ocrx_word' id='word_1_278' title='bbox 522 3431 644 3472; x_wconf 88' lang='lat' dir='ltr'><strong>care</strong></span> <span class='ocrx_word' id='word_1_279' title='bbox 682 3416 728 3470; x_wconf 90' lang='lat' dir='ltr'><strong>si</strong></span> <span class='ocrx_word' id='word_1_280' title='bbox 773 3416 998 3478; x_wconf 81' lang='lat' dir='ltr'><strong>facerct,</strong></span> <span class='ocrx_word' id='word_1_281' title='bbox 1032 3414 1133 3469; x_wconf 89' lang='lat' dir='ltr'><strong>nisi</strong></span> <span class='ocrx_word' id='word_1_282' title='bbox 1162 3415 1212 3468; x_wconf 93' lang='lat' dir='ltr'><strong>in</strong></span> <span class='ocrx_word' id='word_1_283' title='bbox 1244 3413 1484 3468; x_wconf 86' lang='lat' dir='ltr'><strong>faciendo</strong></span> <span class='ocrx_word' id='word_1_284' title='bbox 1517 3413 1768 3467; x_wconf 86' lang='lat' dir='ltr'><strong>Dominus</strong></span> <span class='ocrx_word' id='word_1_285' title='bbox 1800 3413 2100 3482; x_wconf 63' lang='lat' dir='ltr'><strong>praecessis-</strong></span> 
     </span>
    </p>
   </div>
   <div class='ocr_carea' id='block_1_35' title="bbox 521 3504 2098 3578">
    <p class='ocr_par' dir='ltr' id='par_1_35' title="bbox 521 3504 2098 3578">
     <span class='ocr_line' id='line_1_35' title="bbox 521 3504 2098 3578; baseline -0.006 -13"><span class='ocrx_word' id='word_1_286' title='bbox 521 3506 660 3578; x_wconf 89' lang='lat' dir='ltr'><strong>set),</strong></span> <span class='ocrx_word' id='word_1_287' title='bbox 704 3506 828 3563; x_wconf 80' lang='lat' dir='ltr'><strong>fecit</strong></span> <span class='ocrx_word' id='word_1_288' title='bbox 864 3506 967 3563; x_wconf 86' lang='lat' dir='ltr'><strong>hoc</strong></span> <span class='ocrx_word' id='word_1_289' title='bbox 1004 3505 1092 3560; x_wconf 92' lang='lat' dir='ltr'><strong>ille</strong></span> <span class='ocrx_word' id='word_1_290' title='bbox 1132 3504 1385 3575; x_wconf 87' lang='lat' dir='ltr'><strong>magister</strong></span> <span class='ocrx_word' id='word_1_291' title='bbox 1421 3506 1590 3558; x_wconf 90' lang='lat' dir='ltr'><strong>bonus</strong></span> <span class='ocrx_word' id='word_1_292' title='bbox 1629 3514 1685 3558; x_wconf 89' lang='lat' dir='ltr'><strong>ut</strong></span> <span class='ocrx_word' id='word_1_293' title='bbox 1714 3504 1963 3570; x_wconf 91' lang='lat' dir='ltr'><strong>doceret,</strong></span> <span class='ocrx_word' id='word_1_294' title='bbox 1995 3519 2098 3556; x_wconf 92' lang='lat' dir='ltr'><strong>non</strong></span> 
     </span>
    </p>
   </div>
   <div class='ocr_carea' id='block_1_36' title="bbox 519 3598 915 3670">
    <p class='ocr_par' dir='ltr' id='par_1_36' title="bbox 519 3598 915 3670">
     <span class='ocr_line' id='line_1_36' title="bbox 519 3598 915 3670; baseline -0.003 -18"><span class='ocrx_word' id='word_1_295' title='bbox 519 3598 661 3670; x_wconf 90' lang='lat' dir='ltr'><strong>quod</strong></span> <span class='ocrx_word' id='word_1_296' title='bbox 686 3600 915 3653; x_wconf 89' lang='lat' dir='ltr'><strong>timeret.</strong></span> 
     </span>
    </p>
   </div>
   <div class='ocr_carea' id='block_1_37' title="bbox 593 3687 2094 3752">
    <p class='ocr_par' dir='ltr' id='par_1_37' title="bbox 593 3687 2094 3752">
     <span class='ocr_line' id='line_1_37' title="bbox 593 3687 2094 3752; baseline -0.004 -7"><span class='ocrx_word' id='word_1_297' title='bbox 593 3692 646 3745; x_wconf 83' lang='lat'><strong>5.</strong></span> <span class='ocrx_word' id='word_1_298' title='bbox 695 3690 958 3744; x_wconf 85' lang='lat' dir='ltr'><strong>Fortassis</strong></span> <span class='ocrx_word' id='word_1_299' title='bbox 1001 3689 1158 3743; x_wconf 85' lang='lat' dir='ltr'><strong>etiam</strong></span> <span class='ocrx_word' id='word_1_300' title='bbox 1199 3687 1302 3742; x_wconf 91' lang='lat' dir='ltr'><strong>hoc</strong></span> <span class='ocrx_word' id='word_1_301' title='bbox 1342 3695 1582 3750; x_wconf 86' lang='lat' dir='ltr'><strong>moveat,</strong></span> <span class='ocrx_word' id='word_1_302' title='bbox 1623 3702 1717 3741; x_wconf 91' lang='lat' dir='ltr'><strong>cur</strong></span> <span class='ocrx_word' id='word_1_303' title='bbox 1759 3687 1953 3740; x_wconf 90' lang='lat' dir='ltr'><strong>dictum</strong></span> <span class='ocrx_word' id='word_1_304' title='bbox 1992 3687 2094 3752; x_wconf 88' lang='lat' dir='ltr'><strong>sit,</strong></span> 
     </span>
    </p>
   </div>
   <div class='ocr_carea' id='block_1_38' title="bbox 522 3778 2098 3851">
    <p class='ocr_par' dir='ltr' id='par_1_38' title="bbox 522 3778 2098 3851">
     <span class='ocr_line' id='line_1_38' title="bbox 522 3778 2098 3851; baseline -0.002 -15"><span class='ocrx_word' id='word_1_305' title='bbox 522 3781 822 3851; x_wconf 79' lang='lat' dir='ltr'><strong>Baptizabat</strong></span> <span class='ocrx_word' id='word_1_306' title='bbox 845 3781 996 3836; x_wconf 84' lang='lat' dir='ltr'><strong>Jesus</strong></span> <span class='ocrx_word' id='word_1_307' title='bbox 1027 3781 1193 3850; x_wconf 79' lang='lat' dir='ltr'><strong>plures</strong></span> <span class='ocrx_word' id='word_1_308' title='bbox 1225 3796 1370 3849; x_wconf 84' lang='lat' dir='ltr'><strong>quam</strong></span> <span class='ocrx_word' id='word_1_309' title='bbox 1399 3778 1658 3842; x_wconf 86' lang='lat' dir='ltr'><strong>Joannes;</strong></span> <span class='ocrx_word' id='word_1_310' title='bbox 1681 3787 1735 3832; x_wconf 90' lang='lat' dir='ltr'><strong>et</strong></span> <span class='ocrx_word' id='word_1_311' title='bbox 1759 3788 2098 3849; x_wconf 88' lang='lat' dir='ltr'><strong>posteaquam</strong></span> 
     </span>
    </p>
   </div>
   <div class='ocr_carea' id='block_1_39' title="bbox 520 3869 2100 3941">
    <p class='ocr_par' dir='ltr' id='par_1_39' title="bbox 520 3869 2100 3941">
     <span class='ocr_line' id='line_1_39' title="bbox 520 3869 2100 3941; baseline -0.003 -13"><span class='ocrx_word' id='word_1_312' title='bbox 520 3872 723 3928; x_wconf 88' lang='lat' dir='ltr'><strong>dictum</strong></span> <span class='ocrx_word' id='word_1_313' title='bbox 771 3881 885 3936; x_wconf 87' lang='lat' dir='ltr'><strong>est,</strong></span> <span class='ocrx_word' id='word_1_314' title='bbox 927 3870 1258 3941; x_wconf 76' lang='lat' dir='ltr'><strong>Baptizabat,</strong></span> <span class='ocrx_word' id='word_1_315' title='bbox 1306 3869 1597 3938; x_wconf 81' lang='lat' dir='ltr'><strong>subjectum</strong></span> <span class='ocrx_word' id='word_1_316' title='bbox 1638 3878 1752 3936; x_wconf 89' lang='lat' dir='ltr'><strong>est,</strong></span> <span class='ocrx_word' id='word_1_317' title='bbox 1801 3869 2100 3941; x_wconf 80' lang='lat' dir='ltr'><strong>Quanquam</strong></span> 
     </span>
    </p>
   </div>
   <div class='ocr_carea' id='block_1_40' title="bbox 519 3961 2099 4033">
    <p class='ocr_par' dir='ltr' id='par_1_40' title="bbox 519 3961 2099 4033">
     <span class='ocr_line' id='line_1_40' title="bbox 519 3961 2099 4033; baseline -0.001 -16"><span class='ocrx_word' id='word_1_318' title='bbox 519 3962 672 4017; x_wconf 80' lang='lat' dir='ltr'><strong>Jesus</strong></span> <span class='ocrx_word' id='word_1_319' title='bbox 715 3980 814 4018; x_wconf 89' lang='lat' dir='ltr'><strong>non</strong></span> <span class='ocrx_word' id='word_1_320' title='bbox 857 3962 1172 4033; x_wconf 81' lang='lat' dir='ltr'><strong>baptizabat,</strong></span> <span class='ocrx_word' id='word_1_321' title='bbox 1216 3962 1303 4016; x_wconf 83' lang='lat' dir='ltr'><strong>sed</strong></span> <span class='ocrx_word' id='word_1_322' title='bbox 1340 3961 1575 4032; x_wconf 80' lang='lat' dir='ltr'><strong>discipuli</strong></span> <span class='ocrx_word' id='word_1_323' title='bbox 1612 3963 1739 4032; x_wconf 82' lang='lat' dir='ltr'><strong>ejus.</strong></span> <span class='ocrx_word' id='word_1_324' title='bbox 1769 3962 1902 4029; x_wconf 87' lang='lat' dir='ltr'><strong>Quid</strong></span> <span class='ocrx_word' id='word_1_325' title='bbox 1931 3963 2099 4032; x_wconf 79' lang='lat' dir='ltr'><strong>ergo?</strong></span> 
     </span>
    </p>
   </div>
   <div class='ocr_carea' id='block_1_41' title="bbox 520 4053 2096 4118">
    <p class='ocr_par' dir='ltr' id='par_1_41' title="bbox 520 4053 2096 4118">
     <span class='ocr_line' id='line_1_41' title="bbox 520 4053 2096 4118; baseline -0.001 -10"><span class='ocrx_word' id='word_1_326' title='bbox 520 4053 709 4109; x_wconf 85' lang='lat' dir='ltr'><strong>falsum</strong></span> <span class='ocrx_word' id='word_1_327' title='bbox 749 4053 949 4109; x_wconf 89' lang='lat' dir='ltr'><strong>dictum</strong></span> <span class='ocrx_word' id='word_1_328' title='bbox 992 4063 1140 4118; x_wconf 89' lang='lat' dir='ltr'><strong>erat,</strong></span> <span class='ocrx_word' id='word_1_329' title='bbox 1179 4064 1233 4106; x_wconf 92' lang='lat' dir='ltr'><strong>et</strong></span> <span class='ocrx_word' id='word_1_330' title='bbox 1259 4065 1555 4108; x_wconf 88' lang='lat' dir='ltr'><strong>correctum</strong></span> <span class='ocrx_word' id='word_1_331' title='bbox 1581 4061 1688 4118; x_wconf 90' lang='lat' dir='ltr'><strong>est,</strong></span> <span class='ocrx_word' id='word_1_332' title='bbox 1718 4068 1836 4107; x_wconf 88' lang='lat' dir='ltr'><strong>cum</strong></span> <span class='ocrx_word' id='word_1_333' title='bbox 1864 4053 2096 4108; x_wconf 90' lang='lat' dir='ltr'><strong>additum</strong></span> 
     </span>
    </p>
   </div>
   <div class='ocr_carea' id='block_1_42' title="bbox 517 4145 2100 4217">
    <p class='ocr_par' dir='ltr' id='par_1_42' title="bbox 517 4145 2100 4217">
     <span class='ocr_line' id='line_1_42' title="bbox 517 4145 2100 4217; baseline -0.001 -16"><span class='ocrx_word' id='word_1_334' title='bbox 517 4152 622 4212; x_wconf 85' lang='lat' dir='ltr'><strong>est,</strong></span> <span class='ocrx_word' id='word_1_335' title='bbox 649 4145 945 4217; x_wconf 83' lang='lat' dir='ltr'><strong>Quanquam</strong></span> <span class='ocrx_word' id='word_1_336' title='bbox 963 4145 1113 4201; x_wconf 76' lang='lat' dir='ltr'><strong>Iesus</strong></span> <span class='ocrx_word' id='word_1_337' title='bbox 1135 4161 1234 4198; x_wconf 87' lang='lat' dir='ltr'><strong>non</strong></span> <span class='ocrx_word' id='word_1_338' title='bbox 1258 4145 1562 4214; x_wconf 79' lang='lat' dir='ltr'><strong>baptizabat,</strong></span> <span class='ocrx_word' id='word_1_339' title='bbox 1590 4145 1676 4199; x_wconf 84' lang='lat' dir='ltr'><strong>sed</strong></span> <span class='ocrx_word' id='word_1_340' title='bbox 1698 4146 1931 4215; x_wconf 76' lang='lat' dir='ltr'><strong>discipuli</strong></span> <span class='ocrx_word' id='word_1_341' title='bbox 1950 4147 2100 4217; x_wconf 84' lang='lat' dir='ltr'><strong>ejus?</strong></span> 
     </span>
    </p>
   </div>
   <div class='ocr_carea' id='block_1_43' title="bbox 518 4235 2100 4307">
    <p class='ocr_par' dir='ltr' id='par_1_43' title="bbox 518 4235 2100 4307">
     <span class='ocr_line' id='line_1_43' title="bbox 518 4235 2100 4307; baseline -0.001 -13"><span class='ocrx_word' id='word_1_342' title='bbox 518 4235 602 4294; x_wconf 79' lang='grc' dir='ltr'><strong>Διι</strong></span> <span class='ocrx_word' id='word_1_343' title='bbox 632 4247 911 4307; x_wconf 89' lang='lat' dir='ltr'><strong>utrumque</strong></span> <span class='ocrx_word' id='word_1_344' title='bbox 937 4253 1118 4292; x_wconf 91' lang='lat' dir='ltr'><strong>verum</strong></span> <span class='ocrx_word' id='word_1_345' title='bbox 1145 4244 1256 4302; x_wconf 88' lang='lat' dir='ltr'><strong>est,</strong></span> <span class='ocrx_word' id='word_1_346' title='bbox 1285 4238 1406 4306; x_wconf 89' lang='lat' dir='ltr'><strong>quia</strong></span> <span class='ocrx_word' id='word_1_347' title='bbox 1437 4246 1489 4290; x_wconf 90' lang='lat' dir='ltr'><strong>et</strong></span> <span class='ocrx_word' id='word_1_348' title='bbox 1515 4237 1668 4291; x_wconf 79' lang='lat' dir='ltr'><strong>Jesus</strong></span> <span class='ocrx_word' id='word_1_349' title='bbox 1694 4238 2016 4306; x_wconf 81' lang='lat' dir='ltr'><strong>baptizabat,</strong></span> <span class='ocrx_word' id='word_1_350' title='bbox 2047 4247 2100 4292; x_wconf 92' lang='lat' dir='ltr'><strong>et</strong></span> 
     </span>
    </p>
   </div>
   <div class='ocr_carea' id='block_1_44' title="bbox 520 4327 2096 4398">
    <p class='ocr_par' dir='ltr' id='par_1_44' title="bbox 520 4327 2096 4398">
     <span class='ocr_line' id='line_1_44' title="bbox 520 4327 2096 4398; baseline -0.001 -14"><span class='ocrx_word' id='word_1_351' title='bbox 520 4344 626 4384; x_wconf 90' lang='lat' dir='ltr'><strong>non</strong></span> <span class='ocrx_word' id='word_1_352' title='bbox 665 4327 999 4398; x_wconf 81' lang='lat' dir='ltr'><strong>baptizabat?</strong></span> <span class='ocrx_word' id='word_1_353' title='bbox 1045 4328 1346 4396; x_wconf 83' lang='lat' dir='ltr'><strong>Baptizabat</strong></span> <span class='ocrx_word' id='word_1_354' title='bbox 1380 4329 1520 4382; x_wconf 89' lang='lat' dir='ltr'><strong>enim</strong></span> <span class='ocrx_word' id='word_1_355' title='bbox 1544 4369 1556 4389; x_wconf 94' lang='lat'><strong>,</strong></span> <span class='ocrx_word' id='word_1_356' title='bbox 1585 4329 1704 4396; x_wconf 82' lang='lat' dir='ltr'><strong>quia</strong></span> <span class='ocrx_word' id='word_1_357' title='bbox 1735 4329 1847 4396; x_wconf 88' lang='lat' dir='ltr'><strong>ipse</strong></span> <span class='ocrx_word' id='word_1_358' title='bbox 1873 4329 2096 4382; x_wconf 79' lang='lat' dir='ltr'><strong>inunda-</strong></span> 
     </span>
    </p>
   </div>
   <div class='ocr_carea' id='block_1_45' title="bbox 520 4419 2098 4489">
    <p class='ocr_par' dir='ltr' id='par_1_45' title="bbox 520 4419 2098 4489">
     <span class='ocr_line' id='line_1_45' title="bbox 520 4419 2098 4489; baseline 0 -14"><span class='ocrx_word' id='word_1_359' title='bbox 520 4419 648 4484; x_wconf 86' lang='lat' dir='ltr'><strong>bat;</strong></span> <span class='ocrx_word' id='word_1_360' title='bbox 683 4435 785 4472; x_wconf 89' lang='lat' dir='ltr'><strong>non</strong></span> <span class='ocrx_word' id='word_1_361' title='bbox 815 4419 1146 4489; x_wconf 86' lang='lat' dir='ltr'><strong>baptizabat,</strong></span> <span class='ocrx_word' id='word_1_362' title='bbox 1173 4420 1295 4487; x_wconf 86' lang='lat' dir='ltr'><strong>quia</strong></span> <span class='ocrx_word' id='word_1_363' title='bbox 1329 4433 1432 4472; x_wconf 92' lang='lat' dir='ltr'><strong>non</strong></span> <span class='ocrx_word' id='word_1_364' title='bbox 1463 4420 1578 4486; x_wconf 91' lang='lat' dir='ltr'><strong>ipse</strong></span> <span class='ocrx_word' id='word_1_365' title='bbox 1607 4420 1857 4488; x_wconf 85' lang='lat' dir='ltr'><strong>tingebat.</strong></span> <span class='ocrx_word' id='word_1_366' title='bbox 1887 4420 2098 4475; x_wconf 67' lang='lat' dir='ltr'><strong>Praibe-</strong></span> 
     </span>
    </p>
   </div>
   <div class='ocr_carea' id='block_1_46' title="bbox 524 4509 2101 4580">
    <p class='ocr_par' dir='ltr' id='par_1_46' title="bbox 524 4509 2101 4580">
     <span class='ocr_line' id='line_1_46' title="bbox 524 4509 2101 4580; baseline 0.003 -16"><span class='ocrx_word' id='word_1_367' title='bbox 524 4509 654 4564; x_wconf 89' lang='lat' dir='ltr'><strong>bant</strong></span> <span class='ocrx_word' id='word_1_368' title='bbox 695 4509 934 4578; x_wconf 89' lang='lat' dir='ltr'><strong>discipuli</strong></span> <span class='ocrx_word' id='word_1_369' title='bbox 980 4509 1332 4563; x_wconf 89' lang='lat' dir='ltr'><strong>ministerium</strong></span> <span class='ocrx_word' id='word_1_370' title='bbox 1380 4511 1618 4579; x_wconf 87' lang='lat' dir='ltr'><strong>corporis</strong></span> <span class='ocrx_word' id='word_1_371' title='bbox 1645 4552 1658 4575; x_wconf 94' lang='lat'><strong>,</strong></span> <span class='ocrx_word' id='word_1_372' title='bbox 1705 4511 1973 4580; x_wconf 83' lang='lat' dir='ltr'><strong>praebebat</strong></span> <span class='ocrx_word' id='word_1_373' title='bbox 2011 4511 2101 4568; x_wconf 90' lang='lat' dir='ltr'><strong>ille</strong></span> 
     </span>
    </p>
   </div>
   <div class='ocr_carea' id='block_1_47' title="bbox 521 4599 2101 4674">
    <p class='ocr_par' dir='ltr' id='par_1_47' title="bbox 521 4599 2101 4674">
     <span class='ocr_line' id='line_1_47' title="bbox 521 4599 2101 4674; baseline 0.002 -19"><span class='ocrx_word' id='word_1_374' title='bbox 521 4600 838 4669; x_wconf 74' lang='lat' dir='ltr'><strong>adiutorium</strong></span> <span class='ocrx_word' id='word_1_375' title='bbox 871 4600 1178 4669; x_wconf 89' lang='lat' dir='ltr'><strong>majestatis.</strong></span> <span class='ocrx_word' id='word_1_376' title='bbox 1208 4599 1429 4665; x_wconf 90' lang='lat' dir='ltr'><strong>Quando</strong></span> <span class='ocrx_word' id='word_1_377' title='bbox 1449 4601 1588 4655; x_wconf 87' lang='lat' dir='ltr'><strong>enim</strong></span> <span class='ocrx_word' id='word_1_378' title='bbox 1620 4610 1854 4656; x_wconf 90' lang='lat' dir='ltr'><strong>cessaret</strong></span> <span class='ocrx_word' id='word_1_379' title='bbox 1878 4617 1904 4654; x_wconf 90' lang='lat' dir='ltr'><strong>a</strong></span> <span class='ocrx_word' id='word_1_380' title='bbox 1931 4601 2101 4674; x_wconf 91' lang='lat' dir='ltr'><strong>bapti-</strong></span> 
     </span>
    </p>
   </div>
   <div class='ocr_carea' id='block_1_48' title="bbox 523 4689 2101 4762">
    <p class='ocr_par' dir='ltr' id='par_1_48' title="bbox 523 4689 2101 4762">
     <span class='ocr_line' id='line_1_48' title="bbox 523 4689 2101 4762; baseline 0.003 -18"><span class='ocrx_word' id='word_1_381' title='bbox 523 4689 694 4750; x_wconf 81' lang='lat' dir='ltr'><strong>zando</strong></span> <span class='ocrx_word' id='word_1_382' title='bbox 712 4729 728 4755; x_wconf 95' lang='lat'><strong>,</strong></span> <span class='ocrx_word' id='word_1_383' title='bbox 758 4689 1006 4760; x_wconf 89' lang='lat' dir='ltr'><strong>quamdiu</strong></span> <span class='ocrx_word' id='word_1_384' title='bbox 1035 4704 1141 4744; x_wconf 90' lang='lat' dir='ltr'><strong>non</strong></span> <span class='ocrx_word' id='word_1_385' title='bbox 1168 4699 1341 4744; x_wconf 90' lang='lat' dir='ltr'><strong>cessat</strong></span> <span class='ocrx_word' id='word_1_386' title='bbox 1366 4705 1395 4743; x_wconf 89' lang='lat' dir='ltr'><strong>a</strong></span> <span class='ocrx_word' id='word_1_387' title='bbox 1421 4689 1766 4745; x_wconf 84' lang='lat' dir='ltr'><strong>mundando?</strong></span> <span class='ocrx_word' id='word_1_388' title='bbox 1792 4693 1866 4748; x_wconf 92' lang='lat' dir='ltr'><strong>De</strong></span> <span class='ocrx_word' id='word_1_389' title='bbox 1893 4708 1999 4762; x_wconf 91' lang='lat' dir='ltr'><strong>quo</strong></span> <span class='ocrx_word' id='word_1_390' title='bbox 2021 4693 2101 4748; x_wconf 86' lang='lat' dir='ltr'><strong>di-</strong></span> 
     </span>
    </p>
   </div>
   <div class='ocr_carea' id='block_1_49' title="bbox 520 4780 2101 4855">
    <p class='ocr_par' dir='ltr' id='par_1_49' title="bbox 520 4780 2101 4855">
     <span class='ocr_line' id='line_1_49' title="bbox 520 4780 2101 4855; baseline 0.004 -20"><span class='ocrx_word' id='word_1_391' title='bbox 520 4789 665 4836; x_wconf 92' lang='lat' dir='ltr'><strong>ctum</strong></span> <span class='ocrx_word' id='word_1_392' title='bbox 691 4788 774 4836; x_wconf 89' lang='lat' dir='ltr'><strong>est</strong></span> <span class='ocrx_word' id='word_1_393' title='bbox 796 4780 862 4834; x_wconf 85' lang='lat' dir='ltr'><strong>ab</strong></span> <span class='ocrx_word' id='word_1_394' title='bbox 888 4780 1074 4844; x_wconf 88' lang='lat' dir='ltr'><strong>eodem</strong></span> <span class='ocrx_word' id='word_1_395' title='bbox 1102 4780 1325 4847; x_wconf 80' lang='lat' dir='ltr'><strong>Joanne,</strong></span> <span class='ocrx_word' id='word_1_396' title='bbox 1358 4797 1451 4850; x_wconf 91' lang='lat' dir='ltr'><strong>per</strong></span> <span class='ocrx_word' id='word_1_397' title='bbox 1475 4781 1694 4838; x_wconf 86' lang='lat' dir='ltr'><strong>Joannis</strong></span> <span class='ocrx_word' id='word_1_398' title='bbox 1717 4784 1960 4853; x_wconf 71' lang='lat' dir='ltr'><strong>Baptista:</strong></span> <span class='ocrx_word' id='word_1_399' title='bbox 1982 4801 2101 4855; x_wconf 88' lang='lat' dir='ltr'><strong>per-</strong></span> 
     </span>
    </p>
   </div>
   <div class='ocr_carea' id='block_1_50' title="bbox 521 4870 2095 4947">
    <p class='ocr_par' dir='ltr' id='par_1_50' title="bbox 521 4870 2095 4947">
     <span class='ocr_line' id='line_1_50' title="bbox 521 4870 2095 4947; baseline 0.003 -19"><span class='ocrx_word' id='word_1_400' title='bbox 521 4885 706 4928; x_wconf 83' lang='lat' dir='ltr'><strong>sonam</strong></span> <span class='ocrx_word' id='word_1_401' title='bbox 748 4871 1006 4938; x_wconf 79' lang='lat' dir='ltr'><strong>dicentis,</strong></span> <span class='ocrx_word' id='word_1_402' title='bbox 1053 4870 1154 4926; x_wconf 86' lang='lat' dir='ltr'><strong>Hic</strong></span> <span class='ocrx_word' id='word_1_403' title='bbox 1195 4880 1266 4926; x_wconf 85' lang='lat' dir='ltr'><strong>est</strong></span> <span class='ocrx_word' id='word_1_404' title='bbox 1303 4873 1387 4942; x_wconf 82' lang='lat' dir='ltr'><strong>qui</strong></span> <span class='ocrx_word' id='word_1_405' title='bbox 1426 4871 1644 4943; x_wconf 79' lang='lat' dir='ltr'><strong>baptizat</strong></span> <span class='ocrx_word' id='word_1_406' title='bbox 1681 4874 1857 4941; x_wconf 81' lang='lat' dir='ltr'><strong>(Jonn.</strong></span> <span class='ocrx_word' id='word_1_407' title='bbox 1894 4892 1942 4941; x_wconf 86' lang='grc' dir='ltr'><strong>ι,</strong></span> <span class='ocrx_word' id='word_1_408' title='bbox 1982 4876 2095 4947; x_wconf 82' lang='grc'>55).</span> 
     </span>
    </p>
   </div>
   <div class='ocr_carea' id='block_1_51' title="bbox 522 4963 2096 5037">
    <p class='ocr_par' dir='ltr' id='par_1_51' title="bbox 522 4963 2096 5037">
     <span class='ocr_line' id='line_1_51' title="bbox 522 4963 2096 5037; baseline 0.002 -17"><span class='ocrx_word' id='word_1_409' title='bbox 522 4963 665 5035; x_wconf 87' lang='lat' dir='ltr'><strong>Ergo</strong></span> <span class='ocrx_word' id='word_1_410' title='bbox 705 4964 860 5020; x_wconf 86' lang='lat' dir='ltr'><strong>Jesus</strong></span> <span class='ocrx_word' id='word_1_411' title='bbox 902 4963 1074 5019; x_wconf 90' lang='lat' dir='ltr'><strong>adhuc</strong></span> <span class='ocrx_word' id='word_1_412' title='bbox 1101 4963 1363 5035; x_wconf 87' lang='lat' dir='ltr'><strong>baptizat;</strong></span> <span class='ocrx_word' id='word_1_413' title='bbox 1391 4973 1446 5021; x_wconf 90' lang='lat' dir='ltr'><strong>et</strong></span> <span class='ocrx_word' id='word_1_414' title='bbox 1469 4981 1575 5035; x_wconf 91' lang='lat' dir='ltr'><strong>quo</strong></span> <span class='ocrx_word' id='word_1_415' title='bbox 1603 4981 1768 5037; x_wconf 90' lang='lat' dir='ltr'><strong>usque</strong></span> <span class='ocrx_word' id='word_1_416' title='bbox 1796 4967 2096 5037; x_wconf 89' lang='lat' dir='ltr'><strong>baptizandi</strong></span> 
     </span>
    </p>
   </div>
   <div class='ocr_carea' id='block_1_52' title="bbox 520 5055 2095 5126">
    <p class='ocr_par' dir='ltr' id='par_1_52' title="bbox 520 5055 2095 5126">
     <span class='ocr_line' id='line_1_52' title="bbox 520 5055 2095 5126; baseline 0.003 -15"><span class='ocrx_word' id='word_1_417' title='bbox 520 5070 704 5111; x_wconf 84' lang='lat' dir='ltr'><strong>sumus</strong></span> <span class='ocrx_word' id='word_1_418' title='bbox 725 5098 740 5122; x_wconf 91' lang='lat'><strong>,</strong></span> <span class='ocrx_word' id='word_1_419' title='bbox 781 5055 938 5112; x_wconf 79' lang='lat' dir='ltr'><strong>Jesus</strong></span> <span class='ocrx_word' id='word_1_420' title='bbox 977 5055 1224 5126; x_wconf 83' lang='lat' dir='ltr'><strong>baptizat.</strong></span> <span class='ocrx_word' id='word_1_421' title='bbox 1259 5056 1487 5111; x_wconf 87' lang='lat' dir='ltr'><strong>Securus</strong></span> <span class='ocrx_word' id='word_1_422' title='bbox 1510 5055 1669 5111; x_wconf 85' lang='lat' dir='ltr'><strong>homo</strong></span> <span class='ocrx_word' id='word_1_423' title='bbox 1691 5059 1908 5114; x_wconf 89' lang='lat' dir='ltr'><strong>accedat</strong></span> <span class='ocrx_word' id='word_1_424' title='bbox 1927 5059 1991 5114; x_wconf 88' lang='lat' dir='ltr'><strong>ad</strong></span> <span class='ocrx_word' id='word_1_425' title='bbox 2021 5061 2095 5115; x_wconf 88' lang='lat' dir='ltr'><strong>in-</strong></span> 
     </span>
    </p>
   </div>
   <div class='ocr_carea' id='block_1_53' title="bbox 521 5147 2098 5222">
    <p class='ocr_par' dir='ltr' id='par_1_53' title="bbox 521 5147 2098 5222">
     <span class='ocr_line' id='line_1_53' title="bbox 521 5147 2098 5222; baseline 0.003 -20"><span class='ocrx_word' id='word_1_426' title='bbox 521 5147 771 5204; x_wconf 90' lang='lat' dir='ltr'><strong>feriorem</strong></span> <span class='ocrx_word' id='word_1_427' title='bbox 820 5149 1118 5203; x_wconf 90' lang='lat' dir='ltr'><strong>ministrum</strong></span> <span class='ocrx_word' id='word_1_428' title='bbox 1148 5161 1163 5213; x_wconf 91' lang='lat'><strong>;</strong></span> <span class='ocrx_word' id='word_1_429' title='bbox 1212 5147 1369 5204; x_wconf 90' lang='lat' dir='ltr'><strong>habet</strong></span> <span class='ocrx_word' id='word_1_430' title='bbox 1410 5149 1550 5204; x_wconf 92' lang='lat' dir='ltr'><strong>enim</strong></span> <span class='ocrx_word' id='word_1_431' title='bbox 1581 5150 1904 5219; x_wconf 89' lang='lat' dir='ltr'><strong>superiorem</strong></span> <span class='ocrx_word' id='word_1_432' title='bbox 1933 5152 2098 5222; x_wconf 88' lang='lat' dir='ltr'><strong>magi-</strong></span> 
     </span>
    </p>
   </div>
   <div class='ocr_carea' id='block_1_54' title="bbox 516 5248 707 5297">
    <p class='ocr_par' dir='ltr' id='par_1_54' title="bbox 516 5248 707 5297">
     <span class='ocr_line' id='line_1_54' title="bbox 516 5248 707 5297; baseline -0.021 0"><span class='ocrx_word' id='word_1_433' title='bbox 516 5248 707 5297; x_wconf 78' lang='lat' dir='ltr'><strong>strum.</strong></span> 
     </span>
    </p>
   </div>
   <div class='ocr_carea' id='block_1_55' title="bbox 593 5331 2098 5405">
    <p class='ocr_par' dir='ltr' id='par_1_55' title="bbox 593 5331 2098 5405">
     <span class='ocr_line' id='line_1_55' title="bbox 593 5331 2098 5405; baseline 0.002 -16"><span class='ocrx_word' id='word_1_434' title='bbox 593 5335 647 5389; x_wconf 74' lang='grc'><strong>4.</strong></span> <span class='ocrx_word' id='word_1_435' title='bbox 681 5331 786 5389; x_wconf 90' lang='lat' dir='ltr'><strong>Sed</strong></span> <span class='ocrx_word' id='word_1_436' title='bbox 824 5331 958 5388; x_wconf 89' lang='lat' dir='ltr'><strong>forte</strong></span> <span class='ocrx_word' id='word_1_437' title='bbox 981 5333 1056 5388; x_wconf 90' lang='lat' dir='ltr'><strong>ait</strong></span> <span class='ocrx_word' id='word_1_438' title='bbox 1082 5333 1272 5404; x_wconf 91' lang='lat' dir='ltr'><strong>aliquis</strong></span> <span class='ocrx_word' id='word_1_439' title='bbox 1304 5353 1318 5389; x_wconf 89' lang='lat'><strong>:</strong></span> <span class='ocrx_word' id='word_1_440' title='bbox 1351 5335 1587 5405; x_wconf 80' lang='lat' dir='ltr'><strong>Baptizat</strong></span> <span class='ocrx_word' id='word_1_441' title='bbox 1615 5334 1824 5405; x_wconf 87' lang='lat' dir='ltr'><strong>quidem</strong></span> <span class='ocrx_word' id='word_1_442' title='bbox 1855 5335 2098 5392; x_wconf 88' lang='lat' dir='ltr'><strong>Christus</strong></span> 
     </span>
    </p>
   </div>
   <div class='ocr_carea' id='block_1_56' title="bbox 519 5426 2097 5498">
    <p class='ocr_par' dir='ltr' id='par_1_56' title="bbox 519 5426 2097 5498">
     <span class='ocr_line' id='line_1_56' title="bbox 519 5426 2097 5498; baseline 0.002 -15"><span class='ocrx_word' id='word_1_443' title='bbox 519 5427 573 5483; x_wconf 92' lang='lat' dir='ltr'><strong>in</strong></span> <span class='ocrx_word' id='word_1_444' title='bbox 617 5427 802 5497; x_wconf 90' lang='lat' dir='ltr'><strong>spiritu</strong></span> <span class='ocrx_word' id='word_1_445' title='bbox 827 5467 842 5492; x_wconf 91' lang='lat'><strong>,</strong></span> <span class='ocrx_word' id='word_1_446' title='bbox 891 5441 994 5482; x_wconf 92' lang='lat' dir='ltr'><strong>non</strong></span> <span class='ocrx_word' id='word_1_447' title='bbox 1025 5426 1074 5481; x_wconf 94' lang='lat' dir='ltr'><strong>in</strong></span> <span class='ocrx_word' id='word_1_448' title='bbox 1105 5442 1345 5498; x_wconf 88' lang='lat' dir='ltr'><strong>corpore.</strong></span> <span class='ocrx_word' id='word_1_449' title='bbox 1375 5427 1533 5495; x_wconf 86' lang='lat' dir='ltr'><strong>Quasi</strong></span> <span class='ocrx_word' id='word_1_450' title='bbox 1564 5444 1690 5483; x_wconf 89' lang='lat' dir='ltr'><strong>vero</strong></span> <span class='ocrx_word' id='word_1_451' title='bbox 1716 5430 1934 5484; x_wconf 85' lang='lat' dir='ltr'><strong>alterius</strong></span> <span class='ocrx_word' id='word_1_452' title='bbox 1958 5430 2097 5487; x_wconf 92' lang='lat' dir='ltr'><strong>dono</strong></span> 
     </span>
    </p>
   </div>
   <div class='ocr_carea' id='block_1_57' title="bbox 520 5518 2097 5591">
    <p class='ocr_par' dir='ltr' id='par_1_57' title="bbox 520 5518 2097 5591">
     <span class='ocr_line' id='line_1_57' title="bbox 520 5518 2097 5591; baseline 0.003 -19"><span class='ocrx_word' id='word_1_453' title='bbox 520 5535 677 5590; x_wconf 84' lang='lat' dir='ltr'><strong>quam</strong></span> <span class='ocrx_word' id='word_1_454' title='bbox 724 5519 863 5572; x_wconf 91' lang='lat' dir='ltr'><strong>illius</strong></span> <span class='ocrx_word' id='word_1_455' title='bbox 885 5560 900 5586; x_wconf 92' lang='lat'><strong>,</strong></span> <span class='ocrx_word' id='word_1_456' title='bbox 943 5518 1218 5589; x_wconf 88' lang='lat' dir='ltr'><strong>quisquam</strong></span> <span class='ocrx_word' id='word_1_457' title='bbox 1258 5520 1415 5574; x_wconf 91' lang='lat' dir='ltr'><strong>etiam</strong></span> <span class='ocrx_word' id='word_1_458' title='bbox 1447 5532 1781 5576; x_wconf 91' lang='lat' dir='ltr'><strong>sacramento</strong></span> <span class='ocrx_word' id='word_1_459' title='bbox 1806 5522 2097 5591; x_wconf 83' lang='lat' dir='ltr'><strong>corporalis</strong></span> 
     </span>
    </p>
   </div>
   <div class='ocr_carea' id='block_1_58' title="bbox 519 5610 2099 5683">
    <p class='ocr_par' dir='ltr' id='par_1_58' title="bbox 519 5610 2099 5683">
     <span class='ocr_line' id='line_1_58' title="bbox 519 5610 2099 5683; baseline 0.001 -17"><span class='ocrx_word' id='word_1_460' title='bbox 519 5619 573 5666; x_wconf 89' lang='lat' dir='ltr'><strong>et</strong></span> <span class='ocrx_word' id='word_1_461' title='bbox 603 5610 821 5666; x_wconf 84' lang='lat' dir='ltr'><strong>visibilis</strong></span> <span class='ocrx_word' id='word_1_462' title='bbox 857 5611 1194 5681; x_wconf 88' lang='lat' dir='ltr'><strong>Baptismatis</strong></span> <span class='ocrx_word' id='word_1_463' title='bbox 1224 5611 1505 5666; x_wconf 87' lang='lat' dir='ltr'><strong>imbuatur.</strong></span> <span class='ocrx_word' id='word_1_464' title='bbox 1536 5612 1630 5666; x_wconf 94' lang='lat' dir='ltr'><strong>Vis</strong></span> <span class='ocrx_word' id='word_1_465' title='bbox 1656 5628 1811 5667; x_wconf 90' lang='lat' dir='ltr'><strong>nosse</strong></span> <span class='ocrx_word' id='word_1_466' title='bbox 1839 5614 1957 5683; x_wconf 92' lang='lat' dir='ltr'><strong>quia</strong></span> <span class='ocrx_word' id='word_1_467' title='bbox 1987 5615 2099 5683; x_wconf 90' lang='lat' dir='ltr'><strong>ipse</strong></span> 
     </span>
    </p>
   </div>
   <div class='ocr_carea' id='block_1_59' title="bbox 523 5701 2099 5774">
    <p class='ocr_par' dir='ltr' id='par_1_59' title="bbox 523 5701 2099 5774">
     <span class='ocr_line' id='line_1_59' title="bbox 523 5701 2099 5774; baseline 0.001 -19"><span class='ocrx_word' id='word_1_468' title='bbox 523 5701 749 5770; x_wconf 84' lang='lat' dir='ltr'><strong>baptizat</strong></span> <span class='ocrx_word' id='word_1_469' title='bbox 773 5743 786 5764; x_wconf 87' lang='lat'><strong>,</strong></span> <span class='ocrx_word' id='word_1_470' title='bbox 835 5719 938 5757; x_wconf 92' lang='lat' dir='ltr'><strong>non</strong></span> <span class='ocrx_word' id='word_1_471' title='bbox 980 5703 1153 5758; x_wconf 90' lang='lat' dir='ltr'><strong>solum</strong></span> <span class='ocrx_word' id='word_1_472' title='bbox 1193 5703 1378 5773; x_wconf 90' lang='lat' dir='ltr'><strong>spiritu</strong></span> <span class='ocrx_word' id='word_1_473' title='bbox 1400 5745 1414 5769; x_wconf 99' lang='lat'><strong>,</strong></span> <span class='ocrx_word' id='word_1_474' title='bbox 1457 5703 1549 5757; x_wconf 89' lang='lat' dir='ltr'><strong>sed</strong></span> <span class='ocrx_word' id='word_1_475' title='bbox 1579 5703 1734 5757; x_wconf 87' lang='lat' dir='ltr'><strong>etiam</strong></span> <span class='ocrx_word' id='word_1_476' title='bbox 1765 5704 1936 5774; x_wconf 73' lang='lat' dir='ltr'><strong>aqua?</strong></span> <span class='ocrx_word' id='word_1_477' title='bbox 1960 5702 2099 5759; x_wconf 85' lang='lat' dir='ltr'><strong>Audi</strong></span> 
     </span>
    </p>
   </div>
   <div class='ocr_carea' id='block_1_60' title="bbox 523 5791 2096 5866">
    <p class='ocr_par' dir='ltr' id='par_1_60' title="bbox 523 5791 2096 5866">
     <span class='ocr_line' id='line_1_60' title="bbox 523 5791 2096 5866; baseline 0 -16"><span class='ocrx_word' id='word_1_478' title='bbox 523 5791 831 5865; x_wconf 67' lang='lat' dir='ltr'><strong>Apostolum</strong></span> <span class='ocrx_word' id='word_1_479' title='bbox 873 5812 886 5845; x_wconf 92' lang='lat'>:</span> <span class='ocrx_word' id='word_1_480' title='bbox 933 5804 951 5846; x_wconf 76' lang='grc' dir='ltr'><strong>ι</strong></span> <span class='ocrx_word' id='word_1_481' title='bbox 998 5795 1145 5850; x_wconf 86' lang='lat' dir='ltr'><strong>Sicut</strong></span> <span class='ocrx_word' id='word_1_482' title='bbox 1169 5795 1441 5863; x_wconf 90' lang='lat' dir='ltr'><strong>Christus,</strong></span> <span class='ocrx_word' id='word_1_483' title='bbox 1472 5795 1672 5866; x_wconf 88' lang='lat' dir='ltr'><strong>inquit,</strong></span> <span class='ocrx_word' id='word_1_484' title='bbox 1700 5794 1883 5852; x_wconf 75' lang='lat' dir='ltr'><strong>dilexit</strong></span> <span class='ocrx_word' id='word_1_485' title='bbox 1911 5795 2096 5852; x_wconf 84' lang='lat' dir='ltr'><strong>Eccle-</strong></span> 
     </span>
    </p>
   </div>
   <div class='ocr_carea' id='block_1_61' title="bbox 1462 369 2836 441">
    <p class='ocr_par' dir='ltr' id='par_1_61' title="bbox 1462 369 2836 441">
     <span class='ocr_line' id='line_1_61' title="bbox 1462 369 2836 441; baseline -0.007 -5"><span class='ocrx_word' id='word_1_486' title='bbox 1462 379 1527 436; x_wconf 74' lang='grc' dir='ltr'><strong>[Ν</strong></span> <span class='ocrx_word' id='word_1_487' title='bbox 1563 377 1838 438; x_wconf 75' lang='lat' dir='ltr'><strong>JOANNlS</strong></span> <span class='ocrx_word' id='word_1_488' title='bbox 1873 373 2338 441; x_wconf 81' lang='lat' dir='ltr'><strong>EVANGELIUM,</strong></span> <span class='ocrx_word' id='word_1_489' title='bbox 2376 373 2433 429; x_wconf 88' lang='lat' dir='ltr'><strong>S.</strong></span> <span class='ocrx_word' id='word_1_490' title='bbox 2476 369 2836 430; x_wconf 73' lang='lat' dir='ltr'><strong>AUGUSTINI</strong></span> 
     </span>
    </p>
   </div>
   <div class='ocr_carea' id='block_1_62' title="bbox 3634 382 3759 440">
    <p class='ocr_par' dir='ltr' id='par_1_62' title="bbox 3634 382 3759 440">
     <span class='ocr_line' id='line_1_62' title="bbox 3634 382 3759 440; baseline 0.024 -3"><span class='ocrx_word' id='word_1_491' title='bbox 3634 382 3759 440; x_wconf 68' lang='grc' dir='ltr'><strong>15η</strong></span> 
     </span>
    </p>
   </div>
   <div class='ocr_carea' id='block_1_63' title="bbox 2203 487 3760 558">
    <p class='ocr_par' dir='ltr' id='par_1_63' title="bbox 2203 487 3760 558">
     <span class='ocr_line' id='line_1_63' title="bbox 2203 487 3760 558; baseline 0.005 -14"><span class='ocrx_word' id='word_1_492' title='bbox 2203 490 2334 544; x_wconf 92' lang='lat' dir='ltr'><strong>siam</strong></span> <span class='ocrx_word' id='word_1_493' title='bbox 2355 530 2369 553; x_wconf 89' lang='lat'><strong>,</strong></span> <span class='ocrx_word' id='word_1_494' title='bbox 2395 498 2448 543; x_wconf 87' lang='lat' dir='ltr'><strong>et</strong></span> <span class='ocrx_word' id='word_1_495' title='bbox 2475 489 2704 557; x_wconf 90' lang='lat' dir='ltr'><strong>seipsum</strong></span> <span class='ocrx_word' id='word_1_496' title='bbox 2733 487 2946 543; x_wconf 86' lang='lat' dir='ltr'><strong>tradidit</strong></span> <span class='ocrx_word' id='word_1_497' title='bbox 2975 504 3070 558; x_wconf 90' lang='lat' dir='ltr'><strong>pro</strong></span> <span class='ocrx_word' id='word_1_498' title='bbox 3093 505 3155 544; x_wconf 92' lang='lat' dir='ltr'><strong>ea</strong></span> <span class='ocrx_word' id='word_1_499' title='bbox 3175 532 3190 556; x_wconf 91' lang='lat'><strong>,</strong></span> <span class='ocrx_word' id='word_1_500' title='bbox 3214 491 3474 548; x_wconf 86' lang='lat' dir='ltr'><strong>mundans</strong></span> <span class='ocrx_word' id='word_1_501' title='bbox 3493 509 3608 550; x_wconf 87' lang='lat' dir='ltr'><strong>eam</strong></span> <span class='ocrx_word' id='word_1_502' title='bbox 3629 497 3760 553; x_wconf 84' lang='lat' dir='ltr'><strong>lava-</strong></span> 
     </span>
    </p>
   </div>
   <div class='ocr_carea' id='block_1_64' title="bbox 2200 577 3757 654">
    <p class='ocr_par' dir='ltr' id='par_1_64' title="bbox 2200 577 3757 654">
     <span class='ocr_line' id='line_1_64' title="bbox 2200 577 3757 654; baseline 0.005 -20"><span class='ocrx_word' id='word_1_503' title='bbox 2200 593 2294 634; x_wconf 90' lang='lat' dir='ltr'><strong>cro</strong></span> <span class='ocrx_word' id='word_1_504' title='bbox 2335 593 2483 647; x_wconf 72' lang='lat' dir='ltr'><strong>aqua:</strong></span> <span class='ocrx_word' id='word_1_505' title='bbox 2527 578 2578 631; x_wconf 92' lang='lat' dir='ltr'><strong>in</strong></span> <span class='ocrx_word' id='word_1_506' title='bbox 2610 577 2806 642; x_wconf 89' lang='lat' dir='ltr'><strong>verbo,</strong></span> <span class='ocrx_word' id='word_1_507' title='bbox 2839 589 2894 632; x_wconf 91' lang='lat' dir='ltr'><strong>ut</strong></span> <span class='ocrx_word' id='word_1_508' title='bbox 2919 579 3201 634; x_wconf 82' lang='lat' dir='ltr'><strong>exhiberet</strong></span> <span class='ocrx_word' id='word_1_509' title='bbox 3225 582 3339 651; x_wconf 90' lang='lat' dir='ltr'><strong>ipse</strong></span> <span class='ocrx_word' id='word_1_510' title='bbox 3364 583 3462 638; x_wconf 86' lang='lat' dir='ltr'><strong>sibi</strong></span> <span class='ocrx_word' id='word_1_511' title='bbox 3491 585 3757 654; x_wconf 85' lang='lat' dir='ltr'><strong>gloriosam</strong></span> 
     </span>
    </p>
   </div>
   <div class='ocr_carea' id='block_1_65' title="bbox 2201 669 3761 747">
    <p class='ocr_par' dir='ltr' id='par_1_65' title="bbox 2201 669 3761 747">
     <span class='ocr_line' id='line_1_65' title="bbox 2201 669 3761 747; baseline 0.006 -22"><span class='ocrx_word' id='word_1_512' title='bbox 2201 670 2491 725; x_wconf 88' lang='lat' dir='ltr'><strong>Ecclesiam</strong></span> <span class='ocrx_word' id='word_1_513' title='bbox 2513 711 2529 736; x_wconf 94' lang='lat'><strong>,</strong></span> <span class='ocrx_word' id='word_1_514' title='bbox 2575 684 2678 724; x_wconf 91' lang='lat' dir='ltr'><strong>non</strong></span> <span class='ocrx_word' id='word_1_515' title='bbox 2723 669 3007 725; x_wconf 88' lang='lat' dir='ltr'><strong>habentem</strong></span> <span class='ocrx_word' id='word_1_516' title='bbox 3036 673 3295 726; x_wconf 89' lang='lat' dir='ltr'><strong>maculam</strong></span> <span class='ocrx_word' id='word_1_517' title='bbox 3325 683 3416 728; x_wconf 90' lang='lat' dir='ltr'><strong>aut</strong></span> <span class='ocrx_word' id='word_1_518' title='bbox 3443 691 3619 747; x_wconf 85' lang='lat' dir='ltr'><strong>rugam</strong></span> <span class='ocrx_word' id='word_1_519' title='bbox 3639 719 3653 741; x_wconf 89' lang='lat'><strong>,</strong></span> <span class='ocrx_word' id='word_1_520' title='bbox 3680 691 3761 735; x_wconf 87' lang='lat' dir='ltr'><strong>aut</strong></span> 
     </span>
    </p>
   </div>
   <div class='ocr_carea' id='block_1_66' title="bbox 2203 759 3760 835">
    <p class='ocr_par' dir='ltr' id='par_1_66' title="bbox 2203 759 3760 835">
     <span class='ocr_line' id='line_1_66' title="bbox 2203 759 3760 835; baseline 0.008 -21"><span class='ocrx_word' id='word_1_521' title='bbox 2203 759 2398 830; x_wconf 91' lang='lat' dir='ltr'><strong>aliquid</strong></span> <span class='ocrx_word' id='word_1_522' title='bbox 2428 759 2729 829; x_wconf 86' lang='lat' dir='ltr'><strong>hujusmodi</strong></span> <span class='ocrx_word' id='word_1_523' title='bbox 2755 779 2774 813; x_wconf 73' lang='grc' dir='ltr'><strong>ι</strong></span> <span class='ocrx_word' id='word_1_524' title='bbox 2804 759 3017 832; x_wconf 71' lang='lat' dir='ltr'><strong>(Ep/aes.</strong></span> <span class='ocrx_word' id='word_1_525' title='bbox 3045 778 3098 829; x_wconf 90' lang='lat' dir='ltr'><strong>v,</strong></span> <span class='ocrx_word' id='word_1_526' title='bbox 3129 761 3331 835; x_wconf 71' lang='lat'><strong>25-27).</strong></span> <span class='ocrx_word' id='word_1_527' title='bbox 3357 765 3614 821; x_wconf 76' lang='lat' dir='ltr'><strong>Mundans</strong></span> <span class='ocrx_word' id='word_1_528' title='bbox 3633 785 3760 826; x_wconf 86' lang='lat' dir='ltr'><strong>eam.</strong></span> 
     </span>
    </p>
   </div>
   <div class='ocr_carea' id='block_1_67' title="bbox 2203 851 3764 927">
    <p class='ocr_par' dir='ltr' id='par_1_67' title="bbox 2203 851 3764 927">
     <span class='ocr_line' id='line_1_67' title="bbox 2203 851 3764 927; baseline 0.006 -21"><span class='ocrx_word' id='word_1_529' title='bbox 2203 851 2399 906; x_wconf 84' lang='lat' dir='ltr'><strong>Unde?</strong></span> <span class='ocrx_word' id='word_1_530' title='bbox 2443 851 2668 905; x_wconf 84' lang='lat' dir='ltr'><strong>Lavacro</strong></span> <span class='ocrx_word' id='word_1_531' title='bbox 2709 867 2854 921; x_wconf 68' lang='lat' dir='ltr'><strong>aquae</strong></span> <span class='ocrx_word' id='word_1_532' title='bbox 2887 853 2940 905; x_wconf 90' lang='lat' dir='ltr'><strong>in</strong></span> <span class='ocrx_word' id='word_1_533' title='bbox 2979 853 3143 907; x_wconf 82' lang='lat' dir='ltr'><strong>verba.</strong></span> <span class='ocrx_word' id='word_1_534' title='bbox 3191 855 3325 922; x_wconf 85' lang='lat' dir='ltr'><strong>Quid</strong></span> <span class='ocrx_word' id='word_1_535' title='bbox 3367 867 3449 912; x_wconf 90' lang='lat' dir='ltr'><strong>est</strong></span> <span class='ocrx_word' id='word_1_536' title='bbox 3492 857 3764 927; x_wconf 84' lang='lat' dir='ltr'><strong>baptismus</strong></span> 
     </span>
    </p>
   </div>
   <div class='ocr_carea' id='block_1_68' title="bbox 2203 943 3764 1019">
    <p class='ocr_par' dir='ltr' id='par_1_68' title="bbox 2203 943 3764 1019">
     <span class='ocr_line' id='line_1_68' title="bbox 2203 943 3764 1019; baseline 0.008 -23"><span class='ocrx_word' id='word_1_537' title='bbox 2203 943 2445 997; x_wconf 86' lang='lat' dir='ltr'><strong>Christi?</strong></span> <span class='ocrx_word' id='word_1_538' title='bbox 2474 943 2764 998; x_wconf 83' lang='lat' dir='ltr'><strong>Lavacrum</strong></span> <span class='ocrx_word' id='word_1_539' title='bbox 2793 959 2944 1014; x_wconf 72' lang='lat' dir='ltr'><strong>aquae</strong></span> <span class='ocrx_word' id='word_1_540' title='bbox 2973 944 3027 999; x_wconf 88' lang='lat' dir='ltr'><strong>in</strong></span> <span class='ocrx_word' id='word_1_541' title='bbox 3057 945 3236 1000; x_wconf 89' lang='lat' dir='ltr'><strong>verbo.</strong></span> <span class='ocrx_word' id='word_1_542' title='bbox 3266 947 3417 1003; x_wconf 90' lang='lat' dir='ltr'><strong>Tolle</strong></span> <span class='ocrx_word' id='word_1_543' title='bbox 3440 965 3649 1019; x_wconf 89' lang='lat' dir='ltr'><strong>aquam,</strong></span> <span class='ocrx_word' id='word_1_544' title='bbox 3671 967 3764 1008; x_wconf 89' lang='lat' dir='ltr'><strong>non</strong></span> 
     </span>
    </p>
   </div>
   <div class='ocr_carea' id='block_1_69' title="bbox 2205 1035 3664 1110">
    <p class='ocr_par' dir='ltr' id='par_1_69' title="bbox 2205 1035 3664 1110">
     <span class='ocr_line' id='line_1_69' title="bbox 2205 1035 3664 1110; baseline 0.006 -20"><span class='ocrx_word' id='word_1_545' title='bbox 2205 1045 2286 1090; x_wconf 88' lang='lat' dir='ltr'><strong>est</strong></span> <span class='ocrx_word' id='word_1_546' title='bbox 2311 1035 2604 1104; x_wconf 91' lang='lat' dir='ltr'><strong>baptismus</strong></span> <span class='ocrx_word' id='word_1_547' title='bbox 2632 1055 2646 1090; x_wconf 89' lang='lat'><strong>:</strong></span> <span class='ocrx_word' id='word_1_548' title='bbox 2674 1036 2799 1092; x_wconf 88' lang='lat' dir='ltr'><strong>tolle</strong></span> <span class='ocrx_word' id='word_1_549' title='bbox 2826 1037 3046 1092; x_wconf 89' lang='lat' dir='ltr'><strong>verbum</strong></span> <span class='ocrx_word' id='word_1_550' title='bbox 3066 1081 3081 1105; x_wconf 94' lang='lat'><strong>,</strong></span> <span class='ocrx_word' id='word_1_551' title='bbox 3111 1053 3216 1093; x_wconf 91' lang='lat' dir='ltr'><strong>non</strong></span> <span class='ocrx_word' id='word_1_552' title='bbox 3246 1049 3326 1094; x_wconf 89' lang='lat' dir='ltr'><strong>est</strong></span> <span class='ocrx_word' id='word_1_553' title='bbox 3354 1039 3664 1110; x_wconf 87' lang='lat' dir='ltr'><strong>baptismus.</strong></span> 
     </span>
    </p>
   </div>
   <div class='ocr_carea' id='block_1_70' title="bbox 2277 1126 3766 1200">
    <p class='ocr_par' dir='ltr' id='par_1_70' title="bbox 2277 1126 3766 1200">
     <span class='ocr_line' id='line_1_70' title="bbox 2277 1126 3766 1200; baseline 0.006 -20"><span class='ocrx_word' id='word_1_554' title='bbox 2277 1126 2330 1180; x_wconf 88' lang='lat'><strong>5.</strong></span> <span class='ocrx_word' id='word_1_555' title='bbox 2357 1126 2472 1181; x_wconf 83' lang='lat' dir='ltr'><strong>Jam</strong></span> <span class='ocrx_word' id='word_1_556' title='bbox 2497 1142 2624 1197; x_wconf 90' lang='lat' dir='ltr'><strong>ergo</strong></span> <span class='ocrx_word' id='word_1_557' title='bbox 2652 1127 2734 1181; x_wconf 86' lang='lat' dir='ltr'><strong>his</strong></span> <span class='ocrx_word' id='word_1_558' title='bbox 2763 1128 3027 1198; x_wconf 66' lang='lat' dir='ltr'><strong>praeiactis</strong></span> <span class='ocrx_word' id='word_1_559' title='bbox 3048 1170 3063 1193; x_wconf 95' lang='lat'><strong>,</strong></span> <span class='ocrx_word' id='word_1_560' title='bbox 3099 1145 3192 1199; x_wconf 89' lang='lat' dir='ltr'><strong>per</strong></span> <span class='ocrx_word' id='word_1_561' title='bbox 3215 1145 3334 1200; x_wconf 73' lang='lat' dir='ltr'><strong>qua:</strong></span> <span class='ocrx_word' id='word_1_562' title='bbox 3358 1132 3505 1185; x_wconf 89' lang='lat' dir='ltr'><strong>venit</strong></span> <span class='ocrx_word' id='word_1_563' title='bbox 3526 1132 3592 1186; x_wconf 88' lang='lat' dir='ltr'><strong>ad</strong></span> <span class='ocrx_word' id='word_1_564' title='bbox 3617 1135 3766 1189; x_wconf 88' lang='lat' dir='ltr'><strong>collo-</strong></span> 
     </span>
    </p>
   </div>
   <div class='ocr_carea' id='block_1_71' title="bbox 2209 1219 3769 1293">
    <p class='ocr_par' dir='ltr' id='par_1_71' title="bbox 2209 1219 3769 1293">
     <span class='ocr_line' id='line_1_71' title="bbox 2209 1219 3769 1293; baseline 0.005 -20"><span class='ocrx_word' id='word_1_565' title='bbox 2209 1219 2473 1274; x_wconf 87' lang='lat' dir='ltr'><strong>cutionem</strong></span> <span class='ocrx_word' id='word_1_566' title='bbox 2520 1235 2640 1273; x_wconf 92' lang='lat' dir='ltr'><strong>cum</strong></span> <span class='ocrx_word' id='word_1_567' title='bbox 2685 1219 2770 1273; x_wconf 90' lang='lat' dir='ltr'><strong>illa</strong></span> <span class='ocrx_word' id='word_1_568' title='bbox 2816 1221 3068 1286; x_wconf 90' lang='lat' dir='ltr'><strong>muliere,</strong></span> <span class='ocrx_word' id='word_1_569' title='bbox 3114 1221 3384 1275; x_wconf 86' lang='lat' dir='ltr'><strong>videamus</strong></span> <span class='ocrx_word' id='word_1_570' title='bbox 3425 1239 3544 1293; x_wconf 71' lang='lat' dir='ltr'><strong>quae</strong></span> <span class='ocrx_word' id='word_1_571' title='bbox 3583 1235 3769 1281; x_wconf 79' lang='lat' dir='ltr'><strong>restant</strong></span> 
     </span>
    </p>
   </div>
   <div class='ocr_carea' id='block_1_72' title="bbox 2206 1309 3770 1383">
    <p class='ocr_par' dir='ltr' id='par_1_72' title="bbox 2206 1309 3770 1383">
     <span class='ocr_line' id='line_1_72' title="bbox 2206 1309 3770 1383; baseline 0.006 -21"><span class='ocrx_word' id='word_1_572' title='bbox 2206 1310 2359 1378; x_wconf 91' lang='lat' dir='ltr'><strong>plena</strong></span> <span class='ocrx_word' id='word_1_573' title='bbox 2388 1309 2691 1379; x_wconf 87' lang='lat' dir='ltr'><strong>mysteriis,</strong></span> <span class='ocrx_word' id='word_1_574' title='bbox 2723 1318 2777 1364; x_wconf 92' lang='lat' dir='ltr'><strong>et</strong></span> <span class='ocrx_word' id='word_1_575' title='bbox 2802 1310 3015 1380; x_wconf 90' lang='lat' dir='ltr'><strong>gravida</strong></span> <span class='ocrx_word' id='word_1_576' title='bbox 3039 1312 3406 1367; x_wconf 87' lang='lat' dir='ltr'><strong>sacramentis.</strong></span> <span class='ocrx_word' id='word_1_577' title='bbox 3439 1331 3459 1364; x_wconf 83' lang='grc'><strong><em>‹</em></strong></span> <span class='ocrx_word' id='word_1_578' title='bbox 3495 1312 3770 1383; x_wconf 83' lang='lat' dir='ltr'><strong>Oportebat</strong></span> 
     </span>
    </p>
   </div>
   <div class='ocr_carea' id='block_1_73' title="bbox 2206 1401 3770 1472">
    <p class='ocr_par' dir='ltr' id='par_1_73' title="bbox 2206 1401 3770 1472">
     <span class='ocr_line' id='line_1_73' title="bbox 2206 1401 3770 1472; baseline 0.005 -18"><span class='ocrx_word' id='word_1_579' title='bbox 2206 1409 2417 1468; x_wconf 87' lang='lat' dir='ltr'><strong>autem,</strong></span> <span class='ocrx_word' id='word_1_580' title='bbox 2466 1401 2668 1472; x_wconf 90' lang='lat' dir='ltr'><strong>inquit,</strong></span> <span class='ocrx_word' id='word_1_581' title='bbox 2711 1416 2833 1456; x_wconf 91' lang='lat' dir='ltr'><strong>eum</strong></span> <span class='ocrx_word' id='word_1_582' title='bbox 2876 1401 3101 1456; x_wconf 87' lang='lat' dir='ltr'><strong>transire</strong></span> <span class='ocrx_word' id='word_1_583' title='bbox 3143 1419 3236 1472; x_wconf 86' lang='lat' dir='ltr'><strong>per</strong></span> <span class='ocrx_word' id='word_1_584' title='bbox 3275 1405 3586 1459; x_wconf 84' lang='lat' dir='ltr'><strong>Samariam.</strong></span> <span class='ocrx_word' id='word_1_585' title='bbox 3628 1405 3770 1462; x_wconf 86' lang='lat' dir='ltr'><strong>Venit</strong></span> 
     </span>
    </p>
   </div>
   <div class='ocr_carea' id='block_1_74' title="bbox 2207 1491 3766 1566">
    <p class='ocr_par' dir='ltr' id='par_1_74' title="bbox 2207 1491 3766 1566">
     <span class='ocr_line' id='line_1_74' title="bbox 2207 1491 3766 1566; baseline 0.005 -21"><span class='ocrx_word' id='word_1_586' title='bbox 2207 1505 2336 1560; x_wconf 83' lang='lat' dir='ltr'><strong>ergo</strong></span> <span class='ocrx_word' id='word_1_587' title='bbox 2364 1491 2418 1545; x_wconf 92' lang='lat' dir='ltr'><strong>in</strong></span> <span class='ocrx_word' id='word_1_588' title='bbox 2447 1491 2715 1546; x_wconf 89' lang='lat' dir='ltr'><strong>civitatem</strong></span> <span class='ocrx_word' id='word_1_589' title='bbox 2745 1491 2999 1546; x_wconf 68' lang='lat' dir='ltr'><strong>Samaria:</strong></span> <span class='ocrx_word' id='word_1_590' title='bbox 3027 1508 3144 1562; x_wconf 82' lang='lat' dir='ltr'><strong>quae</strong></span> <span class='ocrx_word' id='word_1_591' title='bbox 3168 1493 3362 1549; x_wconf 90' lang='lat' dir='ltr'><strong>dicitur</strong></span> <span class='ocrx_word' id='word_1_592' title='bbox 3389 1495 3578 1551; x_wconf 74' lang='lat' dir='ltr'><strong>Sichar</strong></span> <span class='ocrx_word' id='word_1_593' title='bbox 3595 1538 3612 1563; x_wconf 89' lang='lat'><strong>,</strong></span> <span class='ocrx_word' id='word_1_594' title='bbox 3638 1497 3766 1566; x_wconf 77' lang='lat' dir='ltr'><strong>juxta</strong></span> 
     </span>
    </p>
   </div>
   <div class='ocr_carea' id='block_1_75' title="bbox 2207 1581 3766 1656">
    <p class='ocr_par' dir='ltr' id='par_1_75' title="bbox 2207 1581 3766 1656">
     <span class='ocr_line' id='line_1_75' title="bbox 2207 1581 3766 1656; baseline 0.006 -21"><span class='ocrx_word' id='word_1_595' title='bbox 2207 1581 2468 1652; x_wconf 68' lang='lat' dir='ltr'><strong>prazdium</strong></span> <span class='ocrx_word' id='word_1_596' title='bbox 2499 1583 2641 1653; x_wconf 89' lang='lat' dir='ltr'><strong>quod</strong></span> <span class='ocrx_word' id='word_1_597' title='bbox 2671 1582 2818 1638; x_wconf 89' lang='lat' dir='ltr'><strong>dedit</strong></span> <span class='ocrx_word' id='word_1_598' title='bbox 2846 1583 3009 1639; x_wconf 68' lang='lat' dir='ltr'><strong>Iacob</strong></span> <span class='ocrx_word' id='word_1_599' title='bbox 3036 1584 3142 1639; x_wconf 87' lang='lat' dir='ltr'><strong>lilio</strong></span> <span class='ocrx_word' id='word_1_600' title='bbox 3166 1601 3264 1640; x_wconf 91' lang='lat' dir='ltr'><strong>suo</strong></span> <span class='ocrx_word' id='word_1_601' title='bbox 3285 1585 3504 1656; x_wconf 83' lang='lat' dir='ltr'><strong>Joseph.</strong></span> <span class='ocrx_word' id='word_1_602' title='bbox 3536 1589 3666 1644; x_wconf 86' lang='lat' dir='ltr'><strong>Erat</strong></span> <span class='ocrx_word' id='word_1_603' title='bbox 3683 1606 3766 1644; x_wconf 85' lang='lat' dir='ltr'><strong>au-</strong></span> 
     </span>
    </p>
   </div>
   <div class='ocr_carea' id='block_1_76' title="bbox 2211 1673 3768 1749">
    <p class='ocr_par' dir='ltr' id='par_1_76' title="bbox 2211 1673 3768 1749">
     <span class='ocr_line' id='line_1_76' title="bbox 2211 1673 3768 1749; baseline 0.007 -23"><span class='ocrx_word' id='word_1_604' title='bbox 2211 1682 2314 1727; x_wconf 90' lang='lat' dir='ltr'><strong>tem</strong></span> <span class='ocrx_word' id='word_1_605' title='bbox 2355 1673 2426 1726; x_wconf 91' lang='lat' dir='ltr'><strong>ibi</strong></span> <span class='ocrx_word' id='word_1_606' title='bbox 2452 1673 2571 1728; x_wconf 88' lang='lat' dir='ltr'><strong>fons</strong></span> <span class='ocrx_word' id='word_1_607' title='bbox 2593 1673 2777 1728; x_wconf 83' lang='lat' dir='ltr'><strong>Jacob.</strong></span> <span class='ocrx_word' id='word_1_608' title='bbox 2810 1695 2828 1726; x_wconf 79' lang='grc' dir='ltr'><strong>ι</strong></span> <span class='ocrx_word' id='word_1_609' title='bbox 2866 1675 3061 1731; x_wconf 82' lang='lat' dir='ltr'><strong>Puteus</strong></span> <span class='ocrx_word' id='word_1_610' title='bbox 3084 1686 3198 1730; x_wconf 88' lang='lat' dir='ltr'><strong>erat</strong></span> <span class='ocrx_word' id='word_1_611' title='bbox 3231 1696 3244 1731; x_wconf 94' lang='lat'>:</span> <span class='ocrx_word' id='word_1_612' title='bbox 3271 1676 3366 1732; x_wconf 89' lang='lat' dir='ltr'><strong>sed</strong></span> <span class='ocrx_word' id='word_1_613' title='bbox 3394 1679 3568 1734; x_wconf 87' lang='lat' dir='ltr'><strong>omnis</strong></span> <span class='ocrx_word' id='word_1_614' title='bbox 3598 1691 3768 1749; x_wconf 81' lang='lat' dir='ltr'><strong>puteus</strong></span> 
     </span>
    </p>
   </div>
   <div class='ocr_carea' id='block_1_77' title="bbox 2209 1759 3767 1839">
    <p class='ocr_par' dir='ltr' id='par_1_77' title="bbox 2209 1759 3767 1839">
     <span class='ocr_line' id='line_1_77' title="bbox 2209 1759 3767 1839; baseline 0.008 -24"><span class='ocrx_word' id='word_1_615' title='bbox 2209 1759 2327 1817; x_wconf 86' lang='lat' dir='ltr'><strong>fons</strong></span> <span class='ocrx_word' id='word_1_616' title='bbox 2346 1803 2360 1826; x_wconf 94' lang='lat'><strong>,</strong></span> <span class='ocrx_word' id='word_1_617' title='bbox 2390 1779 2494 1817; x_wconf 93' lang='lat' dir='ltr'><strong>non</strong></span> <span class='ocrx_word' id='word_1_618' title='bbox 2519 1766 2692 1818; x_wconf 89' lang='lat' dir='ltr'><strong>omnis</strong></span> <span class='ocrx_word' id='word_1_619' title='bbox 2717 1764 2836 1818; x_wconf 87' lang='lat' dir='ltr'><strong>fons</strong></span> <span class='ocrx_word' id='word_1_620' title='bbox 2859 1774 3047 1834; x_wconf 91' lang='lat' dir='ltr'><strong>puteus</strong></span> <span class='ocrx_word' id='word_1_621' title='bbox 3077 1785 3091 1820; x_wconf 91' lang='lat'><strong>:</strong></span> <span class='ocrx_word' id='word_1_622' title='bbox 3119 1765 3215 1822; x_wconf 90' lang='lat' dir='ltr'><strong>Ubi</strong></span> <span class='ocrx_word' id='word_1_623' title='bbox 3236 1770 3376 1822; x_wconf 89' lang='lat' dir='ltr'><strong>enim</strong></span> <span class='ocrx_word' id='word_1_624' title='bbox 3400 1785 3534 1839; x_wconf 84' lang='lat' dir='ltr'><strong>aqua</strong></span> <span class='ocrx_word' id='word_1_625' title='bbox 3553 1771 3623 1825; x_wconf 89' lang='lat' dir='ltr'><strong>de</strong></span> <span class='ocrx_word' id='word_1_626' title='bbox 3646 1779 3767 1827; x_wconf 79' lang='lat' dir='ltr'><strong>tem</strong></span> 
     </span>
    </p>
   </div>
   <div class='ocr_carea' id='block_1_78' title="bbox 2208 1857 3767 1924">
    <p class='ocr_par' dir='ltr' id='par_1_78' title="bbox 2208 1857 3767 1924">
     <span class='ocr_line' id='line_1_78' title="bbox 2208 1857 3767 1924; baseline 0.008 -18"><span class='ocrx_word' id='word_1_627' title='bbox 2208 1861 2418 1917; x_wconf 88' lang='lat' dir='ltr'><strong>manat,</strong></span> <span class='ocrx_word' id='word_1_628' title='bbox 2451 1863 2504 1908; x_wconf 92' lang='lat' dir='ltr'><strong>et</strong></span> <span class='ocrx_word' id='word_1_629' title='bbox 2533 1857 2649 1909; x_wconf 92' lang='lat' dir='ltr'><strong>usui</strong></span> <span class='ocrx_word' id='word_1_630' title='bbox 2692 1858 2954 1924; x_wconf 64' lang='lat' dir='ltr'><strong>praibetur</strong></span> <span class='ocrx_word' id='word_1_631' title='bbox 2981 1857 3372 1924; x_wconf 88' lang='lat' dir='ltr'><strong>haurientibus,</strong></span> <span class='ocrx_word' id='word_1_632' title='bbox 3404 1859 3522 1916; x_wconf 89' lang='lat' dir='ltr'><strong>fons</strong></span> <span class='ocrx_word' id='word_1_633' title='bbox 3545 1861 3767 1919; x_wconf 88' lang='lat' dir='ltr'><strong>dicitur:</strong></span> 
     </span>
    </p>
   </div>
   <div class='ocr_carea' id='block_1_79' title="bbox 2208 1944 3770 2016">
    <p class='ocr_par' dir='ltr' id='par_1_79' title="bbox 2208 1944 3770 2016">
     <span class='ocr_line' id='line_1_79' title="bbox 2208 1944 3770 2016; baseline 0.007 -19"><span class='ocrx_word' id='word_1_634' title='bbox 2208 1944 2302 1998; x_wconf 91' lang='lat' dir='ltr'><strong>sed</strong></span> <span class='ocrx_word' id='word_1_635' title='bbox 2334 1945 2376 1997; x_wconf 89' lang='lat' dir='ltr'><strong>si</strong></span> <span class='ocrx_word' id='word_1_636' title='bbox 2411 1945 2461 1998; x_wconf 92' lang='lat' dir='ltr'><strong>in</strong></span> <span class='ocrx_word' id='word_1_637' title='bbox 2494 1955 2738 2014; x_wconf 88' lang='lat' dir='ltr'><strong>promptu</strong></span> <span class='ocrx_word' id='word_1_638' title='bbox 2765 1954 2819 2000; x_wconf 92' lang='lat' dir='ltr'><strong>et</strong></span> <span class='ocrx_word' id='word_1_639' title='bbox 2846 1947 3124 2016; x_wconf 83' lang='lat' dir='ltr'><strong>superﬁcie</strong></span> <span class='ocrx_word' id='word_1_640' title='bbox 3153 1949 3255 2015; x_wconf 89' lang='lat' dir='ltr'><strong>sit,</strong></span> <span class='ocrx_word' id='word_1_641' title='bbox 3282 1948 3402 2004; x_wconf 90' lang='lat' dir='ltr'><strong>fons</strong></span> <span class='ocrx_word' id='word_1_642' title='bbox 3425 1959 3628 2007; x_wconf 89' lang='lat' dir='ltr'><strong>tantum</strong></span> <span class='ocrx_word' id='word_1_643' title='bbox 3657 1953 3770 2008; x_wconf 44' lang='lat' dir='ltr'><strong>dici‘</strong></span> 
     </span>
    </p>
   </div>
   <div class='ocr_carea' id='block_1_80' title="bbox 2209 2037 3769 2113">
    <p class='ocr_par' dir='ltr' id='par_1_80' title="bbox 2209 2037 3769 2113">
     <span class='ocr_line' id='line_1_80' title="bbox 2209 2037 3769 2113; baseline 0.008 -24"><span class='ocrx_word' id='word_1_644' title='bbox 2209 2044 2326 2102; x_wconf 91' lang='lat' dir='ltr'><strong>tur;</strong></span> <span class='ocrx_word' id='word_1_645' title='bbox 2354 2037 2398 2090; x_wconf 88' lang='lat' dir='ltr'><strong>si</strong></span> <span class='ocrx_word' id='word_1_646' title='bbox 2426 2047 2603 2092; x_wconf 88' lang='lat' dir='ltr'><strong>autem</strong></span> <span class='ocrx_word' id='word_1_647' title='bbox 2630 2039 2680 2091; x_wconf 92' lang='lat' dir='ltr'><strong>in</strong></span> <span class='ocrx_word' id='word_1_648' title='bbox 2707 2039 2816 2093; x_wconf 90' lang='lat' dir='ltr'><strong>alto</strong></span> <span class='ocrx_word' id='word_1_649' title='bbox 2839 2049 2893 2094; x_wconf 93' lang='lat' dir='ltr'><strong>et</strong></span> <span class='ocrx_word' id='word_1_650' title='bbox 2923 2040 3180 2108; x_wconf 84' lang='lat' dir='ltr'><strong>profundo</strong></span> <span class='ocrx_word' id='word_1_651' title='bbox 3201 2043 3305 2107; x_wconf 90' lang='lat' dir='ltr'><strong>sit,</strong></span> <span class='ocrx_word' id='word_1_652' title='bbox 3333 2042 3402 2097; x_wconf 86' lang='lat' dir='ltr'><strong>ita</strong></span> <span class='ocrx_word' id='word_1_653' title='bbox 3423 2053 3615 2113; x_wconf 88' lang='lat' dir='ltr'><strong>puteus</strong></span> <span class='ocrx_word' id='word_1_654' title='bbox 3635 2063 3769 2102; x_wconf 80' lang='lat' dir='ltr'><strong>voca-</strong></span> 
     </span>
    </p>
   </div>
   <div class='ocr_carea' id='block_1_81' title="bbox 2210 2125 3184 2192">
    <p class='ocr_par' dir='ltr' id='par_1_81' title="bbox 2210 2125 3184 2192">
     <span class='ocr_line' id='line_1_81' title="bbox 2210 2125 3184 2192; baseline 0.005 -15"><span class='ocrx_word' id='word_1_655' title='bbox 2210 2135 2294 2178; x_wconf 92' lang='lat' dir='ltr'><strong>tur</strong></span> <span class='ocrx_word' id='word_1_656' title='bbox 2309 2166 2324 2192; x_wconf 93' lang='lat'><strong>,</strong></span> <span class='ocrx_word' id='word_1_657' title='bbox 2359 2135 2415 2179; x_wconf 91' lang='lat' dir='ltr'><strong>ut</strong></span> <span class='ocrx_word' id='word_1_658' title='bbox 2438 2125 2597 2181; x_wconf 90' lang='lat' dir='ltr'><strong>fontis</strong></span> <span class='ocrx_word' id='word_1_659' title='bbox 2621 2143 2814 2182; x_wconf 91' lang='lat' dir='ltr'><strong>nomen</strong></span> <span class='ocrx_word' id='word_1_660' title='bbox 2836 2143 2940 2182; x_wconf 92' lang='lat' dir='ltr'><strong>non</strong></span> <span class='ocrx_word' id='word_1_661' title='bbox 2961 2130 3184 2184; x_wconf 90' lang='lat' dir='ltr'><strong>amittat.</strong></span> 
     </span>
    </p>
   </div>
   <div class='ocr_carea' id='block_1_82' title="bbox 2277 2215 3769 2298">
    <p class='ocr_par' dir='ltr' id='par_1_82' title="bbox 2277 2215 3769 2298">
     <span class='ocr_line' id='line_1_82' title="bbox 2277 2215 3769 2298; baseline 0.008 -29"><span class='ocrx_word' id='word_1_662' title='bbox 2277 2215 2328 2269; x_wconf 83' lang='lat'><strong>6.</strong></span> <span class='ocrx_word' id='word_1_663' title='bbox 2365 2215 2514 2271; x_wconf 75' lang='lat' dir='ltr'><strong>Iesus</strong></span> <span class='ocrx_word' id='word_1_664' title='bbox 2549 2234 2665 2288; x_wconf 86' lang='lat' dir='ltr'><strong>ergo</strong></span> <span class='ocrx_word' id='word_1_665' title='bbox 2707 2220 2948 2289; x_wconf 75' lang='lat' dir='ltr'><strong>fatigatus</strong></span> <span class='ocrx_word' id='word_1_666' title='bbox 2987 2236 3048 2275; x_wconf 75' lang='lat' dir='ltr'><strong>ea:</strong></span> <span class='ocrx_word' id='word_1_667' title='bbox 3085 2222 3295 2288; x_wconf 80' lang='lat' dir='ltr'><strong>itinere,</strong></span> <span class='ocrx_word' id='word_1_668' title='bbox 3321 2224 3520 2278; x_wconf 82' lang='lat' dir='ltr'><strong>sedebat</strong></span> <span class='ocrx_word' id='word_1_669' title='bbox 3542 2227 3618 2280; x_wconf 84' lang='lat' dir='ltr'><strong>sic</strong></span> <span class='ocrx_word' id='word_1_670' title='bbox 3641 2243 3769 2298; x_wconf 75' lang='lat' dir='ltr'><strong>sapa</strong></span> 
     </span>
    </p>
   </div>
   <div class='ocr_carea' id='block_1_83' title="bbox 2207 2307 3768 2388">
    <p class='ocr_par' dir='ltr' id='par_1_83' title="bbox 2207 2307 3768 2388">
     <span class='ocr_line' id='line_1_83' title="bbox 2207 2307 3768 2388; baseline 0.01 -30"><span class='ocrx_word' id='word_1_671' title='bbox 2207 2309 2414 2374; x_wconf 82' lang='lat' dir='ltr'><strong>fontem.</strong></span> <span class='ocrx_word' id='word_1_672' title='bbox 2450 2307 2592 2360; x_wconf 81' lang='lat' dir='ltr'><strong>Hora</strong></span> <span class='ocrx_word' id='word_1_673' title='bbox 2616 2318 2722 2360; x_wconf 86' lang='lat' dir='ltr'><strong>erat</strong></span> <span class='ocrx_word' id='word_1_674' title='bbox 2754 2310 2896 2378; x_wconf 81' lang='lat' dir='ltr'><strong>quasi</strong></span> <span class='ocrx_word' id='word_1_675' title='bbox 2915 2321 3077 2364; x_wconf 74' lang='lat' dir='ltr'><strong>sexta.</strong></span> <span class='ocrx_word' id='word_1_676' title='bbox 3101 2310 3215 2366; x_wconf 88' lang='lat' dir='ltr'><strong>Jam</strong></span> <span class='ocrx_word' id='word_1_677' title='bbox 3239 2313 3496 2383; x_wconf 91' lang='lat' dir='ltr'><strong>incipiunt</strong></span> <span class='ocrx_word' id='word_1_678' title='bbox 3513 2321 3768 2388; x_wconf 80' lang='lat' dir='ltr'><strong>mySteria.</strong></span> 
     </span>
    </p>
   </div>
   <div class='ocr_carea' id='block_1_84' title="bbox 2205 2395 3770 2470">
    <p class='ocr_par' dir='ltr' id='par_1_84' title="bbox 2205 2395 3770 2470">
     <span class='ocr_line' id='line_1_84' title="bbox 2205 2395 3770 2470; baseline 0.008 -20"><span class='ocrx_word' id='word_1_679' title='bbox 2205 2395 2320 2450; x_wconf 86' lang='lat' dir='ltr'><strong>Non</strong></span> <span class='ocrx_word' id='word_1_680' title='bbox 2365 2399 2503 2451; x_wconf 87' lang='lat' dir='ltr'><strong>enim</strong></span> <span class='ocrx_word' id='word_1_681' title='bbox 2546 2398 2737 2452; x_wconf 80' lang='lat' dir='ltr'><strong>frustra</strong></span> <span class='ocrx_word' id='word_1_682' title='bbox 2787 2399 3032 2470; x_wconf 80' lang='lat' dir='ltr'><strong>fatigatur</strong></span> <span class='ocrx_word' id='word_1_683' title='bbox 3070 2401 3262 2468; x_wconf 83' lang='lat' dir='ltr'><strong>Jesus;</strong></span> <span class='ocrx_word' id='word_1_684' title='bbox 3291 2419 3396 2458; x_wconf 88' lang='lat' dir='ltr'><strong>non</strong></span> <span class='ocrx_word' id='word_1_685' title='bbox 3423 2409 3563 2459; x_wconf 88' lang='lat' dir='ltr'><strong>enim</strong></span> <span class='ocrx_word' id='word_1_686' title='bbox 3594 2406 3770 2462; x_wconf 78' lang='lat' dir='ltr'><strong>frustra</strong></span> 
     </span>
    </p>
   </div>
   <div class='ocr_carea' id='block_1_85' title="bbox 2205 2485 3772 2570">
    <p class='ocr_par' dir='ltr' id='par_1_85' title="bbox 2205 2485 3772 2570">
     <span class='ocr_line' id='line_1_85' title="bbox 2205 2485 3772 2570; baseline 0.009 -31"><span class='ocrx_word' id='word_1_687' title='bbox 2205 2485 2452 2558; x_wconf 74' lang='lat' dir='ltr'><strong>fatigatur</strong></span> <span class='ocrx_word' id='word_1_688' title='bbox 2485 2489 2658 2544; x_wconf 78' lang='lat' dir='ltr'><strong>Virtus</strong></span> <span class='ocrx_word' id='word_1_689' title='bbox 2691 2491 2821 2555; x_wconf 87' lang='lat' dir='ltr'><strong>Dei;</strong></span> <span class='ocrx_word' id='word_1_690' title='bbox 2854 2505 2959 2546; x_wconf 92' lang='lat' dir='ltr'><strong>non</strong></span> <span class='ocrx_word' id='word_1_691' title='bbox 2996 2493 3137 2547; x_wconf 91' lang='lat' dir='ltr'><strong>enim</strong></span> <span class='ocrx_word' id='word_1_692' title='bbox 3167 2494 3359 2549; x_wconf 82' lang='lat' dir='ltr'><strong>frustra</strong></span> <span class='ocrx_word' id='word_1_693' title='bbox 3387 2495 3668 2566; x_wconf 81' lang='lat' dir='ltr'><strong>fatigatur,</strong></span> <span class='ocrx_word' id='word_1_694' title='bbox 3693 2515 3772 2570; x_wconf 88' lang='lat' dir='ltr'><strong>per</strong></span> 
     </span>
    </p>
   </div>
   <div class='ocr_carea' id='block_1_86' title="bbox 2204 2581 3769 2660">
    <p class='ocr_par' dir='ltr' id='par_1_86' title="bbox 2204 2581 3769 2660">
     <span class='ocr_line' id='line_1_86' title="bbox 2204 2581 3769 2660; baseline 0.008 -27"><span class='ocrx_word' id='word_1_695' title='bbox 2204 2594 2362 2648; x_wconf 83' lang='lat' dir='ltr'><strong>quem</strong></span> <span class='ocrx_word' id='word_1_696' title='bbox 2393 2581 2591 2651; x_wconf 85' lang='lat' dir='ltr'><strong>fatigati</strong></span> <span class='ocrx_word' id='word_1_697' title='bbox 2625 2593 2966 2649; x_wconf 88' lang='lat' dir='ltr'><strong>recreantur;</strong></span> <span class='ocrx_word' id='word_1_698' title='bbox 2995 2599 3101 2640; x_wconf 90' lang='lat' dir='ltr'><strong>non</strong></span> <span class='ocrx_word' id='word_1_699' title='bbox 3123 2585 3264 2640; x_wconf 89' lang='lat' dir='ltr'><strong>enim</strong></span> <span class='ocrx_word' id='word_1_700' title='bbox 3286 2585 3480 2641; x_wconf 88' lang='lat' dir='ltr'><strong>frustra</strong></span> <span class='ocrx_word' id='word_1_701' title='bbox 3509 2588 3769 2660; x_wconf 84' lang='lat' dir='ltr'><strong>fatigatur,</strong></span> 
     </span>
    </p>
   </div>
   <div class='ocr_carea' id='block_1_87' title="bbox 2205 2672 3769 2746">
    <p class='ocr_par' dir='ltr' id='par_1_87' title="bbox 2205 2672 3769 2746">
     <span class='ocr_line' id='line_1_87' title="bbox 2205 2672 3769 2746; baseline 0.004 -22"><span class='ocrx_word' id='word_1_702' title='bbox 2205 2687 2310 2740; x_wconf 90' lang='lat' dir='ltr'><strong>quo</strong></span> <span class='ocrx_word' id='word_1_703' title='bbox 2354 2672 2631 2727; x_wconf 88' lang='lat' dir='ltr'><strong>deserente</strong></span> <span class='ocrx_word' id='word_1_704' title='bbox 2669 2672 2983 2744; x_wconf 87' lang='lat' dir='ltr'><strong>fatigamur,</strong></span> <span class='ocrx_word' id='word_1_705' title='bbox 3027 2691 3134 2746; x_wconf 90' lang='lat' dir='ltr'><strong>quo</strong></span> <span class='ocrx_word' id='word_1_706' title='bbox 3179 2688 3442 2746; x_wconf 64' lang='lat' dir='ltr'><strong>praesente</strong></span> <span class='ocrx_word' id='word_1_707' title='bbox 3495 2679 3769 2734; x_wconf 70' lang='lat' dir='ltr'><strong>firmantur.</strong></span> 
     </span>
    </p>
   </div>
   <div class='ocr_carea' id='block_1_88' title="bbox 2205 2760 3771 2838">
    <p class='ocr_par' dir='ltr' id='par_1_88' title="bbox 2205 2760 3771 2838">
     <span class='ocr_line' id='line_1_88' title="bbox 2205 2760 3771 2838; baseline 0.009 -24"><span class='ocrx_word' id='word_1_708' title='bbox 2205 2760 2475 2832; x_wconf 86' lang='lat' dir='ltr'><strong>Fatigatur</strong></span> <span class='ocrx_word' id='word_1_709' title='bbox 2505 2773 2680 2819; x_wconf 85' lang='lat' dir='ltr'><strong>tamen</strong></span> <span class='ocrx_word' id='word_1_710' title='bbox 2707 2765 2900 2834; x_wconf 76' lang='lat' dir='ltr'><strong>Jesus;</strong></span> <span class='ocrx_word' id='word_1_711' title='bbox 2931 2776 2986 2822; x_wconf 91' lang='lat' dir='ltr'><strong>et</strong></span> <span class='ocrx_word' id='word_1_712' title='bbox 3013 2766 3258 2838; x_wconf 89' lang='lat' dir='ltr'><strong>fatigatur</strong></span> <span class='ocrx_word' id='word_1_713' title='bbox 3277 2768 3346 2824; x_wconf 84' lang='lat' dir='ltr'><strong>ab</strong></span> <span class='ocrx_word' id='word_1_714' title='bbox 3371 2769 3561 2826; x_wconf 89' lang='lat' dir='ltr'><strong>itinere</strong></span> <span class='ocrx_word' id='word_1_715' title='bbox 3580 2812 3596 2835; x_wconf 93' lang='lat'><strong>,</strong></span> <span class='ocrx_word' id='word_1_716' title='bbox 3625 2781 3771 2828; x_wconf 66' lang='lat' dir='ltr'><strong>etse«</strong></span> 
     </span>
    </p>
   </div>
   <div class='ocr_carea' id='block_1_89' title="bbox 2204 2852 3771 2936">
    <p class='ocr_par' dir='ltr' id='par_1_89' title="bbox 2204 2852 3771 2936">
     <span class='ocr_line' id='line_1_89' title="bbox 2204 2852 3771 2936; baseline 0.008 -30"><span class='ocrx_word' id='word_1_717' title='bbox 2204 2852 2295 2907; x_wconf 90' lang='lat' dir='ltr'><strong>det</strong></span> <span class='ocrx_word' id='word_1_718' title='bbox 2317 2893 2330 2915; x_wconf 91' lang='lat'><strong>,</strong></span> <span class='ocrx_word' id='word_1_719' title='bbox 2380 2864 2434 2908; x_wconf 90' lang='lat' dir='ltr'><strong>et</strong></span> <span class='ocrx_word' id='word_1_720' title='bbox 2466 2856 2612 2923; x_wconf 75' lang='lat' dir='ltr'><strong>juxta</strong></span> <span class='ocrx_word' id='word_1_721' title='bbox 2660 2866 2874 2926; x_wconf 92' lang='lat' dir='ltr'><strong>puteum</strong></span> <span class='ocrx_word' id='word_1_722' title='bbox 2905 2859 3088 2924; x_wconf 89' lang='lat' dir='ltr'><strong>sedet,</strong></span> <span class='ocrx_word' id='word_1_723' title='bbox 3120 2870 3176 2915; x_wconf 92' lang='lat' dir='ltr'><strong>et</strong></span> <span class='ocrx_word' id='word_1_724' title='bbox 3202 2861 3330 2916; x_wconf 82' lang='lat' dir='ltr'><strong>liora</strong></span> <span class='ocrx_word' id='word_1_725' title='bbox 3359 2873 3514 2918; x_wconf 83' lang='lat' dir='ltr'><strong>sexta</strong></span> <span class='ocrx_word' id='word_1_726' title='bbox 3543 2863 3771 2936; x_wconf 80' lang='lat' dir='ltr'><strong>fatigatus</strong></span> 
     </span>
    </p>
   </div>
   <div class='ocr_carea' id='block_1_90' title="bbox 2204 2944 3772 3021">
    <p class='ocr_par' dir='ltr' id='par_1_90' title="bbox 2204 2944 3772 3021">
     <span class='ocr_line' id='line_1_90' title="bbox 2204 2944 3772 3021; baseline 0.011 -24"><span class='ocrx_word' id='word_1_727' title='bbox 2204 2944 2373 2998; x_wconf 81' lang='lat' dir='ltr'><strong>sedet.</strong></span> <span class='ocrx_word' id='word_1_728' title='bbox 2419 2946 2607 3001; x_wconf 91' lang='lat' dir='ltr'><strong>Omnia</strong></span> <span class='ocrx_word' id='word_1_729' title='bbox 2653 2949 2751 3004; x_wconf 88' lang='lat' dir='ltr'><strong>ista</strong></span> <span class='ocrx_word' id='word_1_730' title='bbox 2799 2951 3026 3006; x_wconf 90' lang='lat' dir='ltr'><strong>innunnt</strong></span> <span class='ocrx_word' id='word_1_731' title='bbox 3063 2953 3292 3021; x_wconf 87' lang='lat' dir='ltr'><strong>aliquid,</strong></span> <span class='ocrx_word' id='word_1_732' title='bbox 3333 2955 3569 3011; x_wconf 87' lang='lat' dir='ltr'><strong>indicare</strong></span> <span class='ocrx_word' id='word_1_733' title='bbox 3610 2958 3772 3015; x_wconf 85' lang='lat' dir='ltr'><strong>volunt</strong></span> 
     </span>
    </p>
   </div>
   <div class='ocr_carea' id='block_1_91' title="bbox 2203 3035 3769 3112">
    <p class='ocr_par' dir='ltr' id='par_1_91' title="bbox 2203 3035 3769 3112">
     <span class='ocr_line' id='line_1_91' title="bbox 2203 3035 3769 3112; baseline 0.01 -25"><span class='ocrx_word' id='word_1_734' title='bbox 2203 3035 2398 3104; x_wconf 89' lang='lat' dir='ltr'><strong>aliquid</strong></span> <span class='ocrx_word' id='word_1_735' title='bbox 2424 3054 2437 3102; x_wconf 93' lang='lat'><strong>;</strong></span> <span class='ocrx_word' id='word_1_736' title='bbox 2463 3038 2697 3094; x_wconf 91' lang='lat' dir='ltr'><strong>intentos</strong></span> <span class='ocrx_word' id='word_1_737' title='bbox 2723 3055 2820 3095; x_wconf 92' lang='lat' dir='ltr'><strong>nos</strong></span> <span class='ocrx_word' id='word_1_738' title='bbox 2849 3041 3085 3109; x_wconf 91' lang='lat' dir='ltr'><strong>faciunt,</strong></span> <span class='ocrx_word' id='word_1_739' title='bbox 3110 3052 3166 3096; x_wconf 92' lang='lat' dir='ltr'><strong>ut</strong></span> <span class='ocrx_word' id='word_1_740' title='bbox 3189 3043 3456 3112; x_wconf 87' lang='lat' dir='ltr'><strong>pulsemus</strong></span> <span class='ocrx_word' id='word_1_741' title='bbox 3483 3046 3769 3104; x_wconf 86' lang='lat' dir='ltr'><strong>hortantur.</strong></span> 
     </span>
    </p>
   </div>
   <div class='ocr_carea' id='block_1_92' title="bbox 2204 3124 3772 3211">
    <p class='ocr_par' dir='ltr' id='par_1_92' title="bbox 2204 3124 3772 3211">
     <span class='ocr_line' id='line_1_92' title="bbox 2204 3124 3772 3211; baseline 0.012 -32"><span class='ocrx_word' id='word_1_742' title='bbox 2204 3124 2322 3195; x_wconf 86' lang='lat' dir='ltr'><strong>ipse</strong></span> <span class='ocrx_word' id='word_1_743' title='bbox 2362 3144 2508 3199; x_wconf 89' lang='lat' dir='ltr'><strong>ergo</strong></span> <span class='ocrx_word' id='word_1_744' title='bbox 2534 3133 2736 3197; x_wconf 87' lang='lat' dir='ltr'><strong>aperiat</strong></span> <span class='ocrx_word' id='word_1_745' title='bbox 2774 3141 2829 3187; x_wconf 91' lang='lat' dir='ltr'><strong>et</strong></span> <span class='ocrx_word' id='word_1_746' title='bbox 2856 3133 3008 3190; x_wconf 91' lang='lat' dir='ltr'><strong>nobis</strong></span> <span class='ocrx_word' id='word_1_747' title='bbox 3033 3143 3087 3188; x_wconf 91' lang='lat' dir='ltr'><strong>et</strong></span> <span class='ocrx_word' id='word_1_748' title='bbox 3111 3135 3290 3201; x_wconf 87' lang='lat' dir='ltr'><strong>vobis,</strong></span> <span class='ocrx_word' id='word_1_749' title='bbox 3324 3139 3412 3208; x_wconf 89' lang='lat' dir='ltr'><strong>qui</strong></span> <span class='ocrx_word' id='word_1_750' title='bbox 3438 3139 3683 3211; x_wconf 87' lang='lat' dir='ltr'><strong>dignatus</strong></span> <span class='ocrx_word' id='word_1_751' title='bbox 3705 3151 3772 3198; x_wconf 85' lang='lat' dir='ltr'><strong>est</strong></span> 
     </span>
    </p>
   </div>
   <div class='ocr_carea' id='block_1_93' title="bbox 2204 3219 3765 3301">
    <p class='ocr_par' dir='ltr' id='par_1_93' title="bbox 2204 3219 3765 3301">
     <span class='ocr_line' id='line_1_93' title="bbox 2204 3219 3765 3301; baseline 0.008 -29"><span class='ocrx_word' id='word_1_752' title='bbox 2204 3219 2275 3272; x_wconf 91' lang='lat' dir='ltr'><strong>ita</strong></span> <span class='ocrx_word' id='word_1_753' title='bbox 2303 3220 2504 3274; x_wconf 85' lang='lat' dir='ltr'><strong>hortari</strong></span> <span class='ocrx_word' id='word_1_754' title='bbox 2529 3231 2583 3275; x_wconf 92' lang='lat' dir='ltr'><strong>ut</strong></span> <span class='ocrx_word' id='word_1_755' title='bbox 2599 3222 2818 3288; x_wconf 88' lang='lat' dir='ltr'><strong>diceret,</strong></span> <span class='ocrx_word' id='word_1_756' title='bbox 2839 3223 3070 3288; x_wconf 81' lang='lat' dir='ltr'><strong>Pulsate,</strong></span> <span class='ocrx_word' id='word_1_757' title='bbox 3091 3236 3138 3279; x_wconf 89' lang='lat' dir='ltr'><strong>et</strong></span> <span class='ocrx_word' id='word_1_758' title='bbox 3150 3227 3550 3297; x_wconf 82' lang='lat' dir='ltr'><strong>aperieturvobis</strong></span> <span class='ocrx_word' id='word_1_759' title='bbox 3565 3231 3765 3301; x_wconf 69' lang='lat' dir='ltr'><strong>(Matth.</strong></span> 
     </span>
    </p>
   </div>
   <div class='ocr_carea' id='block_1_94' title="bbox 2203 3311 3770 3382">
    <p class='ocr_par' dir='ltr' id='par_1_94' title="bbox 2203 3311 3770 3382">
     <span class='ocr_line' id='line_1_94' title="bbox 2203 3311 3770 3382; baseline 0.012 -21"><span class='ocrx_word' id='word_1_760' title='bbox 2203 3325 2298 3375; x_wconf 85' lang='lat' dir='ltr'><strong>vn,</strong></span> <span class='ocrx_word' id='word_1_761' title='bbox 2342 3311 2415 3380; x_wconf 85' lang='lat'><strong>7).</strong></span> <span class='ocrx_word' id='word_1_762' title='bbox 2447 3312 2562 3366; x_wconf 90' lang='lat' dir='ltr'><strong>Tibi</strong></span> <span class='ocrx_word' id='word_1_763' title='bbox 2594 3313 2840 3382; x_wconf 87' lang='lat' dir='ltr'><strong>fatigatus</strong></span> <span class='ocrx_word' id='word_1_764' title='bbox 2865 3325 2947 3370; x_wconf 91' lang='lat' dir='ltr'><strong>est</strong></span> <span class='ocrx_word' id='word_1_765' title='bbox 2972 3317 3040 3371; x_wconf 90' lang='lat' dir='ltr'><strong>ab</strong></span> <span class='ocrx_word' id='word_1_766' title='bbox 3067 3316 3256 3373; x_wconf 90' lang='lat' dir='ltr'><strong>itinere</strong></span> <span class='ocrx_word' id='word_1_767' title='bbox 3279 3319 3456 3377; x_wconf 80' lang='lat' dir='ltr'><strong>Jesus.</strong></span> <span class='ocrx_word' id='word_1_768' title='bbox 3486 3321 3770 3380; x_wconf 83' lang='lat' dir='ltr'><strong>Invenimus</strong></span> 
     </span>
    </p>
   </div>
   <div class='ocr_carea' id='block_1_95' title="bbox 2209 3400 3767 3480">
    <p class='ocr_par' dir='ltr' id='par_1_95' title="bbox 2209 3400 3767 3480">
     <span class='ocr_line' id='line_1_95' title="bbox 2209 3400 3767 3480; baseline 0.012 -27"><span class='ocrx_word' id='word_1_769' title='bbox 2209 3400 2506 3455; x_wconf 62' lang='lat' dir='ltr'><strong>Virtutem‘</strong></span> <span class='ocrx_word' id='word_1_770' title='bbox 2549 3402 2762 3469; x_wconf 82' lang='lat' dir='ltr'><strong>Jesum,</strong></span> <span class='ocrx_word' id='word_1_771' title='bbox 2809 3414 2864 3459; x_wconf 92' lang='lat' dir='ltr'><strong>et</strong></span> <span class='ocrx_word' id='word_1_772' title='bbox 2907 3406 3205 3464; x_wconf 91' lang='lat' dir='ltr'><strong>invenimus</strong></span> <span class='ocrx_word' id='word_1_773' title='bbox 3248 3409 3514 3466; x_wconf 78' lang='lat' dir='ltr'><strong>inﬁrmum</strong></span> <span class='ocrx_word' id='word_1_774' title='bbox 3561 3414 3767 3480; x_wconf 66' lang='lat' dir='ltr'><strong>Iesum;</strong></span> 
     </span>
    </p>
   </div>
   <div class='ocr_carea' id='block_1_96' title="bbox 2202 3491 3769 3580">
    <p class='ocr_par' dir='ltr' id='par_1_96' title="bbox 2202 3491 3769 3580">
     <span class='ocr_line' id='line_1_96' title="bbox 2202 3491 3769 3580; baseline 0.011 -36"><span class='ocrx_word' id='word_1_775' title='bbox 2202 3491 2393 3548; x_wconf 86' lang='lat' dir='ltr'><strong>fortem</strong></span> <span class='ocrx_word' id='word_1_776' title='bbox 2424 3503 2478 3549; x_wconf 90' lang='lat' dir='ltr'><strong>et</strong></span> <span class='ocrx_word' id='word_1_777' title='bbox 2505 3496 2769 3550; x_wconf 81' lang='lat' dir='ltr'><strong>infirmum</strong></span> <span class='ocrx_word' id='word_1_778' title='bbox 2795 3497 2974 3553; x_wconf 87' lang='lat' dir='ltr'><strong>Jesum</strong></span> <span class='ocrx_word' id='word_1_779' title='bbox 3009 3515 3021 3550; x_wconf 91' lang='lat'><strong>:</strong></span> <span class='ocrx_word' id='word_1_780' title='bbox 3053 3499 3241 3557; x_wconf 90' lang='lat' dir='ltr'><strong>fortem</strong></span> <span class='ocrx_word' id='word_1_781' title='bbox 3262 3544 3277 3566; x_wconf 91' lang='lat'><strong>,</strong></span> <span class='ocrx_word' id='word_1_782' title='bbox 3307 3505 3429 3574; x_wconf 92' lang='lat' dir='ltr'><strong>quia</strong></span> <span class='ocrx_word' id='word_1_783' title='bbox 3457 3505 3513 3559; x_wconf 85' lang='lat' dir='ltr'><strong>in</strong></span> <span class='ocrx_word' id='word_1_784' title='bbox 3536 3509 3769 3580; x_wconf 78' lang='lat' dir='ltr'><strong>principio</strong></span> 
     </span>
    </p>
   </div>
   <div class='ocr_carea' id='block_1_97' title="bbox 2203 3583 3770 3662">
    <p class='ocr_par' dir='ltr' id='par_1_97' title="bbox 2203 3583 3770 3662">
     <span class='ocr_line' id='line_1_97' title="bbox 2203 3583 3770 3662; baseline 0.01 -26"><span class='ocrx_word' id='word_1_785' title='bbox 2203 3595 2309 3638; x_wconf 83' lang='lat' dir='ltr'><strong>erat</strong></span> <span class='ocrx_word' id='word_1_786' title='bbox 2348 3583 2594 3652; x_wconf 88' lang='lat' dir='ltr'><strong>Verbum,</strong></span> <span class='ocrx_word' id='word_1_787' title='bbox 2629 3598 2676 3641; x_wconf 85' lang='lat' dir='ltr'><strong>et</strong></span> <span class='ocrx_word' id='word_1_788' title='bbox 2710 3587 2924 3643; x_wconf 86' lang='lat' dir='ltr'><strong>Verbum</strong></span> <span class='ocrx_word' id='word_1_789' title='bbox 2944 3601 3048 3644; x_wconf 88' lang='lat' dir='ltr'><strong>erat</strong></span> <span class='ocrx_word' id='word_1_790' title='bbox 3073 3593 3211 3662; x_wconf 84' lang='lat' dir='ltr'><strong>apud</strong></span> <span class='ocrx_word' id='word_1_791' title='bbox 3236 3592 3429 3660; x_wconf 86' lang='lat' dir='ltr'><strong>Deum,</strong></span> <span class='ocrx_word' id='word_1_792' title='bbox 3457 3605 3503 3650; x_wconf 89' lang='lat' dir='ltr'><strong>et</strong></span> <span class='ocrx_word' id='word_1_793' title='bbox 3525 3597 3660 3653; x_wconf 83' lang='lat' dir='ltr'><strong>Deus</strong></span> <span class='ocrx_word' id='word_1_794' title='bbox 3677 3608 3770 3653; x_wconf 72' lang='lat' dir='ltr'><strong>erat</strong></span> 
     </span>
    </p>
   </div>
   <div class='ocr_carea' id='block_1_98' title="bbox 2215 3676 3770 3751">
    <p class='ocr_par' dir='ltr' id='par_1_98' title="bbox 2215 3676 3770 3751">
     <span class='ocr_line' id='line_1_98' title="bbox 2215 3676 3770 3751; baseline 0.01 -22"><span class='ocrx_word' id='word_1_795' title='bbox 2215 3676 2428 3731; x_wconf 82' lang='lat' dir='ltr'><strong>Verbum</strong></span> <span class='ocrx_word' id='word_1_796' title='bbox 2464 3678 2597 3731; x_wconf 83' lang='lat' dir='ltr'><strong>:Itoc</strong></span> <span class='ocrx_word' id='word_1_797' title='bbox 2623 3689 2729 3732; x_wconf 88' lang='lat' dir='ltr'><strong>erat</strong></span> <span class='ocrx_word' id='word_1_798' title='bbox 2752 3680 2804 3733; x_wconf 86' lang='lat' dir='ltr'><strong>in</strong></span> <span class='ocrx_word' id='word_1_799' title='bbox 2835 3682 3082 3751; x_wconf 86' lang='lat' dir='ltr'><strong>principio</strong></span> <span class='ocrx_word' id='word_1_800' title='bbox 3109 3685 3248 3751; x_wconf 85' lang='lat' dir='ltr'><strong>apud</strong></span> <span class='ocrx_word' id='word_1_801' title='bbox 3275 3683 3456 3739; x_wconf 85' lang='lat' dir='ltr'><strong>Deum.</strong></span> <span class='ocrx_word' id='word_1_802' title='bbox 3494 3688 3584 3743; x_wconf 91' lang='lat' dir='ltr'><strong>Vis</strong></span> <span class='ocrx_word' id='word_1_803' title='bbox 3608 3689 3770 3745; x_wconf 84' lang='lat' dir='ltr'><strong>videre</strong></span> 
     </span>
    </p>
   </div>
   <div class='ocr_carea' id='block_1_99' title="bbox 2203 3768 3767 3850">
    <p class='ocr_par' dir='ltr' id='par_1_99' title="bbox 2203 3768 3767 3850">
     <span class='ocr_line' id='line_1_99' title="bbox 2203 3768 3767 3850; baseline 0.01 -31"><span class='ocrx_word' id='word_1_804' title='bbox 2203 3783 2360 3837; x_wconf 89' lang='lat' dir='ltr'><strong>quam</strong></span> <span class='ocrx_word' id='word_1_805' title='bbox 2388 3768 2485 3823; x_wconf 91' lang='lat' dir='ltr'><strong>iste</strong></span> <span class='ocrx_word' id='word_1_806' title='bbox 2516 3769 2680 3824; x_wconf 87' lang='lat' dir='ltr'><strong>Filius</strong></span> <span class='ocrx_word' id='word_1_807' title='bbox 2711 3771 2800 3826; x_wconf 90' lang='lat' dir='ltr'><strong>Dei</strong></span> <span class='ocrx_word' id='word_1_808' title='bbox 2823 3770 2974 3826; x_wconf 84' lang='lat' dir='ltr'><strong>fortis</strong></span> <span class='ocrx_word' id='word_1_809' title='bbox 2998 3773 3110 3827; x_wconf 87' lang='lat' dir='ltr'><strong>sit?</strong></span> <span class='ocrx_word' id='word_1_810' title='bbox 3139 3773 3322 3830; x_wconf 89' lang='lat' dir='ltr'><strong>Omnia</strong></span> <span class='ocrx_word' id='word_1_811' title='bbox 3350 3794 3438 3846; x_wconf 87' lang='lat' dir='ltr'><strong>per</strong></span> <span class='ocrx_word' id='word_1_812' title='bbox 3461 3779 3627 3848; x_wconf 83' lang='lat' dir='ltr'><strong>ipsum</strong></span> <span class='ocrx_word' id='word_1_813' title='bbox 3645 3785 3767 3850; x_wconf 81' lang='lat' dir='ltr'><strong>facta</strong></span> 
     </span>
    </p>
   </div>
   <div class='ocr_carea' id='block_1_100' title="bbox 2203 3861 3766 3931">
    <p class='ocr_par' dir='ltr' id='par_1_100' title="bbox 2203 3861 3766 3931">
     <span class='ocr_line' id='line_1_100' title="bbox 2203 3861 3766 3931; baseline 0.01 -19"><span class='ocrx_word' id='word_1_814' title='bbox 2203 3868 2320 3912; x_wconf 87' lang='lat' dir='ltr'><strong>sunt</strong></span> <span class='ocrx_word' id='word_1_815' title='bbox 2346 3900 2360 3926; x_wconf 93' lang='lat'><strong>,</strong></span> <span class='ocrx_word' id='word_1_816' title='bbox 2393 3868 2438 3912; x_wconf 88' lang='lat' dir='ltr'><strong>et</strong></span> <span class='ocrx_word' id='word_1_817' title='bbox 2461 3861 2569 3913; x_wconf 83' lang='lat' dir='ltr'><strong>sine</strong></span> <span class='ocrx_word' id='word_1_818' title='bbox 2589 3861 2700 3931; x_wconf 87' lang='lat' dir='ltr'><strong>ipso</strong></span> <span class='ocrx_word' id='word_1_819' title='bbox 2725 3865 2914 3931; x_wconf 79' lang='lat' dir='ltr'><strong>factttm</strong></span> <span class='ocrx_word' id='word_1_820' title='bbox 2934 3872 3005 3918; x_wconf 85' lang='lat' dir='ltr'><strong>est</strong></span> <span class='ocrx_word' id='word_1_821' title='bbox 3031 3864 3194 3930; x_wconf 82' lang='lat' dir='ltr'><strong>nihil;</strong></span> <span class='ocrx_word' id='word_1_822' title='bbox 3222 3875 3276 3922; x_wconf 90' lang='lat' dir='ltr'><strong>et</strong></span> <span class='ocrx_word' id='word_1_823' title='bbox 3300 3867 3415 3924; x_wconf 88' lang='lat' dir='ltr'><strong>sine</strong></span> <span class='ocrx_word' id='word_1_824' title='bbox 3441 3869 3622 3926; x_wconf 87' lang='lat' dir='ltr'><strong>labore</strong></span> <span class='ocrx_word' id='word_1_825' title='bbox 3645 3871 3766 3927; x_wconf 79' lang='lat' dir='ltr'><strong>facta</strong></span> 
     </span>
    </p>
   </div>
   <div class='ocr_carea' id='block_1_101' title="bbox 2202 3950 3766 4027">
    <p class='ocr_par' dir='ltr' id='par_1_101' title="bbox 2202 3950 3766 4027">
     <span class='ocr_line' id='line_1_101' title="bbox 2202 3950 3766 4027; baseline 0.008 -23"><span class='ocrx_word' id='word_1_826' title='bbox 2202 3959 2344 4004; x_wconf 91' lang='lat' dir='ltr'><strong>sunt.</strong></span> <span class='ocrx_word' id='word_1_827' title='bbox 2375 3950 2511 4017; x_wconf 83' lang='lat' dir='ltr'><strong>Quid</strong></span> <span class='ocrx_word' id='word_1_828' title='bbox 2537 3967 2664 4022; x_wconf 91' lang='lat' dir='ltr'><strong>ergo</strong></span> <span class='ocrx_word' id='word_1_829' title='bbox 2695 3953 2784 4007; x_wconf 92' lang='lat' dir='ltr'><strong>illo</strong></span> <span class='ocrx_word' id='word_1_830' title='bbox 2806 3953 3024 4021; x_wconf 86' lang='lat' dir='ltr'><strong>fortius,</strong></span> <span class='ocrx_word' id='word_1_831' title='bbox 3058 3971 3152 4026; x_wconf 93' lang='lat' dir='ltr'><strong>per</strong></span> <span class='ocrx_word' id='word_1_832' title='bbox 3176 3974 3333 4027; x_wconf 89' lang='lat' dir='ltr'><strong>quem</strong></span> <span class='ocrx_word' id='word_1_833' title='bbox 3363 3961 3479 4016; x_wconf 92' lang='lat' dir='ltr'><strong>sine</strong></span> <span class='ocrx_word' id='word_1_834' title='bbox 3503 3961 3680 4018; x_wconf 84' lang='lat' dir='ltr'><strong>labore</strong></span> <span class='ocrx_word' id='word_1_835' title='bbox 3703 3963 3766 4017; x_wconf 85' lang='lat' dir='ltr'><strong>fa-</strong></span> 
     </span>
    </p>
   </div>
   <div class='ocr_carea' id='block_1_102' title="bbox 2202 4043 3766 4108">
    <p class='ocr_par' dir='ltr' id='par_1_102' title="bbox 2202 4043 3766 4108">
     <span class='ocr_line' id='line_1_102' title="bbox 2202 4043 3766 4108; baseline 0.008 -12"><span class='ocrx_word' id='word_1_836' title='bbox 2202 4050 2283 4096; x_wconf 85' lang='lat' dir='ltr'><strong>cta</strong></span> <span class='ocrx_word' id='word_1_837' title='bbox 2323 4050 2446 4095; x_wconf 91' lang='lat' dir='ltr'><strong>sunt</strong></span> <span class='ocrx_word' id='word_1_838' title='bbox 2482 4043 2704 4096; x_wconf 86' lang='lat' dir='ltr'><strong>omnia?</strong></span> <span class='ocrx_word' id='word_1_839' title='bbox 2747 4043 3012 4098; x_wconf 87' lang='lat' dir='ltr'><strong>lnlirmum</strong></span> <span class='ocrx_word' id='word_1_840' title='bbox 3052 4047 3130 4100; x_wconf 87' lang='lat' dir='ltr'><strong>vis</strong></span> <span class='ocrx_word' id='word_1_841' title='bbox 3170 4051 3369 4104; x_wconf 84' lang='lat' dir='ltr'><strong>nosse?</strong></span> <span class='ocrx_word' id='word_1_842' title='bbox 3417 4049 3629 4107; x_wconf 80' lang='lat' dir='ltr'><strong>Verbum</strong></span> <span class='ocrx_word' id='word_1_843' title='bbox 3660 4070 3766 4108; x_wconf 85' lang='lat' dir='ltr'><strong>caro</strong></span> 
     </span>
    </p>
   </div>
   <div class='ocr_carea' id='block_1_103' title="bbox 2202 4133 3762 4215">
    <p class='ocr_par' dir='ltr' id='par_1_103' title="bbox 2202 4133 3762 4215">
     <span class='ocr_line' id='line_1_103' title="bbox 2202 4133 3762 4215; baseline 0.01 -32"><span class='ocrx_word' id='word_1_844' title='bbox 2202 4136 2392 4202; x_wconf 79' lang='lat' dir='ltr'><strong>factum</strong></span> <span class='ocrx_word' id='word_1_845' title='bbox 2434 4142 2538 4198; x_wconf 85' lang='lat' dir='ltr'><strong>est,</strong></span> <span class='ocrx_word' id='word_1_846' title='bbox 2582 4143 2629 4187; x_wconf 91' lang='lat' dir='ltr'><strong>et</strong></span> <span class='ocrx_word' id='word_1_847' title='bbox 2667 4133 2902 4188; x_wconf 79' lang='lat' dir='ltr'><strong>habitavit</strong></span> <span class='ocrx_word' id='word_1_848' title='bbox 2943 4135 2995 4189; x_wconf 90' lang='lat' dir='ltr'><strong>in</strong></span> <span class='ocrx_word' id='word_1_849' title='bbox 3023 4137 3166 4191; x_wconf 85' lang='lat' dir='ltr'><strong>nobis</strong></span> <span class='ocrx_word' id='word_1_850' title='bbox 3189 4138 3363 4208; x_wconf 83' lang='lat' dir='ltr'><strong>(Joan.</strong></span> <span class='ocrx_word' id='word_1_851' title='bbox 3388 4157 3403 4195; x_wconf 89' lang='grc' dir='ltr'><strong>ι</strong></span> <span class='ocrx_word' id='word_1_852' title='bbox 3424 4182 3436 4205; x_wconf 93' lang='grc'><em>,</em></span> <span class='ocrx_word' id='word_1_853' title='bbox 3469 4143 3493 4196; x_wconf 79' lang='grc'><strong>1</strong></span> <span class='ocrx_word' id='word_1_854' title='bbox 3521 4185 3535 4209; x_wconf 91' lang='grc'>,</span> <span class='ocrx_word' id='word_1_855' title='bbox 3567 4144 3627 4206; x_wconf 78' lang='grc'><strong>5,</strong></span> <span class='ocrx_word' id='word_1_856' title='bbox 3659 4143 3762 4215; x_wconf 68' lang='lat' dir='ltr'><strong>ﬂ).</strong></span> 
     </span>
    </p>
   </div>
   <div class='ocr_carea' id='block_1_104' title="bbox 2202 4220 3764 4292">
    <p class='ocr_par' dir='ltr' id='par_1_104' title="bbox 2202 4220 3764 4292">
     <span class='ocr_line' id='line_1_104' title="bbox 2202 4220 3764 4292; baseline 0.01 -17"><span class='ocrx_word' id='word_1_857' title='bbox 2202 4220 2482 4278; x_wconf 85' lang='lat' dir='ltr'><strong>Fortitudo</strong></span> <span class='ocrx_word' id='word_1_858' title='bbox 2520 4222 2717 4277; x_wconf 90' lang='lat' dir='ltr'><strong>Christi</strong></span> <span class='ocrx_word' id='word_1_859' title='bbox 2747 4232 2797 4279; x_wconf 92' lang='lat' dir='ltr'><strong>te</strong></span> <span class='ocrx_word' id='word_1_860' title='bbox 2823 4225 3022 4280; x_wconf 88' lang='lat' dir='ltr'><strong>creavit</strong></span> <span class='ocrx_word' id='word_1_861' title='bbox 3041 4267 3056 4292; x_wconf 95' lang='lat'><strong>,</strong></span> <span class='ocrx_word' id='word_1_862' title='bbox 3088 4226 3366 4284; x_wconf 79' lang='lat' dir='ltr'><strong>infirmitas</strong></span> <span class='ocrx_word' id='word_1_863' title='bbox 3389 4229 3582 4287; x_wconf 86' lang='lat' dir='ltr'><strong>Christi</strong></span> <span class='ocrx_word' id='word_1_864' title='bbox 3613 4241 3660 4288; x_wconf 86' lang='lat' dir='ltr'><strong>te</strong></span> <span class='ocrx_word' id='word_1_865' title='bbox 3685 4249 3764 4289; x_wconf 90' lang='lat' dir='ltr'><strong>re-</strong></span> 
     </span>
    </p>
   </div>
   <div class='ocr_carea' id='block_1_105' title="bbox 2202 4315 3761 4391">
    <p class='ocr_par' dir='ltr' id='par_1_105' title="bbox 2202 4315 3761 4391">
     <span class='ocr_line' id='line_1_105' title="bbox 2202 4315 3761 4391; baseline 0.008 -21"><span class='ocrx_word' id='word_1_866' title='bbox 2202 4317 2420 4371; x_wconf 89' lang='lat' dir='ltr'><strong>creavit.</strong></span> <span class='ocrx_word' id='word_1_867' title='bbox 2469 4315 2748 4371; x_wconf 88' lang='lat' dir='ltr'><strong>Fortitudo</strong></span> <span class='ocrx_word' id='word_1_868' title='bbox 2784 4316 2982 4371; x_wconf 88' lang='lat' dir='ltr'><strong>Christi</strong></span> <span class='ocrx_word' id='word_1_869' title='bbox 3013 4317 3138 4372; x_wconf 84' lang='lat' dir='ltr'><strong>fecit</strong></span> <span class='ocrx_word' id='word_1_870' title='bbox 3171 4328 3226 4373; x_wconf 93' lang='lat' dir='ltr'><strong>ut</strong></span> <span class='ocrx_word' id='word_1_871' title='bbox 3252 4321 3392 4391; x_wconf 92' lang='lat' dir='ltr'><strong>quod</strong></span> <span class='ocrx_word' id='word_1_872' title='bbox 3421 4337 3525 4379; x_wconf 84' lang='lat' dir='ltr'><strong>nor.</strong></span> <span class='ocrx_word' id='word_1_873' title='bbox 3552 4334 3661 4381; x_wconf 88' lang='lat' dir='ltr'><strong>erat</strong></span> <span class='ocrx_word' id='word_1_874' title='bbox 3683 4340 3761 4381; x_wconf 85' lang='lat' dir='ltr'><strong>es-</strong></span> 
     </span>
    </p>
   </div>
   <div class='ocr_carea' id='block_1_106' title="bbox 2202 4405 3759 4487">
    <p class='ocr_par' dir='ltr' id='par_1_106' title="bbox 2202 4405 3759 4487">
     <span class='ocr_line' id='line_1_106' title="bbox 2202 4405 3759 4487; baseline 0.008 -29"><span class='ocrx_word' id='word_1_875' title='bbox 2202 4417 2285 4459; x_wconf 82' lang='lat' dir='ltr'><strong>set</strong></span> <span class='ocrx_word' id='word_1_876' title='bbox 2317 4423 2329 4458; x_wconf 89' lang='lat'><strong>:</strong></span> <span class='ocrx_word' id='word_1_877' title='bbox 2360 4405 2637 4460; x_wconf 84' lang='lat' dir='ltr'><strong>infirmitas</strong></span> <span class='ocrx_word' id='word_1_878' title='bbox 2659 4405 2855 4461; x_wconf 89' lang='lat' dir='ltr'><strong>Christi</strong></span> <span class='ocrx_word' id='word_1_879' title='bbox 2885 4407 3008 4462; x_wconf 92' lang='lat' dir='ltr'><strong>fecit</strong></span> <span class='ocrx_word' id='word_1_880' title='bbox 3037 4417 3094 4461; x_wconf 89' lang='lat' dir='ltr'><strong>ut</strong></span> <span class='ocrx_word' id='word_1_881' title='bbox 3119 4409 3259 4478; x_wconf 93' lang='lat' dir='ltr'><strong>quod</strong></span> <span class='ocrx_word' id='word_1_882' title='bbox 3287 4420 3402 4467; x_wconf 89' lang='lat' dir='ltr'><strong>erat</strong></span> <span class='ocrx_word' id='word_1_883' title='bbox 3431 4429 3534 4470; x_wconf 91' lang='lat' dir='ltr'><strong>non</strong></span> <span class='ocrx_word' id='word_1_884' title='bbox 3559 4417 3759 4487; x_wconf 75' lang='lat' dir='ltr'><strong>periret.</strong></span> 
     </span>
    </p>
   </div>
   <div class='ocr_carea' id='block_1_107' title="bbox 2201 4494 3760 4571">
    <p class='ocr_par' dir='ltr' id='par_1_107' title="bbox 2201 4494 3760 4571">
     <span class='ocr_line' id='line_1_107' title="bbox 2201 4494 3760 4571; baseline 0.006 -21"><span class='ocrx_word' id='word_1_885' title='bbox 2201 4494 2450 4552; x_wconf 86' lang='lat' dir='ltr'><strong>Condidit</strong></span> <span class='ocrx_word' id='word_1_886' title='bbox 2493 4513 2590 4551; x_wconf 89' lang='lat' dir='ltr'><strong>nos</strong></span> <span class='ocrx_word' id='word_1_887' title='bbox 2631 4497 2938 4555; x_wconf 85' lang='lat' dir='ltr'><strong>fortitudine</strong></span> <span class='ocrx_word' id='word_1_888' title='bbox 2974 4513 3104 4565; x_wconf 83' lang='lat' dir='ltr'><strong>sua,</strong></span> <span class='ocrx_word' id='word_1_889' title='bbox 3145 4503 3388 4571; x_wconf 66' lang='lat' dir='ltr'><strong>quaesivit</strong></span> <span class='ocrx_word' id='word_1_890' title='bbox 3425 4520 3525 4562; x_wconf 87' lang='lat' dir='ltr'><strong>nos</strong></span> <span class='ocrx_word' id='word_1_891' title='bbox 3551 4506 3760 4563; x_wconf 57' lang='lat' dir='ltr'><strong>infirmi:</strong></span> 
     </span>
    </p>
   </div>
   <div class='ocr_carea' id='block_1_108' title="bbox 2205 4597 2448 4646">
    <p class='ocr_par' dir='ltr' id='par_1_108' title="bbox 2205 4597 2448 4646">
     <span class='ocr_line' id='line_1_108' title="bbox 2205 4597 2448 4646; baseline 0 -3"><span class='ocrx_word' id='word_1_892' title='bbox 2205 4597 2310 4646; x_wconf 84' lang='lat' dir='ltr'><strong>tate</strong></span> <span class='ocrx_word' id='word_1_893' title='bbox 2333 4605 2448 4646; x_wconf 89' lang='lat' dir='ltr'><strong>sua.</strong></span> 
     </span>
    </p>
   </div>
   <div class='ocr_carea' id='block_1_109' title="bbox 2279 4679 3756 4759">
    <p class='ocr_par' dir='ltr' id='par_1_109' title="bbox 2279 4679 3756 4759">
     <span class='ocr_line' id='line_1_109' title="bbox 2279 4679 3756 4759; baseline 0.007 -26"><span class='ocrx_word' id='word_1_894' title='bbox 2279 4681 2330 4733; x_wconf 90' lang='lat'><strong>7.</strong></span> <span class='ocrx_word' id='word_1_895' title='bbox 2383 4679 2558 4734; x_wconf 80' lang='lat' dir='ltr'><strong>Nutrit</strong></span> <span class='ocrx_word' id='word_1_896' title='bbox 2598 4695 2726 4752; x_wconf 84' lang='lat' dir='ltr'><strong>ergo</strong></span> <span class='ocrx_word' id='word_1_897' title='bbox 2769 4681 2882 4752; x_wconf 90' lang='lat' dir='ltr'><strong>ipse</strong></span> <span class='ocrx_word' id='word_1_898' title='bbox 2923 4679 3166 4738; x_wconf 83' lang='lat' dir='ltr'><strong>inﬁrmus</strong></span> <span class='ocrx_word' id='word_1_899' title='bbox 3203 4683 3441 4743; x_wconf 79' lang='lat' dir='ltr'><strong>inﬁmos</strong></span> <span class='ocrx_word' id='word_1_900' title='bbox 3468 4727 3485 4756; x_wconf 97' lang='lat'><strong>,</strong></span> <span class='ocrx_word' id='word_1_901' title='bbox 3529 4695 3756 4759; x_wconf 82' lang='lat' dir='ltr'><strong>tanquam</strong></span> 
     </span>
    </p>
   </div>
   <div class='ocr_carea' id='block_1_110' title="bbox 2203 4770 3755 4841">
    <p class='ocr_par' dir='ltr' id='par_1_110' title="bbox 2203 4770 3755 4841">
     <span class='ocr_line' id='line_1_110' title="bbox 2203 4770 3755 4841; baseline 0.005 -18"><span class='ocrx_word' id='word_1_902' title='bbox 2203 4770 2397 4840; x_wconf 89' lang='lat' dir='ltr'><strong>gallina</strong></span> <span class='ocrx_word' id='word_1_903' title='bbox 2444 4770 2616 4841; x_wconf 92' lang='lat' dir='ltr'><strong>pullos</strong></span> <span class='ocrx_word' id='word_1_904' title='bbox 2660 4787 2824 4838; x_wconf 89' lang='lat' dir='ltr'><strong>suos;</strong></span> <span class='ocrx_word' id='word_1_905' title='bbox 2871 4771 2995 4828; x_wconf 88' lang='lat' dir='ltr'><strong>huic</strong></span> <span class='ocrx_word' id='word_1_906' title='bbox 3037 4773 3179 4829; x_wconf 92' lang='lat' dir='ltr'><strong>enim</strong></span> <span class='ocrx_word' id='word_1_907' title='bbox 3226 4790 3285 4832; x_wconf 87' lang='lat' dir='ltr'><strong>se</strong></span> <span class='ocrx_word' id='word_1_908' title='bbox 3327 4777 3555 4834; x_wconf 84' lang='lat' dir='ltr'><strong>similem</strong></span> <span class='ocrx_word' id='word_1_909' title='bbox 3600 4779 3755 4835; x_wconf 89' lang='lat' dir='ltr'><strong>fecit:</strong></span> 
     </span>
    </p>
   </div>
   <div class='ocr_carea' id='block_1_111' title="bbox 2207 4863 3756 4944">
    <p class='ocr_par' dir='ltr' id='par_1_111' title="bbox 2207 4863 3756 4944">
     <span class='ocr_line' id='line_1_111' title="bbox 2207 4863 3756 4944; baseline 0.008 -28"><span class='ocrx_word' id='word_1_910' title='bbox 2207 4863 2412 4929; x_wconf 83' lang='lat' dir='ltr'><strong>Quoties</strong></span> <span class='ocrx_word' id='word_1_911' title='bbox 2457 4863 2590 4917; x_wconf 79' lang='lat' dir='ltr'><strong>volui</strong></span> <span class='ocrx_word' id='word_1_912' title='bbox 2613 4905 2627 4929; x_wconf 93' lang='lat'><strong>,</strong></span> <span class='ocrx_word' id='word_1_913' title='bbox 2676 4863 2846 4934; x_wconf 92' lang='lat' dir='ltr'><strong>inquit</strong></span> <span class='ocrx_word' id='word_1_914' title='bbox 2871 4865 2938 4920; x_wconf 91' lang='lat' dir='ltr'><strong>ad</strong></span> <span class='ocrx_word' id='word_1_915' title='bbox 2964 4863 3258 4923; x_wconf 81' lang='lat' dir='ltr'><strong>Jerusalem</strong></span> <span class='ocrx_word' id='word_1_916' title='bbox 3277 4909 3293 4934; x_wconf 91' lang='lat'><strong>,</strong></span> <span class='ocrx_word' id='word_1_917' title='bbox 3316 4885 3620 4944; x_wconf 79' lang='lat' dir='ltr'><strong>congregare</strong></span> <span class='ocrx_word' id='word_1_918' title='bbox 3637 4873 3756 4942; x_wconf 70' lang='lat' dir='ltr'><strong>ﬁlios</strong></span> 
     </span>
    </p>
   </div>
   <div class='ocr_carea' id='block_1_112' title="bbox 2203 4955 3756 5033">
    <p class='ocr_par' dir='ltr' id='par_1_112' title="bbox 2203 4955 3756 5033">
     <span class='ocr_line' id='line_1_112' title="bbox 2203 4955 3756 5033; baseline 0.005 -25"><span class='ocrx_word' id='word_1_919' title='bbox 2203 4964 2314 5009; x_wconf 82' lang='lat' dir='ltr'><strong>tuos</strong></span> <span class='ocrx_word' id='word_1_920' title='bbox 2349 4955 2439 5010; x_wconf 87' lang='lat' dir='ltr'><strong>sub</strong></span> <span class='ocrx_word' id='word_1_921' title='bbox 2477 4957 2585 5010; x_wconf 89' lang='lat' dir='ltr'><strong>alas</strong></span> <span class='ocrx_word' id='word_1_922' title='bbox 2605 4998 2620 5023; x_wconf 93' lang='lat'><strong>,</strong></span> <span class='ocrx_word' id='word_1_923' title='bbox 2660 4967 2896 5028; x_wconf 87' lang='lat' dir='ltr'><strong>tanquam</strong></span> <span class='ocrx_word' id='word_1_924' title='bbox 2919 4958 3113 5030; x_wconf 84' lang='lat' dir='ltr'><strong>gallina</strong></span> <span class='ocrx_word' id='word_1_925' title='bbox 3139 4962 3304 5033; x_wconf 84' lang='lat' dir='ltr'><strong>pullos</strong></span> <span class='ocrx_word' id='word_1_926' title='bbox 3326 4978 3465 5032; x_wconf 76' lang='lat' dir='ltr'><strong>suos,</strong></span> <span class='ocrx_word' id='word_1_927' title='bbox 3498 4973 3544 5019; x_wconf 86' lang='lat' dir='ltr'><strong>et</strong></span> <span class='ocrx_word' id='word_1_928' title='bbox 3573 4963 3756 5020; x_wconf 85' lang='lat' dir='ltr'><strong>noluisti</strong></span> 
     </span>
    </p>
   </div>
   <div class='ocr_carea' id='block_1_113' title="bbox 2203 5045 3758 5124">
    <p class='ocr_par' dir='ltr' id='par_1_113' title="bbox 2203 5045 3758 5124">
     <span class='ocr_line' id='line_1_113' title="bbox 2203 5045 3758 5124; baseline 0.006 -26"><span class='ocrx_word' id='word_1_929' title='bbox 2203 5045 2416 5116; x_wconf 78' lang='lat' dir='ltr'><strong>(Matth.</strong></span> <span class='ocrx_word' id='word_1_930' title='bbox 2459 5061 2581 5099; x_wconf 70' lang='grc' dir='ltr'><strong>χχιιι</strong></span> <span class='ocrx_word' id='word_1_931' title='bbox 2604 5088 2617 5111; x_wconf 90' lang='grc'><em>,</em></span> <span class='ocrx_word' id='word_1_932' title='bbox 2647 5046 2735 5118; x_wconf 79' lang='grc'><strong>57)</strong></span> <span class='ocrx_word' id='word_1_933' title='bbox 2758 5048 2782 5099; x_wconf 79' lang='lat' dir='ltr'><strong>&#39;I</strong></span> <span class='ocrx_word' id='word_1_934' title='bbox 2806 5046 3008 5104; x_wconf 88' lang='lat' dir='ltr'><strong>Videtis</strong></span> <span class='ocrx_word' id='word_1_935' title='bbox 3035 5060 3210 5106; x_wconf 89' lang='lat' dir='ltr'><strong>autem</strong></span> <span class='ocrx_word' id='word_1_936' title='bbox 3228 5092 3246 5120; x_wconf 95' lang='lat'><strong>,</strong></span> <span class='ocrx_word' id='word_1_937' title='bbox 3274 5050 3499 5120; x_wconf 82' lang='lat' dir='ltr'><strong>fratres,</strong></span> <span class='ocrx_word' id='word_1_938' title='bbox 3528 5051 3758 5124; x_wconf 81' lang='lat' dir='ltr'><strong>quemad-</strong></span> 
     </span>
    </p>
   </div>
   <div class='ocr_carea' id='block_1_114' title="bbox 2203 5140 3754 5213">
    <p class='ocr_par' dir='ltr' id='par_1_114' title="bbox 2203 5140 3754 5213">
     <span class='ocr_line' id='line_1_114' title="bbox 2203 5140 3754 5213; baseline 0.003 -19"><span class='ocrx_word' id='word_1_939' title='bbox 2203 5140 2417 5195; x_wconf 93' lang='lat' dir='ltr'><strong>modum</strong></span> <span class='ocrx_word' id='word_1_940' title='bbox 2461 5140 2655 5210; x_wconf 90' lang='lat' dir='ltr'><strong>gallina</strong></span> <span class='ocrx_word' id='word_1_941' title='bbox 2691 5141 2985 5197; x_wconf 87' lang='lat' dir='ltr'><strong>inlirmetur</strong></span> <span class='ocrx_word' id='word_1_942' title='bbox 3008 5157 3129 5198; x_wconf 93' lang='lat' dir='ltr'><strong>cum</strong></span> <span class='ocrx_word' id='word_1_943' title='bbox 3159 5144 3313 5213; x_wconf 89' lang='lat' dir='ltr'><strong>pullis</strong></span> <span class='ocrx_word' id='word_1_944' title='bbox 3336 5145 3466 5201; x_wconf 88' lang='lat' dir='ltr'><strong>suis.</strong></span> <span class='ocrx_word' id='word_1_945' title='bbox 3496 5145 3643 5202; x_wconf 85' lang='lat' dir='ltr'><strong>Nulla</strong></span> <span class='ocrx_word' id='word_1_946' title='bbox 3664 5144 3754 5200; x_wconf 82' lang='lat' dir='ltr'><strong>alia</strong></span> 
     </span>
    </p>
   </div>
   <div class='ocr_carea' id='block_1_115' title="bbox 2203 5231 3754 5301">
    <p class='ocr_par' dir='ltr' id='par_1_115' title="bbox 2203 5231 3754 5301">
     <span class='ocr_line' id='line_1_115' title="bbox 2203 5231 3754 5301; baseline 0.004 -15"><span class='ocrx_word' id='word_1_947' title='bbox 2203 5232 2316 5286; x_wconf 90' lang='lat' dir='ltr'><strong>avis</strong></span> <span class='ocrx_word' id='word_1_948' title='bbox 2355 5231 2494 5301; x_wconf 90' lang='lat' dir='ltr'><strong>quod</strong></span> <span class='ocrx_word' id='word_1_949' title='bbox 2536 5233 2603 5286; x_wconf 93' lang='lat' dir='ltr'><strong>sit</strong></span> <span class='ocrx_word' id='word_1_950' title='bbox 2641 5241 2813 5287; x_wconf 88' lang='lat' dir='ltr'><strong>mater</strong></span> <span class='ocrx_word' id='word_1_951' title='bbox 2850 5234 3171 5301; x_wconf 82' lang='lat' dir='ltr'><strong>agnoscitur.</strong></span> <span class='ocrx_word' id='word_1_952' title='bbox 3213 5235 3467 5292; x_wconf 87' lang='lat' dir='ltr'><strong>Videmus</strong></span> <span class='ocrx_word' id='word_1_953' title='bbox 3507 5237 3754 5292; x_wconf 73' lang='lat' dir='ltr'><strong>nidificare</strong></span> 
     </span>
    </p>
   </div>
   <div class='ocr_carea' id='block_1_116' title="bbox 2205 5326 3749 5397">
    <p class='ocr_par' dir='ltr' id='par_1_116' title="bbox 2205 5326 3749 5397">
     <span class='ocr_line' id='line_1_116' title="bbox 2205 5326 3749 5397; baseline 0.004 -18"><span class='ocrx_word' id='word_1_954' title='bbox 2205 5340 2445 5396; x_wconf 88' lang='lat' dir='ltr'><strong>passeres</strong></span> <span class='ocrx_word' id='word_1_955' title='bbox 2485 5326 2748 5397; x_wconf 89' lang='lat' dir='ltr'><strong>quoslibet</strong></span> <span class='ocrx_word' id='word_1_956' title='bbox 2789 5335 2913 5382; x_wconf 90' lang='lat' dir='ltr'><strong>ante</strong></span> <span class='ocrx_word' id='word_1_957' title='bbox 2941 5329 3123 5384; x_wconf 89' lang='lat' dir='ltr'><strong>oculos</strong></span> <span class='ocrx_word' id='word_1_958' title='bbox 3151 5339 3399 5396; x_wconf 88' lang='lat' dir='ltr'><strong>nostros;</strong></span> <span class='ocrx_word' id='word_1_959' title='bbox 3432 5331 3749 5394; x_wconf 84' lang='lat' dir='ltr'><strong>hirundines,</strong></span> 
     </span>
    </p>
   </div>
   <div class='ocr_carea' id='block_1_117' title="bbox 2201 5418 3753 5494">
    <p class='ocr_par' dir='ltr' id='par_1_117' title="bbox 2201 5418 3753 5494">
     <span class='ocr_line' id='line_1_117' title="bbox 2201 5418 3753 5494; baseline 0.001 -21"><span class='ocrx_word' id='word_1_960' title='bbox 2201 5418 2431 5473; x_wconf 79' lang='lat' dir='ltr'><strong>ciconias</strong></span> <span class='ocrx_word' id='word_1_961' title='bbox 2452 5459 2466 5485; x_wconf 92' lang='lat'><strong>,</strong></span> <span class='ocrx_word' id='word_1_962' title='bbox 2494 5418 2769 5473; x_wconf 86' lang='lat' dir='ltr'><strong>columbas</strong></span> <span class='ocrx_word' id='word_1_963' title='bbox 2795 5418 3029 5488; x_wconf 91' lang='lat' dir='ltr'><strong>quotidie</strong></span> <span class='ocrx_word' id='word_1_964' title='bbox 3047 5419 3286 5474; x_wconf 86' lang='lat' dir='ltr'><strong>videmus</strong></span> <span class='ocrx_word' id='word_1_965' title='bbox 3308 5421 3580 5480; x_wconf 85' lang='lat' dir='ltr'><strong>nidificare</strong></span> <span class='ocrx_word' id='word_1_966' title='bbox 3601 5440 3616 5490; x_wconf 93' lang='lat'><strong>;</strong></span> <span class='ocrx_word' id='word_1_967' title='bbox 3638 5433 3753 5494; x_wconf 88' lang='lat' dir='ltr'><strong>quos</strong></span> 
     </span>
    </p>
   </div>
   <div class='ocr_carea' id='block_1_118' title="bbox 2204 5508 3752 5589">
    <p class='ocr_par' dir='ltr' id='par_1_118' title="bbox 2204 5508 3752 5589">
     <span class='ocr_line' id='line_1_118' title="bbox 2204 5508 3752 5589; baseline -0.001 -25"><span class='ocrx_word' id='word_1_968' title='bbox 2204 5510 2306 5564; x_wconf 91' lang='lat' dir='ltr'><strong>nisi</strong></span> <span class='ocrx_word' id='word_1_969' title='bbox 2326 5508 2536 5580; x_wconf 89' lang='lat' dir='ltr'><strong>quando</strong></span> <span class='ocrx_word' id='word_1_970' title='bbox 2561 5512 2610 5562; x_wconf 91' lang='lat' dir='ltr'><strong>in</strong></span> <span class='ocrx_word' id='word_1_971' title='bbox 2639 5509 2776 5564; x_wconf 91' lang='lat' dir='ltr'><strong>nidis</strong></span> <span class='ocrx_word' id='word_1_972' title='bbox 2794 5508 3052 5575; x_wconf 86' lang='lat' dir='ltr'><strong>videmus,</strong></span> <span class='ocrx_word' id='word_1_973' title='bbox 3075 5519 3323 5589; x_wconf 81' lang='lat' dir='ltr'><strong>parentes</strong></span> <span class='ocrx_word' id='word_1_974' title='bbox 3344 5525 3466 5568; x_wconf 86' lang='lat' dir='ltr'><strong>esse</strong></span> <span class='ocrx_word' id='word_1_975' title='bbox 3485 5527 3587 5568; x_wconf 85' lang='lat' dir='ltr'><strong>non</strong></span> <span class='ocrx_word' id='word_1_976' title='bbox 3607 5523 3752 5583; x_wconf 86' lang='lat' dir='ltr'><strong>agno-</strong></span> 
     </span>
    </p>
   </div>
   <div class='ocr_carea' id='block_1_119' title="bbox 2203 5602 3751 5676">
    <p class='ocr_par' dir='ltr' id='par_1_119' title="bbox 2203 5602 3751 5676">
     <span class='ocr_line' id='line_1_119' title="bbox 2203 5602 3751 5676; baseline -0.003 -17"><span class='ocrx_word' id='word_1_977' title='bbox 2203 5605 2418 5660; x_wconf 90' lang='lat' dir='ltr'><strong>scimus.</strong></span> <span class='ocrx_word' id='word_1_978' title='bbox 2456 5602 2658 5659; x_wconf 85' lang='lat' dir='ltr'><strong>Gallina</strong></span> <span class='ocrx_word' id='word_1_979' title='bbox 2695 5619 2823 5658; x_wconf 89' lang='lat' dir='ltr'><strong>vero</strong></span> <span class='ocrx_word' id='word_1_980' title='bbox 2852 5603 2928 5658; x_wconf 91' lang='lat' dir='ltr'><strong>sic</strong></span> <span class='ocrx_word' id='word_1_981' title='bbox 2958 5603 3252 5660; x_wconf 83' lang='lat' dir='ltr'><strong>infirmatur</strong></span> <span class='ocrx_word' id='word_1_982' title='bbox 3279 5604 3332 5660; x_wconf 92' lang='lat' dir='ltr'><strong>in</strong></span> <span class='ocrx_word' id='word_1_983' title='bbox 3363 5605 3520 5676; x_wconf 86' lang='lat' dir='ltr'><strong>pullis</strong></span> <span class='ocrx_word' id='word_1_984' title='bbox 3545 5606 3678 5671; x_wconf 87' lang='lat' dir='ltr'><strong>suis,</strong></span> <span class='ocrx_word' id='word_1_985' title='bbox 3699 5609 3751 5655; x_wconf 90' lang='lat' dir='ltr'><strong>ut</strong></span> 
     </span>
    </p>
   </div>
   <div class='ocr_carea' id='block_1_120' title="bbox 2203 5693 3745 5765">
    <p class='ocr_par' dir='ltr' id='par_1_120' title="bbox 2203 5693 3745 5765">
     <span class='ocr_line' id='line_1_120' title="bbox 2203 5693 3745 5765; baseline -0.001 -16"><span class='ocrx_word' id='word_1_986' title='bbox 2203 5694 2408 5749; x_wconf 91' lang='lat' dir='ltr'><strong>etiamsi</strong></span> <span class='ocrx_word' id='word_1_987' title='bbox 2450 5694 2548 5763; x_wconf 91' lang='lat' dir='ltr'><strong>ipsi</strong></span> <span class='ocrx_word' id='word_1_988' title='bbox 2592 5693 2717 5762; x_wconf 91' lang='lat' dir='ltr'><strong>pulli</strong></span> <span class='ocrx_word' id='word_1_989' title='bbox 2762 5709 2866 5748; x_wconf 91' lang='lat' dir='ltr'><strong>non</strong></span> <span class='ocrx_word' id='word_1_990' title='bbox 2908 5705 3228 5765; x_wconf 88' lang='lat' dir='ltr'><strong>sequantur,</strong></span> <span class='ocrx_word' id='word_1_991' title='bbox 3259 5697 3396 5758; x_wconf 77' lang='lat' dir='ltr'><strong>filios</strong></span> <span class='ocrx_word' id='word_1_992' title='bbox 3423 5715 3526 5756; x_wconf 90' lang='lat' dir='ltr'><strong>non</strong></span> <span class='ocrx_word' id='word_1_993' title='bbox 3555 5697 3745 5761; x_wconf 78' lang='lat' dir='ltr'><strong>videas,</strong></span> 
     </span>
    </p>
   </div>
   <div class='ocr_carea' id='block_1_121' title="bbox 2267 5805 2868 5869">
    <p class='ocr_par' dir='ltr' id='par_1_121' title="bbox 2267 5805 2868 5869">
     <span class='ocr_line' id='line_1_121' title="bbox 2267 5805 2868 5869; baseline 0.002 -15"><span class='ocrx_word' id='word_1_994' title='bbox 2267 5805 2286 5836; x_wconf 76' lang='grc' dir='ltr'>ί</span> <span class='ocrx_word' id='word_1_995' title='bbox 2310 5809 2416 5854; x_wconf 72' lang='lat' dir='ltr'><strong>Mss.</strong></span> <span class='ocrx_word' id='word_1_996' title='bbox 2440 5810 2661 5867; x_wconf 80' lang='lat' dir='ltr'><strong>quatuor,</strong></span> <span class='ocrx_word' id='word_1_997' title='bbox 2682 5805 2868 5869; x_wconf 82' lang='lat' dir='ltr'><strong>fortem.</strong></span> 
     </span>
    </p>
   </div>
   <div class='ocr_carea' id='block_1_122' title="bbox 3765 5104 3777 5162">
    <p class='ocr_par' dir='ltr' id='par_1_122' title="bbox 3765 5104 3777 5162">
     <span class='ocr_line' id='line_1_122' title="bbox 3765 5104 3777 5162; baseline 0 0"><span class='ocrx_word' id='word_1_998' title='bbox 3765 5104 3777 5162; x_wconf 75' lang='grc' dir='ltr'><strong>ι</strong></span> 
     </span>
    </p>
   </div>
   <div class='ocr_carea' id='block_1_123' title="bbox 3890 2255 3916 3036">
    <p class='ocr_par' dir='ltr' id='par_1_123' title="bbox 3894 2255 3916 3036">
     <span class='ocr_line' id='line_1_123' title="bbox 3894 2255 3916 3036; baseline 0 -4"><span class='ocrx_word' id='word_1_999' title='bbox 3894 2259 3916 3032; x_wconf 68' lang='lat' dir='ltr'><strong>l</strong></span> 
     </span>
    </p>
   </div>
  </div>
