3916 6370
171 308 300 368 1513

167 435 376 482 matrem
403 428 586 478 tamen
613 430 882 491 agnoscas.
915 414 990 471 lta
1018 415 1080 471 ﬁt
1100 415 1200 472 alis
1225 415 1469 472 demissis
1487 455 1504 480 ,
1521 413 1727 485 plumis

168 514 361 587 hispida
382 554 397 580 ,
441 526 580 568 voce
621 524 776 566 rauca
800 549 816 576 ,
855 507 1102 564 omnibus
1132 506 1386 562 membris
1421 505 1651 561 demissa
1677 515 1732 560 et

165 607 387 675 abiecta,
425 611 486 658 ut
521 599 964 674 quemadmodum
1010 598 1156 666 dixi,
1202 595 1413 653 etiamsi
1456 595 1595 650 ﬁlios
1624 608 1730 650 non

166 695 359 758 rideas,
402 699 633 747 matrem
672 699 846 745 tamen
889 687 1172 758 intelligas.
1222 686 1312 742 Sic
1338 700 1467 757 ergo
1492 684 1730 740 inﬁrmus

164 786 332 850 Jesus,
375 783 626 854 fatigatus
663 781 732 836 ab
776 781 987 836 itinere.
1031 780 1137 835 lter
1171 779 1338 849 ipsius
1373 786 1457 835 est
1482 791 1607 832 caro
1634 792 1730 847 pro

166 874 302 931 nobis
326 880 619 943 assumpta.
647 870 922 940 Quomodo
946 869 1088 926 enim
1118 869 1219 925 iter
1244 867 1398 924 habet
1421 868 1511 939 qui
1537 867 1732 938 ubique

165 974 267 1032 est,
305 963 392 1034 qui
428 977 694 1032 nusquam
731 960 918 1017 deest?
955 960 1071 1028 Quo
1114 960 1190 1027 it,
1236 969 1328 1014 aut
1353 959 1494 1014 unde
1522 958 1600 1025 it,
1627 958 1730 1013 nisi

164 1058 272 1128 quia
308 1071 411 1110 non
442 1055 512 1111 ad
547 1069 647 1110 nos
683 1054 905 1118 veniret,
933 1053 1035 1108 nisi
1060 1051 1286 1107 formam
1309 1051 1530 1106 visibilis
1553 1051 1730 1107 carnis

164 1146 483 1205 assumeret?
508 1146 643 1215 Quia
665 1161 796 1217 ergo
817 1146 1000 1201 venire
1018 1144 1084 1200 ad
1106 1159 1204 1200 nos
1219 1159 1285 1200 eo
1307 1143 1464 1198 modo
1481 1142 1728 1214 dignatus

164 1249 233 1296 est
249 1280 264 1304 ,
289 1247 345 1293 ut
368 1237 420 1292 in
444 1236 617 1293 forma
641 1237 779 1292 servi
807 1244 1077 1307 assumpta
1096 1251 1256 1291 carne
1276 1243 1589 1306 appareret,
1614 1234 1726 1303 ipsa

167 1328 321 1385 carnis
356 1328 654 1398 assumptio
687 1337 769 1383 est
797 1329 898 1383 iter
923 1326 1106 1399 ipsius.
1136 1325 1261 1382 Ideo
1288 1326 1526 1398 fatigatus
1553 1326 1615 1378 ab
1640 1325 1727 1378 iti-

165 1437 266 1476 nere
299 1419 423 1491 quid
464 1427 552 1475 est
591 1419 765 1485 aliud,
798 1433 956 1490 quam
984 1416 1229 1488 fatigatus
1256 1418 1309 1472 in
1336 1417 1554 1474 Carne?
1582 1417 1729 1472 Inﬁr-

165 1529 266 1568 mus
308 1513 360 1568 in
397 1527 564 1568 carne
605 1511 760 1567 Jesus
790 1529 802 1565 :
835 1511 929 1566 sed
965 1511 1073 1566 noli
1106 1518 1162 1564 tu
1191 1509 1479 1573 inﬁrmari;
1509 1508 1560 1564 in
1590 1508 1730 1562 illius

165 1604 445 1660 infirmitate
472 1614 528 1659 tu
550 1603 703 1660 fortis
721 1611 868 1665 esto,
891 1602 1014 1674 quia
1036 1602 1177 1673 quod
1209 1601 1475 1657 inﬁrmum
1500 1611 1582 1658 est
1608 1602 1725 1666 Dei,

168 1694 332 1750 fortius
353 1701 433 1750 est
456 1692 762 1748 hominibus
790 1691 832 1762 (ι
857 1689 976 1748 Cor.
1001 1707 1038 1758 ι,
1069 1690 1187 1762 25).

223 1785 270 1841 8.
293 1784 398 1841 Sub
431 1784 535 1840 hac
563 1798 743 1839 rerum
788 1782 1014 1852 imagine
1056 1781 1222 1836 Adam
1252 1781 1344 1851 qui
1393 1789 1512 1837 erat
1559 1779 1726 1836 forma

170 1875 308 1932 futuri
335 1875 506 1947 (Rom.
535 1891 594 1941 v,
624 1874 738 1944 M),
771 1873 993 1944 praebuit
1022 1873 1175 1928 nobis
1201 1887 1447 1944 magnum
1477 1871 1726 1928 indicium

170 1966 492 2030 sacramenti;
522 1965 637 2019 imo
674 1965 814 2018 Deus
858 1963 911 2016 in
938 1962 1029 2017 illo
1074 1961 1317 2031 praebuit.
1345 1961 1477 2016 Nam
1516 1969 1572 2017 et
1597 1961 1728 2016 dor-

172 2057 320 2114 miens
339 2057 531 2112 meruit
561 2055 810 2125 accipere
830 2068 1047 2109 uxorem
1074 2095 1088 2118 ,
1116 2063 1169 2108 et
1193 2053 1261 2108 de
1282 2061 1428 2108 costa
1456 2054 1575 2122 ejus
1594 2052 1729 2108 facta

172 2147 302 2202 estei
326 2162 450 2204 uxor
473 2145 630 2216 (Gen.
659 2162 719 2213 ιι,
738 2145 828 2216 2|)
854 2165 866 2200 :
896 2133 1144 2214 quoniam
1167 2143 1236 2200 de
1254 2144 1467 2200 Christo
1495 2145 1548 2198 in
1570 2159 1730 2199 cruce

171 2237 646 2294 dormiente-futura
674 2244 791 2292 erat
828 2235 1065 2291 Ecclesia
1105 2235 1172 2290 de
1201 2235 1367 2292 latere
1395 2235 1530 2305 ejus,
1562 2234 1628 2289 de
1655 2234 1731 2288 la-

174 2341 268 2387 tere
291 2331 484 2387 scilicet
525 2329 884 2393 dormientis;
914 2328 1038 2398 quia
1087 2335 1141 2382 et
1184 2327 1251 2382 de
1281 2327 1443 2382 latere
1473 2328 1528 2380 in
1567 2341 1729 2381 cruce

171 2420 416 2491 pendentis
435 2420 626 2475 lancea
648 2432 900 2489 percusso
928 2415 1106 2486 (Joan.
1130 2432 1247 2482 xu,
1270 2416 1363 2487 54)
1385 2415 1727 2470 Sacramenta

171 2513 391 2568 Ecclesia!
431 2511 820 2581 profluxerunt.
853 2507 960 2564 Sed
996 2523 1161 2578 quare
1195 2508 1297 2562 hoc
1333 2506 1510 2562 dicere
1534 2507 1726 2571 volui,

171 2602 371 2660 fratres?
395 2601 527 2670 Quia
560 2601 853 2656 inﬁrmitas
883 2599 1080 2654 Christi
1111 2613 1207 2652 nos
1229 2598 1352 2652 facit
1391 2597 1573 2652 fortes.
1617 2597 1729 2651 Ma-

172 2709 257 2764 gna
275 2694 337 2750 ibi
359 2693 530 2764 imago
561 2692 862 2763 praecessit.
911 2689 1090 2745 Potuit
1135 2689 1274 2744 Deus
1301 2703 1516 2743 carnem
1543 2687 1725 2742 detra-

173 2784 280 2841 bere
302 2785 492 2840 homini
535 2781 687 2838 unde
727 2781 925 2836 faceret
954 2781 1221 2847 feminam,
1252 2789 1306 2834 et
1333 2781 1500 2851 magis
1521 2780 1729 2836 videtur

175 2879 298 2949 quasi
335 2893 631 2948 congruere
659 2875 913 2946 potuisse.
963 2873 1148 2929 Fiebat
1187 2873 1332 2928 enim
1376 2887 1536 2928 sexus
1581 2871 1728 2927 inﬁr-

173 2970 306 3035 mior,
331 2978 383 3024 et
409 2969 586 3040 magis
616 2967 684 3023 de
711 2981 878 3021 carne
907 2964 1186 3020 infirmitas
1219 2963 1333 3018 ﬁeri
1361 2963 1544 3018 debuit
1568 2978 1726 3035 quam

175 3059 229 3114 de
247 3074 392 3116 osse:
420 3075 540 3115 ossa
575 3058 720 3115 enim
754 3057 806 3112 in
831 3070 992 3111 carne
1037 3053 1267 3110 firmiora
1295 3063 1436 3109 sunt.
1475 3054 1590 3110 Non
1629 3053 1726 3109 de-

175 3148 308 3204 traxit
338 3164 553 3204 carnem
606 3146 748 3203 unde
794 3145 993 3201 faceret
1031 3144 1336 3210 mulierem;
1365 3144 1459 3200 sed
1500 3144 1730 3200 detraxit

175 3253 242 3306 ss,
265 3241 578 3297 etdetracto
598 3254 722 3294 osse
768 3238 988 3294 formata
1016 3247 1098 3292 est
1146 3237 1358 3302 mulier.
1391 3247 1446 3293 et
1469 3239 1521 3293 in
1550 3239 1726 3294 locum

176 3331 288 3386 ossis
302 3347 417 3388 caro
440 3331 738 3401 adimpleta
769 3338 870 3385 est.
901 3330 1115 3384 Poterat
1136 3345 1233 3401 pro
1253 3345 1376 3386 osse
1397 3345 1457 3384 os
1481 3330 1724 3398 reddere,

178 3431 351 3488 poterat
372 3421 435 3479 ad
467 3422 772 3478 faciendam
805 3421 1083 3475 mulierem
1114 3435 1218 3475 non
1240 3429 1464 3486 costam,
1496 3421 1589 3475 sed
1609 3434 1729 3476 car-

177 3526 276 3568 nem
307 3514 614 3571 detrahere.
659 3514 797 3581 Quid
837 3513 998 3584 igitur
1037 3513 1402 3583 signiﬁcavit?
1448 3511 1606 3568 Facta
1646 3520 1729 3567 est

176 3604 334 3661 mulier
354 3606 405 3662 in
430 3617 587 3663 costa
627 3616 875 3677 tanquam
917 3604 1103 3660 fortis:
1133 3603 1302 3659 factus
1345 3611 1428 3659 est
1468 3603 1633 3658 Adam
1669 3604 1722 3658 in

177 3713 308 3755 carne
335 3708 588 3772 tanquam
618 3698 879 3754 inﬁrmus.
910 3697 1153 3751 Christus
1176 3707 1260 3752 est
1283 3705 1338 3752 et
1366 3696 1625 3763 Ecclesia,
1660 3696 1726 3751 il-

177 3784 259 3845 lius
281 3790 555 3848 inﬁrmitas
587 3799 769 3846 nostra
791 3797 874 3844 est
903 3787 1171 3842 fortitudo.

232 3875 278 3933 9.
301 3878 470 3948 Quare
493 3895 632 3949 ergo
660 3881 789 3934 hora
811 3879 998 3933 sexta?
1018 3877 1149 3946 Quia
1170 3885 1325 3932 aetate
1348 3877 1528 3932 saeculi
1553 3887 1722 3933 sexta.

180 3966 402 4040 Computa
429 3973 480 4027 in
513 3970 808 4040 Evangelio
834 3978 1082 4039 tanquam
1112 3984 1268 4023 unam
1312 3968 1495 4024 horam
1520 4010 1536 4037 ,
1565 3985 1726 4024 unam

179 4069 356 4116 etatem
399 4064 466 4119 ab
489 4061 666 4118 Adam
711 4075 878 4130 usque
921 4059 987 4114 ad
1026 4058 1168 4124 Noe;
1215 4059 1500 4114 secundam
1543 4074 1572 4112 a
1615 4058 1728 4115 Noe

183 4161 323 4218 usque
356 4152 419 4208 ad
447 4152 757 4216 Abraham;
802 4149 1010 4206 tertiam
1060 4149 1129 4204 ab
1165 4149 1432 4205 Abraham
1470 4164 1636 4221 usque
1659 4151 1727 4205 ad

187 4235 353 4305 David;
393 4253 639 4314 quartam
679 4257 708 4294 a
734 4239 896 4295 David
925 4253 1094 4309 usque
1115 4238 1182 4294 ad
1213 4238 1725 4308 transmigrationem

187 4325 486 4400 Babyloniae;
533 4333 774 4404 quintam
832 4345 863 4385 a
911 4330 1369 4400 transmigratione
1426 4330 1728 4402 Babylonia:

186 4430 326 4490 usque
358 4422 421 4477 ad
469 4422 796 4494 baptismum
844 4419 1064 4476 Joannis
1112 4436 1126 4473 :
1179 4419 1302 4474 inde
1355 4429 1503 4475 sexta
1535 4420 1724 4490 agitur.

185 4505 297 4574 Quid
318 4511 558 4568 miraris?
589 4511 742 4567 Venit
768 4509 945 4577 Jesus,
975 4519 1028 4564 et
1057 4508 1382 4564 humiliando
1407 4524 1466 4563 se
1489 4509 1636 4565 venit
1657 4509 1726 4565 ad

188 4609 391 4666 puteum.
422 4604 697 4675 Fatigatus
721 4603 902 4670 venit,
925 4601 1047 4671 quia
1067 4599 1332 4654 inﬁrmam
1355 4613 1572 4654 carnem
1601 4614 1725 4670 por-

193 4693 311 4746 tavit.
339 4695 471 4752 liora
498 4704 687 4760 sexta,
712 4694 832 4764 quia
863 4700 1020 4748 :etate
1065 4689 1246 4746 saeculi
1291 4700 1458 4744 sexta.
1507 4690 1588 4744 Ad
1630 4705 1730 4760 pu-

194 4790 310 4839 leum
331 4829 345 4853 ,
374 4788 492 4860 quia
519 4787 585 4844 ad
631 4783 1040 4856 profunditatem
1066 4781 1223 4850 hujus
1263 4780 1603 4836 habitationis
1632 4797 1724 4835 no-

192 4881 309 4928 stra).
346 4876 487 4934 Unde
511 4877 706 4932 dieitur
729 4877 781 4930 in
808 4873 1032 4930 Psalmis
1053 4913 1068 4938 ,
1104 4870 1183 4926 De
1211 4871 1476 4943 profundis
1514 4870 1728 4925 clamavi

195 4964 246 5015 ad
267 4976 324 5030 te,
346 4967 555 5023 Domine
581 4967 602 5038 (
631 4965 775 5021 Psat.
805 4979 993 5030 cxxtx,
1024 4964 1097 5035 l).
1137 4962 1286 5018 Sedit
1305 5002 1318 5026 ,
1349 4970 1406 5016 ut
1430 4961 1572 5027 dixi,
1603 4961 1726 5032 quia

196 5050 459 5113 humiliatus
480 5067 564 5114 est
585 5059 625 5110 ⁸.

255 5144 326 5199 l0.
350 5143 413 5202 Et
437 5150 566 5204 venit
588 5146 788 5202 mulier.
813 5145 1001 5201 Forma
1027 5144 1299 5213 Ecclesiae,
1327 5143 1554 5212 nonjam
1576 5142 1729 5212 justi-

200 5232 356 5304 ﬁcalte,
398 5240 490 5296 sed
521 5241 632 5312 jam
670 5236 1055 5309 justiﬁcandm;
1081 5251 1203 5290 nam
1245 5235 1344 5289 hoc
1390 5236 1497 5305 agit
1525 5249 1723 5290 sermo.

201 5323 326 5384 Venit
351 5331 538 5401 ignara,
562 5332 764 5387 invenit
791 5345 936 5396 eum,
961 5338 1014 5385 et
1037 5329 1210 5399 agitur
1236 5343 1356 5381 cum
1389 5329 1494 5380 illa.
1538 5326 1726 5382 Videa-

200 5430 294 5473 mus
312 5422 423 5491 quid
438 5464 454 5489 ,
479 5425 751 5480 videmnus
776 5435 940 5494 quare
973 5439 986 5475 :
1026 5419 1170 5474 Venit
1200 5418 1380 5472 mulier
1402 5418 1464 5472 de
1488 5417 1727 5472 Samaria

201 5507 370 5566 haurire
391 5529 583 5584 aquam.
610 5511 930 5571 Samaritani
954 5510 1020 5565 ad
1041 5508 1346 5565 Iudaeorum
1377 5516 1590 5578 gentem
1617 5521 1724 5562 non

201 5602 523 5666 pertinebant:
552 5603 866 5677 alienigena:
894 5604 1036 5660 enim
1077 5603 1308 5668 fuerunt,
1332 5599 1574 5671 quamvis
1596 5600 1726 5656 vici-

255 5710 455 5770 ίςὶακω,
476 5717 717 5774 mm
741 5723 906 5769 eum,
930 5724 984 5766 Αι
1002 5723 1075 5766 Er.
1102 5720 1152 5764 et
1174 5720 1303 5772 ηπ,
1326 5707 1516 5762 humilis
1537 5709 1676 5762 venit.

373 5802 592 5867 διίησιν.
627 5803 908 5866 ‘Attavsr.
959 5803 1064 5861 111.

1249 247 1677 354 ,ΤΕΑΟΤΑΤΙῘΒ
1711 289 1830 348 ιν.
1865 291 2093 353 CAPUT
2131 294 2221 353 IV.

3267 313 3408 371 1514

1835 427 1932 467 nas
1961 421 2132 468 terras
2158 413 2468 472 incolerent.
2500 413 2738 489 Longum
2763 428 2847 476 est
2877 421 3135 494 originem
3162 423 3402 484 Samari-

1836 511 2077 560 tanorum
2103 515 2361 575 retexere,
2388 524 2456 564 ne
2474 524 2572 564 nos
2587 510 2748 565 multa
2771 520 3004 577 teneant,
3021 524 3076 570 et
3099 521 3401 575 necessaria

1834 611 1941 651 non
1986 597 2262 669 loquamur
2302 617 2316 654 :
2357 600 2550 657 sufﬁcit
2590 617 2718 673 ergo
2762 613 2818 659 ut
2858 605 3221 664 Samaritanus
3266 609 3406 666 inter

1834 688 2160 761 alienigenas
2185 691 2519 762 deputemus.
2553 695 2621 750 Et
2654 712 2721 752 ne
2748 696 2850 753 hoc
2874 699 3123 755 audacius
3151 716 3239 756 me
3265 701 3407 757 arbi-

1837 780 2045 835 tremiui
2065 781 2263 838 dixisse
2283 799 2438 854 quam
2467 787 2645 841 verius
2667 829 2682 855 ,
2713 788 2894 844 audite
2921 791 3093 860 ipsum
3124 791 3407 849 Dominum

1833 867 2031 936 Jesum,
2059 871 2184 942 quid
2229 872 2422 929 dixerit
2443 874 2511 931 de
2551 876 2644 931 illo
2671 877 3019 944 Samaritano,
3064 897 3170 937 uno
3198 883 3265 938 de
3309 884 3407 940 de-

1833 973 1947 1015 cem
1973 960 2197 1031 leprosis
2242 977 2377 1035 quos
2398 966 2775 1035 mundaverat,
2824 971 2916 1040 qui
2961 972 3105 1027 solus
3156 975 3314 1029 rediit
3352 987 3407 1032 ut

1832 1053 2027 1122 gratias
2050 1063 2232 1124 ageret
2259 1074 2272 1110 :
2304 1055 2492 1112 Nonne
2515 1060 2684 1116 decem
2721 1049 2948 1117 mandati
2977 1067 3130 1120 sunt?
3157 1077 3205 1120 et
3233 1085 3407 1122 novem

1832 1141 1918 1195 ubi
1931 1150 2044 1199 sunt
2062 1144 2089 1198 ?
2108 1160 2209 1199 non
2229 1155 2335 1199 erat
2357 1146 2489 1202 alius
2508 1150 2594 1218 qui
2612 1145 2754 1205 darEt
2773 1152 2987 1222 gloriam
3011 1152 3139 1220 Deo,
3163 1156 3258 1211 nisi
3286 1158 3409 1212 alie-

1833 1232 2294 1305 nigenaiste(Luc.
2331 1253 2458 1304 xvn,
2486 1239 2573 1304 f7,
2602 1241 2716 1312 f8).
2748 1242 2986 1299 Pertinet
3025 1245 3091 1300 ad
3123 1246 3406 1318 imaginem

1832 1323 1944 1389 rei,
1966 1325 2104 1394 quod
2131 1327 2198 1381 ab
2227 1329 2536 1410 alienigenis
2554 1333 2700 1387 venit
2728 1333 2827 1389 ista
2851 1337 3059 1398 mulier.
3087 1354 3203 1409 qua:
3227 1351 3407 1412 typum

1833 1415 2049 1483 gerebat
2071 1415 2324 1473 Ecclesia:
2349 1437 2361 1473 :
2386 1432 2608 1478 ventura
2628 1424 2766 1478 enim
2789 1435 2904 1480 erat
2925 1427 3159 1484 Ecclesia
3181 1431 3248 1486 dc
3269 1431 3409 1489 Gen-

1837 1504 1990 1567 tibus,
2014 1506 2309 1579 alienigena
2337 1525 2365 1564 a
2386 1527 2583 1581 genere
2609 1513 2939 1572 Judmorum.
2971 1521 3262 1578 Audiamus
3282 1541 3409 1595 ergo

1834 1595 1886 1649 in
1918 1595 2004 1649 illa
2037 1610 2151 1663 nos,
2179 1607 2231 1653 et
2259 1599 2308 1653 in
2338 1599 2427 1654 illa
2452 1617 2800 1672 agnoscamus
2827 1623 2925 1664 nos
2947 1649 2965 1674 ,
2991 1618 3045 1664 et
3071 1611 3123 1665 in
3162 1613 3249 1668 illa
3281 1629 3407 1684 gra-

1835 1687 1933 1741 tias
1955 1687 2064 1742 Deo
2084 1704 2302 1759 agamus
2329 1708 2425 1762 pro
2451 1694 2624 1751 nobis.
2655 1695 2745 1751 Illa
2775 1699 2916 1754 enim
2939 1700 3103 1772 ﬁgura
3135 1714 3266 1770 erat,
3299 1721 3406 1761 non

1833 1778 2058 1843 veritas;
2098 1782 2220 1851 quia
2256 1795 2309 1836 et
2335 1783 2446 1852 ipsa
2486 1787 2740 1854 pratmisit
2783 1789 3025 1859 ﬁguram,
3054 1802 3106 1847 et
3146 1793 3281 1850 facta
3325 1807 3408 1853 est

1831 1871 2045 1926 veritas.
2075 1871 2206 1927 Nam
2232 1875 2454 1931 credidit
2481 1877 2531 1932 in
2561 1893 2702 1942 eum,
2729 1881 2818 1950 qui
2842 1881 2908 1936 de
2933 1883 3022 1938 illa
3049 1884 3268 1954 ﬁguram
3297 1903 3398 1942 uo-

1833 1963 1916 2018 bis
1943 1965 2322 2034 przntendebat.
2369 1966 2512 2023 Venit
2537 1984 2665 2042 ergo
2691 1971 2893 2027 haurire
2918 1990 3118 2044 aquam.
3148 1977 3404 2047 Simplici-

1833 2061 1916 2108 ter
1937 2063 2156 2109 venerat
2179 2056 2394 2114 haurire
2418 2074 2607 2130 aquam
2627 2085 2658 2130 ,'
2684 2062 2823 2118 sicut
2847 2065 3021 2122 solent
3062 2069 3144 2123 vel
3182 2060 3280 2124 viri
3324 2072 3408 2126 vel

1832 2143 2063 2202 feminae.

1903 2239 1990 2293 if.
2045 2258 2065 2292 ι
2093 2239 2230 2296 Dicit
2275 2243 2323 2298 ei
2364 2242 2518 2300 Jesus
2566 2265 2578 2301 :
2629 2247 2704 2302 Da
2733 2249 2864 2304 mihi
2910 2251 3111 2308 bibere.
3162 2254 3410 2327 Discipuli

1831 2327 1974 2382 enim
1998 2329 2113 2399 ejus
2136 2332 2376 2388 abierant
2421 2336 2472 2388 in
2517 2337 2782 2393 civitatem
2810 2382 2825 2405 ,
2873 2351 2932 2395 ut
2971 2343 3118 2398 cibos
3148 2354 3406 2402 emerent.

1834 2419 1968 2474 Dicit
1989 2436 2116 2491 ergo
2140 2423 2190 2477 ei
2217 2424 2409 2480 mulier
2438 2426 2527 2481 illa
2556 2428 2887 2486 Samaritana
2914 2451 2927 2487 :
2950 2436 3227 2501 Quomodo
3247 2448 3299 2493 tu
3319 2439 3409 2496 Ju-

1832 2509 1980 2566 dzeus
2003 2527 2122 2567 cum
2152 2515 2247 2580 sis,
2283 2515 2466 2573 bibere
2499 2533 2528 2571 a
2555 2535 2640 2574 me
2671 2523 2876 2590 poscis.
2914 2539 3034 2593 quae
3068 2543 3185 2582 sttm
3222 2531 3409 2586 mulier

1830 2600 2195 2658 Samaritana?
2217 2604 2332 2660 Non
2351 2607 2492 2662 enim
2514 2618 2799 2665 coutuntur
2820 2611 2986 2668 Judaei
3004 2614 3370 2677 Samaritanis.
3385 2641 3404 2674 ι

1832 2691 2033 2750 Videtis
2071 2695 2431 2768 alienigenas:
2477 2701 2696 2756 omnino
2737 2704 2963 2762 vasculis
3008 2722 3192 2764 eorum
3236 2710 3404 2768 Judtei

1831 2796 1936 2836 non
1963 2784 2260 2841 utebantur.
2295 2788 2357 2843 Et
2376 2789 2498 2861 quia
2520 2789 2724 2848 ferebat
2763 2810 2944 2851 secum
2982 2799 3172 2854 mulier
3208 2817 3400 2859 vascu-

1831 2875 1938 2929 lum
1981 2876 2121 2931 unde
2163 2892 2353 2949 aquam
2386 2881 2638 2950 hauriret,
2683 2899 2750 2940 eo
2779 2886 2966 2942 mirata
3006 2899 3107 2956 εει,
3151 2892 3270 2962 quia
3302 2893 3400 2948 Ju-

1831 2964 1979 3020 dteus
2009 2967 2220 3036 petebat
2243 2969 2311 3024 ab
2331 2986 2394 3026 ea
2419 2971 2617 3039 bibere,
2657 2974 2798 3045 quod
2829 2991 2932 3032 non
2959 2979 3201 3036 solebant
3228 2981 3406 3039 facere

1829 3053 2015 3111 Judaei.
2042 3055 2132 3112 Ille
2157 3067 2332 3114 autem
2355 3062 2444 3132 qui
2486 3063 2668 3119 bibere
2693 3067 2964 3135 quaerebat
2984 3110 2998 3133 ,
3045 3069 3201 3127 ﬁdem
3237 3073 3402 3144 ipsius

1828 3146 2070 3203 mulieris
2092 3149 2325 3206 sitiebat.
2727 3179 2732 3184 δ

1902 3237 1989 3292 ιε.
2021 3237 2257 3310 Denique
2281 3241 2402 3296 audi
2424 3243 2544 3313 quis
2565 3253 2706 3313 petat
2721 3246 2921 3303 bibere.
2941 3249 3219 3321 Respondit
3236 3255 3405 3321 Iesus,

1831 3337 1877 3384 et
1894 3329 2024 3383 dixit
2047 3330 2093 3384 ei
2113 3346 2134 3384 :
2157 3331 2220 3386 Si
2237 3334 2389 3388 scires
2413 3334 2598 3389 donum
2621 3336 2735 3402 Dei,
2757 3347 2802 3392 et
2829 3341 2941 3408 quis
2958 3351 3029 3396 est
3044 3344 3130 3411 qui
3153 3344 3273 3399 dicit
3292 3347 3402 3416 tibi,

1832 3420 1916 3475 Da
1934 3423 2056 3476 mihi
2075 3423 2254 3490 bibere,
2282 3435 2334 3478 tu
2354 3427 2564 3494 forsitan
2595 3431 2796 3498 petisses
2824 3432 2887 3484 ab
2906 3449 2982 3496 eo,
3013 3446 3056 3487 et
3080 3436 3292 3492 dedisset
3319 3440 3406 3493 tibi

1829 3515 2207 3583 aquamvioam.
2263 3515 2398 3572 Petit
2427 3519 2627 3585 bibere,
2668 3530 2720 3576 et
2748 3525 3004 3591 promittit
3049 3527 3246 3582 bibere.
3277 3530 3407 3600 Eget

1830 3604 1978 3674 quasi
2021 3616 2354 3675 accepturus,
2395 3617 2451 3663 et
2497 3609 2664 3665 afﬂuit
2708 3621 2956 3682 tanquam
3000 3617 3304 3672 satiaturus.
3346 3620 3406 3675 Si

1830 3695 2019 3761 scires,
2049 3695 2251 3764 inquit,
2292 3697 2478 3750 donum
2524 3699 2638 3753 Dei.
2685 3701 2890 3757 Donum
2943 3703 3034 3758 Dei
3074 3715 3154 3759 est
3181 3707 3405 3776 Spiritus

1831 3795 2063 3840 sanctus.
2092 3786 2198 3842 Sed
2232 3787 2406 3844 adhuc
2427 3791 2630 3845 tnulieri
2673 3801 2811 3848 tecte
2835 3795 3067 3865 loquitur
3089 3839 3101 3860 ,
3133 3808 3188 3853 et
3215 3801 3400 3870 paula-

1833 3874 1926 3929 tim
1954 3876 2109 3931 intrat
2143 3878 2194 3931 in
2219 3894 2332 3934 cor.
2364 3878 2624 3935 Fortassis
2646 3883 2756 3951 jam
2781 3884 2954 3941 docet.
2978 3886 3112 3953 Quid
3137 3891 3278 3945 enim
3301 3892 3397 3947 ista

1832 3963 2128 4022 hortatione
2155 3970 2368 4024 suavius
2393 3979 2447 4026 et
2472 3971 2788 4042 benignius?
2811 3974 2874 4030 Si
2895 3978 3046 4032 scires
3070 3981 3257 4035 donum
3282 3981 3396 4048 Dei,

1830 4065 1877 4108 et
1894 4056 2044 4110 scires
2068 4058 2179 4127 quis
2200 4068 2270 4112 est
2293 4060 2381 4128 qui
2402 4059 2522 4114 dicit
2550 4062 2658 4129 tibi,
2689 4061 2773 4116 Da
2809 4067 2930 4118 mihi
2949 4066 3143 4132 bibere,
3171 4081 3224 4123 tu
3250 4074 3376 4142 [orsi

1830 4155 1916 4201 tun
1941 4157 2148 4216 peteres,
2180 4159 2222 4203 et
2244 4150 2382 4202 daret
2411 4151 2498 4203 tibi
2521 4167 2704 4220 aquam
2733 4154 2892 4206 vivam
2922 4171 2940 4208 :
2966 4156 3066 4210 huc
3097 4173 3260 4227 usque
3284 4175 3402 4214 sus-

1831 4239 2031 4309 pendit.
2062 4239 2191 4295 Viva
2239 4256 2373 4312 aqua
2395 4241 2586 4297 dicitur
2606 4243 2758 4313 vulgo
2779 4243 2866 4298 illa
2888 4261 3004 4315 qua:
3024 4246 3089 4300 de
3109 4247 3251 4302 fonte
3270 4251 3397 4304 exit.

1831 4331 1923 4387 Illa
1952 4331 2093 4387 enim
2125 4348 2245 4403 quae
2284 4334 2548 4404 colligitur
2571 4334 2640 4388 de
2669 4334 2844 4403 pluvia
2884 4336 2935 4390 in
2959 4337 3174 4392 lacunas
3201 4349 3292 4394 aut
3319 4341 3398 4394 ci-

1831 4432 2061 4491 sternas,
2087 4438 2223 4494 aqua
2248 4425 2364 4479 viva
2397 4441 2501 4479 non
2531 4425 2741 4480 dicitur.
2777 4426 2840 4479 Et
2876 4427 2919 4480 si
2946 4427 3011 4481 de
3037 4428 3180 4483 fonte
3222 4445 3401 4484 mana«

1837 4513 1987 4578 verit,
2018 4524 2074 4569 et
2099 4515 2150 4569 in
2180 4516 2298 4569 loco
2317 4516 2495 4585 aliquo
2522 4516 2743 4570 collecta
2771 4518 3000 4580 steterit,
3035 4533 3130 4573 nec
3155 4519 3219 4574 ad
3251 4537 3308 4575 se
3333 4523 3396 4576 ile

1832 4601 1921 4656 lud
1948 4601 2086 4656 unde
2114 4603 2362 4657 manabat
2384 4605 2687 4669 admiserit,
2721 4604 2813 4660 sed
2840 4606 3136 4678 interrupto
3161 4609 3178 4638 ⁸
3201 4621 3400 4668 meatu.

1831 4701 2078 4763 tanquam
2107 4709 2134 4745 a
2163 4692 2322 4748 fontis
2350 4695 2561 4749 tramite
2589 4704 2830 4763 separata
2853 4696 3043 4761 fuerit;
3076 4714 3180 4753 non
3207 4700 3392 4757 dicitur

1830 4796 1966 4851 aqua
1997 4783 2112 4836 viva
2145 4801 2158 4837 :
2189 4782 2282 4837 sed
2309 4783 2398 4836 illa
2442 4799 2572 4852 aqua
2604 4784 2719 4838 viva
2759 4785 2952 4840 dicitur
2975 4829 2988 4851 ,
3021 4806 3138 4858 qua:
3182 4807 3402 4846 manans

1831 4873 2108 4942 excipitur.
2159 4873 2304 4928 Talis
2340 4889 2474 4944 aqua
2513 4883 2627 4928 erat
2671 4875 2724 4929 in
2763 4876 2852 4930 illo
2901 4876 3062 4932 fonte.
3095 4879 3232 4946 Quid
3274 4898 3401 4952 ergo

1830 4963 2172 5031 promittebat
2195 4966 2335 5034 quod
2361 4965 2608 5033 petebat?

1900 5054 1987 5108 15.
2019 5053 2218 5108 Tamen
2259 5054 2449 5108 mulier
2473 5070 2726 5125 suspensa
2751 5057 2826 5112 ait
2852 5077 2865 5111 :
2898 5056 3113 5114 Domine
3133 5103 3146 5127 ,
3171 5079 3326 5133 neque
3351 5067 3402 5119 in

1828 5160 1926 5216 quo
1953 5143 2158 5197 haurias
2185 5143 2355 5212 habes,
2389 5155 2434 5198 et
2459 5155 2635 5216 puteus
2653 5147 2787 5202 altus
2809 5158 2902 5203 est.
2921 5150 3108 5206 Videte
3136 5157 3403 5223 quomodo

1831 5233 2148 5289 intellexerit
2176 5250 2366 5304 aquam
2395 5237 2586 5301 vivam,
2615 5251 2804 5306 aquam
2830 5241 3034 5296 scilicet
3059 5259 3176 5311 quin
3201 5254 3315 5298 erat
3345 5248 3398 5298 in

1831 5325 1920 5379 illo
1944 5326 2105 5379 fonte.
2139 5324 2215 5378 Tu
2249 5325 2379 5378 mibi
2409 5326 2485 5378 vis
2505 5326 2633 5382 dare
2659 5345 2848 5398 aquam
2871 5331 3062 5394 vivant,
3090 5343 3142 5386 et
3164 5349 3263 5401 ego
3283 5333 3398 5388 fero

1829 5415 1968 5470 unde
1993 5416 2248 5481 hauriam,
2273 5425 2329 5471 et
2358 5427 2410 5471 tu
2437 5434 2539 5472 non
2566 5419 2690 5474 fers.
2716 5421 2862 5490 Aqua
2891 5423 3006 5475 viva
3035 5423 3116 5475 hic
3145 5433 3244 5485 est,
3265 5441 3396 5493 quo-

1828 5506 1987 5561 modo
2007 5504 2137 5560 mihi
2164 5506 2383 5561 daturus
2411 5508 2507 5563 es?
2539 5510 2695 5565 Aliud
2720 5511 3014 5580 intelligens
3041 5522 3094 5566 et
3115 5516 3394 5571 carnaliter

1826 5599 2037 5670 sapiens
2064 5598 2453 5669 quodammodo
2475 5603 2666 5670 pulsat,
2691 5611 2749 5657 ut
2767 5605 2965 5671 aperiat
2985 5605 3234 5672 magister
3257 5609 3396 5678 quod

1891 5713 1908 5742 ¹
1933 5718 2060 5774 llas,
2084 5709 2302 5776 btrupto;
2325 5715 2448 5772 sive,
2470 5713 2672 5780 irrupto.

2514 5795 3075 5875 (Quanam—ltuit.
3083 5803 3112 5868 λ
