3916 6420
191 453 308 518 15⁸17

187 573 258 630 nis
282 564 457 639 aliquid
493 564 559 619 sit
586 559 800 624 oculus,
828 553 971 614 solus
1018 565 1195 612 tamen
1238 557 1358 612 luce
1403 555 1724 624 perfruitur:

189 641 351 717 cetera
371 651 536 711 autem
551 651 791 708 membra
814 650 1040 706 carnalia
1069 651 1184 704 luce
1207 648 1452 718 perfundi
1475 657 1725 718 possunt,

189 755 335 809 lucem
359 750 548 805 sentire
577 763 680 800 non
716 753 969 814 possunt;
1001 743 1148 796 solus
1177 758 1236 796 ea
1283 743 1466 796 oculus
1511 750 1565 794 et
1609 755 1730 809 per-

186 846 390 900 funditur
414 837 456 896 et
491 839 790 910 perfruitur.
831 835 920 891 Sic
964 836 1015 889 in
1056 836 1229 888 anima
1275 842 1458 888 nostra
1480 831 1728 902 quiddam

186 945 252 992 est
275 933 400 1004 quod
433 932 730 987 intellectus
751 937 983 984 vocatur.
1028 928 1138 982 lloc
1169 927 1338 995 ipsum
1374 926 1564 979 animze
1585 923 1728 993 quod

185 1015 446 1082 intellectus
459 1025 517 1077 et
537 1038 686 1076 utens
710 1020 921 1084 dicitur,
937 1017 1263 1073 illuminatur
1285 1018 1402 1070 luce
1424 1014 1724 1083 superiore.

183 1117 277 1174 lam
300 1117 524 1185 superior
549 1113 634 1168 illa
662 1113 770 1176 lux,
799 1126 899 1182 qua
943 1125 1092 1163 mens
1121 1107 1347 1163 humana
1381 1107 1726 1170 illuminatur,

185 1208 300 1262 Deus
339 1214 440 1268 eSt;
475 1204 600 1258 Erat
641 1204 782 1258 enim
831 1215 1000 1256 verum
1045 1201 1247 1265 lumen,
1299 1198 1437 1270 quod
1476 1198 1731 1251 illuminat

183 1313 347 1352 omnem
377 1296 621 1349 hominem
647 1295 922 1348 uenientem
949 1293 1002 1346 in
1040 1292 1172 1345 hunc
1203 1291 1450 1344 mundum
1477 1287 1654 1358 (Joan.
1687 1303 1726 1355 t,

181 1388 244 1458 9).
279 1388 408 1441 Talis
434 1387 520 1442 lux
545 1384 794 1439 Christus
821 1390 954 1447 erat,
990 1381 1109 1436 talis
1135 1381 1222 1435 lux
1253 1395 1374 1434 cum
1399 1380 1623 1435 muliere
1652 1379 1732 1434 lo-

181 1479 430 1548 quebatur:
457 1487 508 1531 et
535 1475 623 1529 illa
672 1475 940 1529 intellectu
983 1489 1086 1527 non
1126 1473 1340 1536 aderat,
1371 1473 1459 1543 qui
1500 1471 1584 1526 illa
1613 1473 1732 1528 luce

181 1571 541 1630 iiiuminarettlr,
565 1583 663 1622 nec
692 1577 891 1620 tantum
916 1566 1341 1635 perfunderetur,
1371 1581 1548 1620 verum
1571 1565 1728 1641 etiam

179 1665 424 1717 frueretur.
459 1661 598 1730 Ergo
632 1660 883 1713 Dominus
917 1668 1162 1727 tanquam
1203 1658 1433 1722 diceret,
1465 1656 1732 1712 lllustrare

181 1757 295 1816 volo,
322 1764 371 1810 et
397 1768 496 1807 non
524 1753 675 1806 adest
705 1767 861 1822 quem
886 1766 901 1814 ;
945 1749 1101 1815 Voca,
1133 1751 1329 1819 inquit,
1357 1751 1519 1802 uirum
1552 1759 1690 1802 tuum
1714 1761 1732 1801 :

181 1847 341 1901 adhibe
367 1846 690 1900 intellectum
736 1858 829 1911 per
863 1857 1023 1911 quem
1062 1839 1332 1916 docearis,
1360 1854 1465 1909 quo
1509 1838 1728 1908 regaris.

182 1939 299 2009 Ergo
334 1938 592 1992 constitue
636 1936 867 1989 animam
914 1941 1134 2002 excepto
1173 1932 1440 1988 intellectu
1483 1943 1731 2001 tanquam

182 2035 390 2088 feminam
415 2049 427 2084 :
453 2029 790 2084 intellectum
815 2038 989 2080 autem
1013 2025 1230 2089 habere,
1260 2035 1505 2096 tauquam
1536 2024 1729 2078 virum.

185 2122 272 2177 Sed
295 2125 379 2176 iste
405 2121 485 2174 vir
507 2133 620 2174 non
647 2118 783 2172 bene
819 2117 954 2186 regit
978 2115 1226 2169 feminam
1266 2130 1414 2170 suam
1434 2155 1448 2178 ,
1483 2114 1582 2168 nisi
1611 2129 1732 2169 cum

183 2214 470 2282 asuperiore
510 2211 737 2278 regitur.
782 2205 952 2276 Caput
994 2206 1134 2261 enim
1174 2206 1408 2260 mulieris
1436 2205 1550 2268 vir,
1576 2213 1735 2274 caput

180 2315 328 2360 autem
354 2305 442 2359 viri
469 2303 719 2359 Christus
757 2295 797 2372 (l
827 2301 941 2354 (for.
975 2316 1024 2353 χι
1043 2340 1058 2363 ,
1079 2298 1172 2371 '5).
1214 2299 1552 2369 Loquebatur
1579 2307 1737 2368 eaput

181 2397 261 2451 viri
284 2411 389 2451 cum
419 2395 639 2460 femina,
665 2403 719 2449 et
745 2391 848 2447 non
869 2387 1055 2470 aderat
1083 2389 1182 2445 vir.
1225 2390 1292 2445 Et
1318 2399 1562 2462 tanquam
1593 2391 1735 2445 dice-

181 2500 244 2546 ret
271 2490 523 2552 Dominus,
558 2468 769 2543 Adhibe
795 2497 951 2555 caput
978 2468 1122 2560 tuum
1156 2496 1212 2539 ιιι
1246 2485 1333 2540 ille
1371 2486 1621 2566 suscipiat
1649 2501 1738 2540 ca-

183 2593 258 2652 put
277 2599 414 2637 suum
441 2599 456 2637 :
483 2597 618 2654 ergo
644 2597 766 2635 voca
793 2581 954 2634 virum
980 2588 1140 2640 tuum,
1164 2577 1218 2632 ρι’
1236 2579 1343 2632 veni
1380 2579 1513 2643 huc;
1553 2578 1602 2632 id
1633 2589 1734 2643 est,

181 2675 357 2741 adesto,
380 2669 619 2745 prmsens
638 2683 754 2727 esto
782 2690 794 2725 :
821 2671 963 2725 velut
989 2671 1130 2724 enim
1163 2669 1354 2723 absens
1375 2685 1452 2732 es,
1477 2670 1602 2723 dum
1632 2684 1737 2723 non

182 2761 396 2836 intelligis
433 2763 722 2836 prmsentis
762 2763 949 2816 vocem
1001 2761 1278 2823 veritatis;
1318 2775 1553 2846 praesens
1597 2769 1734 2829 esto,

181 2853 256 2914 sed
279 2855 378 2913 noli
402 2843 510 2911 sola
535 2873 552 2922 ;
588 2869 712 2911 cum
741 2849 856 2908 viro
887 2853 976 2906 tu'o
1000 2852 1205 2906 adesto.

209 2927 314 3005 .90.
355 2949 418 3004 Et
441 2946 623 3003 adhuc
659 2946 751 3000 illa
782 2944 1013 2998 nondum
1042 2935 1296 2997 advocato
1335 2943 1423 2997 illo
1455 2942 1566 2996 viro
1586 2983 1601 3009 ,
1633 2957 1737 2996 non

182 3033 420 3111 intelligit,
442 3039 623 3111 adhuc
666 3050 881 3092 carnem
914 3036 1086 3104 sapit;
1117 3033 1308 3104 absens
1337 3042 1416 3086 est
1445 3033 1585 3087 enim
1618 3033 1696 3086 vir
1723 3050 1736 3086 :

185 3107 496 3196 Nuti'rhitbeo,
532 3131 708 3200 inquit
729 3171 744 3195 ,
773 3131 952 3182 virum.
1001 3128 1068 3182 Et
1109 3127 1360 3180 Dominus
1386 3127 1622 3196 sequitur
1645 3167 1660 3191 ,
1687 3135 1742 3181 et

181 3203 401 3300 tum
440 3226 696 3296 loquitur.
741 3201 1008 3291 intelligas
1051 3236 1234 3275 revera
1273 3220 1427 3274 istam
1463 3221 1736 3274 mulierem

183 3303 691 3374 uﬂ'muissé'litnc
717 3315 888 3367 virum
910 3309 1050 3375 ;'Sed
1075 3313 1387 3366 coutebatur
1424 3312 1604 3366 nescio
1630 3327 1735 3381 quo

185 3387 706 3478 Μ’Ίεέῆὶέἧῧετῑτο(
725 3401 966 3459 adultero
996 3404 1161 3471 magis
1186 3417 1343 3471 quam
1378 3403 1513 3457 viro.
1547 3399 1613 3455 Et
1640 3401 1740 3455 l)o-

185 3477 388 3553 ηίῡὴιέέι
409 3515 424 3552 .-
444 3493 956 3559 Βεῦκιὶπὶειίτριιιη
977 3509 1075 3546 non
1097 3488 1252 3547 habeo
1277 3493 1456 3547 virum.
1488 3493 1636 3549 Unde
1657 3508 1743 3547 er-

186 3585 508 3658 gdlﬁﬂixisti.
531 3583 677 3658 fora
698 3589 858 3643 virum
881 3586 1057 3657 tuum?
1083 3585 1146 3640 Et
1162 3585 1280 3638 audi
1303 3585 1422 3655 quia
1444 3585 1576 3639 bene.
1600 3584 1745 3638 novit

430 3655 683 3738 carnium:
705 3655 906 3732 habere
921 3677 1116 3741 virum,
1142 3674 1275 3728 Dicit
1295 3675 1361 3739 ei,
1384 3684 1486 3728 etc.
1516 3673 1589 3727 Ne
1611 3674 1744 3727 forte

188 3743 580 3838 putarér‘lﬁuner
593 3769 715 3825 ideo
726 3768 923 3822 dixisse
941 3768 1238 3830 Dominmn,
1257 3765 1390 3819 Bene
1406 3765 1595 3825 dixisti,
1613 3764 1745 3829 Quia

189 3880 272 3917 non
299 3865 446 3920 habeo
471 3856 669 3925 siriim,
697 3861 852 3931 qtiod'
869 3861 970 3913 hoc
1011 3875 1041 3912 a
1081 3859 1301 3911 muliere
1338 3857 1609 3920 didicerit,
1638 3869 1742 3908 non

190 3955 434 4025 quodipse
450 3953 884 4010 istud'divinitate
904 3949 1229 4019 cognoverit,
1249 3947 1370 4000 andi
1391 3946 1584 4014 aliquid
1605 3944 1745 4014 quod

191 4061 278 4099 non
300 4047 470 4101 dixisti
497 4065 511 4101 :
538 4047 770 4114 Quinque
797 4043 927 4096 enim
963 4043 1093 4094 viros
1123 4040 1356 4104 habuisti,
1385 4049 1430 4092 et
1471 4039 1564 4091 iste
1602 4053 1747 4118 quem

193 4119 338 4199 habet,
371 4120 466 4190 non
491 4119 658 4189 estivir
682 4131 935 4208 tuus,hoc
961 4145 1072 4185 vere
1095 4128 1288 4182 dixisti.

249 4225 330 4280 2t.
367 4225 559 4280 lterum
599 4224 741 4292 cogit
785 4221 851 4276 de
899 4221 1014 4275 istis
1058 4222 1289 4290 quinque
1331 4218 1458 4271 viris
1503 4215 1748 4271 subtilius

195 4316 365 4383 aliquid
395 4315 736 4387 perscrutari.
786 4311 933 4367 Multi
969 4311 1160 4380 quippe
1199 4309 1601 4374 intellexerunt,
1641 4322 1744 4361 non

196 4407 383 4474 quidem
428 4405 689 4469 absurde,
731 4419 830 4458 nec
881 4415 1255 4480 usquequaque
1311 4399 1744 4468 in'iprobahiliter,

197 4487 400 4569 quinque
420 4501 560 4553 viros
577 4496 813 4550 mulieris
830 4493 1004 4560 huius,
1028 4494 1259 4562 quinque
1281 4493 1440 4547 libros
1463 4491 1633 4568 Moysi
1649 4491 1746 4561 (α).

201 4585 470 4644 Utebantur
503 4590 646 4644 enim
690 4589 767 4641 eis
794 4583 1108 4640 Samaritani
1129 4625 1144 4650 ,
1176 4592 1230 4639 et
1267 4583 1364 4638 sub
1399 4582 1583 4638 eadem
1610 4581 1752 4654 Lege

200 4693 330 4735 erant
356 4701 368 4735 :
395 4698 512 4736 nam
550 4680 672 4735 inde
699 4679 800 4734 illis
829 4688 881 4733 et
910 4675 1240 4731 circumcisio
1270 4676 1459 4730 inerat.
1488 4675 1590 4730 Sed
1619 4691 1752 4746 quo-

165 4833 175 4847 ,
203 4771 323 4826 uiam
350 4777 591 4842 angustat
613 4785 710 4824 nos
729 4768 868 4838 quod
891 4767 1145 4836 sequitur,
1174 4765 1240 4819 Et
1263 4783 1392 4820 nunc
1416 4783 1561 4836 quem
1582 4765 1750 4827 habes.

205 4873 368 4916 nonest
387 4865 456 4916 uir
471 4873 616 4926 tuus;
637 4861 848 4915 videtur
869 4859 995 4913 mihi
1015 4856 1220 4911 Facilius
1237 4872 1330 4911 nos
1347 4871 1500 4926 posse
1515 4857 1755 4924 accipere

187 4949 414 5025 “quinque
435 4957 572 5009 viros
597 4954 802 5024 priores
826 4951 1037 5014 animae,
1061 4949 1290 5030 quinque
1314 4964 1502 5003 sensus
1519 4949 1756 5018 corporis

208 5036 582 5116 esse.Qmmdp
615 5048 756 5102 enim
797 5047 1021 5117 quisque
1062 5047 1327 5108 nascitur,
1359 5051 1636 5113 antequam
1683 5043 1752 5096 uti

211 5141 368 5205 possit-
392 5153 562 5197 mente
587 5151 747 5210 atque
785 5139 1011 5204 ratione,
1044 5152 1148 5190 non
1174 5138 1372 5207 regitur
1393 5138 1490 5190 nisi
1515 5137 1758 5191 sensibus

212 5231 385 5285 carnis.
427 5235 607 5288 anima
628 5215 690 5286 'in’
717 5246 888 5303 puero
909 5229 1150 5310 parvulo,
1181 5227 1319 5298 quod
1345 5227 1553 5282 auditur
1575 5226 1758 5306 ,quod

215 5319 419 5386 videtur,
447 5323 600 5394 qilod-
625 5323 734 5378 olet
756 5365 772 5388 ,
799 5321 950 5392 quod'
976 5319 1110 5388 sapit
1134 5362 1147 5382 ,
1179 5318 1322 5388 quod
1352 5328 1490 5373 tactu
1516 5320 1757 5385 sentitur,

219 5407 308 5464 hoc
333 5417 517 5481 appetit
544 5423 636 5469 aut
664 5413 812 5483 fugit.
853 5411 1068 5480 Appetit
1097 5410 1348 5488 quidquid
1379 5411 1608 5488 mulcet,
1635 5409 1764 5479 fugit

219 5492 692 5571 quidqtiiiltoil’eoiliti
704 5505 804 5557 ltns’
823 5485 1292 5572 qtiin't'ltte'serisus'
1325 5499 1438 5554 Hos
1452 5485 1591 5555 enim
1614 5503 1763 5570 quin-

221 5603 312 5659 que
347 5588 523 5653 sensus
558 5597 754 5651 mulcet
785 5595 1061 5663 voluptas,
1092 5592 1311 5647 offendit
1348 5593 1516 5646 dolor.
1560 5592 1762 5648 Secun-
1791 5652 1793 5656 ,

221 5680 334 5737 dum
377 5685 465 5745 hos
502 5692 734 5761 quinque
775 5701 1002 5754 sensus,
1049 5693 1296 5756 tanquam
1332 5685 1561 5755 quinque
1600 5687 1762 5752 viros,

282 5816 350 5882 (α)
371 5821 436 5884 Sic
452 5821 693 5874 intellexit
719 5823 1002 5884 Ambrosius
1022 5823 1070 5870 in
1103 5828 1232 5884 Luc,
1258 5835 1392 5884 capp.
1437 5820 1492 5869 14
1516 5828 1565 5871 et
1599 5823 1674 5874 illi.
1718 5834 1770 5875 at

226 5879 405 5938 Origeni
419 5895 518 5934 cum
533 5883 1058 5947 iugitstino‘mest
1070 5879 1332 5946 signiﬁcari
1341 5879 1528 5933 aeris-.15
1539 5887 1765 5934 αιιοιῖιη-ις.

1701 5995 1890 6040 ,6η

1281 439 1688 499 τιιΑεσι-Ατυε
1724 438 1842 496 xv.
1881 441 2108 503 CAPUT
2146 427 2234 502 tv:

3275 441 3411 517 l5l8

1831 559 1975 629 prius
1999 561 2129 615 vivit
2156 561 2365 628 anima;
2385 562 2504 634 quia
2527 563 2642 619 istis
2665 564 2885 636 regitur.
2911 566 3088 634 Quare
3107 579 3284 627 autem
3311 577 3409 632 viri

1834 648 1956 704 dicti
2003 653 2166 706 sunt?
2203 653 2332 720 Quia
2376 655 2614 724 legitimi.
2655 658 2697 710 A
2730 659 2836 713 Deo
2872 661 3066 730 quippe
3102 663 3258 731 facti,
3288 677 3341 722 et
3379 683 3410 723 a

1834 739 1945 795 Deo
1973 742 2152 797 donati
2181 748 2392 799 animm.
2432 746 2640 801 lnllrma
2672 759 2754 810 est
2776 750 2946 806 adlmc
2971 769 3090 821 qua!
3115 756 3229 809 istis
3254 760 3410 828 quin-

1833 846 1936 901 que
1959 835 2200 888 sensibus
2231 838 2450 907 regitur,
2478 848 2529 893 et
2559 842 2657 894 sub
2696 841 2812 896 istis
2837 843 3070 914 quinque
3111 847 3235 900 viris
3261 848 3364 917 agit
3393 867 3406 902 :

1833 934 1889 979 at
1919 926 2004 980 ubi
2043 929 2247 983 venerit
2289 930 2356 985 ad
2389 947 2557 986 annos
2591 935 2897 990 exserenda:
2943 939 3192 1002 rationis,
3221 941 3266 994 si
3293 956 3411 996 eam

1833 1016 2126 1088 Susceperit
2161 1020 2357 1088 Optima
2404 1021 2679 1092 disciplina
2721 1033 2776 1079 et
2819 1027 3054 1080 doctrina
3102 1032 3408 1098 sapientiae;

1834 1107 2066 1176 quinque
2087 1108 2189 1162 illis
2217 1108 2344 1163 viris
2366 1109 2431 1166 ad
2460 1113 2746 1182 regendum
2778 1131 2882 1168 non
2914 1118 3170 1186 succedit,
3206 1122 3302 1174 nisi
3331 1123 3412 1178 vir

1833 1211 1991 1250 verus
2019 1199 2282 1268 legitimus
2310 1210 2364 1255 et
2391 1201 2494 1256 illis
2523 1203 2729 1268 melior,
2755 1215 2806 1260 ct
2837 1209 2922 1273 qui
2955 1210 3140 1262 melius
3165 1221 3328 1280 regat,
3358 1225 3413 1266 et

1833 1293 1922 1360 qui
1947 1291 2014 1345 ad
2041 1295 2390 1350 aeternitatem
2417 1307 2561 1368 regat
2582 1339 2595 1360 ,
2619 1298 2685 1351 ad
2714 1299 3058 1356 aeternitatem
3087 1306 3314 1371 excolat,
3344 1307 3408 1360 ad

1835 1384 2184 1439 aeternitatem
2230 1385 2471 1440 instruat.
2514 1387 2642 1443 Nam
2685 1391 2785 1444 nisi
2821 1394 3050 1461 quinque
3087 1410 3274 1450 sensus
3306 1413 3409 1450 non

1835 1470 1900 1526 ad
1926 1475 2273 1529 aeternitatem
2300 1492 2398 1531 nos
2427 1488 2635 1548 regunt,
2664 1481 2756 1534 sed
2779 1483 2843 1535 ad
2870 1483 2967 1536 ista
3001 1488 3306 1553 temporalia
3330 1491 3410 1542 vel

1835 1566 2130 1634 appetenda
2158 1568 2236 1620 vel
2261 1566 2524 1638 fugienda.
2558 1570 2655 1626 Ubi
2679 1588 2800 1627 vero
2830 1573 3124 1633 intellectus
3153 1580 3406 1648 sapientia

1835 1654 2067 1709 imbutus
2089 1673 2272 1726 regere
2297 1663 2518 1728 cmperit
2544 1664 2802 1728 animam,
2827 1669 2924 1718 scit
2958 1666 3069 1735 jam
3101 1686 3202 1722 non
3238 1672 3409 1723 solum

1835 1746 2019 1816 fugere
2043 1749 2268 1814 foveam,
2286 1763 2336 1806 et
2359 1755 2628 1810 ambulare
2646 1757 2831 1830 inasqu
2853 1759 2901 1810 lii
2919 1759 3057 1826 quod
3081 1761 3214 1814 oculi
3235 1772 3412 1830 esteo-

1835 1837 1965 1891 dunt
1990 1841 2180 1895 animus
2212 1844 2430 1896 infirmae
2456 1862 2469 1898 :
2504 1861 2601 1900 nec
2632 1856 2836 1900 tantum
2861 1864 3082 1904 canoras
3106 1866 3259 1908 voces
3285 1869 3412 1926 sua-

1835 1931 1969 1985 viter
1999 1934 2200 1995 audire,
2234 1935 2577 2004 dissonasqtte
2606 1940 2899 2006 repellere;
2942 1943 3020 1994 vel
3052 1942 3254 1996 blandis
3279 1946 3409 2014 odo-

1835 2020 1984 2076 ribus
2018 2023 2307 2087 delectari,
2338 2036 2652 2096 putoresque
2695 2044 2976 2099 respuere;
3003 2043 3091 2086 aut
3134 2033 3415 2092 dulcedine

1836 2113 1982 2181 capi,
2010 2123 2066 2168 et
2093 2117 2442 2172 amaritudine
2469 2119 2694 2180 ofl’eudi;
2726 2129 2815 2173 aut
2845 2123 3048 2178 leuibus
3080 2127 3294 2181 mulceri
3317 2169 3339 2214 ,Ἰ
3362 2138 3417 2184 et

1837 2204 2040 2272 asperis
2064 2205 2206 2261 lardi.
2240 2207 2337 2261 Ista
2360 2209 2498 2262 enim
2522 2211 2694 2264 omnia
2721 2213 2940 2267 inlirma:
2965 2217 3154 2270 anima:
3180 2230 3301 2273 sunt
3324 2204 3416 2292 ne-

1837 2295 2087 2351 cessaria.
2117 2297 2252 2366 Quid
2281 2315 2406 2370 ergo
2435 2303 2702 2370 regiminis
2733 2305 3011 2361 adhibetur
3040 2325 3134 2377 per
3161 2312 3304 2366 illum
3336 2314 3414 2368 in-

1840 2385 2150 2440 tellectum?
2188 2389 2301 2444 Non
2345 2391 2462 2445 alba
2520 2402 2571 2447 et
2625 2396 2770 2464 nigra
2810 2398 3134 2455 discreturos
3169 2414 3282 2472 est,
3321 2407 3414 2480 sed

1834 2475 1974 2544 justa
2004 2487 2057 2532 et
2089 2479 2300 2547 injusta,
2334 2482 2464 2535 bona
2493 2494 2540 2539 et
2569 2488 2725 2547 mala,
2751 2489 2893 2542 utilia
2924 2501 2976 2544 et
3002 2494 3221 2561 inutilia,
3255 2475 3417 2552 casti-

1841 2577 2000 2622 tatem
2033 2583 2080 2624 ct
2115 2574 2508 2641 impudicitiam,
2543 2575 2677 2631 hanc
2705 2590 2758 2633 ut
2785 2592 2961 2648 amet,
2988 2584 3139 2638 istam
3177 2597 3233 2641 ut
3259 2591 3414 2656 vitet;

1841 2660 2153 2717 charitatem
2181 2674 2233 2717 ct
2260 2664 2458 2728 odium,
2489 2668 2538 2720 in
2569 2667 2666 2723 hac
2697 2681 2750 2722 ut
2776 2673 2863 2734 sit,
2899 2675 2948 2726 in
2983 2677 3069 2730 illo
3100 2687 3154 2731 ut
3183 2696 3284 2733 non
3325 2683 3414 2736 sit.

1911 2753 1998 2807 22.
2044 2755 2137 2808 Hic
2168 2757 2244 2808 vir
2272 2758 2501 2828 quinque
2531 2760 2635 2813 illis
2665 2762 2792 2817 viris
2836 2764 2885 2816 iu
2923 2766 3018 2819 ista
3057 2769 3276 2825 muliere
3311 2788 3416 2828 non

1843 2854 2190 2899 successerat.
2235 2845 2332 2900 Ubi
2384 2848 2524 2901 enim
2574 2867 2675 2904 non
2716 2853 2958 2916 succedit,
2997 2857 3117 2924 illc,
3147 2875 3296 2914 error
3324 2861 3418 2916 do~

1845 2936 2093 2991 minatur.
2137 2937 2265 2993 Nam
2295 2955 2412 2994 cum
2442 2945 2664 3010 cmperit
2704 2947 2874 3001 anima
2905 2964 3066 3018 capax
3101 2966 3220 3007 esse
3258 2955 3419 3010 ratio-

1844 3027 1960 3094 nis,
1991 3036 2082 3082 aut
2117 3045 2146 3082 a
2184 3033 2419 3100 sapiente
2459 3046 2636 3090 mente
2676 3039 2904 3107 regitur,
2955 3052 3042 3096 aut
3087 3045 3154 3098 ab
3195 3021 3417 3104 errore:

1845 3116 1934 3170 sed
1966 3133 2115 3172 error
2142 3135 2245 3172 non
2275 3122 2434 3190 regit,
2463 3124 2555 3178 sed
2586 3127 2773 3192 perdit.
2805 3128 2930 3184 Post
2961 3131 3089 3187 istos
3117 3148 3244 3206 ergo
3267 3140 3422 3210 quiu-

1844 3221 1948 3275 que
1975 3223 2162 3263 sensus
2192 3211 2382 3264 mulier
2420 3211 2506 3266 illa
2547 3214 2717 3268 adhuc
2751 3219 2991 3284 errabat,
3019 3230 3072 3276 et
3111 3238 3260 3278 error
3300 3242 3418 3283 eam

1845 3299 2149 3352 ventilabat.
2198 3299 2362 3356 Error
2398 3314 2572 3359 autem
2610 3305 2708 3359 iste
2746 3323 2848 3362 non
2889 3322 3003 3364 erat
3029 3312 3292 3383 legitimus
3318 3319 3418 3387 vir,

1845 3390 1937 3444 sed
1985 3390 2240 3445 adulter:
2286 3393 2404 3447 ideo
2455 3396 2503 3450 ei
2553 3396 2838 3464 Dominus,
2883 3401 2994 3469 ait,
3047 3401 3180 3460 Bene
3225 3406 3418 3480 dixisti,

1850 3480 1979 3547 Quia
2019 3499 2118 3536 non
2166 3484 2323 3539 habeo
2353 3488 2528 3542 virum.
2583 3488 2813 3561 Quinque
2840 3495 2970 3548 enim
2998 3495 3127 3550 viros
3168 3499 3423 3556 habuisti:

1846 3573 2078 3641 quinque
2121 3582 2174 3641 te
2227 3589 2414 3630 sensus
2462 3579 2636 3633 carnis
2683 3581 2852 3649 primo
2900 3594 3185 3653 rexerant;
3233 3592 3422 3646 venisti

1846 3663 1912 3716 ad
1950 3673 2160 3719 aetatem
2190 3667 2396 3721 utendze
2438 3671 2684 3736 rationis,
2717 3689 2816 3727 nec
2853 3675 2918 3729 ad
2949 3678 3256 3746 sapientiam
3298 3697 3424 3751 per-

1847 3757 2066 3820 venisti,
2115 3757 2211 3812 sed
2255 3759 2305 3812 in
2355 3776 2590 3815 errorem
2640 3763 2887 3820 incidisti.
2941 3767 3082 3837 Ergo
3131 3781 3251 3840 post
3306 3774 3423 3827 illos

1848 3847 2080 3915 quinque
2105 3850 2243 3902 viros
2263 3891 2278 3915 ,
2319 3851 2412 3904 iste
2437 3868 2582 3920 quem
2620 3855 2800 3920 habes,
2832 3874 2932 3912 non
2959 3841 3182 3916 est'ttms
3223 3866 3313 3917 vir.
3364 3868 3427 3920 Et

1848 3936 1972 4002 quid
2004 3946 2133 4001 erat,
2161 3939 2204 3992 si
2241 3941 2319 3992 vir
2348 3956 2450 3993 non
2478 3953 2621 4008 erat,
2661 3945 2758 3998 nisi
2784 3947 3035 4002 adulter?
3078 3950 3208 4005 Voca
3252 3954 3427 4023 itaque

1852 4040 1958 4078 non
1984 4027 2302 4090 adulterum,
2335 4029 2426 4083 sed
2454 4033 2608 4083 virum
2648 4041 2786 4086 tuum
2808 4053 2828 4099 ;
2857 4046 2911 4088 ut
2940 4037 3203 4094 intellectu
3230 4059 3315 4097 me
3340 4060 3423 4097 ca-

1850 4114 1984 4182 pias,
2013 4131 2115 4168 non
2146 4131 2326 4171 errore
2345 4117 2413 4172 de
2439 4135 2522 4172 me
2549 4121 2741 4190 aliquid
2771 4123 2956 4179 falsum
2982 4129 3199 4184 sentias.
3240 4133 3426 4188 Adlme

1851 4205 1989 4258 enim
2012 4208 2222 4260 errabat
2240 4209 2447 4274 mulier,
2471 4226 2589 4279 qua}
2609 4227 2798 4281 aquam
2827 4215 2967 4270 illam
2990 4221 3281 4288 cogitabat;
3305 4240 3424 4279 cum

1846 4296 1956 4363 jam
1984 4296 2237 4351 Dominus
2268 4298 2333 4351 dc
2355 4299 2551 4368 Spiritu
2581 4312 2763 4357 sancto
2791 4306 3110 4375 loqueretur.
3139 4312 3314 4377 Quare
3335 4332 3424 4368 er-

1855 4389 2020 4451 rabat,
2052 4391 2148 4444 nisi
2175 4392 2293 4460 quia
2326 4393 2640 4461 adulterum,
2667 4412 2768 4450 nou
2795 4400 2965 4453 virum
2989 4401 3251 4459 habebat?
3279 4406 3428 4463 Tolle

1853 4494 1979 4549 ergo
2005 4481 2126 4536 hinc
2153 4485 2308 4537 istum
2337 4483 2634 4540 adultermn
2664 4490 2751 4557 qui
2781 4498 2830 4544 te
2858 4495 3176 4562 corrumpit,
3203 4506 3255 4551 et
3283 4500 3428 4564 vade,

1853 4587 1974 4626 voca
1997 4574 2156 4626 virum
2178 4585 2335 4627 tuum.
2373 4576 2527 4637 Voca.
2560 4585 2615 4633 et
2637 4581 2777 4645 veni,
2812 4591 2866 4635 ut
2893 4583 3152 4655 intelligas
3182 4604 3284 4641 me.

1924 4661 2015 4717 25.
2058 4661 2189 4716 Dicit
2212 4664 2258 4716 ei
2285 4665 2465 4719 mulier
2492 4682 2508 4718 :
2532 4665 2765 4735 Domine,
2798 4672 2936 4726 video
2965 4675 3082 4741 quia
3110 4677 3354 4746 propheta
3383 4697 3432 4733 es

1857 4764 1929 4809 tu.
1970 4755 2143 4825 Coepit
2171 4756 2346 4812 venire
2387 4759 2498 4824 vir,
2530 4759 2760 4815 nondum
2801 4763 2954 4832 plene
2983 4767 3144 4823 venit.
3189 4768 3430 4839 Pmphc-

1860 4854 1964 4901 tam
1988 4849 2267 4902 Dominum
2296 4849 2528 4918 putabat.
2556 4851 2677 4906 Erat
2695 4853 2904 4923 quidem
2928 4866 2978 4910 et.
3003 4858 3251 4928 prOpheta
3275 4879 3286 4914 :
3309 4879 3430 4917 nam

1859 4937 1926 4992 de
1951 4941 2126 5008 seipse
2150 4938 2242 5003 ait,
2270 4940 2390 4994 Non
2412 4950 2482 4994 est
2509 4944 2754 5012 prapheta
2776 4946 2882 4999 sine
2907 4942 3112 5014 limere,
3142 4951 3240 5004 nisi
3267 4953 3315 5006 in
3345 4971 3436 5023 pa-

1861 5032 1957 5084 tria
1983 5048 2075 5084 sua
2094 5030 2238 5100 (Luc.
2265 5032 2459 5103 “524).
2495 5034 2622 5089 item
2652 5035 2718 5091 de
2748 5037 2838 5091 illo
2865 5039 3060 5094 dictum
3084 5050 3164 5097 est
3187 5044 3252 5099 ad
3285 5045 3436 5118 Moy—

1861 5135 1954 5176 sen
1975 5163 1989 5187 ,
2022 5120 2330 5190 Prophetam
2357 5125 2426 5179 eis
2451 5126 2698 5180 suscitabo
2727 5128 2789 5182 de
2816 5130 3052 5197 fratribus
3081 5150 3270 5201 eorum,
3297 5139 3436 5192 simi-

1864 5211 1961 5266 lem
1988 5212 2062 5266 tui
2087 5211 2555 5287 (Deut.xvnt,l8).
2597 5214 2835 5272 Similem
2867 5221 3065 5277 scilicet
3102 5224 3166 5278 ad
3215 5225 3436 5282 formam

1865 5304 2076 5367 carnis,
2107 5319 2211 5356 non
2249 5303 2313 5356 ad
2341 5305 2679 5360 eminentiam
2713 5303 3019 5378 majestalis.
3061 5312 3200 5383 Ergo
3231 5315 3437 5371 inveni-

1868 5411 1986 5450 mus
2009 5394 2285 5448 Dominum
2306 5395 2486 5450 Jesum
2508 5397 2704 5452 dictum
2730 5401 3056 5469 prophetam.
3090 5405 3315 5459 Proinde
3326 5407 3435 5474 jam

1870 5501 1972 5541 non
2016 5487 2236 5540 multum
2275 5496 2419 5541 errat
2452 5489 2655 5543 mulier
2688 5489 2807 5545 ista.
2856 5490 3047 5557 Video,
3089 5495 3256 5566 inquit
3281 5537 3295 5560 ,
3322 5498 3440 5564 quia

1872 5579 2198 5649 prop/relate:
2234 5589 2304 5632 tu.
2347 5579 2536 5649 Incipit
2563 5595 2757 5636 vocare
2792 5583 2984 5647 virum,
3017 5583 3310 5639 adulterum
3343 5603 3440 5643 ex-

1871 5672 2088 5727 cludere
2114 5690 2125 5724 :
2157 5670 2311 5724 Video
2334 5673 2450 5740 quia
2476 5658 2788 5743 prophetaes
2812 5683 2884 5725 tu.
2913 5674 2976 5727 Et
2999 5673 3179 5742 incipit
3203 5693 3443 5744 qunrrere

1873 5762 2012 5833 quod
2037 5763 2177 5816 illam
2203 5763 2338 5818 solet
2354 5777 2586 5818 movere.
2609 5762 2885 5818 Contentio
2902 5764 3094 5833 quippe
3111 5764 3280 5822 fuerat
3310 5769 3447 5825 inter

1879 5856 2240 5913 Samaritanus
2268 5864 2315 5909 ct
2344 5855 2574 5919 .ludueos,
2604 5853 3271 5928 quialtulutiiu-templaa
3291 5860 3443 5918 Seio-

2645 6021 2672 6047 ν
