3916 6366
508 389 640 445 1519

504 515 662 559 mone
692 498 945 555 fabricato
986 494 1278 552 adorabunt
1321 494 1519 556 Deum;
1565 490 1882 547 Samaritani
1924 488 2083 559 longe

503 592 629 648 inde
655 589 830 661 positi,
858 606 961 643 non
991 589 1042 642 in
1072 603 1137 643 eo
1156 584 1466 641 adorabant.
1494 582 1617 638 Ideo
1640 581 1808 639 Judaei
1836 581 2088 636 meliores

502 704 563 743 se
585 701 704 743 esse
719 683 1010 755 jactabant,
1031 682 1154 752 quia
1182 680 1234 735 in
1258 678 1456 749 templo
1471 676 1725 732 adorabat
1750 676 1936 731 Deum.
1963 671 2086 728 Non

501 780 635 833 enim
664 785 932 831 coutuntur
952 772 1125 827 Juda‘i
1149 769 1487 827 Samaritanis
1517 783 1535 823 :
1560 768 1681 839 quia
1709 766 1956 823 dicebam
1983 765 2083 832 eis,

498 867 779 937 Quomodo
800 882 891 920 vos
914 864 1145 935 jactatis.
1168 870 1224 918 et
1246 861 1367 917 ideo
1394 876 1489 917 vos
1517 860 1765 915 meliores
1787 858 1939 914 nobis
1964 870 2085 913 esse

497 959 810 1032 perhibetis,
841 957 961 1027 quia
992 954 1245 1026 templum
1274 953 1478 1009 habetis
1502 951 1642 1023 quod
1670 966 1767 1009 nos
1791 965 1898 1006 non
1924 948 2085 1004 habe-

497 1048 663 1105 mus?
701 1046 965 1118 Numquid
996 1056 1174 1117 patres
1202 1044 1369 1099 nostri
1405 1042 1497 1114 qui
1535 1043 1643 1098 Deo
1677 1042 1989 1113 placuerunt
2027 1041 2081 1095 in

500 1139 595 1194 illo
624 1138 825 1209 templo
862 1135 1266 1203 adoraverunt?
1299 1150 1475 1189 nonne
1513 1133 1565 1188 in
1604 1143 1782 1188 monte
1822 1132 1924 1187 isto
1952 1130 2084 1186 ado-

498 1239 775 1295 ravcrunt,
825 1228 915 1284 ubi
956 1243 1054 1284 nos
1077 1228 1298 1284 sumus?
1323 1226 1510 1281 Melius
1528 1240 1657 1297 ergo
1677 1239 1795 1291 nos,
1820 1224 2082 1294 inquiunt,

501 1320 554 1375 in
593 1321 694 1375 hoc
724 1330 904 1375 monte
918 1320 1092 1374 Deum
1117 1332 1382 1389 rogamus,
1414 1316 1502 1372 ubi
1532 1326 1712 1387 patres
1741 1314 1907 1369 nostri
1934 1328 2087 1385 roga-

502 1422 711 1468 verunt.
734 1411 1137 1467 Contendebant
1163 1410 1373 1479 utrique
1401 1408 1590 1480 ignari,
1627 1408 1748 1478 quia
1781 1407 1950 1461 virum
1978 1420 2084 1461 non

498 1503 755 1560 habentes
784 1522 798 1557 :
827 1504 899 1558 illi
932 1518 1027 1575 pro
1064 1502 1291 1573 templo,
1326 1502 1400 1557 illi
1429 1515 1527 1571 pro
1555 1508 1738 1556 monte
1767 1498 2087 1555 inﬂabantur

501 1595 759 1651 adversus
790 1595 1035 1650 invicem.

566 1686 657 1741 24.
705 1685 960 1740 Dominus
1001 1693 1174 1739 tamen
1216 1681 1376 1738 modo
1418 1681 1542 1754 quid
1586 1680 1744 1737 docet
1783 1680 2081 1748 mulierem,

499 1786 748 1848 tanquam
777 1777 928 1845 cujus
953 1777 1031 1829 vir
1055 1775 1277 1844 eruperit
1302 1789 1537 1844 praesens
1565 1773 1723 1828 esse?
1748 1772 1883 1826 Dicit
1908 1772 1953 1825 ci
1976 1788 2087 1826 mu-

497 1872 591 1927 lier
624 1887 641 1926 :
678 1871 915 1934 Domine,
945 1869 1087 1923 video
1119 1869 1235 1939 quia
1266 1868 1511 1939 propheta
1540 1883 1590 1921 es
1617 1876 1688 1920 tu.
1725 1864 1903 1919 Patres
1929 1866 2086 1921 nostri

498 1966 552 2017 in
576 1972 743 2017 monte
769 1962 862 2015 hoc
883 1960 1236 2023 adoraverunt,
1260 1969 1304 2013 et
1330 1975 1413 2013 ros
1435 1960 1598 2012 dicitis
1618 1959 1735 2030 quia
1753 1956 2085 2027 Jerosolymis

495 2064 568 2109 est
593 2054 733 2108 locus
762 2054 845 2107 ubi
866 2054 881 2085 ¹
911 2053 1125 2106 adorare
1161 2062 1374 2123 oportet.
1409 2050 1541 2105 Dicit
1565 2052 1612 2106 ei
1635 2049 1784 2105 Iesus
1821 2066 1839 2103 :
1873 2048 2081 2117 Mulier,

495 2145 642 2199 crede
671 2145 811 2198 mihi.
848 2144 1038 2200 Veniet
1063 2143 1202 2199 enim
1238 2143 1473 2198 Ecclesia
1495 2184 1509 2210 ,
1546 2143 1683 2197 sicut
1704 2142 1899 2196 dictum
1924 2150 2006 2195 est
2030 2141 2083 2195 in

494 2240 727 2296 Canticis
753 2238 1100 2303 canticorum,
1129 2238 1288 2291 veniet
1316 2247 1361 2290 et
1387 2237 1683 2307 pertransiet
1705 2236 1767 2289 ab
1796 2234 1937 2289 initio
1962 2233 2085 2304 ﬁdei

495 2330 668 2401 (Cant.
693 2348 764 2398 tv,
791 2330 844 2393 8.
877 2348 973 2385 see.
998 2330 1184 2401 LXX).
1217 2329 1407 2385 Veniet
1433 2340 1488 2383 ut
1513 2338 1860 2400 pertranseat,
1885 2337 1940 2383 et
1964 2343 2083 2398 per-

493 2422 722 2477 transire
761 2438 865 2477 non
912 2429 1087 2491 potest
1128 2420 1230 2475 nisi
1268 2421 1332 2474 ab
1376 2420 1517 2474 initio
1562 2419 1701 2489 fidei.
1748 2419 1933 2475 Merito
1970 2418 2081 2489 jam

493 2524 758 2584 prasente
785 2512 898 2568 viro
923 2512 1091 2578 audit,
1122 2511 1330 2577 Mulier,
1357 2511 1504 2566 crede
1528 2511 1667 2565 mihi.
1698 2509 1815 2566 Jant
1839 2509 1980 2565 enim
2000 2517 2084 2565 est

492 2607 545 2661 in
575 2617 625 2662 te
652 2607 740 2676 qui
766 2605 981 2670 credat,
1023 2604 1144 2675 quia
1186 2618 1422 2673 praesens
1455 2614 1539 2657 est
1568 2602 1648 2656 vir
1676 2611 1818 2657 tuus.
1860 2600 2081 2671 Cmpisti

491 2696 679 2753 adesse
707 2697 1015 2761 intellectu,
1057 2694 1271 2765 quando
1310 2710 1395 2749 me
1437 2694 1748 2763 prophetam
1783 2693 2077 2764 appellasti.

490 2788 701 2853 Mulier,
733 2791 877 2842 crede
901 2788 1024 2840 mihi
1052 2803 1069 2839 :
1096 2786 1218 2857 quia
1247 2787 1346 2839 nisi
1367 2786 1721 2851 credideritis,
1749 2802 1854 2840 non
1883 2784 2080 2840 intelli-

490 2881 624 2949 getis
652 2878 804 2953 (Isai.
829 2895 917 2943 vn,
943 2877 996 2942 9,
1020 2894 1120 2931 sec.
1143 2876 1328 2945 LXX).
1353 2876 1516 2948 Ergo,
1543 2875 1748 2942 Mulier,
1770 2876 1915 2930 crede
1935 2876 2077 2941 mihi,

491 2971 610 3040 quia
638 2971 795 3023 veniet
823 2970 968 3033 hora,
996 2966 1200 3037 quando
1230 2983 1387 3036 neque
1412 2968 1465 3020 in
1496 2977 1662 3020 monte
1689 2966 1782 3021 hoc
1802 3009 1817 3034 ,
1848 2984 2005 3036 neque
2025 2969 2082 3022 in

489 3060 823 3130 Jerosolymis
864 3059 1139 3112 adorabitis
1170 3056 1391 3111 Patrem.
1446 3056 1542 3112 Vos
1568 3058 1792 3113 adoratis
1828 3057 1962 3128 quod
1996 3074 2084 3112 ne-

488 3150 650 3215 scitis,
676 3167 767 3204 nos
794 3149 1066 3203 adoramus
1091 3148 1227 3221 quod
1251 3151 1469 3214 scimus;
1498 3150 1615 3218 quia
1640 3150 1778 3204 salus
1802 3166 1864 3204 ex
1885 3149 2082 3205 Iudicis

493 3252 583 3298 est.
620 3242 725 3297 Sed
754 3243 911 3295 ueniet
940 3244 1085 3296 hora.
1126 3241 1386 3310 Quando?
1411 3239 1481 3296 Et
1517 3258 1649 3297 nunc
1676 3253 1765 3299 est.
1798 3243 1926 3312 Qua:
1955 3259 2082 3316 ergo

492 3335 667 3389 hora?
712 3334 929 3399 Quando
975 3332 1078 3388 veri
1118 3333 1411 3387 adoratores
1456 3332 1736 3387 adorabunt
1780 3332 1987 3387 Patrem
2029 3336 2083 3389 in

489 3427 673 3498 spiritu
697 3436 743 3480 et
770 3426 1011 3489 veritate;
1043 3440 1146 3479 non
1178 3425 1228 3479 in
1260 3435 1441 3480 monte
1470 3425 1572 3479 isto
1592 3466 1606 3490 ,
1639 3440 1743 3480 non
1777 3425 1829 3480 in
1857 3426 2078 3498 templo,

492 3518 588 3574 sed
619 3517 670 3572 in
705 3516 892 3587 spiritu
920 3526 973 3569 et
1000 3516 1239 3570 veritate.
1274 3513 1413 3568 Nam
1451 3524 1497 3568 et
1537 3514 1691 3570 Pater
1719 3516 1844 3570 tales
1880 3518 2078 3587 qua'rit,

491 3611 577 3681 qui
600 3610 810 3664 adorent
836 3624 967 3661 eum.
998 3609 1173 3675 Quare
1193 3607 1351 3662 Pater
1377 3606 1507 3661 tales
1530 3608 1720 3677 quaerit
1743 3610 1834 3679 qui
1856 3609 2081 3665 adorent

494 3717 638 3768 eum,
665 3716 767 3755 non
802 3698 853 3753 in
883 3707 1097 3765 monte,
1129 3712 1231 3752 non
1259 3697 1310 3752 in
1342 3697 1567 3768 templo,
1600 3698 1693 3754 sed
1724 3699 1777 3754 in
1817 3700 2003 3770 spiritu
2029 3712 2082 3756 et

494 3791 754 3845 veritate?
775 3789 1002 3861 Spiritus
1022 3797 1093 3843 est
1114 3787 1272 3843 Deus.
1294 3788 1347 3843 Si
1369 3802 1563 3859 corpus
1582 3798 1724 3845 esset
1742 3790 1903 3856 Deus,
1926 3806 2085 3862 opor-

497 3880 642 3937 tebat
661 3896 781 3937 eum
802 3880 1014 3935 adorari
1040 3881 1090 3933 in
1113 3887 1313 3943 monte,
1341 3878 1461 3948 quia
1484 3894 1771 3948 corporeus
1790 3889 2079 3948 estmons;

497 3974 778 4044 oportebat
796 3990 917 4029 eum
945 3972 1157 4029 adorari
1185 3972 1236 4026 iu
1264 3971 1483 4040 templo,
1510 3973 1634 4042 quia
1660 3988 1972 4043 corporeum
2000 3982 2083 4030 est

495 4066 774 4137 templum.
800 4065 1024 4136 Spiritus
1045 4073 1115 4120 est
1141 4061 1312 4126 Deus;
1342 4072 1390 4116 et
1409 4079 1493 4118 eos
1514 4063 1602 4132 qui
1628 4064 1843 4119 adorant
1867 4081 2001 4133 eum,
2029 4065 2082 4121 in

494 4160 677 4231 spiritu
706 4167 753 4212 et
778 4158 983 4212 veritate
1009 4164 1201 4227 Oportet
1226 4155 1459 4209 adorare.

567 4250 657 4305 35.
687 4249 1034 4315 Audivimus,
1064 4256 1117 4303 et
1147 4246 1481 4301 manifestum
1513 4253 1629 4313 est;
1661 4244 1803 4301 foras
1828 4248 2077 4314 ieramus,

494 4344 638 4401 intro
667 4343 813 4398 missi
840 4356 1046 4397 smnus.
1075 4339 1119 4395 0
1144 4340 1191 4395 si
1218 4340 1505 4394 invenirem
1525 4378 1540 4404 ,
1576 4338 1818 4403 dicebas,
1846 4346 2081 4393 montem

498 4437 728 4506 aliquem
758 4434 921 4488 altum
951 4441 1007 4488 et
1029 4432 1359 4487 solitarium!
1390 4430 1552 4486 credo
1576 4430 1717 4485 enim
1744 4431 1863 4502 quia
1894 4431 1945 4484 in
1974 4430 2082 4487 alto

498 4537 585 4584 est
605 4528 765 4592 Deus,
792 4527 959 4596 magis
983 4538 1069 4579 me
1090 4523 1304 4577 exaudit
1328 4538 1392 4579 ex
1418 4522 1545 4577 alto.
1567 4521 1699 4590 Quia
1724 4523 1776 4577 in
1799 4533 1980 4579 monte
1998 4538 2079 4592 es,

444 4652 451 4683 λ
495 4616 854 4688 propinquum
887 4625 940 4671 te
976 4615 1086 4669 Deo
1122 4623 1303 4684 putas,
1334 4621 1389 4668 et
1413 4613 1519 4668 cito
1550 4621 1601 4667 te
1624 4614 1891 4683 exaudiri,
1930 4615 2080 4685 quasi

495 4709 563 4765 de
591 4710 833 4779 proximo
856 4707 1211 4765 clamantem?
1240 4707 1295 4762 In
1331 4706 1556 4764 excelsis
1589 4706 1819 4775 habitat,
1854 4709 1947 4764 sed
1982 4710 2079 4765 hu-

442 4796 459 4870 ,ξ
494 4801 640 4855 milia
659 4799 882 4870 respicit.
910 4797 1078 4869 Ρνορι
1099 4807 1171 4853 est
1192 4797 1464 4853 Dominus.
1495 4798 1734 4866 Quibus?
1762 4799 1899 4856 forte
1926 4802 2080 4857 altis?

441 4862 459 4949 ί
504 4889 599 4946 His
623 4894 707 4963 qui
731 4862 1035 4947 obtriverant
1058 4907 1144 4945 cor
1166 4890 1339 4961 (Psal.
1364 4862 1557 4959 xxxni,
1584 4892 1693 4962 i9).
1715 4892 1843 4949 Mira
1864 4910 1949 4950 res
1968 4905 2076 4952 est:

498 4993 554 5039 et
581 4984 634 5038 in
659 4983 777 5038 altis
806 4982 1040 5048 habitat,
1082 4990 1136 5037 et
1171 4981 1454 5038 humilibus
1481 4984 1797 5054 propinquat
1826 5003 1838 5040 :
1870 4987 2081 5043 humilia

495 5074 720 5145 respicit,
744 5074 939 5129 excelsa
961 5082 1129 5127 autem
1152 5089 1183 5126 a
1208 5072 1355 5146 longe
1378 5076 1629 5145 cognoscit
1656 5074 1823 5147 (Psal.
1846 5094 2074 5148 cxxxvn,

400 5176 407 5187 ·’
496 5164 591 5237 6);
619 5165 879 5234 superbos
906 5164 1063 5235 longe
1099 5164 1278 5230 videt,
1309 5181 1375 5221 eo
1404 5167 1509 5222 illis
1537 5169 1714 5224 minus
1743 5171 2075 5242 pmpiuquat,

492 5271 604 5330 quo
641 5256 743 5312 sibi
772 5255 1023 5311 videntur
1048 5256 1285 5312 altiores.
1324 5258 1612 5325 Quaerebas
1646 5276 1773 5333 ergo
1804 5266 2079 5320 montem?

495 5349 761 5407 descende
804 5358 861 5405 ut
896 5350 1144 5421 attingas.
1186 5349 1290 5407 Sed
1330 5352 1619 5408 ascendere
1657 5354 1772 5409 vis?
1811 5357 2077 5413 ascende:

496 5442 606 5497 noli
638 5450 872 5497 montem
914 5456 1177 5511 quaerere.
1208 5441 1563 5513 Ascensiones,
1605 5446 1804 5517 inquit,
1841 5448 1898 5503 in
1930 5449 2080 5506 corde

494 5534 606 5605 ejus
634 5532 761 5603 (hoc
785 5532 1026 5588 Psalmus
1048 5531 1231 5605 dicit),
1260 5534 1314 5588 in
1341 5536 1568 5591 convalle
1591 5537 1886 5607 plorationis
1905 5539 2075 5612 (Psal.

498 5638 718 5690 Lxxxut,
740 5622 793 5689 6,
817 5625 895 5695 7).
918 5623 1186 5679 Convallis
1206 5623 1557 5683 humilitatem
1579 5627 1755 5683 habet.
1781 5629 1916 5702 Ergo
1936 5631 2079 5689 intus

497 5729 597 5783 age
624 5724 812 5769 totum.
844 5715 912 5770 Et
940 5716 985 5770 si
1016 5716 1153 5772 forte
1185 5718 1382 5788 quaeris
1409 5718 1639 5787 aliquem
1682 5720 1853 5779 locum
1889 5725 2074 5795 altum,

572 5830 588 5861 ι
604 5832 655 5877 tn
674 5834 777 5875 uss.
802 5827 1051 5888 omittiuir,
1072 5832 1144 5880 est
1166 5827 1297 5879 locus
1318 5829 1413 5880 ubi.

1441 378 1502 431 IN
1540 375 1822 433 JUANNIS
1863 370 2328 440 EVANGELIUM,
2368 374 2427 430 S.
2468 372 2833 431 AUGUSTINI

3617 380 3734 441 1590

2191 488 2420 558 aliquem
2444 490 2615 545 locum
2636 497 2899 554 sanctum,
2920 490 3063 545 intus
3080 488 3270 547 exhibe
3290 498 3343 547 te
3364 494 3603 565 templum
3623 497 3731 555 Deo.

2191 579 2470 652 Templum
2491 582 2636 637 enim
2658 582 2753 638 Dei
2773 590 3015 637 sanetum
3035 593 3139 649 est,
3159 583 3300 656 quod
3318 586 3449 642 estis
3466 602 3558 643 vos
3578 588 3615 661 (l
3633 589 3731 649 Cor.

2189 688 2269 740 tn,
2299 675 2409 746 t7).
2442 675 2499 730 ln
2522 675 2719 745 templo
2741 675 2823 730 vis
2845 675 3039 731 orare?
3066 675 3121 731 in
3149 685 3200 733 te
3224 692 3340 733 ora.
3366 677 3469 734 Sed
3492 681 3624 750 prius
3640 694 3735 741 esto

2191 765 2445 836 templum
2467 766 2580 834 Dei,
2603 767 2723 838 quia
2742 767 2827 823 ille
2847 767 2900 821 in
2922 767 3121 838 templo
3136 783 3231 823 suo
3245 770 3492 827 exaudiet
3507 785 3733 832 orantem.

2259 859 2349 915 26.
2390 858 2537 913 Venit
2564 877 2681 932 ergo
2708 860 2854 926 hora,
2881 868 2929 915 ct
2951 877 3086 915 nunc
3111 870 3203 926 est,
3230 864 3437 933 quando
3457 866 3556 921 veri
3576 869 3735 925 adors-

2191 961 2322 1005 tores
2349 950 2632 1006 adorabunt
2657 950 2867 1006 Patrem
2898 952 2952 1006 in
2981 952 3162 1021 spiritu
3183 964 3232 1009 et
3253 955 3476 1012 veritate.
3504 956 3609 1014 Nos
3630 962 3735 1016 ado-

2188 1059 2361 1098 ramus
2383 1043 2516 1113 quod
2538 1044 2743 1109 scimus,
2767 1059 2852 1098 vos
2876 1043 3102 1099 adoratis
3128 1046 3261 1115 quod
3281 1048 3513 1115 nescitis;
3534 1052 3737 1120 quoniam

2188 1137 2326 1191 salus
2353 1153 2416 1191 ea:
2439 1133 2635 1191 luditis
2676 1145 2767 1192 est.
2806 1136 3027 1193 Multum
3066 1136 3215 1194 dedit
3248 1138 3449 1195 Judaeis
3481 1159 3495 1197 :
3528 1143 3615 1198 sed
3648 1144 3737 1200 noli

2191 1226 2320 1281 istos
2366 1228 2624 1297 reprobos
2668 1227 2932 1298 accipere.
2979 1227 3240 1284 Parietem
3287 1229 3436 1285 illum
3473 1232 3640 1303 accipe
3669 1235 3738 1289 uti

2189 1316 2471 1386 adjunctus
2494 1328 2577 1373 est
2598 1317 2753 1382 alius,
2784 1327 2839 1373 ut
2860 1318 3033 1388 pacati
3063 1319 3115 1374 in
3147 1318 3322 1390 lapide
3347 1322 3600 1392 angulari,
3623 1325 3736 1395 quod

2189 1418 2272 1464 est
2299 1407 2564 1471 Christus.
2589 1409 2922 1479 cepolentur.
2954 1408 3105 1466 Unus
3131 1412 3272 1466 enim
3303 1410 3479 1483 paries
3501 1428 3530 1467 a
3547 1413 3734 1483 induis,

2189 1514 2326 1555 unus
2350 1516 2378 1553 a
2406 1500 2666 1557 Gentibus
2690 1519 2703 1555 :
2727 1501 2886 1573 longe
2915 1518 2947 1557 a
2970 1517 3030 1558 se
3061 1504 3147 1558 isti
3174 1504 3442 1574 parietes,
3478 1505 3568 1562 sed
3596 1506 3738 1566 donec

2190 1592 2243 1647 in
2277 1593 2469 1663 angulo
2503 1594 2913 1663 conjungantur.
2955 1594 3282 1665 Alienigena:
3323 1604 3501 1652 autem
3537 1597 3738 1669 hospites

2189 1692 2374 1749 erant,
2428 1692 2483 1739 et
2535 1684 2799 1754 peregrini
2855 1699 2887 1739 a
2940 1686 3273 1741 testamentis
3322 1688 3416 1744 Dei
3463 1686 3659 1763 (Ephes.
3689 1706 3735 1757 tt,

2191 1771 2402 1845 12-22).
2431 1773 2731 1829 Secundum
2772 1775 2871 1831 hoc
2898 1789 3028 1847 ergo
3064 1775 3261 1832 dictum
3288 1786 3401 1847 est,
3439 1778 3547 1835 Nos
3568 1781 3725 1835 adora-

2188 1881 2301 1919 mus
2358 1865 2495 1934 quod
2559 1866 2764 1920 scimus.
2812 1865 2894 1922 Ex
2939 1881 3166 1937 persona
3213 1868 3434 1940 quidem
3473 1869 3735 1928 Judzorum

2188 1957 2386 2012 dictum
2418 1966 2533 2022 est,
2559 1957 2653 2013 sed
2682 1973 2787 2013 non
2816 1959 3054 2015 omnium
3083 1959 3424 2031 Iudaeorum,
3452 1978 3554 2021 non
3585 1979 3737 2034 repro-

2189 2047 2376 2102 borum
2402 2046 2705 2103 Judzeorum
2731 2068 2743 2102 :
2769 2050 2862 2105 sed
2891 2049 2959 2105 de
2986 2050 3231 2121 qualibus
3265 2050 3481 2109 fuerunt
3509 2054 3733 2125 Apostoli,

2188 2140 2373 2209 quales
2403 2139 2617 2195 fuerunt
2646 2140 2928 2209 Propheta:
2949 2183 2963 2207 ,
3001 2141 3187 2211 quales
3223 2140 3444 2199 fuerunt
3479 2144 3551 2199 illi
3585 2158 3736 2201 omnes

2189 2230 2389 2298 sancti,
2426 2230 2516 2302 qui
2552 2231 2731 2286 omnia
2765 2245 2861 2286 sua
2892 2231 3282 2301 vendiderunt,
3319 2243 3375 2290 et
3401 2235 3562 2305 pretia
3590 2250 3733 2291 rerum

2187 2336 2402 2378 suarum
2447 2321 2513 2377 ad
2564 2322 2729 2393 pedes
2766 2323 3147 2393 Apostolorum
3193 2334 3485 2395 posuerunt
3528 2326 3647 2398 (Act.
3677 2342 3732 2393 iv,

2188 2414 2257 2470 34
2275 2456 2291 2481 ,
2321 2415 2433 2486 35).
2476 2414 2590 2469 Non
2618 2417 2761 2471 enim
2789 2416 2985 2486 repulit
3012 2415 3153 2472 Deus
3188 2416 3403 2487 plebem
3440 2432 3583 2473 suam
3607 2432 3733 2491 quam

2187 2506 2453 2574 prmseivit
2481 2504 2656 2579 (Rom.
2686 2521 2744 2561 ιι
2758 2547 2775 2574 ,
2805 2506 2883 2577 2).

2257 2597 2346 2651 27.
2378 2597 2593 2652 Audivit
2617 2597 2719 2653 hoc
2745 2598 2939 2655 mulier
2962 2598 3094 2665 ista,
3125 2608 3181 2656 et
3204 2599 3430 2657 addidit.
3456 2599 3732 2657 Iamdudum

2189 2690 2497 2758 prophetam
2539 2689 2779 2758 dixerat;
2818 2691 2950 2747 vidit
2989 2693 3113 2748 talia
3150 2693 3335 2750 dicere
3372 2710 3491 2751 eum
3519 2708 3628 2749 cum
3650 2707 3733 2764 quo

2188 2779 2527 2849 loquebatur,
2556 2797 2674 2852 qua:
2695 2782 2805 2853 jam
2832 2783 2950 2853 plus
2982 2793 3163 2840 essent
3198 2784 3267 2841 ad
3308 2784 3733 2857 prophetam‘;et

2185 2872 2311 2942 quid
2357 2873 2665 2944 respondit,
2712 2874 2936 2931 videte:
2969 2874 3104 2930 Dicit
3146 2877 3194 2931 ei
3235 2877 3456 2944 mulier,
3500 2876 3610 2933 Scio
3639 2873 3733 2946 quia

2188 2962 2403 3018 Messias
2428 2965 2587 3019 veniet
2605 3006 2620 3029 ,
2647 2966 2733 3035 qui
2761 2965 2948 3020 dicitur
2973 2963 3204 3021 Christus
3235 2983 3255 3022 :
3284 2983 3403 3023 cum
3438 2982 3551 3039 ergo
3582 2961 3732 3020 merit

2185 3055 2304 3121 ille,
2345 3056 2515 3109 omnia
2554 3056 2696 3111 nobis
2738 3056 3120 3112 demonstrabit.
3152 3057 3294 3125 Quid
3322 3067 3406 3114 est
3431 3056 3567 3115 hoc?
3587 3053 3730 3120 loth.

2188 3149 2373 3219 inquit,
2407 3148 2474 3204 de
2502 3149 2703 3221 templo
2735 3150 3064 3206 contendunt
3088 3151 3281 3221 Judaei,
3309 3160 3364 3208 et
3390 3167 3487 3208 nos
3506 3151 3569 3208 de
3586 3156 3731 3206 monte

2185 3240 2595 3296 contendimus:
2622 3256 2743 3297 cum
2773 3241 2864 3299 ille
2888 3242 3131 3309 venerit,
3171 3255 3225 3298 et
3258 3252 3497 3321 montem
3532 3247 3729 3313 spernet.

2186 3341 2236 3386 et
2265 3333 2515 3402 templum
2539 3343 2779 3401 evertet;
2806 3334 3020 3391 docebit
3045 3351 3145 3393 nos
3168 3335 3269 3392 iste
3290 3340 3488 3404 omnia,
3513 3346 3566 3391 ut
3584 3336 3630 3390 in
3645 3332 3729 3403 spi-

2188 3424 2291 3478 ritu
2321 3433 2375 3479 et
2402 3424 2624 3480 veritate
2653 3426 2961 3481 noverimus
2987 3426 3231 3482 adorare.
3272 3426 3486 3484 Sciebat
3507 3426 3614 3497 quis
3635 3437 3727 3480 eam

2188 3525 2365 3586 posset
2384 3514 2596 3583 docere,
2623 3516 2715 3571 sed
2737 3517 2847 3585 jam
2868 3516 3151 3574 docentem
3173 3518 3410 3573 nondum
3429 3514 3725 3589 agnoscebat.

2186 3604 2303 3660 Jam
2325 3620 2451 3675 ergo
2470 3605 2627 3676 digna
2646 3615 2764 3661 erat
2783 3606 2869 3662 cui
2891 3607 3339 3663 maniiestaretur.
3358 3608 3566 3665 Messias
3582 3618 3727 3661 autem

2188 3708 2376 3754 unctus
2401 3708 2517 3764 est;
2544 3709 2735 3753 unctus
2758 3714 2932 3770 grzece
2955 3699 3200 3756 Christus
3223 3711 3345 3768 est;
3377 3698 3608 3756 hebraica
3623 3696 3726 3751 Mes-

2186 3789 2293 3844 sias
2315 3797 2392 3843 est
2421 3806 2433 3841 :
2465 3788 2603 3845 unde
2621 3799 2676 3845 et
2696 3789 2906 3860 punice,
2932 3790 3106 3847 Messe
3122 3790 3323 3848 dicitur
3339 3808 3492 3863 ungo.
3517 3790 3725 3861 Cognata!

2186 3881 2379 3952 quippe
2404 3891 2527 3937 sunt
2555 3881 2751 3953 lingua:
2776 3883 2893 3938 ista:
2915 3891 2971 3939 et
2992 3884 3211 3953 vicinae,
3246 3884 3490 3942 hebraica
3506 3926 3522 3953 ,
3551 3880 3723 3954 punica.

2186 3980 2241 4026 et
2265 3986 2408 4043 syra.

2254 4063 2346 4119 28.
2381 4063 2519 4136 Ergo
2547 4064 2668 4118 dicit
2696 4064 2742 4119 ei
2769 4064 2985 4133 mulier,
3016 4064 3138 4123 Scio
3175 4068 3297 4139 quia
3337 4066 3542 4124 Messias
3577 4062 3722 4127 νουσα»

2186 4155 2273 4228 qui
2293 4155 2476 4209 dicitur
2497 4154 2726 4210 Christus
2751 4171 2770 4209 :
2792 4172 2907 4209 cum
2929 4172 3050 4229 ergo
3074 4158 3260 4212 uenerit
3282 4158 3388 4226 ille,
3414 4156 3549 4213 nobis
3564 4169 3723 4209 atum-

2187 4248 2327 4302 tiabit
2348 4247 2537 4302 omnia.
2560 4246 2695 4301 Dicit
2719 4248 2765 4302 ei
2787 4247 2940 4304 Jesus
2968 4264 2986 4303 :
3011 4248 3123 4321 Ego
3144 4266 3258 4304 sunt
3279 4251 3368 4322 qui
3393 4251 3559 4321 loquor
3575 4256 3719 4304 lectil-

2187 4338 2406 4393 Voeavit
2429 4338 2601 4392 virum
2628 4353 2804 4404 suum,
2835 4337 3009 4394 factus
3037 4348 3119 4396 est
3149 4341 3229 4396 vir
3254 4344 3373 4413 ejus
3399 4351 3550 4414 caput
3571 4337 3721 4395 mulie-

2186 4432 2259 4487 ris
2278 4473 2293 4497 ,
2321 4431 2488 4488 factus
2512 4440 2596 4488 est
2617 4431 2861 4488 Christus
2887 4442 3048 4503 caput
3081 4433 3180 4489 viri
3221 4434 3268 4506 (l
3293 4435 3411 4492 Cor.
3438 4450 3511 4502 ιι,
3538 4431 3608 4504 5).
3628 4428 3720 4484 lam

2185 4521 2378 4578 mulier
2399 4521 2676 4578 unlinatur
2699 4523 2756 4578 in
2774 4522 2895 4589 ﬁde,
2918 4531 2974 4580 et
2990 4524 3193 4595 regitur
3215 4525 3354 4584 bene
3371 4527 3579 4583 victura.
3601 4521 3720 4576 Post-

2183 4627 2407 4685 eaquam
2444 4612 2646 4669 audivit
2678 4612 2807 4679 hoc,
2838 4612 2951 4685 Ego
2977 4631 3090 4671 sunt
3123 4617 3212 4688 qui
3242 4616 3417 4689 loquor
3440 4624 3613 4680 meum,
3632 4609 3719 4681 iam

2184 4707 2320 4762 ultra
2360 4706 2487 4779 quid
2527 4706 2763 4773 diceret;
2794 4706 3008 4778 quando
3032 4705 3274 4766 Christus
3309 4709 3551 4767 Dominus
3581 4701 3719 4761 insui-

2184 4800 2381 4855 testare
2407 4813 2467 4855 se
2489 4798 2656 4854 voluit
2682 4798 2912 4863 mulieri,
2941 4799 3025 4855 cui
3052 4800 3280 4868 dixerat,
3312 4800 3465 4856 Crede
3492 4795 3641 4854 utihi.’

2253 4891 2342 4947 99.
2371 4888 2441 4945 Et
2460 4892 2698 4945 continuo
2718 4899 2957 4946 uenerunt
2976 4891 3215 4964 discipuli
3236 4894 3367 4966 ejus,
3387 4902 3435 4949 et
3454 4887 3721 4947 ntiraltantur

2184 4985 2303 5053 quia
2326 5000 2441 5038 cum
2467 4982 2674 5038 muliere
2698 4982 3012 5054 loquebatur.
3037 4983 3168 5053 Quia
3190 4986 3457 5057 quaarebat
3475 4978 3715 5054 perditam.

2184 5076 2273 5146 qui
2303 5084 2520 5131 venerat
2548 5090 2786 5145 qumrere
2812 5076 2954 5147 quod
2983 5078 3237 5147 perierat,
3268 5077 3368 5135 hoc
3393 5077 3466 5135 illi
3492 5070 3716 5132 miraban-

2185 5174 2288 5220 tur.
2316 5165 2521 5220 Bonum
2544 5147 2689 5221 enim
2710 5154 3060 5235 mirabantur,
3082 5183 3188 5223 non
3209 5167 3404 5226 malum
3422 5158 3715 5236 suspicaban-

2185 5266 2288 5312 tttr.
2322 5254 2488 5312 Nemo
2510 5266 2677 5312 tamen
2704 5256 2834 5311 dixit
2857 5272 2878 5312 :
2904 5257 3041 5325 Quid
3064 5260 3247 5329 quaeris
3275 5267 3365 5315 aut
3398 5256 3513 5331 quid
3533 5248 3713 5323 loqueris

2181 5363 2297 5403 cum
2321 5362 2383 5402 ea
2396 5348 2422 5402 i

2254 5439 2344 5498 50.
2371 5437 2596 5511 Reliquit
2616 5455 2736 5513 ergo
2763 5440 2998 5514 hydriam
3022 5458 3170 5498 suam
3191 5444 3387 5500 mulier.
3408 5438 3602 5501 Audito,
3624 5431 3709 5500 1‘59"

2182 5552 2296 5592 sum
2320 5537 2410 5608 qui
2436 5536 2614 5606 loquor
2639 5544 2798 5589 tecum
2817 5575 2832 5601 ,
2861 5543 2917 5590 et
2944 5545 3159 5608 recepto
3197 5538 3249 5593 in
3284 5550 3376 5594 cor
3405 5532 3595 5592 Christo
3622 5523 3704 5579 ω’

2182 5629 2363 5696 mino,
2394 5627 2521 5699 quid
2556 5625 2786 5694 faceret,
2829 5627 2932 5683 nisi
2954 5628 3064 5699 jam
3095 5628 3335 5703 hydriam
3359 5625 3641 5686 dimitteret.
3663 5618 3705 5667 ει

2183 5722 2549 5793 evangelizare
2576 5720 2852 5777 curreret?
2892 5719 3119 5792 Proiecit
3151 5723 3506 5794 cupiditatem,
3531 5720 3579 5768 ct
3604 5717 3702 5762 0N“

2251 5841 2267 5871 ‘
2291 5846 2340 5892 tn
2359 5851 2453 5892 sex
2476 5845 2604 5898 Μίδα,
2626 5834 2734 5900 plus
2753 5842 2873 5889 esset
2894 5849 2926 5886 a
2946 5836 3195 5899 propheta.

2094 5951 2248 5982 ο-ιιιιισ
