3916 6368
228 369 355 429 1521

237 484 433 556 paravit
491 485 812 540 annuntiare
869 484 1164 538 veritatem.
1223 481 1437 536 Discant
1488 480 1574 549 qui
1632 481 1812 534 volunt

247 575 628 646 evangelizare,
673 574 949 644 projiciaut
980 574 1216 644 hydriam
1249 573 1312 626 ad
1343 581 1574 640 puteum.
1618 571 1814 625 Recor-

254 666 432 722 daniini
475 665 596 736 quid
641 665 885 735 superius
927 665 1148 718 dixerim
1192 663 1260 718 de
1302 662 1486 734 hydria
1522 681 1535 716 :
1565 676 1658 714 vas
1700 670 1816 715 erat

261 758 383 814 unde
405 772 530 827 aqua
559 757 920 821 hauriebatur,
951 772 1126 827 graeco
1155 756 1369 810 nomine
1394 753 1687 824 appellatur
1714 753 1810 824 hy-

260 851 390 912 dria,
419 849 662 919 quoniam
696 863 866 918 grzece
908 853 1028 918 ὕδωρ
1063 862 1196 918 aqua
1237 846 1461 912 dicitur;
1494 854 1740 916 tanquam
1769 845 1815 900 si

262 942 510 1013 aquarium
535 941 823 994 diceretur.
850 940 1080 1010 Projecit
1113 955 1239 1010 ergo
1264 940 1535 1012 bydriam,
1565 955 1683 1008 qua:
1704 939 1814 1008 jam

263 1049 355 1088 non
383 1030 521 1095 usui,
551 1029 644 1085 sed
685 1030 837 1085 oneri
872 1029 970 1085 fuit
1008 1049 1021 1084 :
1062 1029 1213 1085 avida
1251 1030 1444 1101 quippe
1482 1029 1817 1085 desiderabat

261 1139 381 1193 aqua
409 1122 488 1176 illa
519 1121 721 1176 satiari.
754 1119 822 1176 Ut
863 1122 1130 1175 tmntiarct
1175 1121 1476 1187 Christum,
1522 1135 1685 1174 onere
1722 1121 1816 1173 ah-

257 1216 415 1286 jccto,
455 1214 672 1267 cucurrit
712 1214 781 1266 ad
819 1213 1098 1277 civitatem,
1132 1223 1177 1265 et
1205 1213 1322 1265 dicit
1355 1211 1457 1267 illis
1493 1212 1816 1265 hominibus:

276 1304 446 1369 Venite,
473 1313 517 1358 et
542 1305 698 1358 videte
719 1304 965 1356 hominem
987 1304 1072 1373 qui
1091 1303 1213 1356 mihi
1234 1303 1360 1356 dixit
1381 1304 1546 1356 omnia
1565 1319 1818 1373 quiscum-

263 1414 347 1466 que
378 1395 483 1465 feci.
516 1395 846 1450 Pedetentim
869 1437 882 1459 ,
929 1412 994 1449 ne
1038 1396 1112 1448 illi
1153 1395 1300 1463 quasi
1347 1395 1733 1454 irascerentur,
1765 1403 1819 1448 ct

269 1486 671 1556 indignarentur,
713 1496 768 1540 et
807 1494 1270 1557 persequerentur.
1326 1483 1530 1547 Venite,
1575 1495 1620 1538 et
1661 1485 1819 1538 videte

269 1578 494 1630 hominem
529 1578 612 1647 qui
651 1577 780 1629 dixit
813 1577 935 1629 mihi
964 1577 1130 1630 omnia
1163 1591 1483 1646 quaecumque
1507 1578 1600 1646 feci
1627 1592 1645 1629 :
1669 1593 1817 1629 num-

271 1668 376 1736 quid
396 1668 492 1738 ipse
510 1676 578 1722 est
597 1666 862 1722 Christus?
889 1663 1139 1722 Exierunt
1163 1666 1226 1719 de
1251 1667 1463 1730 civitate,
1495 1676 1539 1720 et
1566 1666 1819 1720 veniebant

276 1760 336 1813 ad
360 1777 477 1814 eum.

338 1854 412 1909 3i.
438 1851 499 1906 Et
516 1853 700 1907 interea
715 1854 959 1923 rogabant
974 1867 1085 1906 eum
1108 1851 1344 1922 discipuli
1358 1852 1575 1906 dicentes
1595 1868 1613 1906 :
1633 1851 1792 1905 Βαιτὸὶ
1805 1895 1818 1918 ,

275 1947 515 1999 manduca.
548 1946 720 2000 lerant
749 1945 890 2000 enim
919 1959 1099 1999 emere
1137 1945 1282 1999 cibos
1321 1955 1373 2000 et
1408 1955 1682 2001 venerant.
1724 1946 1824 2000 Ille

277 2049 422 2091 autem
439 2037 556 2091 dixit
586 2053 604 2091 :
627 2035 740 2108 Ego
767 2036 922 2090 habeo
942 2037 1104 2089 cibum
1124 2035 1429 2091 manducare
1450 2054 1594 2107 quem
1617 2054 1702 2092 vos
1722 2055 1822 2092 non

277 2130 414 2184 scitis.
453 2128 686 2184 Dicebant
729 2144 849 2200 ergo
890 2128 1125 2197 discipuli
1169 2128 1238 2181 ad
1276 2129 1529 2182 invicem:
1563 2129 1823 2201 Numquid

273 2221 436 2292 aliquis
455 2220 615 2276 attulit
640 2221 687 2276 ei
709 2220 1017 2275 manducare
1032 2221 1058 2274 .9
1085 2219 1220 2286 Quid
1241 2221 1427 2275 mirum
1449 2220 1492 2274 si
1523 2221 1709 2275 mulier
1733 2222 1822 2276 illa

276 2330 372 2370 non
394 2314 703 2385 intelligebat
727 2313 956 2384 aquam?
983 2327 1111 2368 ecce
1139 2312 1376 2382 discipuli
1409 2313 1640 2367 nondum
1671 2313 1826 2368 intel-

209 2403 218 2413 ’
276 2404 428 2476 ligunt
451 2421 641 2461 escam.
668 2405 883 2460 Audivit
922 2415 1098 2460 autem
1131 2403 1474 2475 cogitationes
1504 2405 1710 2460 illorum
1731 2446 1745 2470 ,
1772 2413 1826 2460 et

275 2498 373 2570 jam
408 2497 604 2554 instruit
639 2508 695 2552 ut
727 2496 1015 2568 magister;
1052 2511 1157 2550 nou
1204 2511 1297 2566 per
1336 2495 1610 2550 circuitum
1631 2537 1647 2563 ,
1691 2495 1828 2551 sicut

277 2589 408 2645 illam
432 2594 572 2660 cujus
597 2588 769 2644 adhuc
793 2590 964 2644 virum
1000 2587 1323 2658 requirebat,
1353 2587 1446 2641 sed
1471 2587 1580 2658 jam
1604 2596 1786 2656 aperte
1810 2603 1823 2639 :

280 2678 441 2747 Heus,
471 2681 661 2752 inquit,
693 2680 832 2734 cibus
859 2688 931 2732 est
960 2689 1014 2732 ut
1041 2679 1225 2748 faciam
1264 2679 1566 2732 voluntatem
1602 2679 1710 2748 ejus
1744 2678 1830 2744 qui

277 2772 400 2826 misit
422 2789 510 2828 me.
555 2772 695 2844 Ergo
732 2779 786 2826 et
825 2779 980 2841 potus
1012 2769 1124 2840 ipse
1153 2779 1266 2823 erat
1293 2769 1348 2822 in
1376 2769 1458 2822 illa
1487 2769 1741 2834 muliere,
1773 2777 1831 2823 ut

280 2864 456 2920 laceret
476 2866 797 2920 voluntatem
823 2863 970 2932 ejus,
997 2861 1085 2932 qui
1120 2861 1339 2916 miserat
1365 2875 1508 2916 eum.
1539 2858 1663 2915 ideo
1688 2860 1829 2916 dice.

279 2954 378 3022 bat,
409 2957 546 3022 Sitio,
573 2956 638 3009 da
659 2955 782 3009 mihi
808 2954 1004 3018 bibere;
1035 2952 1238 3008 scilicet
1263 2962 1320 3007 ut
1347 2952 1502 3007 ﬁdem
1530 2954 1582 3007 in
1609 2969 1670 3007 ea
1700 2969 1830 3022 ope—

280 3058 486 3111 raretur,
515 3057 565 3102 et
591 3046 748 3102 fidem
775 3048 891 3116 ejus
910 3046 1135 3110 biberet,
1167 3054 1220 3100 et
1240 3060 1355 3100 eam
1389 3045 1438 3098 in
1465 3061 1657 3115 corpus
1677 3061 1832 3101 suum

286 3140 521 3210 trajiceret
544 3159 555 3193 :
577 3155 771 3210 corpus
790 3139 932 3195 enim
955 3139 1070 3207 ejus
1088 3137 1340 3192 Ecclesia.
1365 3136 1482 3208 Ipse
1500 3146 1571 3191 est
1591 3153 1737 3209 ergo,
1761 3139 1834 3193 in-

288 3233 419 3302 quit,
460 3234 589 3288 cibus
628 3249 768 3288 meus
811 3241 865 3287 ut
907 3231 1091 3304 faciam
1137 3231 1436 3284 voluntatem
1474 3230 1583 3302 ejus
1634 3230 1719 3300 qui
1756 3247 1835 3285 me

288 3323 419 3376 misit.

349 3414 425 3468 52.
458 3412 634 3468 Nonne
679 3429 768 3469 vos
809 3413 974 3467 dicitis
1010 3411 1145 3482 quod
1187 3411 1354 3464 adhuc
1389 3420 1605 3481 quatuor
1646 3429 1836 3468 menses

288 3516 419 3570 sunt,
444 3515 486 3560 et
512 3508 680 3561 messis
720 3506 895 3560 venit?
923 3503 980 3558 In
1006 3518 1142 3574 opus
1179 3501 1450 3571 fervebat,
1482 3513 1536 3559 et
1564 3505 1835 3574 operarios

288 3597 476 3652 mittere
511 3596 840 3667 disponebat.
882 3595 990 3650 Vos
1025 3602 1254 3666 quatuor
1282 3608 1494 3648 menses
1522 3595 1836 3664 computatis

288 3705 434 3760 usque
456 3690 516 3746 ad
542 3705 805 3756 messem;
835 3703 936 3760 ego
963 3687 1115 3743 vobis
1142 3687 1298 3742 aliam
1331 3701 1558 3741 messem
1585 3685 1756 3741 albam
1784 3695 1838 3741 et

288 3790 499 3848 paratam
527 3781 770 3837 ostendo.
805 3777 934 3834 Ecce
955 3779 1066 3832 dico
1085 3777 1240 3841 vobis,
1265 3777 1421 3832 levate
1440 3777 1611 3831 oculos
1630 3786 1832 3842 vestros,

288 3880 329 3924 et
354 3873 496 3927 videte
520 3874 635 3942 quia
652 3874 768 3944 jam
795 3872 925 3926 alba:
951 3879 1065 3926 sunt
1094 3870 1320 3941 regiones
1347 3869 1415 3922 ad
1445 3884 1668 3923 messem.
1697 3868 1838 3937 Ergo

291 3977 530 4017 messores
553 3963 813 4018 missurus
838 3969 938 4015 est.
967 3957 1034 4013 In
1054 3959 1147 4012 hoc
1169 3959 1302 4012 enim
1329 3968 1399 4010 est
1423 3959 1622 4011 verbum
1645 3974 1835 4020 verunt,

285 4056 394 4124 quia
427 4057 549 4110 alius
586 4064 658 4110 est
695 4055 778 4124 qui
819 4053 984 4119 metit,
1012 4053 1142 4106 alius
1177 4051 1261 4117 qui
1304 4050 1516 4104 seminat
1548 4065 1566 4102 :
1596 4058 1652 4102 ut
1680 4058 1726 4102 et
1755 4049 1840 4118 qui

290 4149 479 4202 seminat
501 4148 649 4203 simul
677 4147 892 4219 gaudeat
922 4155 968 4200 et
995 4145 1081 4216 qui
1103 4144 1258 4198 metit.
1294 4141 1401 4214 Ego
1426 4142 1539 4196 misi
1557 4157 1642 4196 vos
1661 4151 1842 4198 metere

291 4238 408 4305 quod
442 4255 523 4294 vos
559 4255 659 4292 non
699 4235 963 4291 laborastis
991 4251 1010 4289 :
1039 4234 1130 4289 alii
1171 4234 1552 4295 laboraverunt,
1585 4241 1629 4287 et
1664 4249 1750 4288 vos
1788 4234 1841 4288 in

293 4327 488 4382 laborem
514 4345 686 4383 eorum
711 4327 974 4382 introistis.
1013 4325 1148 4394 Quid
1185 4325 1348 4394 ergo?
1380 4338 1649 4380 messores
1677 4326 1838 4392 misit,

293 4432 384 4472 non
415 4419 794 4475 seminatorcs?
833 4417 949 4485 Quo
991 4415 1292 4472 messores?
1317 4413 1416 4472 Ubi
1442 4415 1552 4486 jam
1579 4415 1667 4470 alii
1699 4416 1843 4470 labo-

291 4524 538 4568 raverunt.
571 4512 700 4568 Nam
729 4512 819 4567 ubi
846 4512 953 4581 jam
979 4509 1275 4564 laboratum
1303 4517 1418 4564 erat
1437 4551 1451 4574 ,
1479 4510 1660 4579 utique
1685 4509 1845 4564 semi-

295 4613 454 4660 ustum
490 4617 637 4670 erat;
669 4613 725 4660 et
748 4603 888 4674 quod
917 4602 1233 4657 seminatum
1261 4609 1407 4666 erat,
1437 4600 1543 4669 jam
1581 4610 1843 4654 maturum

302 4705 392 4749 erat
415 4695 619 4763 factum,
650 4696 835 4750 falcem
864 4702 917 4748 et
940 4694 1178 4747 trituram
1205 4691 1554 4746 desiderabat.
1583 4691 1698 4759 Quo
1719 4707 1847 4761 ergo

301 4796 428 4840 erant
450 4801 712 4843 messores
740 4783 1017 4840 mittendi?
1040 4781 1139 4839 Ubi
1164 4783 1272 4850 jam
1296 4781 1573 4852 PrOphetze
1595 4782 1850 4852 prardica-

303 4888 494 4943 verant;
526 4878 622 4948 ipsi
650 4878 790 4932 enim
813 4876 1182 4931 seminatores.
1213 4873 1341 4928 Nam
1371 4874 1414 4927 si
1440 4873 1536 4942 ipsi
1566 4889 1668 4927 non
1691 4875 1850 4928 semi-

306 4980 522 5038 natores,
551 4975 691 5029 unde
733 4971 798 5027 ad
843 4972 990 5026 illam
1024 4969 1298 5024 mulierem
1339 4976 1683 5038 pervenerat,
1730 4966 1850 5022 Scio

305 5066 402 5134 quia
429 5067 633 5123 Messias
657 5068 856 5123 veniet?
883 5067 999 5121 lam
1029 5066 1125 5119 ista
1155 5064 1342 5118 mulier
1377 5063 1577 5120 fructus
1613 5071 1852 5118 maturus

268 5229 272 5236 ι
306 5170 418 5226 erat,
443 5171 491 5216 et
512 5171 660 5216 erant
684 5161 818 5216 albae
846 5173 1066 5221 messes,
1095 5166 1149 5211 et
1171 5158 1353 5212 falcem
1381 5157 1703 5227 qumrebaut.
1731 5155 1852 5212 Misi

305 5264 374 5303 vos
393 5267 510 5324 ergo
533 5272 548 5310 :
571 5252 715 5324 quo?
744 5251 929 5306 Meiere
951 5249 1086 5320 quod
1111 5265 1210 5302 non
1236 5249 1515 5302 seminastis
1539 5264 1558 5302 :
1583 5248 1670 5302 alii
1697 5248 1850 5302 semi-

306 5355 548 5409 naverunt,
582 5355 631 5399 et
659 5360 746 5398 vos
771 5343 823 5396 in
851 5341 1044 5396 labores
1070 5357 1242 5395 eorum
1270 5340 1531 5393 introistis.
1572 5340 1670 5405 Qui
1700 5339 1850 5396 labo-

303 5437 564 5490 raverunt?
590 5435 708 5505 Ipse
734 5433 996 5488 Abraham
1016 5473 1031 5496 ,
1064 5432 1208 5486 Isaac
1228 5473 1242 5497 ,
1271 5438 1323 5484 et
1347 5429 1529 5483 Jacob.
1561 5429 1742 5498 Legite
1771 5429 1851 5482 la-

301 5526 433 5584 bores
457 5542 641 5585 eorum
667 5543 681 5580 :
710 5525 763 5580 in
794 5524 1041 5578 omnibus
1065 5523 1333 5578 laboribus
1359 5537 1540 5577 eorum
1579 5523 1851 5592 prophetia

299 5618 503 5684 Christi;
547 5627 602 5674 et
644 5616 767 5671 ideo
802 5617 1168 5671 seminatores.
1200 5614 1406 5686 Moyses
1445 5621 1497 5667 et
1533 5614 1710 5668 caeteri
1751 5614 1852 5667 Pa-

299 5711 522 5768 triarcbze
549 5719 606 5766 et
628 5722 816 5764 omnes
841 5707 1150 5778 Prophetas,
1196 5715 1390 5777 quanta
1435 5704 1760 5775 pertulerunt
1799 5706 1852 5759 in

298 5802 369 5862 illo
399 5802 596 5876 lrigore
632 5798 845 5870 quando
885 5797 1254 5854 seminabant?
1285 5796 1420 5866 Ergo
1444 5795 1552 5868 jam
1587 5795 1644 5852 in
1668 5794 1851 5852 Judaea

1343 365 1763 437 TRAC’I'A'HIS
1786 369 1943 437 XVI.
1979 368 2217 438 CAPUT
2253 366 2339 420 IV.

3350 367 3489 422 1521

1920 480 2110 534 messis
2138 490 2317 548 parata
2347 490 2478 535 erat.
2511 479 2693 536 Merito
2718 479 2788 536 ibi
2820 489 3068 550 tanquam
3108 490 3313 536 matura
3342 497 3494 554 seges

1919 569 2037 634 fuit,
2067 572 2274 640 quando
2302 581 2378 628 tot
2405 572 2672 628 hominum
2701 572 2861 626 millia
2891 573 3058 643 pretia
3081 587 3259 627 rerum
3281 587 3495 628 suarum

1920 661 2208 716 all‘erebant
2226 704 2240 726 ,
2271 674 2319 716 et
2349 663 2413 717 ad
2443 663 2605 733 pedes
2631 664 3004 733 Apostolorum
3035 674 3311 733 ponentes,
3337 679 3500 735 expe-

1921 753 2044 808 ditis
2075 756 2307 809 humeris
2333 771 2363 810 a
2391 758 2610 811 sarcinis
2636 757 2995 823 saecularibus,
3021 756 3292 812 Christum
3322 757 3501 812 Domi-

1921 861 2048 900 num
2090 847 2491 916 sequebantur:
2528 863 2651 902 vere
2694 857 2894 901 matura
2940 848 3149 902 messis.
3198 846 3334 915 Quid
3378 847 3504 904 inde

1922 936 2116 992 factum
2145 938 2264 992 est?
2292 939 2367 992 De
2397 939 2507 1007 ipsa
2537 953 2711 994 messe
2748 938 2916 1008 ejecta
2958 947 3082 993 sunt
3117 953 3284 1008 pauca
3311 953 3499 1009 graus,

1923 1037 1976 1084 ct
1996 1031 2395 1084 seminaverunt
2413 1030 2596 1085 orbem
2620 1040 2902 1098 terrarum,
2929 1040 2983 1086 et
3003 1030 3169 1100 surgit
3187 1029 3287 1083 alia
3312 1029 3503 1084 messis

1921 1136 2038 1190 qua:
2065 1121 2115 1174 iu
2142 1121 2244 1175 line
2268 1121 2446 1176 saeculi
2475 1121 2718 1176 metenda
2740 1131 2842 1176 est.
2870 1122 2945 1175 De
2967 1123 3063 1175 ista
3091 1135 3264 1176 messe
3287 1120 3502 1186 dicitur,

1924 1212 2025 1278 Qui
2065 1213 2312 1265 seminant
2353 1213 2404 1266 in
2450 1213 2720 1283 lacrymis,
2767 1213 2819 1266 in
2867 1212 3054 1283 gaudio
3100 1219 3284 1265 metent
3327 1209 3500 1280 (Psal.

1922 1320 2063 1359 cxxv
2083 1345 2097 1369 ,
2126 1305 2199 1374 5).
2247 1303 2326 1358 Ad
2363 1304 2516 1358 istam
2546 1317 2672 1373 ergo
2699 1317 2926 1357 messem
2966 1316 3072 1356 non
3102 1301 3376 1372 Apostoli,
3410 1301 3506 1356 sed

1923 1393 2108 1462 Angeli
2174 1393 2449 1448 mittentur
2495 1411 2508 1446 :
2557 1392 2834 1457 Messores,
2895 1392 3090 1462 inquit,
3154 1391 3334 1462 Angeli
3385 1401 3507 1445 sunt

1925 1484 2136 1555 (Matth.
2155 1501 2268 1550 xm,
2293 1484 2405 1550 39).
2434 1484 2534 1538 Ista
2556 1499 2681 1552 ergo
2703 1482 2891 1536 messis
2910 1481 3102 1536 crescit
3124 1482 3261 1536 inter
3280 1481 3503 1544 zizania.

1923 1587 1977 1630 et
2002 1585 2270 1645 exspectat
2297 1577 2510 1645 purgari
2542 1576 2592 1628 in
2621 1577 2742 1628 line.
2777 1574 2865 1627 llla
2892 1589 3017 1627 vero
3048 1574 3234 1628 messis
3258 1573 3366 1642 jam
3393 1588 3506 1626 tua-

1925 1678 2040 1723 tura
2062 1678 2197 1735 erat,
2219 1684 2325 1738 quo
2347 1668 2490 1738 prius
2511 1668 2654 1720 tuissi
2684 1676 2806 1720 sunt
2825 1665 3089 1736 discipuli,
3115 1666 3201 1719 ubi
3225 1663 3506 1733 Propheta:

1925 1761 2316 1814 laboraverunt.
2351 1758 2456 1812 Sed
2488 1767 2684 1819 tamen,
2719 1755 2925 1819 fratres,
2953 1756 3126 1811 videte
3156 1755 3281 1826 quid
3305 1755 3506 1809 dictum

1925 1853 1992 1906 sit
2022 1869 2034 1903 :
2067 1849 2235 1905 Simul
2261 1851 2476 1920 gaudeat
2506 1860 2551 1902 et
2579 1849 2665 1918 qui
2692 1849 2902 1901 seminat
2930 1857 2974 1901 et
3008 1848 3094 1918 qui
3127 1849 3282 1901 metit.
3323 1848 3508 1916 Dispa~

1926 1958 2013 1997 res
2036 1944 2051 1973 ¹
2081 1942 2335 2011 temporis
2365 1940 2574 1994 labores
2602 1939 2898 1994 habuerunt
2927 1955 2940 1990 :
2972 1939 3066 1992 sed
3093 1939 3280 2006 gaudio
3309 1937 3508 2007 pariter

1924 2032 2296 2102 perfruentur,
2337 2029 2633 2086 mercedem
2677 2029 2834 2083 simul
2877 2031 3143 2100 accepturi
3185 2039 3310 2085 sunt
3345 2029 3507 2084 vitam

1927 2133 2176 2177 aeternam
2186 2162 2198 2175 .

1998 2213 2088 2267 5'5.
2129 2209 2214 2264 Ea:
2240 2211 2434 2265 civitate
2459 2221 2625 2265 autem
2647 2213 2736 2266 illa
2764 2213 2908 2266 multi
2932 2213 3246 2266 crediderunt
3293 2215 3346 2267 in
3386 2230 3506 2267 eum

1930 2305 2264 2372 Samaritani,
2291 2314 2495 2375 prapter
2523 2305 2724 2358 verbum
2773 2305 2994 2358 mulieris
3023 2307 3358 2360 testimonium
3391 2323 3508 2375 per-

1929 2395 2162 2457 hibentis,
2213 2394 2346 2460 Quia
2372 2395 2500 2448 dixit
2531 2395 2652 2448 mihi
2691 2396 2860 2448 omnia
2883 2411 3204 2466 qutccmnque
3232 2399 3343 2462 [ετξ.
3385 2397 3511 2451 Cum
3586 2448 3608 2464 ο

1929 2487 2172 2541 venissent
2195 2495 2361 2540 autem
2390 2486 2458 2539 ad
2474 2501 2589 2540 eum
2612 2485 2944 2548 Samaritani,
2972 2498 3270 2556 rogaverunt
3291 2497 3344 2540 ut
3371 2488 3509 2556 apud

1930 2595 2012 2633 eos
2041 2587 2280 2643 maneret,
2308 2587 2357 2633 et
2381 2579 2565 2632 mansit
2611 2579 2677 2631 ibi
2718 2578 2845 2632 duos
2879 2579 3003 2631 dies.
3056 2579 3116 2631 Et
3147 2580 3304 2633 multo
3343 2582 3511 2648 plures

1933 2670 2250 2724 crediderunt
2270 2677 2472 2742 prapter
2491 2686 2768 2724 sermonem
2792 2670 2902 2740 ejus
2927 2685 2944 2722 :
2965 2679 3012 2722 et
3033 2671 3228 2723 mulieri
3247 2671 3473 2722 (ἰᾶσι-ὑέτω
3493 2687 3512 2723 :

1935 2763 2069 2829 Quia
2079 2763 2192 2834 jam
2213 2779 2312 2816 non
2330 2773 2534 2833 propter
2551 2770 2686 2814 luant
2706 2761 2951 2829 loquelam
2973 2761 3217 2814 credimus
3233 2779 3251 2826 ;
3265 2762 3358 2830 ipsi
3381 2763 3514 2814 enim

1933 2872 2027 2910 nos
2071 2855 2375 2919 audivimus,
2417 2862 2465 2909 et
2514 2854 2696 2908 scimus
2738 2853 2855 2923 quia
2897 2853 2977 2906 hic
3019 2862 3090 2906 est
3130 2868 3238 2906 vere
3276 2853 3515 2906 Salvator

1935 2947 2130 3001 mundi.
2160 2947 2224 3000 Et
2245 2945 2347 3000 hoc
2391 2945 2659 3016 paululum
2691 2943 3214 2998 animadvertendum
3242 2953 3340 3009 est,
3388 2945 3510 3014 quia

1937 3037 2095 3093 lectio
2125 3037 2402 3092 terminata
2431 3045 2528 3090 est.
2560 3035 2742 3090 Mulier
2784 3035 3008 3104 primum
3047 3034 3324 3099 nuntiavit,
3373 3045 3423 3088 et
3448 3035 3516 3089 ad

1938 3129 2174 3184 mulieris
2207 3127 2618 3182 testimonimum
2645 3126 2980 3181 crediderunt
3001 3124 3336 3192 Santaritani,
3356 3135 3409 3180 et
3424 3143 3513 3179 ro-

1939 3229 2198 3290 gaverunt
2223 3234 2342 3274 eum
2376 3227 2430 3272 ut
2462 3217 2597 3287 apud
2629 3231 2722 3271 eos
2753 3227 3010 3281 maneret,
3042 3229 3095 3270 et
3122 3219 3313 3270 mansit
3338 3218 3406 3271 ibi
3428 3219 3512 3272 bi.

1940 3311 2065 3376 duo,
2097 3319 2150 3364 et
2182 3310 2358 3379 plures
2386 3307 2723 3362 crediderunt
2751 3325 2762 3359 :
2796 3316 2850 3360 et
2873 3323 2989 3360 cum
3017 3307 3385 3369 credidissent,
3431 3308 3514 3362 di-

1941 3400 2132 3455 cebant
2161 3398 2389 3462 mulieri,
2423 3397 2539 3450 Non
2559 3397 2671 3466 jam
2705 3405 2908 3466 propter
2936 3395 3134 3449 verbum
3175 3410 3315 3449 tutam
3351 3399 3516 3451 credi-

1941 3507 2070 3554 mus,
2101 3491 2190 3544 sed
2216 3489 2313 3560 ipsi
2338 3491 2656 3558 cognovimus
2676 3529 2690 3554 ,
2735 3498 2780 3540 et
2808 3488 2991 3541 scimus
3029 3487 3145 3558 quia
3175 3503 3284 3541 vere
3325 3489 3406 3540 hic
3443 3498 3518 3542 est

1943 3582 2178 3636 Salvator
2199 3580 2402 3644 mundi;
2451 3581 2620 3647 primo
2648 3595 2742 3648 per
2772 3579 2962 3631 latitant
2990 3579 3031 3642 ³,
3059 3587 3240 3644 postea
3271 3592 3363 3646 per
3379 3593 3514 3646 pra:-

1941 3671 2196 3726 sentiam.
2237 3669 2324 3724 Sic
2360 3669 2532 3738 agitur
2558 3668 2712 3722 hodie
2739 3683 2858 3721 cum
2903 3667 2981 3720 cis
3017 3667 3105 3735 qui
3137 3665 3261 3720 loris
3285 3675 3426 3729 sunt,
3467 3675 3522 3720 ct

1942 3761 2174 3816 nondum
2207 3770 2326 3813 sunt
2353 3759 2656 3813 christiani:
2696 3757 2936 3811 Christus
2965 3757 3230 3810 mmtiatur
3255 3771 3348 3825 per
3379 3757 3521 3811 chri-

1942 3852 2142 3905 stianos
2169 3851 2367 3903 amicos
2389 3867 2402 3907 :
2424 3861 2669 3918 tanquam
2692 3849 2777 3902 illa
2807 3848 3046 3912 muliere,
3071 3848 3171 3902 hoc
3185 3858 3267 3903 est
3285 3847 3522 3903 Ecclesia

1941 3942 2307 4006 annuntiaute,
2340 3940 2406 3994 ad
2426 3939 2695 3994 Christum
2727 3941 2963 4004 veniunt,
2992 3939 3213 3993 credunt
3240 3954 3335 4008 per
3364 3940 3516 3993 istam

1944 4033 2165 4097 famam;
2197 4042 2373 4086 manet
2401 4031 2538 4100 apud
2561 4047 2653 4086 eos
2681 4031 2860 4095 biduo,
2887 4031 2986 4086 hoc
3025 4040 3126 4095 est,
3154 4032 3243 4085 dat
3277 4031 3379 4085 illis
3413 4032 3519 4086 duo

1945 4133 2206 4196 praecepta
2236 4121 2539 4188 charitatis;
2559 4131 2609 4177 et
2635 4123 2798 4176 multo
2821 4123 3000 4193 plures
3023 4130 3076 4175 et
3105 4123 3306 4175 lirmius
3331 4123 3383 4176 in
3399 4137 3521 4177 eum

1943 4215 2191 4282 credunt,
2221 4214 2468 4286 quoniam
2499 4228 2622 4268 vere
2648 4213 2762 4282 ipse
2789 4221 2870 4267 est
2890 4212 3128 4268 Salvator
3149 4210 3352 4267 mundi.

2442 4324 2849 4382 TRACTATUS
2891 4323 3026 4380 XVI.

1946 4442 2022 4496 Ab
2041 4457 2099 4496 eo
2125 4436 2387 4511 Evangelii
2406 4439 2537 4506 loco,
2556 4439 2679 4494 Post
2692 4437 2824 4494 duos
2839 4447 3015 4493 autem
3033 4435 3145 4492 dies
3171 4436 3298 4491 exiit
3315 4435 3456 4503 inde,
3473 4446 3528 4493 et

2018 4533 2148 4588 abiit
2175 4533 2224 4586 in
2250 4531 2552 4595 Galilzeant;
2581 4547 2736 4602 usque
2759 4530 2825 4584 ad
2848 4529 2934 4595 id,
2970 4530 3033 4584 Et
3056 4527 3282 4584 credidit
3307 4529 3440 4599 ipse,
3475 4537 3528 4584 et

2020 4625 2210 4680 donms
2235 4624 2350 4693 ejus
2372 4632 2498 4678 tota.
2529 4622 2652 4692 Cap.
2683 4638 2758 4687 tv,
2802 4622 2836 4691 Ῡ
2863 4662 2874 4674 .
2899 4621 3080 4677 45-55.

2025 4741 2075 4794 l.
2094 4740 2355 4795 Hodierna
2377 4738 2676 4808 evangelica
2706 4737 2883 4797 lectio,
2913 4733 3145 4789 hesterni
3164 4733 3266 4787 diei
3290 4734 3532 4803 sequitur

1954 4831 2257 4895 lectionem,
2285 4847 2405 4901 qua:
2433 4831 2586 4884 nobis
2623 4827 2687 4884 ad
2712 4825 3082 4896 disputamlnm
3115 4825 3442 4894 proponitur.
3472 4823 3530 4879 lu

1954 4939 2055 4992 qua
2085 4922 2294 4992 quidem
2324 4936 2510 4976 sensus
2540 4935 2644 4973 non
2674 4927 2800 4972 sunt
2823 4917 3222 4987 investigatione
3259 4914 3526 4984 difﬁciles,

1954 5015 2046 5069 sed
2078 5014 2218 5083 digni
2261 5012 2665 5082 pratdicatione,
2697 5009 2840 5079 digni
2869 5009 3216 5063 admiratione
3257 5014 3312 5063 et
3351 5007 3536 5062 lauda-

1955 5106 2117 5159 tione.
2149 5102 2375 5157 Proinde
2414 5103 2582 5156 locum
2621 5101 2778 5155 istum
2808 5099 3074 5169 Evangelii
3107 5113 3228 5153 cum
3265 5112 3540 5153 commen-

1956 5198 2169 5264 datione
2189 5208 2668 5251 commcmoremus
2688 5193 2880 5263 potius,
2907 5207 3063 5261 quam
3087 5188 3536 5265 cumgdiflicultate

1959 5297 2264 5344 tractemus.
2291 5285 2425 5340 Abiit
2449 5285 2590 5339 enim
2615 5283 2770 5339 Jesus
2797 5292 2915 5353 post
2938 5281 3152 5337 biduum
3176 5279 3314 5350 quod
3337 5277 3538 5333 fecerat

1957 5381 2010 5436 in
2033 5380 2269 5436 Samaria
2298 5378 2350 5431 in
2373 5376 2637 5432 Galilceam
2664 5375 2753 5431 ubi
2782 5376 3007 5429 nutritus
3031 5381 3164 5427 erat.
3191 5371 3418 5426 Secutus
3441 5384 3538 5422 au-

1957 5481 2066 5528 tem
2095 5471 2428 5541 Evangelista
2453 5470 2527 5524 ait
2555 5487 2567 5522 :
2598 5467 2720 5538 Ipse
2737 5467 2867 5520 enim
2891 5464 2928 5518 Ι
2931 5481 3040 5519 esus
3062 5460 3397 5517 testimonium
3419 5475 3538 5530 per-

1959 5564 2116 5618 hibuit
2153 5562 2270 5632 quia
2310 5560 2553 5632 propheta
2582 5560 2634 5613 in
2665 5560 2830 5630 patria
2853 5572 2946 5609 sua
2969 5555 3209 5609 honorent
3237 5567 3338 5607 non
3365 5549 3532 5606 habet.

2023 5742 2114 5788 ιιη
2137 5738 2290 5788 tribus
2310 5743 2441 5800 uss.._
2467 5733 2682 5800 οἱερανξβ
2794 5789 2820 5800 ,.
2896 5790 2926 5800 ..

2025 5803 2046 5833 ³
2071 5807 2202 5862 uita,
2224 5813 2309 5863 per
2329 5789 2597 5860 feminini:
2627 5789 3026 5844 dissentientibus
3057 5789 3200 5848 editis
3218 5791 3326 5845 aliis
3357 5797 3408 5843 et
3427 5796 3536 5843 ua.
