3916 6424
444 463 558 521 Non
584 469 875 537 prepterea
1038 454 1269 536 bidung
1291 451 1542 533 discessit
1563 448 1723 506 Iesus
1744 446 1812 503 de
1834 445 2023 502 Sama-

447 558 557 633 ria,
601 554 724 633 quia
766 546 1025 629 honorem
1072 549 1127 627 in
1164 545 1408 625 §amaria
1451 558 1573 613 non
1607 540 1882 633 habebat:
1904 551 2026 633 non

444 631 589 721 cuitu
615 631 851 704 Samaria
891 636 1059 721 patria
1100 639 1266 713 ipsius
1301 644 1452 707 erat,
1484 633 1585 721 sed
1622 632 1863 691 Galilma.
1891 631 2024 687 Cum

442 718 580 812 ergo
609 722 764 813 istam
791 718 1115 811 deseruisset
1139 739 1247 803 tam
1276 729 1416 807 cito,
1445 718 1500 783 et
1532 725 1600 782 ad
1632 724 1903 783 Galilteam
1930 738 2026 778 ve-

448 808 731 907 nissetpbi
753 808 984 905 nutritus
1006 834 1154 888 erat;
1182 819 1449 901 quomodo
1473 826 1751 875 attestatur
1771 817 2031 907 quiaproo

450 924 601 997 pheta
627 906 677 995 in
707 916 871 995 patria
897 933 991 974 sua
1018 915 1396 995 honorarium
1423 909 1611 964 habet?
1636 907 1798 978 Magis
1824 906 2029 961 videtur

448 1012 687 1085 attestari
713 1010 948 1081 potuisse
970 1006 1111 1085 quod
1138 1004 1392 1076 propheta
1422 1002 1477 1058 in
1516 1001 1682 1071 patria
1723 1014 1818 1054 sua
1855 997 2027 1051 hono-

450 1121 566 1162 rem
586 1082 692 1181 non
714 1102 957 1166 haberet.
977 1099 1024 1156 si
1044 1082 1411 1154 contemneret
1431 1109 1648 1167 pergere
1668 1093 1721 1148 in
1732 1091 2025 1157 Galilaeam,

452 1206 505 1252 et
534 1197 585 1251 in
616 1192 857 1267 Samaria
884 1190 1243 1267 remansisset.
1400 1258 1405 1263 ε
1694 1250 1699 1257 ,
1946 1254 1949 1257 δ

522 1287 578 1341 2.
609 1258 851 1340 lntendat
879 1296 1006 1352 ergo
1029 1258 1270 1335 Charitas
1302 1258 1478 1334 vestra
1519 1276 1836 1331 insinuatum
1876 1270 2031 1328 nobis

457 1394 563 1437 non
600 1378 867 1434 modicum
901 1383 1324 1434 sacramentum.
1366 1378 1682 1440 suggerente
1716 1366 1939 1421 Domino
1977 1374 2033 1419 et

456 1474 686 1530 donante
711 1470 850 1541 quod
878 1470 1080 1539 loquar.
1103 1466 1469 1534 Qumstionem,
1486 1462 1809 1533 propositam
1836 1474 2032 1529 cogno-

456 1563 631 1629 vistis,
661 1560 976 1617 solutionem
997 1560 1114 1627 ejus
1136 1556 1417 1627 exquirite.
1448 1553 1552 1611 Sed
1579 1561 1881 1622 repetamus
1906 1565 2029 1620 pro-

457 1654 773 1725 positionem
793 1692 810 1719 ,
852 1661 909 1706 ut
948 1650 1266 1706 solutionem
1308 1646 1712 1703 desiderabilem
1757 1644 2028 1699 faciamus.

458 1746 637 1803 Movet
670 1759 767 1803 nos
795 1760 890 1799 cur
916 1741 1248 1811 Evangelista
1287 1738 1515 1805 dixerit,
1557 1735 1678 1808 Ipse
1715 1735 1850 1791 enim
1881 1732 2034 1789 Iesus

459 1837 793 1893 testimonium
814 1834 1060 1905 perhibuit
1084 1830 1218 1900 quod
1238 1829 1480 1900 prapheta
1502 1829 1555 1882 in
1577 1827 1744 1896 patria
1766 1842 1859 1881 sua
1877 1827 2035 1880 hono-

458 1940 569 1982 rem
587 1940 689 1980 non
708 1922 872 1977 habet.
892 1918 1004 1976 Hoc
1020 1919 1243 1989 permoti
1264 1918 1549 1973 rcteximus
1564 1914 1722 1969 verba
1739 1915 2032 1984 superiora,

460 2023 524 2073 ut
543 2014 873 2072 inveniamus
895 2027 991 2068 cur
1011 2012 1116 2066 hoc
1139 2008 1471 2079 Evangelista
1494 2006 1671 2062 dicere
1696 2007 1953 2074 voluerit;
1980 2017 2036 2063 et

459 2105 761 2163 invenimus
794 2103 1065 2173 superiora
1110 2100 1269 2157 verba
1313 2099 1429 2168 ejus
1464 2098 1533 2153 ita
1570 2098 2033 2168 narrantis,th

463 2199 605 2255 niam
634 2204 753 2268 post
774 2195 993 2250 biduum
1022 2191 1288 2262 profectus
1314 2199 1398 2247 est
1434 2189 1500 2253 de
1534 2188 1769 2257 Samaria
1806 2190 1859 2243 in
1891 2186 2036 2245 Gali-

459 2289 637 2345 laeam.
666 2287 888 2356 Propter
912 2284 1011 2338 hoc
1038 2297 1167 2353 ergo
1186 2281 1366 2336 dixisti
1382 2321 1399 2343 ,
1422 2296 1461 2347 ¹ο
1482 2280 1846 2351 Evangelista,
1882 2280 2033 2335 testi-

459 2379 698 2434 monium
729 2374 1059 2446 perhibnisse
1085 2373 1264 2429 Jesnm
1305 2372 1445 2445 quod
1482 2371 1739 2445 propheta
1783 2372 1834 2426 in
1864 2372 2033 2441 patria

350 2464 363 2473 ’
459 2484 556 2524 sua
587 2469 840 2524 honorem
872 2481 977 2520 non
1008 2464 1258 2539 haberet;
1289 2465 1408 2538 quia
1435 2471 1555 2535 post
1583 2462 1793 2537 biduum
1824 2463 2034 2532 reliquit

458 2559 786 2620 Samariam.
831 2566 885 2611 et
923 2556 1225 2633 praperavit
1260 2555 1438 2609 venire
1482 2554 1532 2607 in
1560 2552 1881 2631 ‘Galilzcam?
1922 2553 2033 2608 lmo

457 2665 588 2706 vero
612 2649 762 2720 quasi
790 2647 970 2701 videor
995 2630 1121 2701 mihi
1156 2646 1531 2723 congruentius
1546 2630 1879 2721 jntelligere.
1908 2645 2029 2714 quia

457 2743 503 2798 si
542 2743 797 2797 honorem
829 2739 880 2792 in
909 2738 1073 2808 patria
1103 2736 1380 2813 sua‘icsus
1409 2734 1798 2813 nhouriiaherct,
1831 2749 1936 2791 nou
1963 2735 2031 2791 ad

456 2832 697 2888 eamdem
728 2812 907 2886 relicta
933 2828 1167 2882 Samaria
1197 2812 1619 2907 ξέειίιιτιιεξιρθιι
1648 2827 1697 2879 ni
1722 2827 1896 2891 tallor,
1926 2827 2031 2881 imo

454 2925 576 3001 quia
604 2938 787 2977 verum
812 2930 913 2983 est,
940 2930 993 2973 ct
1022 2934 1125 2997 non
1154 2898 1330 2997 l'ailtir.
1357 2898 1543 2993 melius
1562 2898 1703 2987 enim
1726 2931 1882 2986 quam
1908 2934 2027 2986 ego,

454 2998 585 3069 vidit
611 3012 946 3082 Evangelista
988 3008 1113 3089 quid
1151 3009 1382 3075 diceret.
1424 2998 1615 3079 melius
1642 3023 1727 3061 me
1756 3008 2028 3081 veritatem

453 3104 689 3171 videbat,
717 3103 806 3171 qui
834 3116 950 3156 eam
980 3101 1046 3155 de
1076 3108 1288 3168 pectore
1316 3098 1523 3173 Domini
1555 3099 1784 3163 bibebat.
1811 3099 1927 3169 Ipse
1950 3109 2031 3156 est

454 3196 598 3251 enim
622 3190 854 3248 Joannes
880 3174 1219 3268 evangelista.
1249 3191 1337 3260 qui
1366 3192 1504 3246 inter
1531 3205 1720 3247 omnes
1744 3192 2031 3263 discipulos

454 3301 618 3358 super
646 3295 827 3355 pectus
850 3284 1053 3338 Domini
1081 3281 1479 3347 discumbebat;
1508 3291 1563 3337 et
1590 3298 1746 3353 quem
1779 3284 2031 3340 Dominus

452 3379 765 3434 charitatem
792 3378 989 3432 deberis
1014 3377 1278 3439 omnibus.
1311 3386 1489 3432 tamen
1522 3391 1635 3446 prae
1666 3377 1875 3433 caeteris
1906 3377 2031 3433 dili-

451 3474 611 3541 gebat
639 3470 815 3542 (Joan.
852 3484 968 3534 xm,
1007 3468 1097 3534 25,
1127 3476 1173 3520 et
1213 3482 1332 3547 xst,
1355 3467 1471 3539 20).
1502 3467 1645 3538 Ergo
1687 3469 1777 3523 ille
1816 3469 2029 3525 fallere-

453 3573 557 3628 tur,
601 3572 655 3618 et
703 3577 801 3632 ego
830 3556 971 3615 recta
1010 3558 1301 3629 sentirem?
1330 3559 1443 3614 imo
1489 3560 1534 3614 si
1578 3558 1664 3628 pie
1687 3560 1864 3629 sapio,
1899 3560 2027 3615 obe-

458 3653 663 3709 dieutcr
699 3652 908 3707 audiam
937 3650 1078 3721 quod
1130 3650 1295 3715 dixit,
1340 3657 1398 3704 ut
1435 3664 1643 3705 merear
1668 3650 1868 3706 sentire
1890 3651 2030 3721 quod

460 3746 641 3805 sensit.

526 3836 578 3891 5.
611 3833 850 3903 Accipite
877 3833 1084 3901 itaque.
1123 3830 1453 3899 charissimi,
1493 3831 1622 3901 quid
1660 3831 1745 3887 hic
1782 3832 2027 3899 sentiam,

454 3924 929 3997 sinevpraijudicio,
955 3925 1000 3980 si
1032 3939 1125 3979 vos
1162 3923 1352 3979 melius
1377 3924 1573 3995 aliquid
1601 3927 1895 3982 senseritis.
1923 3927 2031 3984 bla-

452 4017 673 4089 gistrum
701 4015 841 4069 enim
872 4031 1032 4069 unum
1056 4029 1245 4083 omnes
1270 4014 1544 4079 habemus,
1564 4023 1622 4070 et
1644 4017 1695 4070 in
1723 4032 1824 4081 una
1847 4016 2029 4074 schola

450 4106 799 4179 condiscipuli
822 4121 1023 4179 sumus.
1046 4106 1165 4178 Illuc
1184 4122 1311 4178 ergo
1328 4108 1532 4179 sentio,
1559 4114 1615 4171 et
1647 4108 1821 4165 videte
1847 4110 1892 4165 si
1923 4126 2030 4169 non

449 4208 542 4253 aut
569 4213 750 4253 verum
781 4206 895 4269 est,
922 4205 1014 4271 aut
1034 4190 1369 4273 propinquat
1408 4199 1613 4255 veritati
1655 4201 1796 4275 quod
1833 4203 2027 4259 sentio.

450 4289 511 4345 In
537 4289 773 4346 Samaria
805 4290 1020 4344 biduum
1050 4289 1170 4345 fecit
1189 4332 1202 4354 ,
1232 4279 1651 4351 ct‘crcdidcrunt
1692 4291 1744 4345 in
1781 4308 1902 4347 cum
1929 4292 2028 4349 Sa-

451 4381 696 4435 maritani
732 4398 745 4433 :
780 4388 855 4434 tot
895 4375 1010 4434 dies
1042 4368 1106 4432 in
1151 4360 1373 4434 G'aliiiea
1402 4354 1559 4449 iecit,
1591 4391 1646 4449 et
1675 4398 1778 4436 non
1815 4383 1867 4437 in
1906 4402 2027 4440 cum

449 4468 789 4525 crediderunt
829 4466 1053 4523 Galilrei.
1098 4464 1342 4522 Rei‘éklte
1381 4446 1466 4523 vel
1506 4446 1725 4526 rec‘oliie
1773 4460 2028 4529 iiici‘r'mria

450 4554 685 4617 hesterni
711 4559 815 4614 diei
844 4568 898 4615 et
920 4556 1203 4616 lectioiihm
1232 4552 1285 4615 et
1304 4551 1634 4617 ‘s‘ermoneni.
1666 4562 1823 4620 Venit
1849 4565 1900 4621 in
1929 4560 2029 4623 Sa-

447 4654 693 4715 mariam.
718 4652 803 4705 ubi
829 4664 949 4707 eum
973 4641 1354 4722 piimoiuuller
1373 4646 1461 4708 illa
1486 4642 1885 4724 pra‘dica'verat.
1907 4674 2027 4715 cum

446 4761 551 4815 qua
581 4745 649 4799 ad
676 4752 888 4813 puteum
919 4743 1084 4800 dacoh
1120 4746 1327 4800 locutus
1359 4754 1477 4801 erat
1510 4755 1698 4819 magna
1739 4750 2023 4823 mysteria:

443 4849 511 4891 eo
542 4838 654 4890 viso
677 4835 994 4891 Samaritani
1023 4846 1079 4892 et
1100 4836 1281 4892 audito
1302 4838 1644 4896 crediderunt
1673 4843 1724 4897 in
1751 4856 1872 4899 eum
1905 4846 2027 4916 prin

352 4936 358 4943 ·
448 4936 563 4993 pter
590 4926 806 4981 verbum
835 4927 1093 4992 mulieris,
1124 4936 1182 4983 et
1205 4927 1409 4984 ﬁrmius
1432 4931 1777 4989 crediderunt
1811 4940 2026 5007 propter

445 5015 665 5070 verbum
692 5018 828 5084 ejus,
858 5026 911 5073 et
936 5017 1118 5088 plures
1143 5019 1483 5078 crediderunt
1504 5041 1519 5078 :
1545 5024 1624 5080 sic
1648 5030 1898 5099 scriptum
1921 5036 2021 5087 est.

447 5109 521 5165 lbi
549 5109 688 5165 tacto
708 5110 870 5166 biduo
892 5112 1018 5183 (quo
1037 5124 1261 5169 numero
1282 5115 1489 5172 dierum
1511 5121 1733 5191 mystice
1752 5137 2026 5180 commem-

444 5199 600 5255 datus
626 5202 709 5255 est
735 5199 958 5257 duorum
1004 5212 1259 5259 numerus
1292 5216 1705 5278 praceptorum,
1748 5213 1799 5268 in
1833 5215 2024 5284 quibus

442 5291 652 5349 duobus
671 5295 950 5365 praemis
968 5302 1073 5350 tota
1096 5294 1203 5352 Lex
1220 5297 1420 5369 pendet
1436 5308 1491 5355 et
1510 5300 1790 5373 Prophetas
1806 5303 2019 5379 [sane

444 5398 587 5449 sint.
618 5380 846 5457 πίση,
884 5385 1021 5440 sicut
1059 5385 1309 5445 hesterno
1352 5389 1439 5447 die
1479 5400 1578 5447 nos
1620 5398 2023 5455 commendasse

442 5477 817 5545 meministis),
846 5480 1013 5549 pergit
1034 5479 1088 5533 in
1108 5478 1400 5547 Galilaram,
1430 5488 1485 5538 et
1507 5487 1652 5541 venit
1674 5487 1726 5542 in
1752 5490 2020 5546 civitatem

441 5566 641 5622 Canam
679 5567 946 5638 Galiitem,
982 5570 1074 5627 ubi
1104 5582 1294 5641 aquam
1325 5573 1504 5629 vinum
1539 5576 1684 5633 fecit.
1732 5579 1805 5633 lbi
1845 5591 2021 5638 autem

443 5658 655 5746 quando
679 5675 867 5730 aquam
902 5662 955 5717 in
988 5664 1171 5718 vinum
1199 5665 1493 5733 convertit,
1522 5671 1658 5725 sicut
1685 5673 1870 5728 scribit
1908 5674 2022 5746 ipse

441 5745 700 5818 Joannes,
733 5750 1073 5811 crediderunt
1100 5755 1154 5812 in
1182 5769 1303 5813 eum
1328 5751 1574 5831 discipuli
1611 5761 1727 5845 ejus
1754 5745 1938 5835 (loeti.
1957 5781 2017 5839 ιι,

1377 336 1447 395 IN
1483 332 1763 421 somnus
1800 324 2266 428 svauosuuu,
2287 327 2346 386 s.
2382 327 2753 409 ADGUSTINI

3569 332 3699 399 Μ
3722 350 3728 387 ι

2133 442 2289 514 t-il)
2318 460 2333 498 :
2361 453 2416 500 et
2451 446 2634 516 utique
2672 446 2826 516 plena
2860 455 2978 504 erat
3003 446 3190 505 domus
3220 446 3404 513 turbis
3438 444 3730 505 eonvivsol

2132 536 2284 591 tium.
2314 534 2532 592 Factum
2561 546 2643 592 est
2668 547 2774 593 tam
2804 553 3054 608 magnum
3081 538 3432 601 miraculum.
3463 546 3519 593 et
3543 542 3710 596 nonin

2130 643 2252 683 eum
2281 627 2621 683 crediderunt
2649 628 2752 685 nisi
2791 628 3037 698 discipuli
3075 629 3210 698 ejus.
3259 630 3419 684 lianc
3460 630 3712 686 civitatem

2131 723 2361 781 Galiltexe
2388 725 2548 781 modo
2572 724 2839 796 repetivit.
2865 724 2932 780 Et
2955 741 3068 779 ecce
3087 725 3304 797 quidam
3330 726 3561 795 regulus,
3582 728 3713 797 agat

2130 818 2273 887 ﬁlius
2300 816 2683 887 inﬁrmabatur;
2729 817 2858 871 venit
2898 816 2966 870 ad
3003 833 3147 877 eum,
3177 827 3227 870 et
3272 832 3465 885 rogare
3504 818 3647 885 cazpit
3672 828 3718 870 at

2133 907 2484 979 descenderet,
2509 906 2576 977 ad
2604 907 2744 960 illam
2768 907 3033 962 civitatem
3059 904 3143 971 vel
3168 906 3435 968 domum.
3464 913 3513 965 ει
3534 919 3721 961 sanaret

2132 999 2297 1069 [ilium
2326 999 2471 1069 ejus;
2498 998 2770 1068 incipiebat
2805 999 2938 1053 enim
2979 998 3128 1052 mori.
3174 997 3282 1066 Qui
3334 996 3587 1066 rogabat,
3625 1014 3720 1053 non

2135 1089 2427 1151 credebat?
2452 1090 2586 1157 Quid
2612 1106 2643 1145 a
2670 1104 2757 1144 me
2782 1100 3063 1161 exspectas
3084 1088 3318 1147 audire?
3350 1089 3633 1145 Dominum
3654 1092 3723 1145 in-

2138 1190 2343 1249 terroga
2384 1181 2513 1251 quid
2541 1182 2608 1236 de
2636 1181 2728 1236 illo
2756 1181 3001 1236 senserit.
3043 1180 3281 1249 Rogatus
3313 1180 3467 1235 enim
3498 1180 3617 1235 talia
3644 1196 3720 1235 re-

2136 1272 2351 1341 spondit
2379 1289 2391 1325 :
2428 1270 2545 1326 Nisi
2577 1272 2723 1342 signa
2746 1282 2795 1327 et
2823 1272 3055 1343 prodigia
3079 1272 3309 1326 uideritis
3327 1308 3347 1335 ,
3379 1288 3488 1327 ιιοιι
3516 1271 3720 1330 creditis.

2136 1363 2325 1431 Arguit
2351 1362 2621 1418 hominem
2663 1364 2717 1418 in
2758 1364 2863 1419 tide
2900 1364 3168 1434 tepidum,
3199 1373 3296 1419 aut
3327 1362 3617 1433 frigidum,
3644 1373 3725 1417 aut

2137 1452 2355 1508 omnino
2380 1453 2575 1508 nullius
2600 1452 2721 1508 tidei
2750 1471 2763 1505 :
2790 1453 2886 1509 sed
2915 1462 3120 1509 tentare
3154 1453 3476 1523 cupientem
3502 1453 3571 1508 de
3596 1454 3724 1509 saui-

2139 1551 2246 1599 tate
2268 1544 2358 1598 iilii
2380 1544 2483 1609 sui,
2509 1544 2681 1615 qualis
2698 1555 2841 1600 esset
2857 1542 3125 1611 Christus.
3143 1546 3266 1614 quis
3286 1555 3460 1612 esset,
3482 1556 3721 1615 quantine

2139 1643 2338 1704 posset.
2366 1633 2538 1689 Verba
2559 1636 2700 1690 enim
2722 1636 2954 1705 rogantis
2976 1637 3299 1696 audivimus.
3327 1652 3429 1692 cor
3451 1638 3721 1695 diﬂideutis

2141 1740 2246 1779 non
2272 1725 2513 1780 videmus
2543 1744 2557 1782 :
2583 1726 2676 1781 sed
2707 1727 2795 1781 ille
2824 1728 3207 1797 pronuntiavit,
3236 1729 3333 1797 qui
3366 1737 3425 1782 et
3453 1729 3610 1783 verba
3639 1743 3721 1784 au-

2138 1816 2283 1893 divit,
2309 1825 2364 1872 et
2405 1832 2499 1873 cor
2542 1818 2791 1889 inspexit.
2841 1818 3077 1888 Denique
3123 1826 3179 1874 et
3227 1819 3355 1887 ipse
3402 1820 3717 1889 Evangetista

2140 1911 2443 1987 testimonio
2471 1912 2789 1967 narrationis
2814 1928 2924 1966 suae
2949 1911 3183 1967 ostendit
3204 1913 3332 1981 quia
3364 1911 3600 1966 nondum
3616 1928 3719 1968 cre-

2141 2001 2379 2070 diderat,
2410 2004 2500 2074 qui
2541 2005 2719 2060 venire
2751 2004 2818 2063 ad
2854 2004 3072 2061 domum
3106 2019 3264 2061 suam
3308 2005 3601 2061 Dominam
3634 2020 3718 2059 eu-

2140 2094 2339 2164 piebat,
2371 2095 2436 2149 ad
2464 2095 2755 2152 sanandum
2786 2096 2948 2151 lilium
2972 2098 3110 2164 ejus.
3137 2096 3271 2151 Nam
3300 2098 3715 2167 postesqust

2134 2188 2437 2263 )nuntiatum
2476 2196 2559 2244 est
2582 2204 2769 2245 sanum
2796 2203 2920 2245 esse
2957 2188 3120 2245 tilium
3144 2188 3303 2258 ejus,
3333 2196 3394 2244 et
3431 2188 3628 2250 invenit
3658 2202 3714 2243 es

2142 2278 2270 2333 hora
2298 2290 2559 2347 sanatum,
2587 2297 2688 2349 qua
2714 2282 2841 2335 hora
2866 2282 3118 2347 Dominus
3140 2281 3378 2347 dixerat,
3416 2280 3572 2345 Vade.
3595 2282 3714 2351 ﬁlias

2140 2380 2258 2425 tuus
2280 2372 2433 2433 vivit;
2464 2381 2509 2423 et
2532 2372 2775 2439 credidit,
2810 2372 2997 2442 inquit.
3023 2374 3154 2443 ipse,
3176 2382 3228 2428 et
3255 2371 3449 2427 domus
3471 2373 3583 2441 ejus
3602 2381 3710 2449 tota

2141 2461 2198 2518 Si
2233 2478 2359 2545 ergo
2399 2470 2679 2533 prolitcrea
2716 2463 2940 2519 credidit
2973 2464 3085 2534 ipse
3110 2473 3167 2520 et
3193 2464 3397 2521 dmnus
3436 2463 3555 2534 Qus
3596 2473 3708 2543 tots,

2136 2551 2260 2631 quia
2292 2554 2559 2607 nuntiatus
2589 2562 2669 2607 est
2697 2554 2744 2610 ei
2786 2554 2923 2609 [ilius
2946 2555 3068 2625 ejus
3091 2570 3289 2623 mnus.
3320 2566 3380 2611 et
3403 2556 3711 2625 caupamit

2138 2641 2325 2697 horam
2355 2638 2701 2699 nuntiantium
2738 2644 2883 2711 horae
2923 2647 3368 2714 prmnuntisntis;
3396 2647 3606 2721 quando
3630 2657 3707 2703 η-

2130 2733 2327 2811 gabat,
2361 2735 2592 2790 nandum
2630 2736 2896 2805 credebat.
2928 2737 3246 2795 Samaritani
3272 2742 3491 2799 nullum
3516 2741 3707 2811 signa

2140 2837 2601 2899 exapectavcrant,
2631 2830 2791 2887 verbo
2814 2829 2933 2898 ejus
2956 2833 3330 2897 tantummodo
3353 2832 3703 2888 crediderant:

2139 2918 2283 2983 cives
2309 2929 2484 2973 antem
2513 2919 2629 2989 ejus
2650 2920 2833 2975 audire
2858 2908 3187 2985 meruerunt.
3212 2920 3343 2978 Nisi
3362 2925 3514 2994 signa
3538 2933 3583 2978 st
3608 2939 3709 2993 prob

2139 3006 2276 3083 digia
2308 3009 2557 3081 videritis,
2589 3025 2688 3064 non
2720 3009 2957 3075 creditis;
2985 3023 3039 3064 et
3077 3012 3148 3066 ibi
3188 3020 3374 3070 tamen
3416 3012 3555 3068 facto
3577 3022 3704 3068 tanta

2139 3100 2430 3165 miraculo,
2465 3115 2568 3163 non
2598 3102 2821 3156 credidit
2850 3102 2951 3156 nisi
2978 3103 3092 3172 ipse
3132 3112 3186 3173 et
3225 3103 3427 3160 delrius
3465 3104 3598 3173 ejus.
3636 3099 3702 3158 Ad

2137 3190 2309 3244 solum
2335 3205 2639 3247 sermonem
2666 3192 3004 3266 crediderunt
3038 3194 3216 3267 plures
3254 3193 3574 3251 Samaritani
3607 3191 3701 3246 :ad

2140 3279 2268 3336 illud
2300 3282 2606 3336 miraculum
2644 3283 2754 3336 sola
2786 3284 2873 3338 illa
2900 3283 3090 3339 domus
3114 3284 3374 3349 credidit,
3408 3286 3494 3340 ubi
3528 3284 3699 3340 factum

2138 3380 2236 3428 est.
2269 3372 2402 3445 Quid
2434 3375 2618 3451 igitur,
2651 3373 2841 3430 fratres
2860 3416 2877 3439 ,
2907 3376 3034 3448 quid
3058 3377 3213 3437 nobis
3235 3377 3580 3447 commendat
3609 3376 3699 3430 Do-

2137 3464 2351 3519 minus?
2379 3464 2527 3520 Tunc
2549 3454 2763 3537 Catilina
2789 3466 3178 3540 Judmazpatria
3202 3479 3323 3527 erat
3348 3470 3575 3527 Domini.
3595 3468 3697 3538 quis

2138 3554 2208 3621 ibi
2233 3542 2458 3612 nutritus
2486 3566 2567 3613 est
2603 3575 2615 3611 :
2654 3573 2794 3633 nunc
2819 3574 2946 3617 vero
2971 3560 3091 3630 quia
3121 3561 3393 3630 portendit
3416 3557 3603 3629 aliquid
3623 3570 3696 3611 res

2137 3648 2262 3713 illa;
2305 3663 2409 3703 non
2432 3651 2592 3723 enim
2628 3652 2744 3724 sine
2780 3638 2939 3707 causa
2974 3651 3114 3717 dicta
3150 3662 3269 3709 sunt
3313 3653 3583 3723 prodigia,
3612 3648 3695 3703 nisi

2136 3739 2255 3821 quia
2282 3740 2478 3810 aliquid
2504 3743 2826 3811 portendunt
2854 3760 2866 3794 :
2898 3732 3190 3812 prodigium
3226 3746 3374 3799 enim
3393 3741 3692 3812 appellatum

2134 3832 2404 3911 est‘quasi
2446 3833 2799 3905 porroilicium
2822 3833 2864 3899 ³,
2885 3834 3027 3905 quod
3054 3849 3215 3903 porro
3240 3835 3387 3889 di.-at
3404 3872 3420 3899 ,
3460 3846 3611 3903 porro
3634 3827 3694 3881 si-

2135 3924 2367 3997 gniticet,
2397 3933 2451 3980 et
2475 3924 2670 3995 aliquid
2699 3925 2931 3980 futurum
2955 3940 3076 3993 esse
3098 3912 3382 3995 portendat
3407 3943 3421 3981 :
3443 3924 3561 3995 quia
3582 3933 3692 3989 ergo

2134 4015 2330 4087 aliquid
2364 4016 2463 4089 uilla
2507 4018 2680 4085 omnia
2726 4017 3137 4087 portendebant,
3169 4019 3385 4090 aliquid
3412 4019 3495 4072 illa
3534 4012 3690 4071 omnis

2134 4108 2513 4185 prmdicehant,
2545 4109 2799 4179 faciamus
2824 4110 2985 4179 modo
3010 4126 3108 4165 nos
3132 4113 3358 4181 patriam
3384 4107 3583 4167 Diuuini
3610 4119 3689 4160 no-

2134 4198 2230 4277 stri
2255 4198 2379 4254 Jesu
2408 4198 2602 4254 Christi
2634 4200 2922 4256 secundum
2951 4186 3165 4271 carnem
3192 4192 3334 4275 (non
3361 4201 3502 4258 enim
3526 4193 3689 4252 habuit

2137 4289 2358 4359 patriam
2391 4290 2442 4344 in
2468 4299 2636 4363 terra,
2667 4290 2769 4344 nisi
2795 4291 3085 4346 secundum
3114 4308 3355 4361 carnem,
3380 4305 3534 4361 quam
3558 4298 3684 4340 acce-

2138 4366 2213 4449 pit
2239 4380 2516 4453 interra);
2548 4381 2797 4437 faciamus
2822 4398 2952 4453 ergo
2976 4384 3198 4451 patriam
3224 4383 3433 4449 ῐὶῃιιιιίηἱ
3458 4380 3683 4451 tumulum

2132 4468 2457 4551 Judmorum.
2493 4456 2631 4550 Ecce
2671 4473 2745 4547 in‘
2770 4476 2938 4544 patria
2976 4490 3069 4530 sua
3109 4460 3367 4533 honorem
3388 4489 3499 4529 nim
3530 4468 3680 4525 habet.

2134 4561 2289 4619 Modo
2314 4563 2526 4619 attende
2550 4564 2854 4621 Jndzeorum
2885 4567 3335 4635 turbas,'attende
3357 4567 3466 4637 jam
3496 4570 3679 4633 gentem

2134 4654 2277 4710 illam
2306 4656 2596 4727 dispersam
2627 4665 2738 4729 toto
2762 4656 2899 4712 orbe
2919 4665 3176 4713 terrarum
3194 4698 3211 4725 ,
3238 4670 3295 4713 et
3314 4657 3542 4714 evulsam
3563 4646 3681 4705 radi-

2133 4731 2282 4801 cibus
2303 4736 2440 4810 suis;
2464 4748 2677 4803 attendc
2700 4764 2876 4804 ramos
2896 4748 3114 4813 fractos,
3132 4750 3396 4813 concisos.
3417 4746 3675 4813 dispersos,

2132 4839 2337 4907 aridos,
2370 4840 2563 4910 quibus
2602 4840 2783 4895 fractis
2828 4840 2991 4897 inseri
3036 4843 3229 4896 meruit
3268 4841 3494 4896 oleaster
3522 4833 3676 4904 (Rom-

2132 4944 2222 4999 xr,
2261 4930 2350 5001 l7)
2380 4930 2543 5003 :Avidc
2588 4931 2791 4986 turbam
2832 4930 3169 4999 Judtcorum,
3199 4932 3322 5003 quid
3364 4929 3483 4984 dicit
3510 4916 3676 4995 modo?

2131 5020 2300 5086 Quem
2343 5020 2550 5086 colitis,
2594 5035 2751 5090 quem
2792 5021 3051 5085 adoratis.
3084 5021 3245 5077 frater
3270 5032 3446 5078 noster
3469 5020 3592 5071 eral.
3618 5005 3675 5062 Εῑ

2131 5128 2231 5167 nos
2265 5098 2714 5183 respondeamus,
2756 5112 3016 5185 Propheta
3055 5114 3110 5168 in
3149 5116 3313 5185 patria
3341 5128 3431 5170 sua
3463 5110 3671 5163 honorem

2131 5196 2231 5258 non
2259 5204 2424 5259 habet.
2459 5204 2692 5275 Denique
2718 5204 2791 5259 illi
2820 5204 3179 5262 ambulantem
3218 5190 3491 5281 Dominum
3514 5195 3670 5253 losum

2131 5296 2183 5351 in
2207 5304 2368 5364 terra,
2388 5294 2773 5369 facientemque
2793 5297 3077 5361 miracula;
3103 5312 3275 5354 cmeos
3296 5293 3665 5353 illuminantem.

2131 5374 2307 5446 surdis
2346 5380 2504 5446 sums
2548 5390 2907 5461 aperientem,
2952 5400 3218 5447 mutorum
3260 5405 3351 5446 ora
3386 5386 3664 5441 solventem.

2131 5468 2536 5553 paralyticorum
2563 5481 2799 5549 membra
2831 5483 3210 5558 stringentem,
3240 5497 3396 5559 super
3418 5488 3550 5553 mare
3572 5480 3666 5537 3m?

2129 5570 2398 5627 bulantem
2419 5614 2435 5639 ,
2475 5572 2646 5628 ventis
2679 5571 3033 5649 imperantem
3075 5584 3130 5630 et
3166 5574 3432 5638 ﬂuctibus.
3460 5568 3664 5649 ωθτωῳ

2130 5664 2511 5730 suscitantem;
2544 5673 2688 5719 tanta
2725 5648 2873 5736 signa
2917 5666 3197 5725 iacientem
3231 5667 3492 5727 viderunt,
3514 5664 3566 5712 et
3587 5647 3658 5705 νί⁸

2194 5778 2213 5811 ⁸
2237 5784 2287 5828 ιιι
2307 5775 2561 5841 plerisque
2580 5782 2711 5843 In.
2738 5777 3033 5842 πράξειας.
