3916 6378
535 344 674 405 1527

527 474 653 522 ante
681 479 821 532 eam,
853 473 909 521 et
941 463 1105 522 homo
1131 461 1301 521 factus
1328 474 1411 521 est
1438 465 1490 521 in
1517 481 1602 522 ea.
1629 466 1730 538 Qui
1763 466 1926 524 homo
1953 466 2122 522 factus

526 572 608 620 est
641 561 694 618 in
731 577 793 619 ea
817 606 829 627 ,
856 564 964 635 ipse
986 563 1215 635 fundauit
1232 580 1345 618 eam
1372 561 1661 620 Altissimus
1685 562 1855 635 (Psal.
1879 581 2076 621 Lxxxvl
2098 609 2113 633 ,

521 655 602 724 5),
635 668 742 709 non
764 653 1111 710 humillimus.
1136 653 1305 710 Homo
1324 659 1487 727 factus
1504 657 1650 711 estin
1671 673 1730 712 ea
1757 656 2114 723 humillimus;

520 747 643 808 quia
685 741 904 800 Verbum
923 761 1044 800 caro
1066 745 1257 815 factum
1277 756 1369 814 est,
1393 757 1440 801 et
1464 747 1701 803 habitavit
1722 749 1773 802 in
1800 749 1946 803 nobis
1968 763 1988 804 :
2010 750 2120 820 ipse

519 832 760 901 fundauit
797 851 908 888 eam
935 835 1252 903 Altissimus;
1294 839 1416 910 quia
1442 839 1497 892 in
1535 839 1786 911 principio
1825 849 1932 894 erat
1987 839 2116 895 Ver-

517 927 657 995 bum,
697 939 746 984 et
779 927 998 984 Verbum
1039 940 1148 986 erat
1173 932 1317 1004 apud
1352 931 1552 999 Deum;
1597 942 1645 988 et
1671 932 1807 988 Deus
1829 943 1940 989 erat
1987 931 2114 989 Ver-

514 1018 632 1072 bum
661 1035 683 1075 :
729 1022 900 1076 omnia
926 1039 1016 1092 per
1054 1023 1219 1094 ipsum
1245 1027 1381 1095 facta
1413 1034 1531 1079 sunt
1567 1024 1743 1096 (Joan.
1766 1042 1804 1089 ι,
1835 1031 1888 1090 1,
1914 1026 1971 1094 3,
2001 1027 2110 1096 14).

515 1107 653 1174 Quia
687 1127 815 1166 vero
849 1112 1086 1168 condidit
1113 1115 1266 1170 istam
1293 1116 1546 1184 patriam,
1594 1115 1680 1172 hic
1715 1117 1908 1174 habeat
1935 1118 2112 1173 hono-

517 1214 657 1255 rem.
687 1199 904 1272 Repulit
927 1219 1049 1259 eum
1072 1206 1240 1276 patria
1271 1205 1322 1260 in
1354 1221 1455 1278 qua
1481 1216 1763 1278 generatus
1787 1218 1903 1276 est;
1936 1209 2109 1265 susci-

519 1291 630 1361 piat
657 1308 777 1349 eum
811 1295 976 1363 patria
1004 1311 1162 1367 quam
1187 1301 1539 1368 regeneravit.

1007 1429 1186 1487 TRAC
1195 1431 1417 1489 TATUS
1454 1431 1618 1489 XV“.

515 1562 591 1616 Ab
616 1579 674 1618 eo
699 1566 832 1634 quod
858 1565 1104 1633 scriptum
1131 1575 1222 1629 est,
1251 1565 1376 1620 Post
1404 1565 1518 1620 haec
1536 1574 1651 1622 erat
1681 1565 1795 1621 dies
1815 1565 1982 1622 festus
2008 1568 2106 1624 Ju-

592 1653 852 1718 daeorum,
887 1665 940 1710 et
968 1656 1207 1711 ascendit
1232 1655 1386 1712 Jcsus
1405 1657 1789 1730 Jcrosolymam
1816 1675 1832 1724 ;
1855 1676 2014 1729 usque
2037 1661 2106 1714 ad

584 1745 660 1809 id,
692 1743 1012 1812 Quwrubant
1037 1761 1159 1800 eum
1191 1746 1354 1801 iudici
1385 1748 1704 1816 interfit-ere,
1729 1751 1854 1822 quia
1881 1767 1986 1806 non
2019 1766 2107 1806 so-

586 1836 694 1888 lum
714 1835 955 1890 solvebat
971 1837 1271 1903 sabbatum,
1299 1839 1391 1892 sed
1411 1850 1460 1894 et
1485 1851 1686 1910 putrem
1715 1858 1870 1898 suum
1888 1843 2101 1901 dicebat

585 1925 773 1991 Deum,
802 1932 1056 1997 wqualem
1070 1944 1127 1983 se
1144 1928 1341 1984 faciens
1370 1931 1497 1987 Deo.
1529 1931 1654 2002 Cap.
1667 1949 1721 2002 v,
1741 1935 1777 2006 Ῡ
1800 1937 1984 1992 .1-18.

582 2067 635 2118 1.
668 2063 855 2117 Mirum
882 2080 986 2118 non
1011 2080 1129 2120 esse
1153 2065 1312 2122 debet
1335 2082 1365 2122 a
1397 2067 1508 2123 Deo
1530 2069 1719 2125 factum
1746 2071 2059 2128 miraculum
2083 2093 2097 2129 :

509 2156 706 2210 mirum
735 2157 876 2209 enim
922 2167 1060 2211 esset
1095 2157 1139 2210 si
1187 2157 1346 2214 homo
1385 2158 1619 2215 fecisset.
1665 2161 1827 2234 Magis
1865 2164 2100 2234 gaudere

509 2263 674 2319 quam
711 2249 893 2302 mirari
921 2251 936 2281 ί
965 2249 1243 2317 debemus,
1273 2252 1393 2322 quia
1422 2253 1678 2310 Dominus
1707 2265 1889 2312 noster
1912 2267 1966 2314 et
1991 2259 2098 2314 sal-

507 2349 659 2394 vator
687 2338 842 2394 Jesus
868 2339 1112 2397 Christus
1141 2340 1300 2397 homo
1329 2342 1496 2399 factus
1521 2355 1620 2410 est,
1651 2362 1808 2416 quam
1843 2349 1983 2418 quod
2010 2350 2094 2405 di-

506 2433 627 2488 vina
650 2433 788 2488 inter
813 2433 1056 2489 homines
1082 2434 1220 2490 Deus
1240 2434 1386 2491 fecit.
1413 2436 1540 2492 Plus
1566 2447 1649 2494 est
1679 2439 1820 2494 enim
1854 2442 1918 2495 ad
1949 2442 2095 2498 salu-

511 2535 618 2578 tem
645 2534 880 2579 nosn-am
909 2525 1049 2593 quod
1086 2525 1254 2582 factus
1281 2535 1362 2583 est
1392 2537 1608 2598 propter
1634 2528 1905 2597 homines,
1933 2548 2093 2603 quam

503 2617 644 2688 quod
671 2617 795 2673 fecit
823 2618 960 2672 inter
981 2617 1223 2675 homines
1249 2635 1262 2672 :
1293 2629 1348 2674 et
1374 2619 1494 2690 plus
1515 2630 1598 2676 est
1622 2623 1763 2693 quod
1790 2625 1913 2679 vitia
1935 2640 2093 2680 sana-

503 2710 581 2766 vit
597 2711 915 2777 animarum,
941 2727 1098 2781 quam
1116 2712 1258 2782 quod
1278 2715 1485 2769 sanavit
1503 2716 1788 2786 languores
1805 2733 2092 2790 corporum

499 2801 906 2857 moriturorum.
931 2802 1037 2858 Sed
1059 2803 1181 2873 quia
1207 2804 1317 2874 ipsa
1338 2805 1513 2860 anima
1541 2821 1646 2861 non
1672 2823 1794 2864 eum
1823 2820 2044 2866 noverat
2061 2828 2092 2866 a

498 2911 605 2966 quo
631 2895 865 2951 sananda
905 2904 1049 2962 erat,
1093 2905 1148 2950 et
1171 2898 1358 2954 oculos
1403 2897 1632 2956 habebat
1673 2902 1726 2956 in
1763 2917 1926 2961 carne
1950 2906 2092 2963 unde

497 2987 635 3043 facta
671 2989 967 3058 corporalia
1012 2987 1254 3058 videret,
1295 2990 1529 3047 nondum
1569 2993 1799 3050 habebat
1836 3010 1994 3052 sanos
2037 2999 2091 3053 in

498 3077 694 3144 corde,
727 3079 866 3133 unde
905 3078 1069 3134 Deum
1100 3079 1354 3138 latentem
1393 3096 1770 3154 cognosceret;
1798 3085 1925 3144 fecit
1947 3090 2092 3160 quod

500 3169 686 3225 videre
711 3179 940 3239 poterat,
969 3181 1026 3225 ut
1048 3182 1326 3228 sanarctur
1357 3175 1493 3230 unde
1515 3177 1694 3234 videre
1729 3193 1833 3235 non
1861 3191 2087 3251 poterat.

503 3261 784 3333 Ingressus
808 3271 888 3316 est
911 3262 1085 3318 locum
1112 3264 1201 3319 ubi
1219 3265 1430 3334 jacebat
1457 3283 1644 3340 magna
1675 3271 1958 3327 multitudo
1981 3275 2089 3330 lanv

495 3351 768 3423 gueutium
791 3395 804 3416 ,
839 3367 1132 3418 cocorum,
1174 3355 1515 3421 claudorum,
1559 3359 1860 3428 aridorum;
1889 3373 1944 3419 et
1968 3379 2088 3420 cum

495 3449 641 3498 esset
667 3442 906 3497 medicus
925 3452 979 3497 et
1007 3445 1303 3502 animarum
1325 3457 1378 3502 et
1397 3463 1703 3519 corporum,
1725 3461 1778 3506 et
1797 3455 1886 3524 qui
1915 3457 2091 3512 venis-

493 3543 580 3590 set
603 3548 794 3589 sanare
834 3549 1021 3590 omnes
1056 3538 1262 3592 animas
1289 3537 1676 3597 crediturorum
1697 3584 1714 3609 ,
1743 3543 1812 3598 de
1837 3544 1944 3600 illis
1972 3547 2088 3602 lan-

493 3626 779 3696 guentibus
812 3641 974 3680 unum
1005 3627 1166 3697 elegit
1189 3644 1346 3700 quem
1376 3641 1608 3699 sanaret,
1640 3641 1699 3688 ut
1724 3634 1979 3692 unitatem
2009 3639 2088 3694 si-

492 3717 789 3788 gniﬁcaret.
818 3716 874 3773 Si
903 3717 1159 3776 mediocri
1193 3720 1385 3788 corde,
1414 3732 1468 3778 et
1493 3727 1643 3794 quasi
1671 3725 1905 3783 humano
1929 3739 2087 3800 captu

491 3815 551 3864 et
569 3808 783 3880 ingenio
803 3810 1201 3868 consideremus
1219 3811 1520 3879 facientem,
1543 3825 1596 3871 et
1611 3817 1752 3887 quod
1774 3818 1840 3873 ad
1862 3829 2088 3890 potesta-

495 3911 605 3958 tem
633 3902 892 3972 pertinet,
923 3919 1028 3959 non
1068 3921 1315 3976 magnum
1346 3907 1540 3978 aliquid
1572 3908 1828 3979 perfecit;
1860 3920 1916 3968 ct
1941 3913 2086 3984 quod

489 3994 559 4050 ad
580 3994 961 4065 benignitatem
982 4039 996 4065 ,
1027 4012 1213 4068 parum
1235 3999 1256 4030 ¹
1277 3997 1419 4054 fecit.
1444 3999 1809 4072 Totjacebant
1828 4047 1843 4072 ,
1867 4015 1921 4060 et
1946 4021 2084 4062 unus

488 4099 708 4144 curatus
736 4099 852 4154 est,
885 4105 1003 4145 cum
1048 4101 1230 4162 posset
1268 4108 1373 4149 uno
1413 4095 1578 4150 verbo
1616 4111 1804 4152 omnes
1851 4099 2078 4169 erigere.

488 4179 624 4247 Quid
654 4195 783 4251 ergo
809 4180 1208 4254 intelligendum
1234 4193 1350 4253 est,
1384 4186 1483 4241 nisi
1511 4189 1631 4258 quia
1657 4197 1896 4258 potestas
1920 4191 2008 4246 illa
2029 4202 2084 4247 et

485 4270 700 4326 bonitas
735 4271 822 4326 illa
862 4275 1029 4344 magis
1065 4275 1259 4345 agebat
1293 4277 1418 4346 quid
1461 4279 1653 4333 anima:
1684 4279 1736 4332 in
1769 4278 1920 4336 factis
1964 4282 2084 4352 ejus

486 4376 587 4430 pro
616 4363 785 4417 salute
815 4366 1136 4434 sempiterna
1182 4365 1570 4436 intelligerent,
1613 4385 1772 4439 quam
1815 4371 1942 4442 quid
1984 4388 2084 4443 pro

487 4453 768 4520 temporali
792 4454 963 4510 salute
983 4469 1207 4524 corpora
1230 4459 1602 4513 mererentur?
1621 4459 1917 4532 Corporum
1938 4467 2080 4522 enim

485 4539 634 4596 salus
658 4557 778 4610 qum
803 4559 931 4600 vera
961 4555 1298 4617 exspectatur
1324 4564 1354 4603 a
1383 4550 1634 4618 Domino,
1667 4555 1770 4610 erit
1802 4555 1855 4611 in
1887 4557 1994 4615 line
2027 4561 2079 4616 in

485 4631 880 4687 resurrectione
907 4644 1238 4692 mortuorum
1265 4654 1278 4692 :
1314 4647 1438 4695 tunc
1463 4642 1603 4711 quod
1626 4643 1763 4700 vivet
1789 4687 1804 4712 ,
1834 4663 1938 4703 non
1966 4665 2082 4706 mo-

484 4723 690 4789 rietur;
739 4733 863 4780 tunc
911 4728 1052 4797 quod
1099 4730 1392 4799 sanabitur,
1445 4748 1549 4788 non
1608 4737 1912 4807 aegrotabit;
1953 4749 2079 4800 tunc

483 4817 627 4890 quod
657 4819 954 4887 satiabitur,
985 4837 1090 4878 non
1119 4824 1317 4881 esuriet
1339 4836 1431 4882 aut
1456 4828 1635 4895 sitiet;
1670 4839 1793 4888 tunc
1818 4835 1958 4904 quod
1985 4853 2080 4894 τες

485 4908 793 4977 novabitur,
830 4926 934 4966 non
961 4921 1274 4970 veterascet.
1322 4916 1473 4974 Nunc
1508 4934 1634 4976 vero
1671 4922 1724 4977 in
1772 4924 1877 4980 illis
1922 4926 2073 4983 factis

482 4999 696 5056 Domini
722 5010 776 5056 et
800 5003 1085 5061 salvatoris
1113 5009 1280 5063 nostri
1305 5008 1432 5066 Jesu
1458 5011 1690 5079 Christi,
1721 5024 1775 5070 et
1807 5033 2071 5076 caecorum

482 5092 654 5161 aperti
704 5093 877 5162 oculi,
933 5107 1106 5153 morte
1156 5099 1323 5156 clausi
1365 5111 1518 5170 sunt;
1562 5114 1618 5160 et
1662 5111 2071 5182 paralyticorum

479 5183 722 5238 membra
767 5187 1088 5254 constricta,
1137 5202 1310 5248 morte
1346 5193 1602 5253 dissoluta
1648 5210 1808 5268 sunt;
1837 5212 1892 5258 et
1918 5205 2072 5276 quid-

475 5275 605 5348 quid
631 5287 875 5334 sanatum
901 5290 981 5336 est
1000 5285 1359 5354 temporaliter
1378 5287 1431 5343 in
1460 5291 1713 5349 membris
1736 5275 2066 5364 mortalibus,

478 5369 530 5424 in
565 5369 667 5424 line
695 5369 890 5427 defecit
921 5392 934 5427 :
967 5375 1142 5431 anima
1166 5393 1294 5434 vero
1339 5396 1456 5453 quae
1499 5385 1752 5452 credidit;
1783 5387 1848 5443 ad
1906 5391 2066 5447 vitam

475 5469 733 5520 aeternam
759 5466 1039 5524 transitum
1068 5469 1211 5528 fecit.
1242 5472 1449 5530 Animae
1471 5492 1600 5548 ergo
1619 5479 1903 5539 creditura:
1923 5525 1940 5552 ,
1970 5499 2066 5540 cu-

427 5616 442 5687 ἷ
475 5618 872 5704 -.ἶηὲἱίὶεβίξξὲ
1011 5623 1360 5704 ἶεῖῖιηξτίείστεθ
1380 5629 1688 5704 libratior"!!!
1709 5635 1864 5704 laus“.
1898 5655 2004 5704 pro.
2022 5651 2070 5696 et

426 5665 434 5687 ⁸
474 5665 1521 5763 gyﬁfigg'gﬁKsiuisazut‘é‘i

475 5743 580 5810 mu:
599 5741 882 5810 suum
901 5746 1088 5801 mirari.

540 5804 1020 5871 Nummorum.

1388 347 1459 405 ΙΝ
1480 347 1760 408 JOANNIS
1783 347 2253 419 EVANGELIUM,
2283 354 2342 412 8.
2385 358 2749 422 AUGUSTINI

3638 392 3746 455 1528

2226 467 2316 539 jus
2344 476 2858 570 peccatagdimittere
2881 497 3133 556 venerat,
3156 489 3222 547 ad
3244 492 3395 564 cujus
3419 495 3671 570 languores
3687 519 3754 562 ss.

2231 565 2439 622 nandos
2462 581 2521 623 se
2563 568 2935 633 humiliaverat
2953 619 2971 646 ,
2999 578 3068 636 de
3093 581 3194 638 hoc
3217 584 3460 657 languido
3482 565 3646 651 sanato
3666 614 3753 653 nu-

2229 669 2391 758 gnum
2436 661 2644 732 signum
2693 664 2858 722 dedit.
2905 669 3070 741 Cujus
3112 675 3191 729 rei
3231 686 3286 732 et
3319 681 3468 749 cujus
3503 684 3625 755 signi
3660 705 3754 758 pro.

2229 745 2454 806 fundum
2515 769 2937 826 sacramentum,
2985 776 3237 833 quantum
3301 745 3573 829 Dominus-
3595 745 3753 839 donare

2230 839 2497 913 dignatur,
2526 850 2743 906 attentis
2781 852 2933 909 vobis
2955 864 3010 910 et
3036 859 3238 914 orando
3265 861 3616 931 adjuvantibus
3636 871 3753 930 inﬁr-

2227 934 2467 992 mitatem
2501 950 2736 997 nostram
2757 985 2772 1009 ,
2807 944 2994 1015 loquar
3016 958 3075 1004 ut
3101 959 3302 1020 potero.
3340 955 3592 1030 Quidquid
3613 975 3751 1024 autem

2225 1039 2332 1080 non
2362 1042 2577 1097 possum
2599 1071 2613 1096 ,
2642 1035 2910 1104 supplebit
2949 1038 3001 1094 in
3030 1041 3180 1098 vobis
3217 1043 3360 1114 ipse,
3387 1063 3491 1119 quo
3524 1051 3754 1123 adjuvants

2223 1115 2363 1172 facio
2389 1121 2530 1191 quod
2559 1137 2794 1192 possum.

2293 1209 2349 1265 2.
2385 1211 2459 1267 Dc
2489 1212 2590 1268 hac
2618 1217 2816 1286 piscina
2843 1235 2963 1290 quae
2988 1224 3219 1296 quinque
3249 1229 3533 1296 porticibus
3551 1235 3753 1306 cingeba-

2218 1309 2327 1368 tur,
2359 1303 2413 1358 in
2431 1305 2624 1375 quibus
2645 1308 2857 1377 jacebat
2881 1328 3069 1384 magna
3099 1317 3384 1375 multitudo
3406 1303 3750 1394 languentium,

2219 1391 2434 1450 assidue
2469 1410 2568 1449 nos
2618 1407 2874 1458 tractasse
2911 1405 3163 1471 memini;
3193 1419 3248 1464 et
3275 1425 3389 1466 rem
3418 1391 3637 1471 dicturus
3665 1391 3752 1476 suni

2216 1497 2374 1552 quam
2405 1501 2610 1542 mecum
2643 1491 2823 1560 plures
2876 1510 3258 1568 recognoscant
3297 1505 3471 1574 potius
3520 1523 3659 1580 quam
3681 1528 3751 1569 co-

2212 1586 2492 1644 gnoscant.
2547 1579 2738 1636 Verum
2781 1585 2915 1640 nihil
2951 1597 3033 1643 est
3079 1591 3146 1646 ab
3190 1607 3282 1660 re,
3329 1597 3486 1651 etiam
3540 1579 3649 1657 nota
3687 1621 3751 1661 re-

2214 1676 2430 1736 petere,
2473 1678 2532 1725 nt
2567 1682 2622 1728 et
2646 1676 2736 1744 qui
2779 1693 2885 1732 non
2923 1693 3182 1740 noverant
3217 1686 3568 1760 instruantur;
3607 1705 3652 1754 et
3684 1702 3751 1770 qui

2213 1772 2476 1817 noverant
2518 1768 2918 1827 conﬁrmentur.
2965 1774 3197 1834 Proinde
3223 1789 3470 1854 tanquam
3511 1798 3625 1843 nota
3663 1768 3752 1849 bre-

2211 1851 2350 1908 viter
2400 1857 2798 1930 perstringenda
2857 1873 3012 1932 sunt,
3071 1884 3175 1925 non
3238 1851 3411 1930 otiose
3466 1877 3747 1941 inculcanda.

2211 1943 2421 2001 Piscina
2463 1949 2548 2002 illa
2591 1960 2647 2006 et
2691 1967 2826 2025 aqua
2867 1957 2953 2012 illa
2999 1964 3252 2030 populum
3303 1969 3434 2024 mihi
3479 1971 3666 2029 videtur
3697 1978 3750 2033 si-

2206 2037 2487 2107 gnificasse
2523 2041 2848 2102 Judteorum.
2898 2049 3195 2123 Signiﬁcari
3239 2059 3385 2116 enim
3430 2065 3640 2134 populos
3678 2084 3749 2125 uo-

2208 2129 2352 2230 mine
2403 2147 2698 2205 aquarum,
2749 2151 2934 2209 aperte
2994 2145 3152 2202 nobis
3205 2129 3748 2230 indicit—Apocalypsis

2202 2217 2426 2276 Joannis
2455 2240 2467 2275 :
2498 2224 2585 2279 ubi
2628 2228 2675 2281 ei
2722 2244 2842 2284 cum
2884 2234 3294 2294 ostenderentur
3321 2257 3472 2313 aquae
3499 2217 3686 2312 inultae:
3707 2261 3747 2305 et

2203 2312 2587 2384 interrogasset
2611 2321 2736 2390 quid
2763 2336 2942 2381 essent
2960 2369 2974 2394 ,
3018 2345 3337 2400 responsum
3365 2339 3590 2409 accepit,
3615 2356 3747 2410 popu-

2202 2404 2282 2459 los
2307 2422 2427 2463 esse
2457 2409 2638 2483 (Apoc.
2666 2429 2777 2470 xvn
2799 2458 2814 2481 ,
2840 2416 2952 2491 45).
2978 2422 3126 2492 Aqua
3155 2439 3284 2496 ergo
3307 2427 3430 2499 illa,
3463 2404 3512 2486 a
3531 2404 3748 2504 estpopu-

2202 2497 2286 2554 lus
2309 2498 2398 2556 ille
2416 2543 2431 2568 ,
2461 2505 2694 2576 quinque
2724 2508 2872 2565 libris
2895 2512 3090 2586 Moysi,
3115 2525 3366 2591 tanquam
3407 2497 3637 2595 quinque
3649 2497 3745 2598 por-

2200 2589 2393 2646 ticibus
2432 2596 2796 2656 claudebatur.
2827 2601 2932 2658 Sed
2981 2605 3059 2661 illi
3101 2589 3239 2664 libri
3268 2589 3559 2681 prodebant
3585 2589 3746 2689 langui-

2198 2680 2297 2740 dos
2315 2727 2330 2751 ,
2362 2702 2465 2740 non
2491 2690 2767 2746 sanabant.
2791 2693 2901 2750 Lex
2923 2697 3064 2753 enim
3095 2680 3403 2770 peccatores
3421 2680 3742 2778 convincebat,

2200 2791 2304 2830 non
2342 2777 2670 2836 absolvebat.
2699 2783 2822 2839 Ideo
2851 2788 3022 2843 littera
3048 2791 3161 2847 sine
3187 2798 3359 2866 gratia
3389 2814 3508 2855 reos
3533 2799 3743 2869 faciebat,

2197 2882 2332 2936 quos
2355 2872 2673 2931 confitentes
2701 2881 2864 2948 gratia
2895 2880 3168 2940 liberabat.
3196 2887 3332 2945 Nam
3363 2890 3462 2948 hoc
3493 2894 3612 2949 dicit
3633 2897 3744 2965 Apoc

2197 2962 2370 3018 stolus
2398 2981 2414 3018 :
2444 2964 2507 3020 Si
2544 2969 2680 3023 enim
2723 2971 2843 3026 data
2876 2985 3002 3030 esset
3025 2977 3108 3032 lea:
3141 2997 3256 3052 quae
3297 2995 3463 3054 posset
3503 2962 3741 3054 uiri/icore,

2196 3055 2403 3109 omnino
2439 3072 2502 3112 at:
2546 3058 2680 3132 Lege
2719 3073 2849 3118 esset
2882 3068 3103 3137 justitia.
3157 3072 3339 3140 Quare
3378 3093 3506 3148 ergo
3539 3078 3648 3133 data
3682 3088 3746 3134 est

2197 3143 2350 3199 Lex?
2376 3146 2645 3219 Sequitur,
2676 3162 2731 3207 et
2753 3154 2876 3210 dicit
2909 3175 2922 3211 :
2955 3158 3063 3214 Sed
3097 3163 3345 3220 conclusit
3388 3143 3640 3234 scriptura
3661 3185 3745 3222 omo

2196 3235 2284 3288 nia
2310 3237 2402 3292 sub
2428 3250 2650 3310 peccato,
2673 3254 2728 3298 ut
2754 3248 3020 3314 promissio
3056 3267 3120 3305 ea:
3143 3254 3247 3322 ﬁde
3268 3255 3400 3312 Iesu
3425 3258 3602 3313 Christi
3621 3259 3743 3314 dare-

2196 3337 2280 3384 tur
2312 3332 2627 3390 credentibus
2656 3335 2850 3410 (Colat.
2880 3355 2965 3408 In,
2995 3343 3058 3399 21
3085 3387 3100 3411 ,
3129 3345 3243 3418 22).
3296 3350 3432 3418 Quid
3459 3351 3744 3408 evidentius?

2193 3421 2383 3480 Nonne
2411 3426 2569 3481 verba
2601 3428 2714 3486 haec
2737 3445 3099 3502 exposuerunt
3133 3441 3287 3496 nobis
3323 3452 3378 3498 et
3403 3447 3622 3516 quinque
3643 3460 3744 3514 por-

2195 3515 2333 3572 ticus
2349 3558 2365 3583 ,
2387 3527 2442 3573 et
2460 3519 2818 3591 languentium
2843 3525 3268 3586 multitudinem?
3288 3515 3530 3606 Quinque
3546 3515 3743 3608 porticus

2192 3605 2302 3662 Lex
2333 3620 2435 3664 est.
2475 3610 2652 3679 Quare
2679 3615 2914 3686 quinque
2943 3620 3177 3687 porticus
3219 3639 3329 3679 non
3369 3605 3618 3682 sanabant
3653 3626 3742 3681 Ian-

2191 3701 2452 3770 guentes?
2480 3702 2612 3771 Quia
2639 3706 2684 3759 si
2704 3705 2825 3761 data
2863 3720 2988 3764 esset
3032 3711 3115 3766 lea:
3153 3731 3267 3784 quae
3306 3730 3472 3789 posset
3499 3721 3742 3787 vivi/icore,

2192 3792 2399 3846 omnino
2424 3810 2487 3848 ea:
2523 3792 2655 3866 Lege
2689 3809 2813 3853 esset
2845 3802 3068 3870 justitia.
3091 3804 3268 3874 Quare
3293 3824 3423 3881 ergo
3443 3811 3742 3866 continebant

2189 3899 2326 3956 quos
2369 3901 2476 3942 non
2517 3891 2810 3948 sanabant?
2851 3894 2982 3961 Quia
3013 3898 3261 3954 conclusit
3304 3901 3569 3975 Scriptura
3603 3904 3741 3960 omnia

2189 3977 2284 4030 sub
2308 3990 2544 4049 peccato,
2583 3991 2640 4037 ut
2681 3985 2947 4054 promissio
2975 4003 3039 4043 ea:
3059 3989 3163 4060 ﬁde
3195 3991 3323 4050 Jesu
3365 3993 3548 4052 Christi
3572 3997 3741 4052 daretur

2188 4068 2519 4128 credentibus.

2260 4161 2314 4216 3.
2345 4160 2480 4230 Quid
2501 4179 2630 4236 ergo
2650 4163 2811 4222 ﬁebat
2837 4168 2974 4225 utin
3000 4185 3133 4244 aqua
3161 4173 3250 4230 illa
3280 4178 3488 4234 turbata
3512 4193 3736 4236 sanaren-

2191 4257 2295 4319 tur,
2343 4254 2431 4324 qui
2476 4255 2528 4309 in
2568 4258 2858 4326 porticibus
2896 4263 3072 4319 sanari
3113 4281 3220 4322 non
3265 4273 3548 4340 poterant?
3585 4271 3739 4328 Subito

2186 4344 2330 4399 enim
2364 4345 2640 4404 videbatur
2679 4366 2812 4422 aqua
2851 4354 3097 4420 turbata,
3139 4368 3194 4415 et
3229 4375 3260 4415 a
3302 4378 3410 4433 quo
3448 4364 3734 4429 turbabatur,

2185 4449 2293 4490 non
2330 4436 2628 4494 videbatur.
2668 4441 2870 4500 Credas
2907 4443 3008 4502 hoc
3028 4450 3264 4520 angelica
3301 4454 3496 4511 virtute
3528 4455 3630 4511 fieri
3663 4469 3735 4510 so-

2185 4525 2298 4584 lere
2316 4571 2334 4598 ,
2364 4544 2468 4587 non
2500 4542 2676 4590 tamen
2706 4536 2823 4592 sine
2851 4538 3182 4610 signiﬁcante
3205 4545 3388 4617 aliquo
3416 4557 3731 4605 sacramento.

2186 4619 2313 4678 Post
2341 4638 2532 4694 aquam
2566 4627 2830 4684 turbatam
2872 4633 3114 4690 mittebat
3149 4651 3209 4692 se
3243 4653 3382 4694 unus
3408 4641 3494 4712 qui
3525 4649 3731 4712 poterat,

2184 4723 2240 4771 et
2267 4721 2553 4774 sanabatur
2588 4721 2737 4778 solus
2764 4741 2777 4776 :
2802 4733 2926 4795 post
2966 4726 3113 4782 illum
3157 4731 3396 4803 quisquis
3425 4749 3482 4790 se
3510 4736 3729 4794 mitteret.

2183 4806 2380 4866 frustra
2427 4811 2644 4870 faceret.
2695 4815 2832 4885 Quid
2869 4818 2972 4876 sibi
3009 4835 3138 4893 ergo
3174 4823 3278 4880 hoc
3319 4827 3450 4893 vult,
3501 4829 3594 4884 nisi
3631 4825 3729 4897 quia

2182 4902 2328 4958 venit
2371 4918 2510 4960 unus
2556 4905 2802 4963 Christus
2843 4909 2908 4965 ad
2953 4913 3206 4982 populum
3236 4916 3567 4985 ludam-um;
3593 4928 3643 4973 et
3670 4916 3730 4970 lac

2179 4993 2372 5048 cicudo
2409 5010 2618 5066 magna,
2663 4998 2906 5056 docendo
2947 5003 3114 5074 utilia,
3163 5008 3393 5066 turbavit
3435 5022 3726 5082 peccatores.

2183 5085 2414 5140 turbavit
2438 5103 2629 5158 aquam
2661 5094 2938 5160 prmsentia
2959 5111 3052 5150 sua
3069 5137 3084 5163 ,
3113 5108 3167 5152 ct
3195 5101 3440 5157 excitavit
3465 5103 3528 5158 ad
3555 5099 3726 5172 passio-

2179 5192 2303 5232 nem
2334 5182 2518 5235 suam?
2548 5181 2652 5238 Sed
2690 5184 2860 5240 latens
2909 5188 3160 5245 turbavit.
3205 5191 3259 5249 Si
3302 5195 3443 5251 enim
3482 5193 3726 5265 cognovis-

2177 5280 2315 5337 sent,
2345 5287 2615 5344 nunquam
2649 5275 2929 5333 Dominum
2959 5280 3141 5351 gloria:
3166 5285 3543 5342 cruciﬁxissent
3569 5284 3606 5357 (Ι
3628 5283 3724 5338 Cor.

2177 5379 2236 5430 n,
2264 5364 2344 5436 8).
2387 5367 2724 5426 Descendere
2767 5385 2894 5443 ergo
2924 5373 2976 5429 in
3004 5390 3198 5446 aquam
3233 5380 3510 5445 turbatam,
3536 5378 3629 5435 hoc
3664 5385 3724 5426 ts!

2175 5455 2450 5514 humiliter
2473 5460 2695 5518 credere
2718 5462 2771 5518 in
2805 5463 3013 5522 Domini
3055 5470 3377 5538 passionem.
3423 5471 3493 5527 lbi
3529 5467 3720 5526 sanaba-

2139 5599 2141 5604 λ
2177 5555 2264 5603 tur
2292 5565 2448 5619 unus,
2475 5552 2778 5621 significans
2804 5555 3091 5626 unitatem;
3119 5570 3304 5631 postea
3334 5563 3562 5635 quisquis
3595 5559 3720 5610 mii-

2173 5651 2276 5707 ret,
2323 5659 2428 5698 non
2455 5645 2743 5701 sanabatur
2784 5650 2948 5720 :quia
2993 5654 3230 5726 quisquis
3276 5665 3461 5728 prmtcr
3499 5656 3718 5708 llliilul‘lil

2175 5730 2355 5800 fuerit,
2383 5737 2556 5790 sanari
2584 5753 2688 5794 non
2717 5741 2928 5808 poterit.

2247 5825 2300 5882 4.
2341 5824 2626 5886 Videamus
2661 5845 2790 5904 ergo
2823 5831 2948 5903 quid
2991 5835 3218 5895 voluerit
3254 5837 3540 5912 significare
3573 5835 3618 5891 in
3645 5831 3719 5887 illo
