3916 6408
203 396 336 456 1529

197 530 319 582 uno,
347 529 513 587 quem
559 519 726 576 etiam
774 520 889 591 ipse
916 535 1139 576 servans
1182 519 1403 576 unitatis
1453 519 1790 592 mysterium,

196 613 332 669 sicut
381 612 721 682 praelocutus
776 630 916 681 sum,
965 615 1034 671 de
1079 623 1157 670 tot
1203 613 1574 685 languentibus
1625 629 1788 668 unum

191 717 378 760 sanare
406 705 666 774 dignatus
691 716 792 762 est.
834 706 1037 762 Invenit
1075 707 1127 761 in
1163 707 1316 761 annis
1359 705 1475 773 ejus
1504 720 1787 760 numerum

189 797 476 868 quemdam
520 797 840 870 languoris:
875 798 1103 871 Triginta
1145 810 1256 853 octo
1297 815 1456 853 annos
1497 797 1791 852 habebatin

187 889 501 960 inﬁrmitate.
535 892 640 948 Hic
677 907 928 948 numerus
954 891 1221 961 quomodo
1256 892 1424 962 magis
1460 889 1525 944 ad
1569 890 1790 960 languo-

187 999 295 1038 rem
326 984 626 1052 pertineat,
650 1000 810 1055 quam
849 983 915 1038 ad
943 985 1246 1050 sanitatem,
1289 983 1447 1053 paulo
1475 982 1786 1053 diligentius

185 1075 573 1146 exponendum
597 1087 700 1132 est.
741 1075 978 1132 lntentos
1004 1092 1100 1131 vos
1127 1077 1275 1140 volo;
1304 1075 1475 1130 aderit
1507 1075 1784 1142 Dominus,

186 1181 238 1224 nt
262 1185 504 1239 congrue
555 1171 770 1240 loquar,
813 1180 868 1226 et
908 1170 1234 1226 sufﬁcienter
1256 1169 1504 1225 audiatis.
1546 1167 1788 1236 Quadra-

183 1262 433 1332 genarius
462 1278 730 1318 numerus
770 1273 1010 1319 sacratus
1051 1262 1204 1318 nobis
1242 1263 1292 1316 in
1336 1260 1563 1332 quadam
1607 1259 1786 1330 perle-

184 1353 355 1407 ctione
399 1353 840 1409 commendatur.
870 1352 1062 1408 Notum
1107 1368 1226 1409 esse
1251 1353 1484 1408 arbitror
1529 1350 1786 1406 Charitati

182 1454 372 1499 vestra:
404 1464 419 1498 :
457 1455 732 1502 testantur
757 1445 1049 1516 sa‘pissime
1074 1444 1268 1500 divina:
1296 1441 1604 1512 Seripturaz.
1635 1441 1784 1510 Jeju-

184 1537 324 1590 nium
371 1536 482 1592 hoc
529 1553 757 1594 numero
805 1546 1172 1592 consecratum
1225 1544 1306 1590 est
1347 1554 1360 1589 :
1408 1535 1544 1589 bene
1592 1533 1782 1588 nostis.

181 1627 307 1682 Nam
349 1638 406 1684 et
453 1629 672 1702 Moyses
715 1629 1061 1701 quadraginta
1091 1629 1278 1685 diebus
1300 1627 1560 1700 jejunavit
1585 1625 1781 1696 (Exod.

181 1736 357 1784 xxinv,
405 1722 543 1791 ‘28),
584 1731 641 1778 et
685 1722 834 1778 Elias
873 1723 1090 1778 totidem
1136 1721 1226 1792 (ΙΙΙ
1277 1721 1406 1792 Reg.
1452 1737 1560 1788 xut,
1609 1718 1689 1787 8),
1731 1729 1786 1774 et

182 1811 292 1880 ipse
324 1812 596 1867 Dominus
628 1822 809 1869 noster
837 1823 889 1867 et
919 1813 1152 1868 salvator
1193 1813 1349 1869 Jesus
1375 1813 1618 1868 Christus
1644 1811 1785 1866 hunc

181 1903 363 1972 jejunii
393 1920 690 1960 numerant
714 1905 951 1975 implevit
973 1904 1185 1969 (Matth.
1218 1921 1291 1971 tv,
1320 1902 1399 1976 ‘2).
1432 1904 1537 1959 Per
1564 1904 1782 1976 Moysen

183 1993 512 2063 signiﬁcatur
555 1995 689 2064 Lex,
721 2012 819 2065 per
865 1997 1032 2051 Etiam
1075 1996 1439 2067 signiﬁcantur
1479 1995 1780 2066 Propliette,

187 2099 278 2155 per
325 2085 618 2142 Dominum
662 2086 990 2158 signilieatur
1030 2087 1398 2159 Evangelinm.
1431 2086 1554 2144 Ideo
1597 2088 1648 2142 in
1692 2087 1785 2142 illo

186 2189 367 2234 monte
419 2190 540 2236 tres
585 2190 961 2251 apparuerunt.
993 2183 1082 2238 ubi
1126 2197 1186 2239 se
1226 2182 1502 2253 discipulis
1552 2182 1788 2238 ostendit

188 2268 239 2322 in
278 2270 530 2328 claritate
554 2272 732 2328 vultus
755 2275 994 2330 ctvesds
1019 2288 1147 2329 suae.
1195 2275 1452 2344 Apparuit
1488 2274 1632 2330 enim
1669 2289 1785 2330 me-

189 2359 303 2416 dius
329 2363 475 2420 inter
509 2364 726 2436 Moysen
757 2374 811 2420 et
838 2363 1010 2420 Eliam
1045 2364 1153 2436 (Id.
1188 2382 1313 2430 xvu,
1353 2363 1496 2438 1-5),
1537 2374 1784 2436 tanquam

191 2452 543 2525 Evangelium
592 2457 950 2513 testimonium
982 2458 1201 2514 haberet
1241 2473 1272 2514 a
1303 2458 1441 2530 Lege
1465 2466 1522 2513 et
1549 2458 1787 2529 Prophe-

197 2545 261 2600 lis
285 2546 468 2617 (Rom.
498 2565 578 2616 nt,
604 2549 722 2621 2|).
747 2550 868 2606 Sive
895 2550 1024 2621 ergo
1049 2551 1102 2605 in
1128 2550 1290 2622 Lege,
1313 2551 1426 2606 sive
1453 2552 1507 2606 in
1547 2551 1787 2622 Pr0phe-

197 2639 282 2705 tis,
311 2641 430 2698 sive
472 2641 526 2697 iu
571 2642 881 2714 Evangelia,
926 2642 1374 2714 quadragenarius
1403 2658 1658 2699 numerus
1688 2659 1786 2698 no-

198 2728 279 2786 bis
303 2731 354 2786 in
372 2733 582 2803 jejunio
601 2735 1021 2790 commendatur.
1045 2734 1314 2803 Jejunium
1339 2745 1514 2790 autem
1538 2751 1786 2803 magnum

205 2833 256 2878 et
279 2827 532 2895 generale
573 2834 672 2891 est,
703 2827 975 2883 abstinere
1014 2827 1082 2881 ab
1121 2827 1482 2897 iniquitatibus
1510 2836 1563 2881 et
1590 2827 1789 2882 illicitis

205 2916 559 2986 voluptatibus
607 2919 786 2974 surculi
829 2918 972 2988 quod
1019 2927 1100 2974 est
1141 2918 1432 2988 perlectum
1468 2919 1724 2984 jejunium
1771 2936 1786 2972 :

206 3019 260 3062 ut
320 3011 625 3082 abnegantes
673 3013 981 3081 impietatem
1029 3022 1076 3066 et
1131 3013 1398 3067 swculares
1449 3011 1748 3080 cupiditates
1772 3053 1786 3075 ,

212 3108 556 3170 teinperanter,
587 3111 634 3158 et
668 3103 827 3174 juste,
869 3112 914 3157 et
962 3104 1044 3174 pie
1085 3104 1307 3158 vivamus
1348 3103 1402 3156 in
1445 3104 1540 3157 Itoc
1579 3104 1786 3158 swcalo.

212 3188 341 3247 Huic
364 3193 566 3263 jejunio
607 3209 766 3262 quam
815 3194 1114 3250 mercedem
1156 3193 1302 3248 addit
1341 3193 1657 3262 Apostolus?
1686 3195 1789 3250 Se-

214 3283 404 3350 quitur,
435 3294 486 3339 et
521 3284 650 3339 dicit
678 3303 693 3340 :
725 3283 1086 3350 Exspectantes
1127 3283 1270 3338 illaut
1315 3282 1512 3337 beatam
1553 3301 1711 3353 spem,
1744 3293 1790 3337 et

215 3375 658 3444 manifestationem
700 3376 877 3446 gloria:
920 3375 1050 3430 beati
1101 3373 1212 3437 Dei,
1241 3385 1288 3428 et
1328 3375 1593 3429 salvatoris
1630 3375 1791 3428 nostri

217 3462 332 3520 Iesu
377 3465 559 3522 Christi
606 3465 732 3539 (Tit.
786 3482 843 3533 ιι,
891 3465 978 3531 12,
1028 3465 1139 3538 15).
1188 3465 1244 3520 ln
1289 3465 1391 3520 hoc
1438 3482 1565 3536 ergo
1594 3466 1790 3521 saeculo

219 3559 362 3625 quasi
395 3558 860 3630 Quadragesimam
907 3558 1238 3614 abstinentia:
1277 3558 1629 3623 celebramus,
1667 3573 1788 3614 cum

222 3645 352 3703 bene
390 3651 636 3716 vivimus,
681 3665 803 3705 cum
852 3649 919 3703 ab
968 3649 1333 3721 iniquitatibus
1381 3659 1437 3704 et
1482 3649 1549 3704 ab
1594 3649 1792 3704 illicitis

222 3741 560 3812 voluptatibus
603 3743 950 3799 abstinemus.
1005 3740 1109 3797 Sed
1154 3742 1274 3811 quia
1319 3741 1432 3796 haec
1473 3741 1790 3796 abstinentia

227 3833 332 3890 sine
375 3837 618 3893 mercede
666 3853 771 3891 non
819 3836 940 3902 erit,
985 3844 1358 3906 exspectamus
1409 3834 1604 3889 beatam
1648 3834 1792 3888 illam

229 3942 373 3997 spent,
414 3938 461 3983 et
499 3928 850 3983 reuelationem
877 3928 1053 3999 gloria:
1091 3928 1262 3998 magni
1300 3925 1417 3990 Dei,
1455 3937 1502 3980 et
1527 3925 1793 3980 salvatoris

229 4022 370 4075 nostri
401 4021 524 4078 Iesu
558 4021 764 4077 Christi.
797 4020 852 4076 ln
883 4022 975 4076 illa
1002 4036 1115 4091 spe,
1155 4029 1276 4075 cum
1311 4019 1466 4074 fuerit
1491 4019 1559 4074 de
1587 4033 1682 4088 spe
1712 4020 1791 4073 la-

232 4119 304 4165 eta
345 4127 447 4180 res,
473 4113 742 4182 accepturi
787 4126 972 4165 sumus
1012 4110 1311 4166 mercedem
1352 4109 1649 4166 denarium.
1675 4107 1792 4179 Ipsa

232 4205 356 4258 enim
382 4218 589 4260 merces
615 4201 856 4259 redditur
878 4202 1136 4271 cperariis
1161 4201 1213 4255 in
1246 4201 1397 4256 vinea
1424 4199 1792 4254 laborantibus

231 4295 494 4350 secundum
525 4294 872 4365 Evangelium
916 4292 1125 4364 (Matth.
1171 4308 1261 4357 xx,
1295 4291 1350 4358 9,
1385 4292 1496 4363 10),
1527 4289 1665 4359 quod
1698 4305 1792 4345 vos

230 4387 372 4443 credo
400 4385 669 4443 reminisci
701 4403 715 4441 :
745 4400 917 4456 neque
944 4386 1086 4439 enim
1116 4384 1294 4438 omnia
1323 4381 1789 4438 commemoranda

231 4489 358 4546 sunt,
385 4491 630 4552 tanquam
677 4479 897 4535 rudibus
939 4487 994 4533 et
1036 4477 1313 4547 imperitis.
1365 4476 1625 4531 Denarius
1661 4491 1790 4546 ergo

231 4574 308 4642 qui
333 4577 528 4646 accepit
556 4589 747 4630 nomen
768 4589 797 4627 a
824 4588 1047 4629 numero
1072 4572 1280 4638 decem,
1302 4570 1559 4635 redditur,
1589 4578 1648 4624 et
1664 4584 1792 4624 con-

230 4665 419 4734 junctus
433 4667 854 4740 quadragenario
883 4665 942 4720 ﬁt
968 4663 1449 4736 quinquagenarius
1473 4681 1485 4716 :
1511 4662 1650 4719 unde
1667 4677 1791 4719 cum

235 4755 392 4813 labore
409 4759 740 4816 celebramus
756 4756 1224 4826 Quadragesimam
1254 4763 1378 4809 ante
1404 4753 1642 4819 Pascha;
1667 4769 1790 4809 cum

236 4846 388 4905 latitia
415 4867 560 4918 vero,
603 4859 853 4919 tanquam
897 4858 1112 4919 accepta
1150 4846 1414 4913 mercede,
1447 4847 1788 4917 Quinquage-

235 4940 398 4996 siniam
445 4953 560 5012 post
600 4941 823 4997 Pascha.
852 4939 983 4994 Nam
1028 4939 1150 4994 huic
1184 4948 1434 5009 tanquam
1466 4939 1682 4992 salutari
1711 4940 1788 4992 Ia-

234 5029 329 5086 bori
371 5033 492 5089 boni
534 5033 732 5104 operis,
784 5031 872 5103 qui
926 5031 1153 5101 pertinet
1201 5029 1266 5084 ad
1312 5029 1788 5101 quadragenarium

235 5138 511 5191 numerum,
551 5123 765 5179 additur
806 5122 1000 5194 quietis
1041 5129 1096 5177 et
1135 5121 1399 5178 felicitatis
1437 5120 1706 5190 denarius,
1736 5131 1792 5178 ut

234 5217 688 5290 quinquagenarius
715 5216 822 5272 ﬁat.

291 5309 337 5364 5.
372 5309 694 5381 Signiﬁcavit
742 5308 843 5364 hoc
889 5316 943 5364 et
993 5309 1106 5378 ipse
1151 5307 1404 5363 Dominus
1430 5307 1586 5364 Jesus
1623 5309 1790 5366 multo

233 5404 455 5472 apertius,
517 5402 731 5475 quando
785 5411 904 5473 post
950 5402 1395 5458 resurrectionem
1446 5403 1789 5475 quadraginta

232 5493 395 5552 diebus
439 5505 786 5553 conversatus
814 5507 893 5550 est
932 5497 983 5550 in
1025 5505 1166 5550 terra
1200 5511 1321 5550 cum
1365 5495 1637 5565 discipulis
1674 5497 1787 5551 suis

231 5583 343 5654 (Act.
377 5605 413 5654 ι,
439 5590 515 5660 5);
546 5587 952 5660 quadragesimo
983 5597 1157 5642 autem
1201 5587 1286 5644 die
1314 5603 1434 5642 cum
1459 5587 1790 5643 ascendisset

231 5677 274 5733 in
314 5681 518 5748 ctelum,
567 5682 796 5751 peractis
837 5680 1019 5736 decem
1071 5680 1259 5735 diebus
1307 5681 1447 5734 misit
1488 5680 1785 5737 mercedem

232 5768 435 5840 Spiritus
459 5773 623 5828 sancti
663 5772 777 5845 (Id.
811 5788 864 5838 ιι,
910 5774 934 5826 1
974 5774 1052 5843 4).
1083 5771 1386 5844 Signilicata
1423 5781 1547 5827 sunt
1587 5773 1706 5836 ista,
1735 5783 1790 5828 et

233 5864 518 5929 quibusdam
555 5863 1024 5936 sigpilicatimiibus
1051 5879 1135 5923 res
1172 5865 1301 5938 ipsae
1328 5874 1611 5936 praeventa:
1639 5873 1782 5921 sunt.

1415 397 1825 458 TRACTATUS
1859 398 2026 458 XVII.
2073 401 2300 461 CAPUT
2324 402 2393 460 ν.

3349 409 3491 468 1550

1901 515 2385 586 Signilicationibns
2409 519 2700 590 pascimur,
2732 527 2793 576 ut
2817 520 2883 577 ad
2910 536 3000 578 res
3023 523 3169 593 ipsas
3194 525 3490 596 perduran-

1902 618 1983 664 tes
2032 612 2310 680 pervenire
2359 613 2648 684 possimus.
2697 614 2940 684 Operarii
2996 616 3137 671 enim
3186 632 3390 684 sumus,
3431 628 3487 676 et

1900 705 2071 760 adhuc
2120 706 2170 759 in
2211 707 2363 760 vinea
2411 707 2713 762 laboramus
2746 725 2760 763 :
2793 707 2944 762 linito
2971 708 3079 775 die,
3113 709 3262 764 ﬁnito
3301 724 3485 782 opere,

1898 813 2105 853 merces
2132 799 2460 854 reStituelur.
2506 799 2612 854 Sed
2657 800 2777 871 quis
2815 801 3089 870 operarius
3130 802 3380 872 perdurat
3420 803 3487 859 ad

1895 889 2254 958 accipiendam
2299 890 2623 955 mercedem,
2657 890 2757 945 nisi
2799 893 2887 962 qui
2930 893 3162 962 pascitur
3185 909 3304 948 cum
3336 895 3488 950 labo-

1893 980 2013 1035 rat?
2040 979 2153 1034 Non
2207 981 2349 1036 enim
2397 991 2451 1036 et
2489 991 2546 1037 tu
2584 983 2828 1052 operario
2873 993 2964 1039 tuo
2989 985 3288 1042 mercedem
3318 988 3487 1045 solam

1893 1069 2115 1126 daturus
2135 1087 2194 1129 es
2218 1091 2231 1126 :
2258 1089 2360 1128 non
2385 1074 2544 1128 etiam
2567 1073 2759 1131 all‘eres
2779 1075 2854 1131 illi
2877 1075 3018 1132 unde
3038 1063 3179 1133 vires
3201 1089 3413 1147 reparet
3431 1080 3484 1136 in

1893 1161 2113 1218 labore?
2165 1163 2346 1220 Pascis
2403 1166 2582 1234 utique
2631 1167 2715 1221 cui
2767 1167 3071 1223 mercedem
3133 1169 3352 1226 daturus
3401 1186 3482 1228 es.

1894 1257 2124 1314 Proinde
2155 1270 2207 1314 et
2236 1275 2332 1315 uos
2362 1261 2620 1317 Dominus
2658 1262 2709 1316 in
2737 1261 2854 1317 istis
2887 1263 3280 1333 Scripturarum
3319 1265 3484 1336 signi-

1892 1347 2224 1406 ﬁcationibus
2249 1350 2553 1407 laborantes
2589 1353 2774 1422 pascit.
2815 1353 2946 1408 Nam
2988 1355 3032 1410 si
3059 1356 3156 1410 ista
3189 1356 3488 1428 intelligen-

1891 1439 2079 1494 dorum
2127 1450 2577 1498 sacramentorum
2626 1443 2808 1500 laetitia
2847 1445 3191 1502 subtrahatur
3231 1462 3260 1500 a
3308 1447 3482 1513 nobis,

1889 1530 2169 1588 deﬁcimus
2221 1533 2273 1589 in
2323 1534 2523 1601 labore,
2558 1545 2611 1591 et
2657 1550 2763 1592 non
2813 1537 2918 1593 erit
2961 1537 3054 1608 qui
3099 1540 3373 1608 perveniat
3415 1540 3482 1596 ad

1889 1625 2217 1680 mercedem.

1960 1717 2015 1772 6.
2055 1718 2334 1784 Quomodo
2375 1734 2505 1789 ergo
2557 1719 2976 1792 quadragenario
3021 1739 3245 1782 numero
3274 1726 3483 1796 perﬁci-

1890 1818 1976 1864 tur
2013 1810 2187 1879 opus?
2215 1810 2467 1866 Fortasse
2503 1811 2646 1877 ideo,
2678 1814 2798 1881 quia
2839 1813 2948 1868 Lex
2989 1814 3041 1870 in
3068 1815 3253 1871 decem
3285 1832 3482 1886 prazce-

1889 1902 1994 1971 ptis
2021 1901 2142 1956 data
2173 1910 2276 1967 est,
2307 1913 2360 1956 et
2391 1918 2487 1970 per
2514 1913 2681 1958 totum
2710 1903 2966 1960 mundum
3004 1905 3338 1975 praedicanda
3365 1919 3482 1964 erat

1890 1992 2000 2048 Lex
2033 2010 2047 2045 :
2077 1992 2165 2062 qui
2199 2002 2339 2048 totus
2384 1994 2613 2049 mundus
2652 2003 2879 2065 quatuor
2922 1997 3160 2066 partibus
3202 2013 3479 2054 commen-

1887 2083 2063 2148 datur,
2110 2084 2326 2140 Oriente
2365 2095 2418 2139 et
2464 2085 2768 2154 Occidente,
2825 2087 3044 2142 Meridie
3086 2098 3141 2143 et
3193 2091 3477 2160 Aquilone,

1891 2175 2030 2230 unde
2059 2175 2309 2230 denarius
2343 2191 2438 2246 per
2465 2186 2692 2247 quatuor
2715 2179 3118 2247 multiplicatus,
3150 2179 3217 2235 ad
3246 2182 3479 2251 quadra-

1887 2267 2164 2339 genarium
2208 2271 2465 2339 pervenit.
2510 2270 2604 2326 Vel
2647 2272 2768 2340 quia
2813 2288 2910 2343 per
2955 2272 3299 2344 Evangelium
3341 2277 3482 2346 quod

1891 2370 2119 2429 quatuor
2162 2360 2325 2415 libros
2372 2360 2551 2424 habet,
2596 2363 2846 2434 impletur
2885 2363 2993 2419 Lex
3026 2366 3181 2435 :quia
3219 2367 3268 2419 in
3311 2367 3483 2423 Evan-

1890 2455 2031 2526 gelio
2070 2455 2269 2510 dictum
2301 2466 2402 2516 est.
2435 2455 2556 2510 Non
2595 2458 2706 2511 veni
2747 2457 2938 2512 solvere
2971 2457 3175 2528 Legem,
3200 2461 3289 2514 sed
3313 2462 3482 2516 adim-

1893 2545 2255 2616 plere(Matth.
2281 2563 2332 2613 v,
2354 2548 2466 2617 17).
2489 2547 2614 2603 Sive
2641 2563 2767 2618 ergo
2791 2549 2900 2614 illa,
2925 2550 3038 2604 sive
3061 2551 3155 2604 ista
3175 2553 3483 2619 causa,sive

1892 2637 1992 2690 alia
2020 2638 2193 2708 aliqua
2217 2637 2595 2710 probabiliore,
2629 2655 2747 2708 qum
2768 2654 2866 2693 nos
2905 2641 3052 2706 latet,
3083 2640 3352 2697 doctiores
3377 2658 3482 2699 non

1894 2729 2052 2791 latet;
2081 2738 2282 2783 certum
2311 2738 2392 2784 est
2421 2741 2593 2783 tamen
2620 2730 3037 2801 qu:idragenario
3068 2748 3287 2786 numero
3316 2734 3482 2805 signi-

1893 2819 2039 2874 ﬁcari
2067 2819 2348 2890 quamdam
2385 2819 2762 2889 perfectionem
2796 2821 2846 2875 in
2888 2821 3136 2890 operibus
3166 2822 3340 2891 bonis,
3363 2840 3484 2895 qua:

1895 2913 2124 2966 maxime
2163 2927 2326 2984 opera
2363 2913 2498 2966 bona
2533 2922 2850 2968 exercentur
2895 2915 2945 2967 iu
2990 2914 3306 2970 abstinentia
3348 2933 3485 2988 qua-

1892 3003 2015 3058 dam
2056 3006 2123 3058 ab
2155 3005 2349 3060 illicitis
2375 3004 2749 3075 cupiditatibus
2785 3008 2802 3038 ³
2833 3008 3036 3074 sa-culi,
3065 3007 3167 3063 hoc
3191 3018 3293 3074 est,
3319 3026 3484 3080 gene-

1893 3097 1990 3151 rali
2017 3096 2241 3166 jejunio.
2274 3098 2407 3151 Audi
2455 3108 2509 3152 et
2534 3098 2848 3168 Apostolum
2892 3099 3180 3168 dicentem,
3213 3101 3484 3160 Plenitudo

1893 3187 2046 3260 Legis
2091 3189 2312 3244 clmritas
2357 3187 2533 3262 (Rom.
2583 3207 2694 3250 xm.
2741 3190 2850 3263 10).
2883 3190 3126 3248 Charitas
3172 3194 3356 3250 unde?
3386 3196 3488 3252 Per

1892 3283 2115 3352 gratiam
2160 3282 2273 3348 Dei,
2302 3298 2396 3351 per
2423 3283 2679 3352 Spiritum
2719 3293 2980 3338 sanctum.
3004 3283 3120 3339 Non
3147 3287 3290 3341 enim
3321 3286 3486 3343 habe-

1895 3388 2074 3428 remus
2119 3373 2261 3428 illam
2309 3389 2377 3428 ex
2417 3374 2590 3440 nobis,
2623 3374 2773 3444 quasi
2825 3373 3080 3430 facientes
3125 3377 3268 3432 illam
3311 3379 3483 3435 nobis.

1896 3464 1990 3520 Dei
2017 3465 2214 3519 donum
2245 3474 2348 3530 est,
2390 3474 2445 3519 et
2481 3481 2726 3535 magnum
2757 3465 2953 3521 donum
2987 3484 2998 3520 :
3029 3468 3281 3533 Quoniam
3311 3469 3485 3524 chari-

1895 3567 1973 3611 τις
2005 3559 2119 3623 Dei,
2153 3559 2342 3627 inquit,
2381 3557 2571 3626 diffusa
2605 3568 2676 3612 est
2698 3559 2748 3613 in
2775 3560 3009 3613 cordibus
3035 3562 3219 3614 nostris
3246 3578 3336 3630 per
3363 3562 3488 3632 Spi-

1893 3651 2046 3704 ritum
2074 3660 2304 3705 sanctum
2337 3651 2422 3720 qui
2463 3651 2612 3705 datus
2643 3660 2714 3704 est
2744 3651 2885 3704 nobis
2916 3650 3027 3720 (Id.
3055 3667 3108 3714 ν,
3133 3649 3209 3722 5).
3243 3651 3486 3708 Charitas

1894 3757 2023 3811 ergo
2053 3742 2236 3810 implet
2278 3741 2492 3812 Legem,
2535 3750 2588 3796 et
2625 3742 2900 3796 verissime
2933 3741 3133 3795 dictum
3169 3750 3272 3807 est,
3304 3740 3484 3797 Pleni-

1897 3833 2018 3886 tudo
2033 3833 2180 3904 Legis
2195 3833 2436 3887 cltaritas.
2451 3832 2762 3900 Quaeramus
2781 3831 2919 3887 hanc
2931 3832 3267 3898 charitatem,
3293 3851 3453 3905 quem
3467 3865 3484 3875 -

1895 3924 2181 3980 admodum
2233 3929 2253 3957 ²
2294 3925 2700 3980 commendatur
2766 3941 2796 3980 a
2849 3926 3092 3981 Domino.
3167 3926 3485 3984 Mementote

1896 4015 2022 4084 quid
2054 4017 2418 4085 preposuerim
2445 4034 2458 4068 :
2491 4033 2768 4072 numerum
2801 4017 3012 4087 triginta
3058 4027 3179 4073 octo
3220 4034 3484 4074 annorum

1897 4109 1950 4164 in
1997 4110 2086 4164 illo
2135 4109 2379 4179 languido
2425 4110 2548 4165 volo
2590 4125 2879 4180 exponere,
2907 4126 3074 4180 quare
3104 4128 3355 4166 numerus
3398 4113 3486 4170 ille

1896 4203 2200 4274 trigesimus
2236 4213 2452 4259 octavus
2479 4203 2747 4272 languoris
2775 4204 2844 4256 sit
2882 4204 3055 4273 potius
3092 4220 3251 4274 quam
3281 4205 3483 4259 sanita-

1896 4296 1995 4350 tis.’
2027 4295 2182 4364 Ergo,
2229 4304 2282 4348 ul
2325 4293 2586 4352 dicebam,
2632 4291 2864 4347 charitas
2906 4293 3089 4363 implet
3131 4294 3348 4364 Legem.
3397 4296 3484 4352 Ad

1898 4387 2278 4459 plenitudinem
2301 4387 2458 4457 chis
2478 4387 2530 4440 in
2547 4384 2795 4440 omnibus
2817 4385 3066 4453 operibus
3095 4387 3324 4456 pertinet
3349 4401 3485 4458 qua-

1895 4481 2241 4552 dragenarins
2272 4495 2525 4536 numerus
2561 4479 2653 4535 :in
2692 4479 2950 4534 cliarllate
2992 4490 3167 4536 autem
3209 4481 3316 4535 duo
3352 4497 3487 4552 prte-

1894 4585 2048 4643 cepta
2095 4572 2246 4626 nobis
2293 4570 2760 4627 commendantur.
2810 4571 3114 4640 Intuemini,
3160 4573 3405 4642 obsecro,
3431 4582 3487 4630 et

1894 4668 2050 4739 ﬁgite»
2093 4666 2370 4722 memorim
2417 4667 2557 4737 quod
2601 4666 2756 4731 dico;
2807 4681 2875 4720 ne
2923 4667 3040 4722 sitis
3090 4677 3488 4736 contemptores

1894 4761 2061 4822 verbi,
2096 4776 2162 4813 ne
2203 4760 2292 4814 ﬁat
2339 4759 2512 4812 anima
2557 4766 2728 4812 vestra
2758 4757 2863 4819 via,
2895 4757 2981 4812 ubi
3019 4773 3183 4828 grana
3207 4757 3345 4827 jacta
3375 4772 3482 4814 non

1893 4851 2192 4923 germinent
2221 4869 2231 4903 :
2267 4849 2332 4903 Et
2356 4851 2568 4916 venient,
2611 4848 2799 4918 inquit,
2838 4847 3062 4902 volatilia
3097 4848 3227 4913 caeli,
3259 4857 3307 4901 et
3340 4848 3486 4902 colli-

1895 4954 2010 5014 gent
2048 4960 2108 4997 ea
2143 4941 2334 5012 (Marc.
2363 4957 2432 5006 tv,
2461 4941 2537 5008 4).
2569 4940 2849 5010 l’ercipite,
2878 4949 2934 4995 et
2973 4939 3250 4995 recondite
3280 4943 3330 4995 in
3361 4955 3483 4995 cor-

1894 5035 2050 5090 dibus
2079 5035 2290 5090 vestris.
2331 5033 2616 5088 Cbarilatis
2655 5042 2918 5102 przecepta
2954 5032 3062 5087 duo
3097 5042 3222 5088 sunt
3247 5048 3276 5086 a
3307 5034 3486 5090 Domi-

1895 5142 1966 5181 no
2009 5123 2379 5180 commendata
2430 5143 2442 5178 :
2491 5123 2684 5195 Diliges
2723 5123 2997 5179 Dominum
3037 5123 3202 5179 Deum
3249 5135 3390 5180 tuum
3419 5142 3484 5181 ex

1895 5229 1997 5273 toto
2027 5219 2176 5272 corde
2199 5227 2305 5284 tuo,
2327 5226 2372 5270 et
2401 5231 2465 5270 ex
2502 5225 2607 5268 tota
2651 5215 2822 5268 animo
2859 5223 2968 5281 tua,
3002 5225 3048 5269 et
3081 5232 3145 5270 ea:
3180 5226 3286 5270 tota
3327 5227 3485 5271 mente

1893 5319 2013 5373 tua;
2053 5319 2125 5375 cl,
2172 5306 2365 5379 Diliges
2392 5307 2675 5377 proximum
2703 5315 2842 5360 tuum
2871 5317 3112 5378 tanquam
3143 5309 3375 5378 teipsum.
3418 5305 3484 5360 In

1895 5402 1973 5454 Itis
2017 5399 2214 5454 duobus
2263 5399 2523 5469 prwceptis
2576 5408 2679 5452 tota
2730 5397 2836 5453 Lex
2888 5399 3068 5468 pendet
3112 5410 3160 5453 et
3211 5397 3485 5468 Progr/tcta:

1894 5489 2103 5563 (Matth.
2137 5506 2267 5552 χχιι,
2295 5489 2500 5560 57-40).
2549 5489 2738 5544 Merito
2777 5499 2830 5545 et
2855 5490 2943 5544 illa
2984 5489 3138 5543 vidua
3171 5505 3359 5543 omnes
3410 5491 3483 5542 la-

1892 5583 2116 5637 cultates
2145 5595 2283 5644 suas,
2331 5581 2436 5635 duo
2489 5582 2686 5635 minuta
2732 5583 2876 5636 misit
2921 5582 2971 5634 in
3012 5579 3150 5633 dona
3197 5579 3288 5633 Dei
3331 5579 3478 5646 (Luc.

1893 5689 2001 5739 xiii,
2030 5673 2152 5742 2-4)
2183 5693 2195 5728 :
2229 5673 2416 5727 merito
2446 5682 2499 5727 et
2549 5687 2644 5743 pro
2687 5672 2777 5727 illo
2822 5669 3070 5743 languido
3112 5685 3141 5724 a
3185 5670 3481 5730 latronibus

1956 5811 1971 5842 ⁸
2001 5819 2124 5869 Mss,
2148 5807 2475 5873 voluptatibus.

1955 5875 1976 5906 ³
1998 5867 2126 5934 ιον..
2151 5867 2559 5935 qate'admoaum.
2582 5868 2751 5920 ceteri
2775 5867 2904 5932 libri,
2929 5869 3354 5934 attondendum.
