3916 6386
956 242 984 270 ὰ

151 348 275 407 1533

151 462 275 536 quod
299 460 384 516 die
407 459 612 515 sabbati
639 472 804 514 sanus
833 456 1002 512 factus
1033 463 1174 509 esset
1201 454 1394 516 homo;
1436 453 1529 507 sed
1563 453 1705 522 quod

153 553 376 625 portabat
393 551 680 621 grabatum
704 565 876 603 suum.
904 547 958 604 Si
977 549 1175 601 sanitas
1192 561 1296 600 non
1321 555 1433 600 erat
1448 545 1705 606 diﬁ'eren-

146 646 222 708 da,
254 641 496 711 numquid
532 650 588 696 et
632 657 767 711 opus
804 642 973 694 fuerat
1006 639 1407 708 imperandum?
1432 636 1552 691 Non
1592 637 1704 690 licet

143 740 236 801 tibi,
265 737 523 806 inquiunt,
557 737 732 806 facere
744 734 876 805 quod
905 734 1048 804 facis,
1070 732 1518 801 tblleregrabatum
1544 739 1702 782 tuum.

143 832 199 886 Et
223 830 304 883 ille
331 838 610 882 auctorem
644 828 883 882 sanitatis
909 841 1018 880 suae
1038 811 1321 894 objiciebat
1358 822 1707 876 calumniato-

142 925 302 977 ribus:
330 920 462 985 Qui.
498 921 707 990 inquit,
737 937 814 973 me
854 919 970 988 fecit
1009 934 1216 980 sanum,
1249 917 1355 986 ipse
1392 915 1516 968 mihi
1555 915 1702 980 dixit,

144 1013 268 1068 Tolle
289 1014 550 1083 grabatum
582 1023 748 1074 tuum,
779 1022 826 1066 et
851 1009 1073 1063 ambula.
1102 1007 1216 1064 Non
1261 1007 1556 1076 acciperem
1586 1007 1704 1073 jus-

139 1106 319 1160 sionem
348 1119 376 1157 a
398 1117 508 1172 quo
531 1117 844 1170 receperam
884 1098 1199 1154 sanitatem?
1231 1098 1296 1151 Et
1326 1098 1396 1150 illi
1429 1115 1441 1150 :
1478 1095 1602 1161 Quis
1629 1106 1704 1149 est

139 1196 214 1250 ille
224 1195 362 1247 homo
376 1194 464 1263 qui
479 1194 570 1246 tibi
593 1193 746 1258 dixit,
773 1191 914 1244 Tolle
927 1191 1191 1260 grabatum
1219 1199 1380 1252 tuum,
1400 1199 1446 1240 et
1462 1186 1706 1239 ambula?

198 1286 276 1340 11.
315 1282 418 1339 Sed
445 1283 533 1354 qui
563 1300 725 1335 sanus
759 1292 864 1336 erat
891 1281 1059 1350 {actus
1090 1278 1335 1332 nesciebat
1361 1277 1472 1349 quis
1501 1284 1644 1340 esset,
1670 1291 1703 1329 a

135 1394 224 1448 quo
245 1378 340 1431 hoc
367 1374 635 1428 audierat.
663 1371 814 1442 Iesus
852 1381 1051 1435 autem,
1078 1385 1197 1426 cum
1233 1368 1336 1424 hoc
1371 1367 1611 1432 fecisset,
1651 1373 1705 1420 et

133 1466 372 1535 iussisset,
401 1464 751 1516 declinaverat
775 1461 837 1514 ab
868 1477 923 1514 eo
948 1461 1001 1513 iu
1027 1459 1190 1512 turba.
1218 1457 1403 1512 Videte
1446 1455 1702 1525 quemad-

137 1559 324 1614 modum
360 1569 412 1612 et
455 1557 560 1611 hoc
611 1556 916 1624 impleatur.
960 1554 1240 1622 Portamus
1285 1550 1580 1620 proximum
1603 1591 1629 1618 ,ν
1650 1556 1705 1604 et

137 1649 464 1722 ambulamus,
502 1647 575 1702 ad
627 1648 828 1712 Deum;
859 1642 958 1718 'sod
1003 1658 1122 1698 eum
1162 1641 1226 1719 ad
1265 1655 1421 1710 quem
1467 1639 1703 1693 ambula-

136 1759 267 1808 mus,
296 1729 530 1810 nondum
575 1740 825 1795 videmus
857 1755 870 1791 :
902 1737 1022 1803 ideo
1055 1745 1120 1808 et.
1144 1734 1234 1788 ille
1274 1729 1505 1808 nondum
1539 1745 1702 1786 nove-

138 1846 205 1891 rat
244 1833 437 1904 Jﬁumt
484 1831 897 1903 Sacramentum
954 1826 1054 1880 hoc
1110 1823 1535 1880 commendatum
1576 1829 1697 1884 est,

137 1926 240 1995 quia
265 1926 312 1979 in
341 1938 463 1978 eum
491 1922 771 1988 credimus
796 1934 950 1988 quem
975 1916 1205 1998 nondum
1236 1914 1476 1996 videmus
1513 1929 1528 1967 :
1562 1921 1612 1965 et
1641 1920 1697 1992 ut

138 1991 226 2070 non
257 2003 512 2078 videatur,
552 2012 794 2068 declinat
825 2012 874 2063 in
905 1991 1075 2064 turba.
1105 1991 1329 2061 Difﬁcile
1354 2006 1514 2084 estin
1549 2005 1699 2059 turba

137 2105 294 2160 videre
317 2085 602 2158 'Cbrismm
655 2121 668 2155 :
711 2099 940 2155 solitudo
987 2083 1229 2174 quaedam
1275 2081 1568 2174 necessaria
1618 2103 1700 2147 est

137 2196 276 2250 menti
303 2205 496 2248 nostra:
520 2210 537 2260 ;
562 2175 794 2263 quadam
822 2189 1102 2252 solitudine
1146 2173 1452 2266 intentionis
1473 2179 1700 2266 videtur

141 2288 273 2342 Deus.
295 2271 465 2340 'l'urha
497 2285 784 2362 strepitum
817 2282 1006 2346 habet;
1033 2280 1162 2333 visio
1188 2279 1284 2334 ista
1314 2263 1575 2362 secretum
1607 2276 1700 2329 de-

141 2374 507 2456 sideratﬁfl‘otle
537 2373 807 2454 grabatum
853 2381 990 2424 tuum
1014 2413 1026 2432 ,
1058 2377 1203 2454 porta
1241 2375 1476 2453 portatus
1517 2366 1697 2450 proxi-

142 2481 261 2518 mum
300 2455 484 2527 tuum;
537 2472 588 2519 et
640 2462 874 2525 ambula,
919 2468 976 2513 ut
1015 2457 1310 2528 pervenias.
1359 2455 1472 2510 Noli
1516 2455 1695 2509 .lcsum

141 2572 347 2624 quareve
373 2558 425 2612 in
455 2557 640 2620 turb’a,
675 2571 780 2630 non
821 2561 903 2608 est
946 2541 1191 2622 ianquatn
1233 2564 1368 2604 unus
1396 2548 1463 2630 de
1497 2541 1646 2600 turba
1681 2566 1694 2600 ε

143 2651 367 2720 prmvenit
415 2666 638 2706 omnem
673 2627 907 2703 itur-bam.
961 2646 1112 2700 Prior
1156 2637 1388 2698 ascendit
1444 2625 1510 2695 de
1563 2640 1695 2692 mari

143 2743 279 2812 piscis
305 2729 384 2797 ille
415 2760 667 2814 magnus,
693 2753 745 2796 et
772 2741 822 2795 in
859 2739 1010 2795 caelis
1031 2737 1181 2791 sedet
1220 2725 1561 2802 interpellans
1600 2747 1696 2802 pro

144 2835 274 2889 nobis
297 2851 308 2888 :
331 2835 585 2905 tanquam
610 2832 860 2891 Sacerdos
882 2843 1119 2900 magnus,
1139 2841 1273 2880 unus
1299 2826 1512 2880 intravit
1535 2825 1587 2878 in
1618 2831 1697 2876 tuo

147 2925 310 2978 teriora
335 2926 432 2980 veli
458 2943 470 2979 :
499 2925 656 2979 turba
697 2922 822 2977 foris
852 2929 972 2975 stat.
1014 2905 1236 2972 Ambula
1276 2924 1361 2980 tu,
1390 2915 1476 2983 qui
1519 2923 1695 2980 portas

149 3019 411 3088 proximum
436 3026 621 3079 tuum;
651 3018 694 3072 si
721 2997 947 3068 didicisti
972 2997 1202 3080 pertare,
1231 3007 1318 3076 qui
1342 3000 1550 3060 solebas
1585 3021 1695 3088 por-

153 3085 252 3161 tari.
279 3085 508 3180 Denique
551 3091 715 3164 modo
761 3105 993 3160 nondum
1031 3102 1166 3155 nosti
1199 3099 1380 3154 JeSum
1404 3140 1417 3162 ,
1463 3085 1695 3149 nondum

150 3199 273 3254 vides
302 3201 473 3256 lusum
522 3219 536 3254 :
581 3199 707 3270 quid
754 3205 934 3267 postea
978 3184 1247 3262 sequitur?
1285 3181 1548 3257 Quoniam
1591 3183 1693 3240 non

152 3289 322 3344 destitit
355 3291 440 3346 ille
469 3289 707 3345 tollendo
744 3279 1017 3358 grabatum
1045 3279 1198 3337 Suum
1227 3322 1241 3346 ,
1263 3273 1318 3332 et
1351 3271 1693 3338 ambulando,

160 3378 271 3433 Vidit
304 3398 409 3436 cum
447 3387 622 3454 postea
649 3375 800 3433 Iesus
835 3378 885 3430 in
925 3375 1126 3444 templo.
1165 3365 1398 3454 11111ιί³1)έὶ
1443 3377 1543 3421 noti
1574 3369 1694 3421 elidi

154 3471 290 3536 vidit,
318 3475 366 3526 in
398 3441 598 3542 templo
641 3469 788 3524 vidit.
827 3441 1083 3521 Dominus
1113 3449 1323 3533 quidem
1361 3441 1516 3544 iustis
1553 3463 1607 3512 et
1643 3458 1695 3511 in

157 3560 276 3613 turba
299 3577 409 3616 eum
434 3561 674 3624 videbat,
709 3565 763 3612 et
793 3559 844 3611 in
877 3557 1071 3624 templo
1101 3571 1114 3605 :
1148 3551 1243 3606 ille
1277 3543 1457 3604 autem
1487 3543 1695 3612 langui-

157 3649 237 3702 dus
257 3651 421 3705 lusum
457 3655 508 3705 in
541 3647 690 3704 turba
734 3663 833 3700 non
864 3645 1163 3714 cogiios'cit,
1187 3643 1239 3694 in
1270 3640 1464 3707 tei‘nplo
1499 3639 1697 3704 Cogno-

156 3741 252 3793 scit.
291 3743 532 3797 l‘ervenit
578 3756 706 3809 ergo
751 3738 839 3791 ille
873 3731 937 3789 ad
977 3726 1282 3795 Dutiiiiititti;
1313 3724 1443 3784 vidit
1476 3731 1595 3783 cum
1639 3729 1692 3782 in

159 3833 341 3900 templo,
368 3834 496 3887 vidit
519 3849 637 3886 eum
674 3831 726 3883 in
755 3829 872 3882 loco
897 3821 1123 3889 sacrato,
1159 3823 1212 3876 iii
1249 3823 1365 3875 loco
1398 3823 1599 3874 Sancto.
1631 3816 1696 3872 Et

160 3923 256 3989 quid
277 3925 338 3977 ab
370 3941 430 3979 eo
463 3924 638 3978 audit?
672 3921 800 3975 Ecce
817 3920 929 3989 jam
954 3917 1106 3971 sa'itu‘s
1131 3915 1292 3986 fastus
1317 3913 1405 3978 es;
1440 3913 1544 3966 itali
1581 3927 1695 3980 pec-

163 4027 269 4075 care,
295 4033 348 4068 ne
371 4017 492 4089 quid
516 4015 599 4068 tibi
632 4011 848 4066 deterius
878 4009 1150 4077 contingat.

221 4103 293 4158 i2.
315 4107 457 4163 Tunc
484 4109 590 4169 ille,
621 4101 962 4176 posteaquam
996 4096 1123 4154 vidit
1145 4098 1346 4161 lesun‘t,
1378 4095 1696 4165 el'co‘gnovlt

165 4193 312 4251 lesum
338 4210 597 4255 auctorem
620 4194 860 4251 sanitatis
881 4209 1008 4256 sure,
1038 4207 1140 4245 non
1171 4189 1269 4243 fuit
1301 4187 1444 4258 piger
1464 4189 1514 4242 iu
1538 4203 1697 4241 evan-

165 4289 397 4353 gelizaudo
423 4307 579 4362 quem
609 4289 814 4343 viderat
858 4304 872 4339 :
916 4284 1082 4348 Abiit,
1126 4291 1172 4336 et
1217 4281 1461 4334 nuntiavit
1494 4275 1696 4333 Iudaeis

169 4380 262 4444 quia
281 4381 415 4438 Iesus
439 4393 561 4438 esset
600 4383 682 4450 qui
713 4396 824 4433 eum
857 4393 1036 4432 sanum
1068 4379 1267 4446 fecerat.
1295 4369 1386 4426 llle
1412 4369 1694 4426 annuntia-

173 4468 271 4532 bat,
295 4484 344 4528 et
365 4476 439 4530 illi
478 4472 842 4529 insaniebant:
875 4468 962 4522 ille
999 4465 1220 4520 salutem
1256 4478 1402 4517 suam
1431 4461 1695 4532 praedica-

174 4557 258 4621 bat,
286 4563 349 4617 illi
372 4568 585 4620 salutem
613 4577 762 4615 suam
787 4575 889 4611 non
921 4549 1247 4625 quaerebant.

231 4652 302 4706 l5.
338 4655 752 4726 Persequebantur
789 4645 961 4702 Judwi
1004 4647 1273 4699 Dominum
1328 4641 1538 4710 Jesum,
1579 4643 1698 4711 quia

179 4738 260 4796 hac
281 4749 470 4814 faciebat
495 4749 549 4799 in
573 4744 796 4799 sabbato.
829 4731 964 4805 Quid
991 4738 1118 4806 ergo
1150 4735 1401 4789 Dominus
1427 4734 1584 4787 modo
1610 4737 1700 4789 re-

177 4836 350 4901 spondit
373 4838 584 4900 Judzeis,
615 4833 912 4889 audiamus.
949 4831 1020 4882 De
1047 4829 1189 4880 Sanis
1220 4827 1369 4879 factis
1396 4817 1698 4880 hominibus

181 4925 372 4997 Sabbatu,
396 4931 495 4985 dixi
526 4927 651 4998 quid
699 4927 868 4979 soleat
907 4905 1232 4990 respondere
1253 4962 1267 4983 ,
1299 4917 1419 4988 quia
1457 4913 1697 4986 jumenta

182 5029 252 5069 sua
285 5035 373 5076 non
407 5018 817 5078 contemnebant
867 5013 1125 5076 sabbato,
1173 5011 1252 5066 vel
1295 5008 1569 5064 liberando
1615 5009 1698 5064 vel

185 5105 348 5164 alendo.
378 5107 447 5168 De
484 5120 690 5183 portato
715 5091 935 5178 grabato
971 5097 1099 5174 quid
1141 5100 1447 5171 respondlt?
1483 5099 1701 5156 Manife-

185 5205 290 5253 stum
312 5219 428 5275 opus
467 5200 743 5273 corporale
771 5197 961 5253 factum
989 5193 1102 5250 erat
1132 5198 1250 5247 ante
1277 5195 1458 5248 oculos
1482 5192 1696 5246 ludreo-

188 5301 313 5347 Tum:
349 5312 443 5351 non
481 5295 680 5351 sanitas
714 5285 984 5359 corporis,
1020 5281 1118 5339 Sed
1157 5281 1400 5353 ‘Operatio
1423 5283 1696 5353 corporis:

188 5391 276 5445 (illis
310 5401 402 5444 non
440 5385 718 5442 videbatur
763 5379 834 5435 ita
885 5375 1179 5432 n'eceS‘éa‘ria
1206 5419 1219 5442 ,
1252 5375 1699 5446 quemadmodum

188 5472 356 5530 sanitas.
397 5481 589 5548 Aperte
635 5489 764 5543 ergo
819 5471 1074 5525 Dominus
1119 5467 1260 5521 dicat
1307 5472 1700 5522 sacramentum

191 5559 371 5635 sabbati,
394 5580 446 5624 et
482 5570 690 5638 signum
717 5557 1029 5619 observandi
1069 5553 1224 5615 unius
1252 5557 1355 5612 diei
1383 5559 1448 5612 ad
1491 5563 1702 5630 tempus

191 5645 328 5708 datum
358 5674 464 5713 esse
492 5655 720 5718 Iudicis;
761 5651 1120 5720 impletionem
1156 5655 1281 5705 vero
1309 5651 1477 5719 ipsam
1517 5657 1702 5706 sacra-

195 5745 316 5801 menti
337 5747 381 5805 in
404 5749 489 5807 illo
513 5747 747 5806 venisse.
778 5741 930 5798 Pater
957 5745 1116 5810 meus,
1143 5739 1315 5812 inquit
1331 5780 1346 5808 ,
1375 5745 1530 5811 usque
1545 5741 1700 5800 modo

1284 339 1692 398 TRACTATUS
1729 339 1890 397 XVII.
1929 340 2156 402 CAPUT
2193 343 2258 402 ν.

3249 343 3395 405 ιῦδι

1814 466 2068 524 operatur,
2095 467 2143 511 et
2169 471 2258 529 ego
2282 475 2484 529 operor.
2515 461 2656 516 Misit
2680 461 2735 516 in
2771 474 2868 517 eos
2902 475 3152 530 magnum
3198 456 3398 536 tumul-

1815 553 1962 610 tum;
1991 549 2218 605 adventu
2251 553 2458 608 Domini
2491 556 2732 609 turbatur
2749 569 2889 626 aqua
2911 593 2928 619 ,
2956 554 3049 608 sed
3071 554 3162 622 Qui
3189 553 3388 620 turbat,

1815 636 1960 690 latet.
1982 638 2179 694 Tamen
2206 643 2473 698 sanandus
2491 656 2572 699 est
2590 645 2794 700 turbata
2814 660 2949 715 aqua
2969 655 3110 714 aeger
3125 659 3262 699 unus
3282 659 3394 698 ma-

1813 741 1966 795 gnus,
1993 745 2149 797 passo
2177 733 2398 788 Domino
2426 745 2565 790 totus
2593 736 2842 791 mundus.

1886 818 1975 872 14.
2011 820 2291 877 Videamus
2319 840 2447 892 ergo
2476 827 2875 895 responsionem
2908 826 3156 881 Veritatis
3189 844 3203 880 :
3237 825 3388 880 Pater

1812 924 1952 964 meus
1975 927 2132 979 usque
2151 915 2300 967 modo
2321 927 2583 984 operiatur,
2608 926 2652 970 et
2680 933 2769 988 ego
2791 931 2989 986 operor.
3025 915 3236 972 Falsum
3263 931 3393 985 ergo

1812 999 1943 1092 dixit
1971 1001 2241 1070 Scriptura
2269 1006 2392 1073 quia
2424 1005 2560 1060 Deus
2589 1007 2822 1076 requievit
2859 1008 2922 1061 ab
2960 1007 3187 1062 omnibus
3216 1009 3386 1076 operi-
3436 1021 3448 1092 ς

1813 1089 1904 1143 bus
1932 1093 2036 1144 suis
2056 1093 2107 1144 in
2137 1095 2217 1146 die
2243 1096 2455 1163 septimo
2491 1095 2652 1167 (Gen.
2683 1114 2742 1163 tt,
2769 1098 2803 1151 2
2823 1099 2883 1168 .)?
2923 1107 2979 1154 et
3023 1108 3206 1153 contra
3254 1098 3388 1155 bam
3436 1089 3442 1112 Ξ

1813 1181 2141 1252 Scripturatn
2169 1201 2263 1254 per
2289 1186 2504 1257 Moysen
2535 1189 2916 1255 ministratam,
2943 1191 3175 1261 loquitur
3203 1193 3386 1248 Domi-

1811 1286 1912 1326 nus
1937 1273 2112 1338 Jesus,
2141 1291 2261 1329 eum
2285 1277 2398 1345 ipse
2422 1277 2563 1333 dicat
2582 1279 2800 1345 ,Ιιιιιιιξίιι⁹
2831 1280 2893 1336 Si
2911 1283 3174 1336 crederetis
3199 1281 3387 1352 Moysi,

1813 1364 2078 1418 crederetis
2105 1376 2150 1419 et
2181 1367 2344 1420 mihi:
2372 1368 2436 1422 de
2473 1385 2554 1423 me
2587 1371 2719 1423 enim
2749 1371 2840 1425 ille
2873 1371 3075 1441 scripsit
3098 1371 3299 1444 '(Joau.
3332 1388 3389 1438 γ,

1811 1454 1941 1525 46)?
1965 1456 2149 1512 Videte
2171 1473 2299 1525 ergo
2323 1474 2388 1513 ne
2427 1460 2625 1528 aliquid
2655 1461 3133 1532 voluitsigniﬁcare
3154 1463 3385 1534 Moyses,

1811 1546 1951 1614 quod
1982 1545 2119 1600 Deus
2140 1549 2374 1618 requievit
2398 1551 2451 1604 in
2483 1551 2566 1604 die
2587 1553 2819 1622 septimo.
2846 1551 2963 1608 Non
2999 1554 3141 1608 enim
3167 1542 3390 1610 defece-

1811 1648 1893 1690 rat
1921 1638 2059 1692 Deus
2085 1641 2353 1708 Operando
2383 1653 2679 1698 creaturam
2707 1659 2857 1699 suam
2877 1686 2892 1708 ,
2919 1654 2973 1700 et
2999 1645 3263 1714 indigebat
3305 1661 3389 1702 re-

1810 1728 1934 1798 quie
1971 1730 2108 1784 sicut
2149 1730 2328 1785 homo.
2359 1732 2638 1800 Quomodo
2679 1734 2949 1790 defecerat
2987 1738 3074 1806 qui
3116 1737 3276 1792 verbo
3306 1736 3388 1792 le-

1811 1818 1995 1872 cerat?
2023 1819 2222 1875 Tamen
2250 1832 2304 1876 et
2331 1823 2456 1879 illud
2491 1840 2672 1879 verum
2702 1834 2818 1890 est,
2844 1827 2966 1895 quia
2989 1827 3225 1897 requievit
3255 1828 3390 1882 Deus

1811 1909 1873 1962 ab
1897 1909 2126 1979 operibus
2150 1913 2255 1965 suis
2283 1913 2334 1965 in
2354 1914 2437 1966 die
2461 1916 2704 1984 septimo;
2723 1925 2777 1970 et
2799 1915 2902 1970 hoc
2932 1932 3111 1970 verum
3137 1925 3220 1972 est
3245 1917 3388 1983 quod

1809 2002 1883 2054 ait
1905 2001 2080 2066 Jesus,
2114 2002 2270 2057 Pater
2303 2021 2443 2059 meus
2470 2022 2626 2076 usque
2662 2009 2812 2062 modo
2841 2018 3098 2077 Operatur.
3136 2007 3242 2064 Sed
3269 2011 3389 2079 quis

1809 2093 2038 2162 explicet
2073 2094 2268 2158 verbis,
2301 2095 2460 2148 homo
2487 2096 2823 2164 hominibus,
2853 2097 3098 2153 inﬁrmus
3139 2099 3384 2166 inﬁrmis,

1809 2185 2051 2238 indoctus
2087 2186 2301 2258 discere
2343 2189 2708 2257 cupientibus,
2739 2198 2795 2245 et
2831 2189 2967 2246 forte
2992 2191 3036 2244 si
3061 2191 3187 2261 quid
3218 2192 3385 2260 sapit,

1809 2293 2053 2346 promere
2083 2289 2136 2333 et
2162 2280 2429 2348 explicare
2460 2298 2564 2336 non
2593 2283 2777 2338 valens
2805 2284 3141 2350 hominibus,
3171 2283 3390 2339 difﬁcile

1809 2366 1946 2422 forte
1969 2370 2320 2437 capientibus,
2348 2372 2504 2424 etiam
2535 2373 2576 2426 si
2603 2373 2856 2440 explicari
2886 2375 3050 2441 possit
3074 2373 3216 2444 quod
3246 2374 3391 2444 capi-

1811 2462 1927 2517 tur?
1952 2463 2100 2529 Quis,
2133 2463 2368 2533 inquam,
2407 2465 2597 2520 fratres
2637 2467 2763 2532 mei,
2795 2466 3021 2534 explicet
3050 2467 3229 2521 verbis
3255 2483 3390 2536 quo-

1805 2553 1967 2608 modo
1995 2553 2130 2606 Deus
2159 2562 2213 2607 et
2240 2554 2450 2623 quietus
2478 2563 2747 2623 operetur,
2777 2564 2829 2607 et
2853 2570 3086 2620 cperans
3112 2555 3389 2624 quiescat?

1806 2645 2039 2698 Obsecro
2075 2659 2199 2711 vos,
2237 2654 2292 2698 tit
2329 2644 2431 2699 huc
2470 2646 2620 2699 vobis
2659 2644 3053 2714 proﬁcientibus
3095 2645 3382 2711 dill‘eratis;

1805 2734 1940 2788 visio
1967 2735 2108 2788 enim
2140 2735 2234 2788 ista
2266 2737 2517 2804 templum
2561 2736 2653 2791 Dei
2701 2736 2912 2806 qua-rit,
2941 2748 3180 2792 sanctum
3211 2739 3386 2792 locum

1803 2827 1996 2895 qmvrit
2024 2843 2036 2878 :
2073 2835 2274 2894 portate
2306 2829 2602 2896 proximum
2643 2837 2698 2882 et
2732 2829 3034 2893 ambulate;
3063 2829 3135 2886 ibi
3155 2845 3278 2886 cum
3309 2830 3386 2886 vi-

1805 2915 2020 2980 debitis,
2054 2917 2139 2969 ubi
2175 2917 2330 2971 verba
2359 2917 2635 2972 hominum
2661 2933 2766 2973 non
2796 2921 3068 2989 quaeratis.

1881 3005 1964 3059 15.
2008 3005 2118 3059 Hoc
2159 3004 2295 3060 forte
2341 3007 2516 3075 potius
2550 3008 2728 3062 dicere
2776 3008 3032 3072 valemus,
3083 3009 3204 3078 quia
3248 3018 3304 3064 et
3332 3009 3386 3066 in

1805 3111 1872 3150 eo
1899 3095 2038 3165 quod
2065 3093 2201 3148 Deus
2230 3097 2280 3149 in
2300 3097 2383 3149 die
2401 3097 2611 3165 septimo
2632 3097 2887 3166 requievit,
2911 3098 3082 3167 ipsum
3107 3099 3388 3156 Dominum

1805 3194 1859 3240 et
1881 3186 2202 3239 salvatorem
2245 3196 2480 3240 nostrum
2518 3185 2699 3242 .lesum
2728 3187 3023 3252 Christum,
3051 3189 3139 3258 qui
3162 3190 3275 3244 lucc
3304 3189 3388 3244 lo-

1803 3281 2065 3349 quebatur
2094 3289 2147 3332 et
2175 3279 2406 3344 dicebat,
2438 3278 2595 3333 Pater
2618 3297 2757 3334 meus
2784 3297 2938 3350 usque
2961 3281 3109 3335 modo
3131 3291 3388 3349 operatur,

1805 3381 1852 3427 et
1878 3387 1968 3442 ego
1998 3388 2197 3441 operor,
2225 3387 2419 3441 magno
2455 3383 2788 3428 sacramento
2817 3373 3151 3443 signiﬁcavit.
3180 3374 3312 3442 Quia
3332 3382 3390 3430 et

1807 3464 2061 3518 Dominus
2093 3463 2249 3537 .Iesus
2289 3466 2471 3534 utique
2513 3465 2670 3520 Deus.
2703 3465 2818 3534 Ipse
2865 3474 2948 3520 est
2993 3467 3134 3520 enim
3157 3466 3389 3522 Verbum

1807 3557 1922 3621 Dei,
1951 3563 2004 3609 et
2030 3557 2250 3610 audistis
2279 3560 2398 3624 quia
2427 3559 2479 3610 in
2514 3558 2760 3628 principio
2787 3568 2890 3610 erat
2923 3555 3172 3621 Verbum;
3193 3566 3249 3614 et
3277 3575 3385 3614 non

1804 3648 2190 3716 qualecumque
2235 3646 2499 3712 Verbum,
2549 3648 2639 3702 sed
2695 3645 2833 3701 Deus
2887 3657 2992 3701 erat
3052 3647 3284 3710 Verbum.
3333 3657 3390 3704 et

1805 3740 1972 3792 omnia
1997 3756 2085 3808 per
2109 3740 2272 3810 ipsum
2301 3744 2433 3809 facta
2477 3751 2589 3792 sunt.
2630 3738 2737 3811 (Id.
2779 3757 2814 3803 I,
2857 3742 2908 3803 1,
2933 3741 2988 3808 ὅ)
3018 3758 3032 3792 :
3061 3739 3198 3794 forte
3219 3741 3386 3810 signi-

1804 3829 1992 3884 ﬁcatus
2039 3837 2121 3884 est
2165 3830 2502 3899 requieturus
2553 3831 2604 3883 in
2643 3830 2730 3883 die
2769 3832 2994 3899 septimo
3035 3830 3102 3884 ab
3140 3831 3388 3887 omnibus

1803 3919 2054 3986 operibus
2095 3921 2226 3973 suis.
2279 3919 2461 3988 Legite
2507 3920 2649 3972 enim
2705 3920 3068 3989 Evangelium,
3112 3930 3167 3974 et
3213 3922 3390 3979 videte

1802 4017 1998 4076 quanta
2037 4018 2284 4076 Operatus
2311 4010 2374 4062 sit
2405 4008 2578 4062 laesus.
2608 4009 2869 4078 Operatus
2907 4020 2988 4065 est
3024 4013 3245 4067 salutem
3293 4030 3389 4069 no-

1803 4107 1965 4152 stram
1997 4099 2047 4151 in
2077 4115 2255 4166 cruce,
2301 4110 2359 4154 ut
2389 4100 2732 4169 implerentur
2762 4101 2813 4153 in
2843 4117 2908 4155 eo
2933 4103 3110 4156 omnia
3135 4104 3385 4171 praedicta

1801 4191 2189 4262 Pmphetarum
2237 4211 2250 4244 :
2293 4201 2578 4247 coronatus
2626 4201 2707 4246 est
2747 4193 2934 4260 spinis,
2979 4207 3268 4261 suspensus
3304 4205 3389 4251 est

1804 4284 1979 4353 ligno;
2023 4282 2177 4348 dixit,
2227 4282 2379 4347 Sitio,
2432 4283 2635 4351 accepit
2675 4291 2882 4336 acetum
2925 4283 2975 4336 in
3029 4285 3272 4353 spongia,
3331 4295 3389 4343 ut

1807 4373 2116 4444 impleretur
2161 4373 2300 4443 quod
2343 4371 2540 4426 dictum
2590 4383 2688 4434 eat,
2723 4371 2790 4425 Et
2834 4373 2888 4426 in
2925 4373 3009 4427 siti
3041 4390 3155 4428 mea
3181 4386 3385 4444 potave-

1803 4475 1921 4519 runt
1948 4481 2027 4519 me
2049 4475 2186 4519 aceto
2216 4464 2388 4528 (Psat.
2419 4479 2606 4528 uvut,
2645 4463 2760 4532 22).
2803 4464 2872 4517 At
2898 4464 2983 4518 ubi
3012 4463 3226 4533 impleta
3265 4476 3390 4522 sunt

1801 4559 1981 4613 omnia
2007 4573 2168 4627 Opera
2203 4557 2338 4626 ejus,
2368 4565 2512 4610 sexta
2543 4555 2748 4609 sabbati
2788 4554 3041 4609 inclinato
3066 4555 3236 4624 capite
3264 4558 3386 4612 red—

1804 4651 1936 4707 didit
1979 4651 2247 4721 spiritum,
2287 4659 2341 4704 et
2385 4649 2438 4702 in
2484 4649 2729 4718 sepulcro
2770 4647 2989 4702 sabbato
3035 4648 3293 4718 requievit
3319 4651 3388 4704 ab

1805 4743 2050 4796 omnibus
2078 4741 2330 4811 operibus
2376 4739 2485 4793 suis
2527 4739 2708 4810 (Joan.
2762 4737 2895 4810 xix).
2952 4739 3088 4808 Ergo
3137 4749 3388 4808 tanquam

1805 4833 2006 4887 diceret
2027 4832 2242 4894 Judzeis,
2273 4829 2406 4897 Quid
2435 4830 2754 4898 exspectatis
2782 4839 2833 4881 ut
2859 4844 2963 4882 non
2986 4844 3176 4898 operor
3200 4831 3390 4886 sabba-

1808 4925 1898 4977 to?
1922 4922 2134 4976 Sabbati
2174 4922 2285 4975 dies
2316 4920 2462 4973 vobis
2484 4919 2550 4972 ad
2577 4917 3012 4988 signiﬁcationem
3043 4933 3212 4972 meam
3246 4934 3387 4988 prae-

1807 5021 1988 5082 ceptus
2015 5019 2112 5067 est.
2144 5011 2313 5080 Opera
2347 5009 2440 5064 Dei
2487 5009 2786 5070 attenditis;
2815 5023 2916 5077 ego
2961 5007 3030 5060 ibi
3075 5017 3222 5062 eram
3263 5022 3389 5065 cum

1810 5105 2011 5165 tierent,
2052 5115 2147 5173 per
2186 5117 2272 5156 me
2310 5099 2442 5154 facta
2486 5107 2610 5153 sunt
2651 5099 2849 5161 omnia,
2881 5111 2979 5166 ego
3019 5097 3142 5152 novi
3175 5116 3189 5154 ε
3233 5096 3390 5154 Pater

1808 5209 1945 5248 meus
1971 5210 2128 5263 usque
2155 5193 2300 5246 modo
2326 5199 2576 5262 operatur.
2606 5187 2868 5258 Operatus
2891 5198 2974 5243 est
3001 5189 3156 5244 Pater
3182 5189 3386 5257 lucem;

1808 5287 1900 5342 sed
1929 5285 2061 5340 dixit
2105 5294 2164 5340 ut
2207 5285 2356 5338 ﬁeret
2400 5283 2489 5338 lux
2535 5280 2685 5354 (Gen.
2728 5297 2765 5348 ι,
2813 5281 2867 5351 5)
2901 5299 2914 5334 :
2943 5282 2988 5335 si
3031 5280 3181 5344 dixit,
3210 5279 3388 5336 Verbo

1807 5386 2055 5447 operatus
2091 5383 2207 5441 est;
2238 5372 2466 5428 Verbum
2505 5372 2619 5440 ejus
2646 5385 2746 5442 ego
2770 5386 2937 5434 eram,
2966 5385 3066 5440 ego
3094 5385 3211 5424 sum
3247 5387 3258 5421 :
3290 5383 3388 5437 per

1808 5485 1894 5523 me
1920 5469 2087 5521 lactus
2107 5476 2188 5520 est
2209 5463 2435 5519 mundus
2466 5464 2515 5518 in
2540 5463 2645 5518 illis
2665 5463 2933 5532 operibus,
2955 5477 3052 5532 per
3077 5476 3160 5515 me
3187 5460 3387 5529 regitur

1811 5558 2036 5614 mundus
2079 5557 2130 5611 in
2172 5556 2284 5611 istis
2312 5571 2381 5625 op
2400 5554 2578 5610 ribus.
2613 5553 2770 5608 Pater
2796 5566 2945 5605 meus
2973 5559 3024 5605 et
3051 5559 3171 5603 tunc
3198 5563 3388 5618 opera-

1811 5661 1892 5703 tus
1937 5656 2019 5702 est
2063 5662 2182 5701 cum
2224 5645 2348 5700 fecit
2387 5643 2661 5706 mundum,
2693 5651 2745 5696 et
2800 5653 2964 5709 usque
3013 5654 3150 5693 nunc
3188 5653 3384 5708 opera-

1813 5747 1896 5799 tur
1922 5749 2039 5797 cum
2084 5742 2218 5812 regit
2253 5739 2506 5795 mundum
2550 5755 2564 5794 ;
2609 5749 2738 5805 ergo
2773 5743 2828 5790 et
2864 5748 2958 5805 per
2993 5748 3078 5790 me
3119 5734 3241 5790 fecit
3263 5749 3386 5792 cum
