3916 6380
586 424 733 493 fecit,
763 434 819 483 et
856 440 952 497 per
983 439 1072 483 me
1092 426 1228 499 regit
1263 441 1385 483 cum
1413 432 1565 501 regit.
1597 432 1737 488 Dixit
1768 433 1902 498 haec,
1934 435 2169 507 sedqui-

588 514 724 568 bus?
751 515 957 579 Surdis,
997 516 1175 585 caecis,
1204 518 1429 585 claudis,
1465 520 1744 591 languidis,
1764 524 2028 582 medicum
2055 542 2161 583 non

587 607 1031 676 agnoscentibus.
1069 617 1123 662 et
1168 618 1415 680 tanquam
1455 612 1506 667 in
1551 612 1799 684 pbrenesi
1835 626 2014 673 mente
2048 633 2173 690 per-

588 694 696 751 dita
723 696 969 753 occidere
997 699 1317 755 volentibus.

658 787 744 842 16.
785 787 1017 844 Proinde
1058 789 1182 859 quid
1223 799 1436 846 secutus
1465 792 1798 864 Evangelista
1836 796 2005 852 dixit?
2033 796 2169 853 Hinc

584 893 702 948 ergo
732 877 892 948 ntagis
925 877 1212 948 quaebant
1244 896 1358 933 eum
1390 879 1560 936 111άωί
1594 883 1895 954 interﬁcere,
1923 888 2043 957 quia
2068 904 2171 943 non

583 970 746 1024 solum
773 970 993 1024 solvebat
1035 970 1316 1040 sabbatum,
1346 972 1437 1026 sed
1473 983 1520 1027 et
1557 985 1746 1045 patrem
1786 994 1934 1032 suum
1973 980 2169 1034 dicebat

583 1059 769 1117 Deum.
795 1059 910 1116 Non
936 1061 1428 1133 quomodocumque
1459 1080 1472 1117 :
1502 1066 1594 1120 sed
1624 1066 1783 1137 quid?
1810 1066 2086 1137 JEqualem
2115 1086 2169 1125 se

583 1156 773 1227 faciens
811 1153 938 1208 Deo.
967 1152 1100 1208 Nam
1142 1169 1329 1211 omnes
1373 1155 1598 1213 dicimus
1642 1157 1774 1225 Deo,
1811 1158 1964 1215 Pater
1999 1170 2168 1216 noster

581 1246 669 1315 qui
701 1261 754 1299 es
796 1246 851 1298 in
894 1245 1031 1299 cretis
1060 1244 1272 1316 (blatta.
1311 1261 1394 1312 vr,
1440 1245 1495 1319 9)
1546 1265 1558 1301 :
1601 1247 1826 1319 legimus
1862 1261 1916 1305 et
1955 1250 2167 1308 Judteos

581 1336 807 1403 dixisse,
827 1334 951 1392 Cum
968 1337 1109 1390 tuosis
1128 1347 1268 1408 pater
1296 1348 1462 1395 noster
1487 1337 1635 1409 (Isai.
1668 1357 1816 1408 um,
1850 1341 1918 1397 16
1940 1352 1987 1396 et
2015 1359 2161 1410 Lxrv,

582 1427 661 1499 8).
705 1429 844 1500 Ergo
885 1443 988 1483 non
1020 1427 1144 1484 hinc
1193 1429 1576 1493 irascebantur,
1618 1432 1740 1503 quia
1769 1443 1970 1503 patrem
2009 1451 2162 1491 suum

578 1518 790 1576 dicebat
817 1520 1010 1585 Deum;
1042 1521 1136 1576 sed
1173 1522 1312 1591 quod
1347 1521 1503 1592 longe
1544 1524 1649 1577 alio
1681 1525 1840 1580 modo
1867 1542 2022 1596 quam
2062 1528 2161 1582 bo-

576 1612 769 1668 mines.
796 1610 934 1667 Ecce
965 1611 1262 1683 intelligunt
1302 1610 1470 1668 Judaei
1520 1614 1661 1683 quod
1709 1631 1814 1672 non
1860 1618 2163 1690 intelligunt

579 1707 783 1762 Ariani.
814 1707 995 1761 Ariani
1027 1706 1219 1776 quippe
1270 1707 1583 1777 inmqualem
1639 1709 1781 1764 Patri
1828 1709 2021 1766 Filium
2073 1712 2161 1767 di-

574 1807 722 1863 cunt,
753 1806 809 1852 et
849 1796 970 1851 inde
1015 1796 1234 1851 haeresis
1275 1804 1357 1850 est
1410 1797 1556 1866 pulsa
1592 1798 1661 1853 de
1692 1800 1924 1856 Ecclesia
1958 1803 1996 1856 ί.
2028 1803 2162 1859 Ecce

576 1889 678 1958 ipsi
706 1888 853 1951 caeci,
898 1887 996 1957 ipsi
1039 1886 1403 1941 interfectores
1426 1887 1643 1955 Christi,
1678 1889 2048 1947 intellexerunt
2076 1903 2156 1949 ta-

578 1996 699 2035 tucn
731 1979 888 2033 verba
911 1978 1127 2033 Christi.
1160 1976 1273 2031 Non
1299 1993 1418 2032 eum
1450 1978 1825 2035 intellexerunt
1852 1996 1972 2038 esse
1997 1982 2159 2038 Chri-

575 2084 737 2139 stum,
770 2088 868 2126 nec
890 2087 1010 2125 eum
1043 2071 1413 2125 intellexerunt
1441 2070 1629 2124 Filinrn
1675 2071 1770 2128 Dei
1799 2090 1811 2126 :
1842 2073 1934 2129 sed
1981 2084 2157 2130 tamen

578 2164 950 2219 intellexerunt
988 2164 1037 2215 in
1084 2162 1183 2216 illis
1230 2161 1420 2227 verbis,
1455 2162 1573 2232 quia
1611 2164 1728 2218 talis
1755 2166 2156 2222 commendare-

576 2266 661 2309 tur
690 2254 851 2307 Filius
888 2253 996 2318 Dei,
1039 2252 1129 2321 qtti
1154 2251 1369 2320 a-qualis
1393 2262 1533 2307 esset
1576 2253 1705 2308 Deo.
1734 2254 1865 2321 Quis
1906 2266 2020 2313 erat
2057 2273 2153 2313 ne-

573 2345 840 2407 sciebant;
872 2343 1026 2397 talem
1074 2352 1247 2395 tamen
1292 2342 1562 2410 [medicari
1603 2345 1981 2413 agnoscebant,
2031 2349 2153 2418 quia

574 2445 763 2509 patrmt
792 2450 934 2486 suum
975 2431 1166 2485 (licebat
1209 2429 1393 2494 Deum,
1425 2433 1666 2502 (aqualem
1707 2451 1761 2489 se
1800 2436 1991 2507 faciens
2018 2437 2150 2493 Deo.

574 2526 686 2580 Non
717 2533 831 2579 erat
879 2539 1006 2592 ergo
1044 2522 1261 2592 a-qualis
1313 2521 1457 2577 Deo?
1501 2522 1614 2576 Non
1668 2525 1778 2592 ipse
1824 2540 1884 2580 se
1930 2525 2153 2583 faciebat.

570 2616 850 2686 aequalem,
878 2613 968 2668 sed
997 2613 1085 2667 illc
1115 2614 1258 2667 illum
1291 2622 1542 2683 genuerat
1565 2615 1842 2683 :equalcm.
1868 2615 1922 2671 Si
1953 2632 2012 2673 se
2038 2618 2151 2690 ipse

568 2709 768 2759 faceret
791 2705 1047 2775 mqualem
1075 2703 1201 2763 Deo,
1232 2703 1449 2756 caderet
1471 2718 1564 2772 per
1589 2704 1846 2773 rapinam.
1882 2706 1981 2773 Qui
2006 2709 2148 2762 enim

568 2815 627 2854 se
670 2798 835 2851 voluit
875 2796 1133 2865 aequalem
1175 2795 1347 2848 facere
1391 2796 1497 2849 [leo
1525 2810 1643 2848 cum
1689 2811 1795 2850 11011
1822 2807 1981 2860 esset,
2011 2800 2151 2854 ceci-

567 2891 642 2945 dit
673 2887 825 2960 (lsai.
871 2901 977 2950 xw,
1023 2886 1111 2945 14,
1157 2883 1267 2953 15),
1299 2893 1354 2938 et
1393 2898 1457 2937 ex
1486 2884 1676 2954 angelo
1717 2885 1884 2940 factus
1925 2898 2009 2943 est
2035 2888 2149 2945 dia-

567 2981 722 3035 bolus
750 2995 764 3030 :
792 2984 846 3031 et
884 2976 1021 3029 hanc
1062 2975 1361 3044 superbiam
1410 2972 1608 3028 homini
1659 2976 1972 3045 propinavit,
2006 2980 2148 3035 unde

564 3073 678 3138 ipse
703 3067 939 3135 dejectus
983 3074 1084 3120 est.
1132 3063 1265 3118 Nam
1307 3063 1405 3118 hoc
1443 3063 1577 3119 dixit
1605 3063 1825 3131 homini,
1858 3068 1942 3122 cui
1980 3066 2142 3125 stanti

566 3161 745 3229 lapsus
768 3155 972 3221 invidit,
1005 3153 1229 3219 (instate,
1260 3165 1306 3207 et
1330 3155 1468 3209 eritis
1495 3156 1621 3209 sicut
1647 3157 1720 3210 dii
1749 3155 1901 3230 (Gen.
1928 3175 2005 3227 111,
2033 3161 2089 3233 5)
2125 3180 2139 3217 :

567 3250 618 3304 id
645 3258 749 3315 est,
780 3246 1122 3314 usurpatione
1164 3246 1333 3315 rapite
1359 3246 1497 3316 quod
1528 3244 1649 3301 facti
1678 3263 1781 3302 non
1811 3249 1976 3316 estis;
2018 3252 2142 3323 quia

563 3348 618 3395 et
657 3353 757 3408 ego
793 3335 1048 3406 rapiendo
1096 3334 1330 3403 deiectus
1370 3350 1507 3390 sum.
1549 3335 1662 3391 Non
1707 3336 1807 3392 hoc
1863 3340 2135 3410 prodebat,

564 3429 660 3487 sed
696 3428 799 3484 hoc
824 3425 1097 3483 suadebat.
1129 3423 1374 3480 Christus
1410 3438 1585 3482 autem
1627 3428 1844 3497 aequalis
1871 3429 2011 3486 Patri
2041 3446 2139 3487 na-

563 3532 651 3578 tus
686 3529 823 3584 erat,
872 3533 978 3573 non
1028 3517 1197 3572 factus
1247 3535 1260 3571 :
1313 3527 1466 3573 natus
1498 3517 1567 3572 de
1610 3519 1900 3576 substantia
1943 3522 2135 3579 Patris.

561 3610 716 3669 Unde
743 3610 888 3664 illum
928 3608 1005 3663 sic
1049 3606 1382 3662 commendat
1418 3608 1699 3677 Apostolus
1740 3626 1753 3663 :
1788 3610 1888 3676 Qui
1927 3628 2040 3666 cum
2084 3615 2137 3669 in

561 3709 726 3775 forma
758 3701 852 3755 Dei
885 3709 1029 3766 esset,
1058 3715 1158 3753 non
1194 3700 1424 3770 rapinam
1451 3700 1723 3753 arbitratus
1741 3710 1815 3755 est
1839 3719 1945 3757 esse
1965 3719 2135 3773 teque-

562 3793 625 3848 lis
662 3791 788 3845 Deo.
834 3788 970 3857 Quid
1014 3797 1115 3853 est,
1138 3804 1239 3842 non
1285 3788 1517 3858 rapinam
1565 3789 1832 3844 arbitratus
1881 3794 1995 3848 est?
2019 3792 2135 3850 Non

561 3881 832 3953 usurpavit
869 3880 1219 3950 :equalitatem
1271 3879 1399 3944 Dei;
1442 3877 1533 3933 sed
1576 3887 1694 3934 erat
1733 3882 1784 3935 in
1812 3881 1921 3946 illa,
1953 3884 2133 3956 inqua

558 3984 712 4030 natus
735 3980 868 4029 erat.
909 3970 977 4025 Et
1014 3985 1112 4025 nos
1138 3969 1205 4024 ad
1233 3969 1489 4039 aequalem
1519 3970 1683 4024 Deum
1714 3972 1980 4041 quomodo
2008 3988 2133 4045 pcr-

555 4061 891 4122 veuiremus?
922 4061 1254 4133 Semetipsum
1289 4061 1560 4115 exiuanivit
1588 4065 1805 4132 formam
1840 4066 1968 4118 serui
1993 4068 2132 4121 acci-

556 4158 697 4228 piens
722 4153 976 4227 (Philipp.
1008 4168 1061 4219 u,
1095 4151 1149 4218 6,
1177 4152 1252 4220 7).
1277 4150 1391 4205 Non
1422 4165 1550 4222 ergo
1575 4165 1636 4206 se
1664 4151 1954 4207 exinauivit
1979 4156 2134 4210 amit-

555 4261 672 4304 tens
699 4245 838 4317 quod
882 4253 1020 4311 erat,
1065 4243 1158 4298 sed
1189 4243 1452 4312 accipiens
1488 4242 1627 4311 quod
1657 4258 1763 4298 non
1807 4252 1942 4300 erat.
1986 4244 2134 4302 Hanc

554 4341 779 4395 formam
816 4337 961 4392 servi
996 4344 1394 4391 contemnentes
1439 4333 1628 4400 Judzei,
1655 4332 1934 4390 Dominum
1973 4335 2130 4392 Chri-

553 4440 693 4485 stntn
721 4427 977 4497 aequalem
1008 4425 1148 4479 Patri
1180 4425 1470 4493 intelligere
1500 4440 1603 4477 non
1637 4434 1910 4492 poterant;
1943 4442 2132 4497 quam-

556 4521 634 4573 vis
661 4534 782 4573 eum
813 4516 913 4570 hoc
937 4515 1004 4570 de
1031 4528 1091 4569 se
1113 4513 1292 4568 dicere
1320 4513 1534 4568 minime
1558 4512 1890 4579 dubitabant,
1922 4525 1975 4571 et
2006 4516 2127 4574 ideo

551 4610 838 4665 szet-iebant
882 4624 896 4660 :
938 4614 992 4660 et
1031 4604 1202 4659 adhuc
1241 4613 1417 4658 tamen
1459 4619 1551 4661 eos
1590 4604 1677 4660 ille
1725 4606 2046 4677 perferebat,
2074 4620 2128 4667 et

551 4701 831 4757 sanitatem
857 4698 1189 4754 saevientium
1217 4696 1538 4766 requirebat.

1023 4831 1430 4889 TRACTATUS
1471 4832 1653 4891 XVIII.

544 4952 611 5007 In
639 4967 751 5006 eum
771 4948 1033 5020 Evangelii
1055 4947 1241 5011 lactant,
1268 4951 1459 5012 Amen,
1487 4963 1644 5004 amen
1674 4947 1793 5003 dico
1813 4948 1986 5013 vobis,
2017 4964 2123 5006 non

617 5051 787 5113 potest
811 5040 974 5095 Filius
993 5055 1022 5094 a
1051 5054 1107 5095 se
1129 5039 1301 5095 facere
1326 5039 1632 5110 quidquam,
1675 5039 1776 5093 nisi
1801 5041 1939 5110 quod
1963 5041 2084 5098 vide

614 5135 682 5189 rit
705 5133 911 5187 Patrem
936 5132 1211 5187 facientem
1242 5149 1253 5183 :
1286 5132 1780 5202 qumcumquecnim
1809 5131 1895 5186 ille
1912 5132 2112 5200 fecerit,

614 5225 729 5282 hate
744 5231 797 5278 et
827 5221 993 5277 Filius
1015 5222 1260 5277 similiter
1286 5222 1425 5277 facit.
1459 5220 1584 5292 Cap.
1611 5237 1665 5287 v,
1699 5222 1735 5292 Ῡ
1758 5261 1772 5275 .
1816 5222 1904 5278 19.

614 5341 668 5395 1.
700 5337 934 5394 Joannes
971 5335 1287 5406 evangelista
1315 5336 1450 5391 inter
1483 5345 1756 5392 consortes
1784 5345 1837 5391 et
1870 5351 2118 5406 compar-

541 5433 733 5502 ticipes
776 5444 902 5484 suos
944 5427 1079 5483 alios
1123 5429 1490 5498 evangelistas,
1541 5428 1643 5485 hoc
1694 5431 2017 5500 praecipuum
2064 5439 2119 5487 et

599 5560 617 5590 ί
643 5558 716 5605 sic
737 5563 881 5605 vetus
891 5554 1056 5628 codex
1080 5556 1485 5628 Carcassouensis,
1503 5562 1572 5628 ﬁt
1612 5553 1787 5628 melius
1804 5568 1827 5628 τ’
1845 5566 1955 5628 nam
1978 5552 2119 5628 intra,

532 5624 689 5669 'n-act.
714 5617 793 5676 23,
818 5618 920 5689 n._(i
933 5616 1037 5688 ,nbi
1057 5629 1219 5689 sermo
1233 5616 1388 5689 estde
1408 5627 1436 5664 Α
1444 5615 1764 5689 polliparislis,
1787 5617 1864 5689 sic
1877 5615 2119 5689 loquitur:

540 5699 567 5728 ι
581 5675 791 5748 Fuerunt
808 5681 944 5748 enirn
957 5678 1149 5748 quidam
1168 5677 1405 5748 lueretici,
1424 5675 1473 5727 et
1490 5675 1614 5748 pulsi
1629 5685 1749 5748 sunt.
1762 5679 1823 5726 ab
1838 5675 2041 5748 l-chlI-sia
2059 5692 2113 5748 ν

535 5746 589 5789 et
610 5736 949 5860 b‘gc.qu]ueudi
971 5736 1111 5787 modo
1134 5740 1308 5800 tussim
1326 5736 1575 5801 utitur.‘[rt
1596 5739 1709 5789 inde
1730 5737 1926 5790 hteresis
1955 5736 2119 5804 pulsat

536 5808 629 5853 εχιτ
674 5812 833 5848 aeaut.

536 5796 833 5853 Ecclesium].

1543 319 1609 378 IN
1642 321 1917 382 JOANNIS
1953 324 2412 400 EVANGELIUM,
2452 333 2511 389 S.
2550 333 2914 397 AUGUSTINI

3683 365 3781 424 {336

2281 442 2553 512 proprium
2597 446 2793 504 donum
2840 453 3048 522 accepit
3100 469 3130 509 a
3188 457 3404 517 Domino
3454 462 3618 537 (super
3663 478 3779 543 cuius

2278 542 2464 602 pectus
2495 535 2547 590 in
2584 539 2828 593 convivio
2871 541 3231 609 discumbebat
3260 550 3433 621 (Joan.
3483 535 3581 624 1111,
3620 535 3779 625 ἓῧίιιι

2278 638 2374 695 per
2413 626 2513 682 hoc
2555 630 2873 701 signiﬁcaret
2915 637 3037 706 quia
3086 652 3288 697 secreta
3335 647 3509 702 allium
3548 652 3607 706 de
3640 630 3779 713 iulium

2275 717 2395 786 eius
2431 718 2592 775 corde
2636 722 2896 795 ροωδοι),
2929 736 3071 782 utea
3115 730 3313 789 diceret
3351 735 3416 790 de
3452 736 3573 793 Filio
3599 743 3673 798 Dei
3697 765 3781 817 qua:

2274 809 2614 878 parvulorum
2643 822 2851 870 mentes
2894 815 3133 875 fortassis
3183 822 3406 882 intentas
3447 830 3653 887 excitare

2273 899 2415 967 sint;
2448 901 2669 974 implere
2717 915 2893 963 autem
2941 912 3174 968 nondum
3211 930 3428 985 capaces
3475 937 3570 977 non
3598 899 3777 995 possint:

2273 994 2656 1063 grandiusculis
2684 1009 2862 1055 autem
2908 1003 3204 1076 quibusque
3242 1011 3499 1066 mentibus
3529 1026 3576 1068 et
3599 994 3653 1070 ad
3687 1031 3780 1076 tcta-

2273 1093 2380 1141 tem
2419 1089 2700 1158 quamdam
2746 1093 2967 1151 interius
3007 1098 3211 1155 virilem
3266 1105 3682 1176 pervenientibns,
3717 1112 3779 1170 dat

2270 1177 2466 1249 aliquid
2496 1182 2673 1238 verbis
2702 1184 2805 1250 his,
2847 1202 2952 1256 quo
2989 1197 3044 1245 et
3067 1201 3429 1260 exerceantur,
3459 1209 3511 1253 et
3535 1214 3778 1268 pascuntur.

2270 1270 2506 1327 Audistis
2551 1287 2671 1329 cum
2720 1276 2998 1346 legeretur,
3027 1290 3082 1336 et
3120 1283 3256 1339 unde
3293 1300 3470 1342 sermo
3509 1290 3598 1347 iste
3624 1298 3781 1352 venerit

2269 1364 2603 1422 meministis.
2636 1367 2897 1427 Hesterno
2917 1374 3057 1428 enim
3094 1374 3180 1431 die
3213 1376 3405 1434 lectum
3430 1391 3526 1447 est,
3550 1387 3670 1454 quod
3694 1406 3779 1456 pro-

2267 1464 2437 1525 pterea
2460 1457 2686 1513 volebant
2723 1459 2900 1516 Iesum
2937 1462 3112 1521 Judaei
3154 1468 3449 1539 interﬁcere,
3479 1475 3590 1542 quia
3623 1493 3705 1532 non
3724 1497 3780 1533 so-

2268 1545 2372 1601 lum
2401 1547 2620 1604 solvebat
2654 1552 2938 1621 sabbatum,
2967 1556 3057 1611 sed
3092 1559 3239 1614 etiam
3265 1571 3455 1630 patrem
3479 1581 3614 1620 suum
3636 1569 3779 1624 dicebat

2266 1635 2451 1729 Deum,
2479 1643 2720 1711 (aqualem
2754 1660 2810 1699 se
2836 1646 3026 1717 faciens
3051 1652 3157 1705 Deo
3195 1650 3305 1726 (Id.
3331 1670 3385 1717 ν,
3425 1656 3533 1729 18).
3557 1658 3687 1727 Quod
3710 1660 3776 1716 Ju-

2265 1726 2396 1784 dteis
2424 1730 2770 1802 displicebat,
2814 1735 2915 1792 hoc
2952 1739 3052 1810 ipsi
3094 1740 3237 1797 Patri
3280 1726 3536 1814 placebat.
3567 1726 3662 1806 lloc
3697 1754 3777 1809 sine

2264 1819 2427 1875 dubio
2455 1824 2629 1892 placet
2664 1828 2825 1883 etiam
2866 1830 2947 1886 eis
2988 1833 3079 1903 qui
3105 1832 3458 1894 honoriﬁcam
3499 1839 3778 1908 Filium,sic-

2265 1925 2321 1970 ut
2368 1917 2717 1977 honoriﬁcam
2781 1923 3024 1991 Patrem;
3068 1930 3190 1998 quia
3257 1930 3303 1985 si
3352 1933 3430 1987 eis
3466 1948 3567 1989 non
3606 1935 3773 2005 placeat,

2262 2006 2633 2077 displicebunt.
2662 2011 2776 2068 Non
2815 2017 2957 2071 enim
2988 2018 3125 2074 Deus
3158 2022 3261 2077 erit
3288 2022 3475 2092 major,
3503 2026 3615 2095 quia
3651 2028 3775 2096 placet

2261 2100 2389 2168 tibi;
2420 2102 2514 2158 sed
2563 2112 2617 2159 tu
2646 2105 2839 2173 minor,
2872 2109 2918 2164 si
2960 2112 3204 2181 displicet
3251 2114 3366 2169 tibi.
3412 2116 3657 2173 Adversus
3677 2118 3774 2175 hanc

2259 2203 2435 2250 autem
2469 2210 2656 2253 eorum
2686 2199 3029 2267 calumniam,
3057 2206 3359 2263 venientem
3387 2209 3468 2265 vel
3492 2209 3556 2266 de
3582 2211 3774 2283 ignoran-

2259 2284 2351 2352 tia,
2383 2287 2466 2343 vel
2510 2287 2580 2345 de
2621 2290 2840 2358 malitia,
2892 2293 3122 2365 loquitur
3170 2296 3425 2354 Dominus
3470 2316 3568 2356 non
3610 2303 3774 2359 omnino

2258 2377 2399 2449 quod
2442 2381 2673 2451 capiant,
2719 2383 2811 2438 sed
2860 2386 3001 2441 unde
3030 2387 3297 2457 agitentur
3334 2398 3388 2446 et
3434 2393 3771 2463 contu-bentur,

2256 2480 2310 2525 et
2338 2470 2563 2529 fortasse
2590 2475 2675 2530 vel
2706 2476 3001 2533 conturbati
3032 2480 3297 2535 medicum
3329 2493 3581 2555 quaerant.
3610 2485 3774 2541 Dicebat

2256 2574 2435 2618 autem
2481 2581 2602 2635 quae
2643 2567 3022 2637 scriberentur,
3071 2582 3128 2627 ut
3169 2574 3333 2630 etiam
3386 2590 3415 2629 a
3462 2578 3602 2633 nobis
3638 2587 3772 2649 posta

2256 2652 2575 2724 legerentur.
2622 2657 2929 2715 Viderimus
2969 2678 3096 2735 ergo
3136 2666 3260 2735 quid
3305 2669 3354 2722 in
3385 2666 3663 2724 Iudaeorum
3684 2685 3770 2724 cor-

2253 2743 2406 2799 dibus
2437 2746 2628 2802 l'actum
2667 2749 2755 2816 sit,
2797 2766 2915 2805 cum
2966 2752 3079 2809 brec
3120 2756 3369 2813 audirent
3399 2777 3413 2814 :
3438 2759 3558 2830 quid
3593 2760 3639 2815 in
3661 2758 3772 2814 nobis

2252 2834 2342 2890 fiat
2384 2851 2505 2891 cum
2552 2837 2667 2893 haec
2709 2842 2970 2909 audimus,
3018 2847 3245 2916 amplius
3296 2851 3595 2921 cogitemus.
3636 2850 3771 2921 Neque

2250 2928 2390 2982 enim
2433 2939 2571 2985 naue
2615 2942 2737 2986 sunt
2772 2932 3026 3002 bazreses,
3055 2947 3109 2992 et
3149 2938 3394 3009 quaedam
3424 2941 3649 3012 dogmata
3683 2956 3771 3011 per.

2251 3021 2516 3078 versitatis
2550 3022 2883 3096 illaqueantia
2929 3029 3136 3086 animas
3176 3041 3228 3086 et
3265 3032 3320 3086 in
3355 3032 3647 3104 profundum
3669 3048 3771 3105 pra-

2248 3112 2539 3183 cipitantia,
2562 3116 2663 3172 nisi
2684 3118 2812 3173 dum
2843 3119 3131 3191 Scriptura:
3158 3124 3314 3180 bona:
3337 3126 3675 3197 intelliguntur
3692 3139 3766 3179 non

2237 3212 2417 3279 bene;
2462 3223 2519 3271 et
2563 3216 2703 3286 quod
2744 3216 2796 3271 in
2836 3218 2915 3273 eis
2962 3234 3067 3274 non
3115 3220 3251 3276 bene
3303 3222 3612 3293 intelligitur.
3650 3221 3767 3277 etiam

2248 3313 2450 3361 temere
2509 3314 2565 3361 et
2606 3306 2859 3363 audacter
2904 3309 3180 3364 asseritur.
3232 3311 3444 3382 Itaque,
3495 3309 3766 3375 charissimi,

2244 3396 2397 3453 valde
2428 3408 2581 3454 eaute
2612 3398 2725 3454 haec
2766 3400 2948 3456 audire
2992 3400 3269 3471 debemus,
3302 3405 3368 3460 ad
3406 3422 3518 3476 quae
3557 3401 3761 3474 capienda

2246 3487 2449 3558 parvuli
2490 3502 2707 3556 sumus;
2746 3499 2800 3544 et
2848 3490 3006 3545 corde
3037 3493 3124 3561 pio
3161 3504 3215 3549 et
3259 3510 3381 3550 cum
3409 3506 3636 3559 tremore,
3666 3494 3767 3548 sicut

2243 3579 2498 3648 scriptum
2538 3587 2642 3646 est,
2692 3577 2829 3635 hanc
2871 3588 3115 3637 tenentes
3167 3585 3403 3654 regulam
3452 3585 3682 3642 sanitatis.
3725 3589 3766 3635 ut

2242 3668 2382 3739 quod
2409 3668 2699 3724 secundum
2741 3669 2897 3726 tidem
2927 3687 3027 3742 qua
3069 3673 3255 3729 imbuti
3295 3691 3494 3743 sumus,
3530 3676 3765 3744 intelligere

2241 3760 2597 3829 valuerimus,
2661 3771 2911 3835 tanquam
2963 3765 3029 3820 de
3074 3767 3194 3822 cibo
3238 3771 3555 3838 gaudeamus
3607 3788 3618 3823 ε
3657 3763 3761 3837 quod

2239 3864 2415 3909 autem
2440 3854 2731 3910 secundum
2761 3871 2944 3912 sanam
2972 3856 3096 3913 fidei
3120 3860 3358 3930 regulam
3385 3861 3651 3925 intelligere
3671 3872 3763 3911 non-

2237 3947 2363 4001 dum
2392 3947 2737 4016 potuerimus,
2769 3948 3147 4005 dubitationem
3171 3949 3493 4019 auferamus,
3523 3949 3761 4017 intelligen-

2239 4039 2363 4094 tiam
2389 4038 2714 4105 differamus;
2736 4039 2838 4098 hoc
2857 4051 2954 4107 est,
2980 4052 3035 4096 ut
3052 4043 3210 4099 etiam
3232 4044 3275 4098 si
3293 4044 3418 4115 quid
3441 4046 3507 4099 sit
3527 4043 3757 4099 ttCSCimIIS.

2236 4130 2431 4185 bonum
2470 4139 2645 4186 tamen
2684 4140 2739 4186 et
2768 4147 2954 4186 verum
2991 4147 3110 4189 esse
3145 4134 3364 4190 minime
3403 4135 3689 4189 dubitemus.
3713 4127 3759 4182 Et

2235 4238 2355 4292 ego,
2386 4220 2598 4287 fratres,
2620 4223 2709 4293 qui
2739 4226 2942 4293 suscepi
2965 4225 3104 4294 loqui
3126 4227 3295 4290 vobis,
3318 4227 3612 4298 cogitandus
3629 4237 3757 4279 suma

2234 4313 2384 4369 vobis
2398 4315 2484 4384 qui
2502 4316 2848 4385 susceperim,
2866 4325 2921 4369 et
2935 4311 3390 4387 quas'susceperim
3411 4337 3422 4371 :
3439 4318 3626 4385 suscepi
3649 4315 3755 4369 enim

2235 4405 2507 4460 tractanda
2535 4404 2711 4460 divina
2757 4406 2936 4471 homo,
2980 4406 3273 4475 spiritualia
3317 4402 3557 4476 carnalis,
3599 4416 3755 4460 reterns

2234 4497 2493 4552 mortalis.
2540 4495 2717 4552 Etiam
2757 4512 2787 4551 a
2836 4513 2940 4564 me,
3000 4497 3317 4563 charissimi,
3367 4501 3520 4572 longe
3560 4500 3619 4552 sit
3654 4507 3753 4548 vana

2232 4587 2596 4656 praesumptio,
2623 4587 2668 4642 si
2707 4587 2829 4642 volo
2870 4603 3030 4642 sanus
3070 4589 3123 4642 in
3161 4588 3324 4645 domo
3353 4590 3442 4646 Dei
3478 4584 3751 4646 conversari,

2231 4694 2350 4749 qua:
2384 4686 2468 4734 est
2505 4677 2739 4734 Ecclesia
2773 4677 2866 4732 Dei
2907 4678 3030 4743 vivi,
3059 4680 3304 4734 columna
3342 4690 3391 4736 et
3422 4680 3751 4734 ﬁrmamentum

2232 4770 2472 4825 veritatis
2501 4770 2540 4841 (I
2564 4767 2700 4824 Tim.
2724 4785 2799 4833 tu,
2825 4769 2913 4841 15)
2941 4787 2954 4822 :
2980 4783 3075 4839 pro
3095 4771 3311 4825 modulo
3336 4788 3454 4827 meo
3481 4770 3619 4838 capio

2229 4862 2383 4917 vobis
2431 4876 2671 4932 appono;
2717 4860 2807 4915 ubi
2855 4861 3108 4930 aperitur,
3153 4876 3342 4932 pascor
3380 4863 3659 4923 vobiscum;
3685 4853 3748 4908 ubi

2229 4954 2514 5020 clauditur,
2547 4952 2698 5023 pulso
2718 4951 3011 5007 vobiscum.

2299 5048 2353 5101 2.
2382 5046 2641 5101 Conuuoti
2693 5054 2820 5100 sunt
2861 5059 2988 5114 ergo
3032 5044 3221 5111 Judaei,
3251 5056 3306 5102 et
3352 5045 3588 5117 indignati
3628 5045 3744 5099 sunt;

2230 5140 2424 5197 merito
2450 5138 2685 5210 quidem,
2713 5137 2857 5210 quod
2895 5136 3124 5194 audebat
3150 5140 3308 5194 homo
3346 5139 3589 5209 aequalem
3614 5148 3662 5185 se
3687 5127 3744 5181 fa-

2226 5247 2351 5290 cere.
2375 5231 2484 5287 Deo
2512 5248 2526 5285 :
2557 5230 2651 5287 sed
2696 5230 2818 5286 ideo
2864 5230 3149 5296 immerito,
3198 5232 3319 5302 quia
3364 5231 3416 5286 in
3452 5227 3781 5321 hominem",

2229 5324 2589 5396 intelligebant
2624 5322 2811 5378 Deum.
2854 5322 3080 5378 Carnem
3106 5322 3370 5382 videbant.
3403 5324 3553 5377 Deum
3582 5322 3742 5369 111161111-
3762 5369 3780 5384 ,,

2227 5420 2354 5475 baut
2395 5434 2408 5472 :
2442 5415 2797 5472 habitaculum
2842 5417 3150 5482 cernebant,
3196 5416 3527 5471 habitatorem
3568 5410 3735 5505 ignora-

2227 5513 2372 5568 bant.
2401 5509 2543 5565 Caro
2589 5508 2673 5564 illa
2719 5509 2972 5580 templum
3023 5519 3155 5571 erat,
3198 5510 3337 5564 Deus
3379 5500 3733 5560 inltzbilahalill'

2229 5613 2332 5660 tus.
2361 5601 2475 5657 Non
2502 5614 2630 5670 ergo
2663 5598 2818 5655 .lesus
2846 5614 3061 5654 carnem
3097 5602 3333 5671 asquahat
3363 5598 3512 5654 Patri.
3545 5606 3634 5644 non
3658 5588 3719 5638 fur

2228 5708 2368 5750 mam
2413 5690 2553 5747 servi
2600 5690 2823 5745 Domino
2866 5679 3238 5761 comparabat;
3274 5706 3371 5743 non
3416 5683 3543 5757 quod
3587 5680 3737 5734 fartum

2231 5799 2312 5847 est
2360 5792 2578 5859 propter
2629 5798 2750 5852 nos.
2782 5782 2877 5841 sed
2925 5782 3066 5854 quod
3118 5792 3230 5840 erat
3276 5779 3477 5854 quando
3515 5772 3622 5829 fecit
3647 5775 3736 5821 nos.
