3916 6368
112 456 226 525 Quis
262 465 486 522 namque
526 450 599 506 sit
637 448 900 515 Christus,
930 444 1219 502 Catholicis
1243 442 1453 513 loquor,
1486 437 1675 503 nostis,

112 547 218 618 quia
244 544 374 599 bene
388 540 734 599 credidistis:
762 556 866 596 non
897 538 1129 594 Verbum
1157 544 1386 603 tantum,
1418 549 1519 589 nec
1548 546 1678 590 caro

112 647 327 700 tantum;
352 633 447 689 sed
482 634 718 688 Verbum
756 648 883 688 caro
928 629 1126 686 factum
1173 639 1274 691 est.
1320 635 1379 682 ut
1417 626 1680 681 habitaret

113 730 157 785 in
184 727 344 783 nobis.
373 727 659 782 lleeenseo
684 724 751 780 de
776 722 955 779 Verbo
981 721 1122 794 quod
1160 719 1331 775 nostis
1372 736 1388 773 :
1431 716 1497 772 In
1541 716 1683 788 prin-

112 821 228 889 cipio
270 826 372 873 erat
426 815 669 881 Verbum,
699 824 747 870 et
801 814 1019 869 Verbum
1063 822 1171 869 erat
1215 810 1355 883 apud
1406 808 1593 875 Deum,
1636 816 1683 863 et

111 909 232 967 Deus
271 919 373 966 erat
404 906 630 962 Verbum
671 923 690 962 :
731 906 817 962 hic
861 904 1139 973 aequalitas
1186 918 1307 959 cum
1354 902 1532 957 Patre.
1575 899 1683 956 Sed

118 998 314 1058 Verbum
340 1015 459 1054 caro
490 999 693 1068 factum
710 1006 803 1065 est,
834 1006 881 1051 et
907 995 1147 1050 habitauit
1183 995 1236 1048 in
1266 992 1410 1048 nobis
1437 989 1611 1063 (Joan.
1640 1006 1681 1058 ι,

113 1089 283 1162 1-Η)
329 1107 343 1144 :
405 1089 506 1144 hac
558 1105 725 1145 carne
774 1087 945 1160 major
994 1096 1079 1143 est
1122 1087 1301 1142 Pater.
1347 1085 1420 1139 lta
1452 1084 1608 1139 Pater
1631 1088 1687 1138 et

112 1183 323 1253 aequalis,
380 1190 436 1237 et
480 1180 662 1251 major
705 1199 719 1235 :
767 1179 990 1250 aequalis
1023 1176 1215 1243 Verbo,
1269 1175 1444 1247 major
1490 1189 1683 1240 carne;

113 1273 305 1344 aqualis
344 1271 393 1326 ei
441 1285 543 1341 per
573 1286 735 1341 quem
767 1269 892 1325 fecit
931 1284 1048 1335 nos,
1098 1268 1269 1339 major
1301 1282 1367 1323 eo
1400 1265 1490 1336 qui
1516 1265 1686 1320 factus

114 1374 184 1421 est
202 1372 407 1434 propter
431 1377 558 1417 nos.
593 1363 675 1417 Ad
708 1362 843 1417 hanc
867 1361 1103 1433 regulam
1133 1374 1316 1416 sanam
1346 1357 1684 1423 catholicam,

114 1475 250 1533 quam
303 1459 576 1530 prazcipue
636 1473 796 1514 nosse
855 1456 1083 1519 debetis,
1136 1471 1296 1526 quam
1349 1462 1527 1509 tenete
1596 1450 1688 1522 qui

116 1553 280 1619 nostis,
318 1567 349 1606 a
392 1567 496 1621 qua
552 1564 777 1621 prorsus
825 1548 957 1604 fides
1005 1557 1182 1603 vestra
1221 1546 1323 1601 labi
1363 1561 1467 1599 non
1505 1543 1686 1609 debet,

116 1659 216 1717 quze
259 1642 412 1698 nullis
477 1641 763 1696 hominum
813 1639 1142 1712 argumentis
1195 1636 1557 1708 extorqucnda
1607 1642 1691 1690 est

116 1734 244 1792 cordi
293 1744 493 1800 vestro,
556 1734 856 1803 dirigamus
915 1747 979 1788 ea
1038 1747 1159 1802 qua:
1204 1729 1580 1799 intelligimus;
1636 1736 1692 1783 et

119 1840 221 1897 quae
246 1825 375 1881 forte
418 1840 531 1880 non
569 1825 942 1895 intelligimus,
970 1821 1242 1893 dirigenda
1265 1821 1333 1875 ad
1360 1821 1497 1876 hanc
1529 1836 1689 1891 regu-

119 1919 205 1972 lam
252 1918 572 1989 quandoque
627 1917 958 1985 dill'eramus,
1007 1933 1128 1973 cum
1179 1917 1357 1972 idonei
1410 1915 1687 1972 fuerimus.

118 2007 344 2065 Novimus
370 2026 503 2081 ergo
533 2012 803 2082 mqualem
831 2011 973 2066 Patri
1006 2011 1199 2066 Filium
1244 2011 1360 2077 Dei,
1387 2010 1509 2082 quia
1538 2014 1691 2065 nmi-

121 2118 223 2158 mus
262 2103 308 2156 in
351 2103 623 2173 principio
670 2103 835 2157 Deum
881 2102 1131 2157 Verbum.
1175 2102 1313 2170 Quid
1356 2116 1485 2171 ergo
1520 2098 1693 2155 Judeei

122 2192 324 2247 solebam
356 2209 473 2247 eum
528 2193 869 2263 interﬁcere?
924 2192 1056 2259 Quia
1110 2209 1211 2247 non
1261 2192 1426 2247 solum
1475 2192 1693 2247 solvebat

123 2286 369 2353 sabbatum,
408 2286 501 2341 sed
525 2297 577 2341 et
619 2296 814 2356 patrem
845 2303 996 2341 suum
1019 2286 1212 2340 dicebat
1234 2283 1420 2348 Deum,
1450 2283 1696 2358 (aqualem

124 2394 168 2432 se
187 2380 360 2452 faciens
386 2378 497 2434 Deo
526 2395 547 2432 :
578 2379 831 2435 videntes
866 2394 1101 2443 carnem,
1140 2394 1246 2433 non
1286 2377 1531 2434 videntes
1559 2375 1693 2432 Ver-

126 2470 247 2525 bum.
289 2470 561 2542 Loquatur
601 2485 732 2542 ergo
773 2481 826 2527 et
870 2480 1057 2527 contra
1086 2485 1178 2526 eos
1201 2469 1434 2526 Verbum
1455 2485 1551 2542 per
1573 2485 1696 2525 car-

128 2574 247 2624 nem,
284 2570 337 2616 et
381 2560 619 2615 interior
666 2560 930 2615 habitator
974 2569 1130 2616 sonet
1183 2575 1278 2631 per
1338 2559 1694 2615 habitaculum

128 2666 290 2710 suum:
319 2653 486 2722 utqui
515 2660 723 2723 potest,
757 2651 964 2707 noverit
990 2652 1109 2722 quis
1134 2651 1278 2707 intus
1303 2651 1523 2708 habitet.

187 2744 231 2800 5.
256 2744 385 2813 Quid
412 2760 546 2815 ergo
605 2745 685 2800 eis
735 2743 901 2799 dicit?
930 2743 1209 2812 Respondit
1238 2746 1407 2815 itaque
1449 2744 1619 2811 Iesus,
1651 2754 1698 2799 et

132 2833 240 2890 dixit
280 2838 374 2900 eis,
416 2838 713 2891 commotis
754 2836 895 2908 quod
935 2837 1192 2906 aequalem
1230 2853 1290 2892 se
1330 2836 1529 2892 faceret
1566 2837 1695 2904 Deo,

134 2930 456 2994 damnatum
485 2930 611 2983 dico
640 2929 810 2994 vobis,
852 2945 951 2983 non
977 2938 1137 2999 potest
1175 2928 1342 2983 Filius
1371 2946 1402 2982 a
1443 2945 1497 2983 se
1536 2931 1701 3000 facere

134 3019 400 3091 quidquam,
427 3021 529 3075 nisi
552 3024 699 3091 quod
723 3020 899 3074 viderit
939 3018 1146 3075 Patrem
1164 3020 1445 3092 facientem.
1476 3018 1565 3073 Ad'
1585 3017 1701 3073 bare

137 3108 243 3179 quid
268 3111 644 3182 responderint
667 3110 836 3167 Judaei
857 3153 871 3176 ,
905 3111 1159 3180 scriptum
1204 3126 1309 3166 non
1341 3120 1422 3166 est
1452 3129 1464 3165 :
1493 3120 1548 3165 et
1588 3111 1699 3165 for-

139 3208 257 3257 tasse
276 3212 569 3260 tacuerunt.
593 3203 816 3271 Quidam
846 3212 1047 3271 tamen,
1077 3205 1166 3274 qui
1189 3204 1507 3261 christianos
1522 3219 1581 3259 se
1603 3196 1700 3259 ha-

140 3288 234 3347 beri
255 3293 450 3360 volunt,
479 3311 598 3350 non
629 3303 835 3362 tacent,
871 3304 928 3351 et
954 3294 1347 3365 quodammodo
1374 3312 1441 3353 ex
1472 3296 1558 3352 his
1584 3313 1704 3353 ver-

141 3378 210 3435 bis
223 3386 513 3454 concipiunt
531 3385 780 3455 qumdam
807 3385 1030 3441 dicenda
1050 3395 1232 3441 contra
1259 3401 1356 3441 nos
1380 3406 1392 3440 :
1425 3404 1543 3457 qua:
1568 3403 1701 3443 con-

145 3474 391 3529 temnenda
417 3490 525 3531 non
565 3485 721 3542 sunt,
750 3488 802 3531 ct
844 3484 1059 3548 propter
1090 3477 1233 3547 ipsos
1263 3487 1316 3532 et
1344 3488 1558 3548 propter
1581 3495 1699 3535 nos.

145 3563 295 3620 Ariani
318 3568 511 3639 quippe
541 3568 784 3624 lnaretici
810 3567 1070 3637 dicentes,
1097 3585 1203 3625 non
1231 3586 1324 3640 per
1344 3586 1584 3637 carnem,
1608 3570 1703 3627 sed

144 3664 247 3713 ante
276 3674 506 3728 carnem,
534 3661 733 3716 Filium
760 3660 931 3731 ipsum
960 3664 1051 3732 qui
1075 3662 1306 3732 suscepit
1333 3677 1569 3726 carnem,
1600 3664 1703 3718 mi-

147 3763 307 3806 norem
331 3768 448 3811 esse
475 3770 642 3827 quam
673 3753 830 3808 Pater
852 3763 956 3822 est,
984 3762 1040 3810 et
1065 3771 1167 3809 non
1190 3771 1310 3811 esse
1326 3756 1562 3827 ejusdem
1582 3757 1706 3813 sub-

148 3839 327 3895 stantiae
352 3844 501 3912 cujus
532 3826 698 3898 Paier
724 3853 835 3907 est,
866 3845 1081 3914 capiunt
1103 3860 1166 3899 ex
1212 3844 1293 3899 his
1318 3846 1495 3902 verbis
1520 3863 1705 3903 ansam

148 3928 411 4000 calumnias,
433 3942 489 3989 et
511 3934 842 4003 respondent
868 3934 1018 3990 nobis
1042 3954 1056 3989 :
1082 3933 1283 3992 Videtis
1305 3938 1427 4007 quia
1453 3938 1706 3994 Dominus

148 4015 308 4088 Jesus,
336 4039 452 4078 cum
492 4024 955 4082 animadverteret
986 4026 1200 4081 Judzeos
1243 4043 1309 4081 ex
1340 4027 1438 4082 hoc
1466 4029 1702 4096 moveri,

151 4111 269 4177 quod
289 4112 422 4170 Patri
462 4116 579 4172 Deo
602 4117 859 4187 a-qualem
889 4131 947 4172 se
979 4117 1193 4184 faceret,
1228 4119 1349 4173 talia
1378 4119 1536 4174 verba
1571 4120 1703 4176 sub-

150 4200 313 4270 iunxit,
355 4217 410 4263 ut
436 4224 495 4266 se
522 4209 783 4280 aequalem
813 4224 917 4264 non
945 4225 1062 4265 esse
1091 4220 1433 4266 monstraret.
1465 4211 1709 4267 Movebat

154 4296 271 4351 enim
288 4299 514 4368 Judzeos,
538 4303 707 4367 aiunt,
726 4301 981 4357 adversus
999 4301 1287 4368 Christum,
1306 4305 1427 4375 quia
1449 4306 1705 4376 aequalem

157 4398 205 4439 se
225 4386 426 4447 faciebat
459 4392 606 4459 Deo;
634 4403 689 4448 et
715 4392 898 4448 Valens
924 4409 1017 4449 eos
1042 4396 1310 4466 corrigere
1335 4397 1403 4451 ab
1431 4396 1533 4453 hoc
1560 4406 1709 4454 motu

159 4476 387 4550 Christus,
412 4495 468 4541 et
494 4485 575 4541 eis
602 4485 972 4542 demonstrare
1005 4486 1194 4541 Filium
1225 4503 1329 4543 non
1369 4504 1488 4545 esse
1524 4505 1709 4561 mqua-

162 4567 249 4626 lem
265 4573 415 4643 Patri,
447 4577 499 4632 id
521 4588 623 4641 est,
645 4577 901 4648 :equalem
923 4579 1049 4640 Deo,
1069 4580 1162 4644 ait,
1178 4581 1326 4650 quasi
1348 4580 1550 4648 dicens,
1572 4582 1711 4651 Quid

164 4657 451 4723 irascimini?
478 4669 605 4740 quid
634 4668 1015 4740 indignamini?
1044 4669 1158 4725 Non
1183 4687 1298 4726 sum
1320 4673 1555 4743 aequalis,
1589 4675 1711 4743 quia

167 4767 249 4807 non
269 4768 413 4824 potest
438 4760 603 4817 Filius
627 4780 660 4814 a
678 4779 732 4816 se
752 4765 919 4834 facere
937 4762 1231 4833 quidquam,
1258 4764 1355 4819 nisi
1378 4767 1511 4835 quod
1535 4767 1712 4823 viderit

149 4842 345 4933 ‘f’atmn
380 4855 662 4923 facientem.
694 4853 794 4922 Qui
835 4855 979 4911 enim
1007 4872 1109 4909 non
1138 4865 1315 4925 potest,
1343 4857 1602 4930 inquiunt,
1632 4863 1714 4931 fa-

172 4953 259 4992 cere
278 4958 306 4994 a
325 4961 375 4998 se
390 4946 679 5017 quidquam,
712 4947 810 5002 nisi
835 4947 971 5018 quod
995 4949 1171 5003 uiderit
1197 4947 1405 5005 Patrem
1425 4951 1710 5023 facientem,

174 5030 325 5100 utique
346 5037 517 5093 minor
540 5048 644 5107 est,
670 5054 775 5096 non
800 5039 1040 5110 aequalis.

156 5100 164 5149 ²
231 5131 275 5184 ι.
310 5132 361 5188 lu
389 5135 485 5193 bac
508 5138 690 5210 regula
709 5139 886 5194 cordis
905 5139 985 5193 sui
1009 5138 1232 5195 distorta
1257 5148 1313 5196 ct
1334 5157 1516 5212 prava,
1546 5142 1716 5200 haere-

177 5215 288 5275 ticus
308 5225 476 5282 audiat
500 5244 598 5284 nos
620 5228 850 5284 nondum
867 5228 1228 5300 objurgautes,
1251 5232 1345 5288 sed
1374 5233 1546 5289 adhuc
1566 5234 1715 5305 quasi

181 5323 458 5383 quaerentes,
487 5330 539 5376 et
564 5321 797 5392 explicet
821 5321 971 5377 nobis
995 5322 1135 5392 quod
1170 5322 1350 5379 sentit.
1379 5324 1513 5379 Puto
1540 5329 1712 5395 etum,

182 5411 209 5449 0
228 5406 438 5476 quisquis
465 5411 549 5469 ille
575 5426 637 5469 es
669 5411 951 5481 (faciamus
979 5414 1121 5469 enim
1149 5430 1272 5470 eum
1303 5422 1550 5486 tanquam
1576 5432 1716 5486 prte-

185 5502 355 5578 semem
376 5500 600 5569 adesse),
632 5510 786 5558 tenes
809 5504 1083 5560 nobiscum
1113 5507 1229 5575 quia
1257 5507 1311 5561 in
1334 5508 1583 5578 principio
1611 5520 1716 5563 erat

196 5577 394 5673 Verbum.
437 5592 646 5661 Teneo,
678 5596 863 5666 inquit.
916 5596 984 5653 Et
1024 5599 1146 5668 quia
1190 5598 1406 5655 Verbum
1441 5577 1548 5655 erat
1578 5604 1718 5673 apud

190 5670 355 5733 Deum?
378 5682 442 5738 Et
463 5685 578 5755 hoc,
610 5686 803 5758 inquit,
847 5695 1022 5746 teneo.
1068 5689 1303 5761 Sequere
1345 5707 1493 5761 ergo,
1537 5670 1718 5751 ethoc

189 5760 345 5825 fortius
365 5779 496 5845 tene,
531 5778 656 5850 quin
679 5775 820 5835 Deus
856 5789 965 5835 erat
1007 5760 1240 5838 Verbum.
1275 5781 1344 5837 Et
1371 5760 1491 5851 hoc,
1524 5784 1713 5855 inquit,

1221 318 1633 382 TRACTATUS
1670 318 1862 376 XVIII.
1901 318 2134 378 CAPUT
2171 318 2234 376 ν.

1787 441 1943 490 teneo
1973 451 1992 491 :
2032 433 2130 491 sed
2173 432 2263 489 ille
2301 431 2444 489 Deus
2484 429 2677 503 major,
2716 429 2806 488 ille
2829 430 2972 490 Deus
3010 431 3206 489 minor.
3247 432 3370 491 lam

1787 527 1971 583 nescio
1996 525 2125 597 quid
2164 540 2426 597 paganum
2447 524 2688 580 redolet:
2716 539 2838 580 cum
2866 522 3158 579 christiano
3181 538 3270 580 me
3295 525 3378 581 lo-

1787 620 1877 690 qui
1901 618 2217 674 arbitrabar.
2244 617 2301 674 Si
2323 627 2408 674 est
2433 618 2576 674 Deus
2599 618 2790 687 major,
2819 625 2874 673 et
2895 626 2980 673 est
3010 617 3152 674 Deus
3174 618 3378 685 minor;
3430 668 3439 677 .

1787 708 1923 764 duos
1947 709 2079 764 deos
2105 710 2352 775 colimus,
2384 725 2489 764 non
2520 724 2681 764 unum
2711 708 2900 765 Deum.
2930 708 3126 777 Quare,
3174 709 3382 780 inquit?
3434 776 3435 781 η

1787 809 1844 856 et
1872 809 1925 855 tu
1949 815 2054 855 non
2084 800 2218 856 duos
2242 800 2372 856 deos
2412 799 2547 856 dicis
2588 801 2821 870 aequales
2843 799 2982 855 sibi?
3010 798 3122 856 Hoc
3143 814 3246 871 ego
3270 814 3378 858 non

1789 891 1912 947 dico
1945 910 1959 946 :
1991 892 2351 962 aequalitatem
2379 893 2519 947 enim
2545 891 2700 947 istam
2731 892 2810 947 sic
2838 890 3095 962 intelligo,
3123 900 3186 947 ut
3209 892 3279 947 ibi
3299 892 3381 948 in-
3414 879 3420 884 ’

1792 983 2028 1054 telligam
2069 983 2230 1038 etiam
2276 981 2600 1037 individuam
2644 982 2993 1047 charitatem;
3019 990 3078 1037 et
3117 982 3163 1037 si
3195 981 3406 1060 indivi-q

1791 1073 1951 1130 duam
1980 1074 2297 1130 charitatem
2317 1075 2357 1138 ί,
2388 1074 2677 1143 perfectam
2702 1074 2978 1130 unitatem.
3008 1075 3064 1130 Si
3085 1074 3227 1130 enim
3250 1076 3384 1130 cha-

1792 1166 1922 1220 ritas
1942 1181 2100 1236 quam
2126 1166 2272 1220 misit
2295 1164 2599 1220 hominibus
2628 1167 2789 1232 Deus,
2813 1165 2882 1221 de
2902 1165 3082 1221 multis
3111 1166 3387 1223 hominum

1793 1255 2046 1312 cordibus
2085 1257 2211 1313 facit
2233 1271 2329 1311 cor
2348 1273 2513 1312 unum
2532 1299 2548 1324 ,
2578 1265 2633 1312 et
2658 1256 2852 1312 multas
2879 1258 3153 1314 hominum
3178 1259 3388 1316 animus

1799 1346 1926 1402 facit
1953 1348 2184 1402 animam
2214 1364 2395 1413 unam,
2426 1348 2564 1403 sicut
2590 1347 2658 1404 de
2685 1348 3022 1405 credentibus
3049 1364 3276 1421 seseque
3301 1351 3388 1407 in-

1796 1443 1969 1497 vicem
1995 1441 2337 1513 diligentibus
2362 1442 2619 1513 scriptum
2648 1452 2731 1498 est
2762 1443 2813 1497 in
2853 1444 3072 1499 Actibus
3101 1445 3387 1514 Apostolo-

1795 1549 1936 1597 rum,
1961 1532 2087 1587 Erat
2105 1533 2207 1589 illis
2220 1534 2390 1588 anima
2411 1550 2533 1600 una,
2552 1543 2597 1588 et
2620 1550 2708 1588 car
2731 1550 2886 1588 unum
2902 1535 2954 1589 in
2976 1534 3137 1589 Deum
3150 1535 3283 1606 (Act.
3308 1553 3383 1602 tv,

1795 1621 1887 1696 '52)
1909 1641 1922 1677 :
1938 1623 1982 1679 si
2004 1638 2132 1694 ergo
2146 1623 2321 1678 anima
2338 1637 2454 1678 mea
2469 1632 2524 1679 et
2537 1623 2714 1679 anima
2731 1633 2839 1690 tua,
2856 1639 2977 1679 cum
2995 1623 3134 1680 idem
3148 1625 3384 1694 sapimus

1795 1732 1999 1788 nosque
2021 1716 2288 1787 diligimus
2305 1758 2322 1782 ,
2348 1716 2405 1771 fit
2427 1715 2603 1771 anima
2629 1730 2732 1770 una
2760 1734 2775 1771 :
2807 1727 3007 1785 quanto
3035 1718 3202 1786 magis
3230 1717 3389 1773 Pater

1798 1807 1938 1863 Deus
1957 1816 2010 1863 et
2040 1807 2203 1863 Filius
2229 1807 2369 1862 Deus
2391 1806 2443 1861 in
2463 1804 2611 1861 fonte
2627 1805 2929 1862 dilectionis
2949 1806 3091 1862 Deus
3105 1822 3243 1866 unus
3267 1816 3352 1864 est
3365 1808 3391 1862 ?

1869 1901 1924 1956 5.
1955 1900 2150 1954 Verum
2176 1898 2243 1954 ad
2271 1898 2384 1954 haec
2413 1897 2593 1963 verba,
2625 1898 2815 1969 quibus
2838 1908 3164 1955 commotum
3191 1910 3274 1955 est
3294 1914 3389 1956 cor

1799 2000 1970 2053 tuum,
2014 1991 2251 2056 intende,
2285 1999 2340 2046 et
2381 1990 2559 2046 recole
2600 2005 2808 2045 mecum
2835 1990 2977 2061 quod
3012 1990 3082 2046 de
3112 1989 3288 2046 Verbo
3307 2007 3393 2047 re-

1798 2080 2158 2152 quirebamus.
2193 2081 2313 2137 .Iam
2350 2090 2627 2142 tenemus,
2676 2080 2814 2137 Deus
2860 2091 2970 2136 erat
3006 2079 3219 2137 Verbum
3240 2098 3261 2138 :
3288 2083 3392 2139 ad-

1794 2173 1963 2244 jungo
2001 2173 2166 2241 aliud,
2212 2174 2333 2243 quia
2360 2188 2482 2229 cum
2523 2172 2768 2236 dixisset,
2802 2171 2915 2227 Hoc
2937 2173 3117 2227 eratin
3142 2174 3394 2244 principi)

1799 2266 1942 2336 apud
1969 2265 2155 2333 Deum,
2182 2266 2436 2321 continuo
2460 2264 2689 2335 subjecit
2706 2264 3063 2337 Evangelista,
3097 2264 3281 2319 Unmia
3302 2282 3392 2336 per

1799 2358 1966 2427 ipsum
1988 2361 2123 2428 facta
2151 2365 2287 2411 sunt.
2314 2354 2466 2410 Nunc
2496 2362 2553 2410 te
2578 2353 2870 2426 quaerendo
2907 2355 3139 2425 exagito,
3173 2369 3313 2410 nunc
3341 2366 3393 2413 te

1802 2454 1986 2502 contra
2013 2454 2066 2500 te
2090 2460 2305 2511 moveo,
2333 2454 2388 2500 et
2412 2453 2463 2500 te
2480 2452 2664 2499 contra
2694 2452 2747 2501 te
2772 2444 3053 2515 interpello
3081 2461 3095 2498 :
3125 2452 3249 2500 tene
3272 2454 3392 2501 tan-

1800 2546 1913 2593 tum
1942 2538 2246 2593 memoriter
2266 2537 2363 2592 ista
2388 2535 2455 2591 de
2476 2534 2675 2600 Verbo,
2698 2536 2821 2605 quia
2846 2534 2983 2590 Deus
3004 2545 3110 2590 erat
3148 2535 3387 2604 Verbum,

1802 2641 1857 2688 et
1882 2633 2052 2687 omnia
2083 2647 2173 2703 per
2198 2631 2364 2701 ipsum
2392 2633 2531 2702 facta
2554 2638 2690 2683 sunt.
2721 2627 2855 2682 Audi
2875 2628 2986 2699 jam
3014 2628 3173 2684 verba
3202 2629 3395 2699 quibus

1803 2732 2103 2779 commotus
2148 2737 2241 2785 es,
2272 2729 2330 2775 nt
2380 2721 2640 2775 minorem
2680 2718 2887 2775 diceres
2930 2718 3158 2783 Filium,
3199 2734 3395 2790 nempe

1803 2814 1924 2881 quia
1949 2813 2104 2878 dixit,
2135 2811 2256 2867 Non
2286 2820 2445 2881 potest
2466 2810 2636 2865 Filius
2656 2826 2689 2863 a
2711 2826 2765 2864 se
2791 2809 2958 2877 facere
2982 2808 3276 2881 quidquam,
3296 2810 3397 2867 nisi

1803 2905 1938 2976 quod
1957 2905 2133 2959 viderit
2163 2902 2373 2959 Patrem
2395 2904 2680 2975 facientem.
2710 2900 2809 2969 Ita,
2839 2902 3027 2973 inquit.
3050 2903 3272 2973 EXpone
3293 2901 3397 2961 hoc

1806 2996 1934 3052 mihi
1963 2996 2235 3066 paululum
2262 3013 2275 3049 :
2307 2996 2405 3061 sic,
2436 3003 2691 3065 quantum
2719 2995 2930 3064 opinor,
2962 2994 3232 3066 intelligis,
3258 3011 3394 3067 quo-

1804 3090 1947 3145 niam
1965 3090 2204 3159 qutedam
2224 3088 2346 3144 facit
2376 3088 2550 3152 Pater,
2564 3086 2729 3142 Filius
2757 3097 2934 3143 autem
2959 3087 3182 3143 attendit
3205 3104 3397 3160 quem-

1808 3180 2090 3237 admodum
2133 3179 2289 3236 faciat
2326 3179 2503 3244 Pater,
2565 3188 2625 3233 ut
2679 3179 2846 3249 possit
2878 3187 2935 3236 et
2974 3179 3089 3251 ipse
3124 3195 3188 3235 ea
3219 3180 3399 3238 facere

1806 3288 1925 3342 qua:
1945 3272 2137 3327 viderit
2156 3271 2366 3326 Patrem
2393 3270 2694 3326 facientem.
2725 3270 2868 3326 Duos
2889 3274 3039 3342 quasi
3063 3260 3242 3327 fabros
3268 3286 3400 3329 con-

1806 3364 2030 3419 stituisti
2062 3380 2075 3416 :
2110 3363 2184 3417 ita
2215 3362 2425 3417 Patrem
2451 3369 2505 3416 et
2540 3359 2764 3425 Filium,
2798 3370 2856 3417 ut
2887 3363 3048 3417 etiam
3086 3362 3399 3434 magistrum

1807 3464 1861 3510 et
1890 3454 2208 3525 discipulum
2232 3495 2247 3520 ,
2291 3452 2558 3523 quomodo
2597 3453 2774 3509 solent
2812 3461 2991 3523 patres
3020 3453 3154 3509 fabri
3201 3454 3400 3512 docere

1811 3543 1947 3600 ﬁlios
1981 3558 2108 3600 suos
2135 3552 2303 3599 artem
2334 3558 2505 3599 suam.
2537 3543 2672 3599 Ecce
2709 3543 2979 3599 descendo
3019 3543 3087 3599 ad
3125 3546 3393 3601 carnalem

1808 3651 2025 3692 sensum
2065 3645 2247 3703 tuum,
2273 3637 2342 3691 ita
2372 3635 2584 3692 interim
2618 3636 2796 3708 cogito
2832 3645 2890 3692 ut
2917 3646 2972 3692 tu
3002 3653 3017 3691 :
3050 3636 3326 3694 videamus
3350 3638 3398 3693 si

1810 3730 2060 3800 cogitatio
2088 3728 2203 3785 hzec
2232 3737 2412 3784 nostra
2448 3729 2691 3791 inveniat
2734 3730 2934 3784 exitum
2985 3729 3275 3789 secundum
3308 3730 3398 3787 illa

1811 3838 1927 3893 qua:
1967 3822 2077 3893 jam
2123 3823 2191 3879 de
2235 3822 2411 3878 Verbo
2440 3822 2639 3892 pariter
2680 3823 2841 3878 locuti
2887 3838 3069 3879 sumus
3098 3824 3400 3896 pariterque

1811 3914 2091 3981 sentimus,
2122 3914 2245 3984 quia
2272 3913 2410 3968 Deus
2446 3912 2694 3979 Verbum,
2725 3926 2777 3969 et
2807 3917 2977 3970 omnia
3005 3933 3096 3988 per
3118 3917 3284 3989 ipsum
3312 3920 3400 3989 fa-

1811 4013 1891 4059 cta
1917 4013 2053 4058 sunt.
2086 4004 2230 4061 Pone
2258 4005 2418 4076 igitur
2440 4004 2650 4061 Patrem
2678 4014 2927 4076 tanquam
2965 4007 3171 4064 fabrum
3190 4050 3205 4075 ,
3246 4025 3399 4079 quae-

1812 4094 1933 4149 dam
1955 4109 2116 4165 opera
2139 4096 2441 4161 facientem,
2472 4096 2662 4151 Filium
2684 4106 2861 4152 autem
2889 4106 3135 4167 tanquam
3162 4099 3398 4169 discipu-

1814 4186 1944 4251 lum,
1976 4186 2063 4256 qui
2095 4201 2195 4239 non
2224 4194 2386 4256 potest
2421 4185 2590 4256 facere
2615 4188 2909 4258 quidquam,
2943 4189 3041 4242 nisi
3063 4189 3198 4256 quod
3223 4190 3399 4245 viderit

1816 4276 2025 4331 Patrem
2045 4278 2310 4349 facientem
2334 4293 2352 4331 :
2381 4277 2603 4334 intendit
2621 4279 2763 4333 enim
2792 4279 3183 4350 quodammodo
3202 4282 3255 4338 in
3282 4298 3396 4339 ma-

1815 4384 1914 4424 nus
1944 4368 2133 4433 Patris,
2182 4378 2239 4423 ut
2276 4369 2546 4440 quomodo
2571 4368 2765 4425 viderit
2791 4385 2912 4425 eum
2938 4369 3214 4439 fabricare,
3244 4373 3323 4429 sic
3347 4384 3403 4432 et

1817 4462 1930 4532 ipse
1953 4463 2057 4518 tale
2080 4461 2277 4533 aliquid
2315 4462 2537 4518 fabricet
2576 4463 2629 4518 iu
2672 4464 2920 4534 operibus
2946 4465 3076 4521 suis.
3108 4466 3217 4522 Sed
3243 4467 3401 4524 Pater

1818 4554 1918 4609 iste
1946 4555 2123 4609 omnia
2147 4540 2239 4610 illa
2257 4571 2376 4626 qua:
2402 4555 2543 4623 facit,
2583 4564 2640 4612 et
2672 4557 2788 4612 vult
2813 4570 2869 4612 ut
2895 4558 3133 4614 attendat
3159 4576 3278 4615 cum
3310 4561 3401 4618 Fi-

1817 4646 1918 4700 lius
1946 4654 2002 4701 et
2027 4647 2149 4701 talia
2171 4656 2226 4702 et
2252 4646 2364 4717 ipse
2390 4647 2580 4713 faciat;
2613 4662 2708 4718 per
2726 4663 2882 4720 quem
2908 4648 3114 4707 facit'?
3141 4653 3231 4708 Eia
3265 4670 3405 4712 nunc

1819 4744 1902 4791 est
1926 4744 1984 4791 ut
2007 4736 2152 4792 adsis
2171 4738 2448 4793 sententia:
2473 4748 2575 4793 tua:
2592 4740 2778 4809 priori,
2800 4756 2958 4812 quam
2988 4757 3196 4800 mecum
3219 4761 3404 4802 recen-

1820 4829 1973 4883 suisti
1995 4843 2310 4899 mecumque
2330 4829 2563 4895 tenuisti,
2592 4830 2711 4900 quia
2732 4832 2786 4884 in
2810 4833 3059 4904 principio
3092 4832 3326 4904 Verbum,
3351 4848 3407 4894 et

1821 4922 1961 4990 apud
1984 4921 2144 4976 Deum
2181 4920 2427 4988 Verbum,
2469 4930 2524 4977 et
2558 4921 2694 4978 Deus
2728 4921 2979 4993 Verbum,
3016 4935 3071 4980 et
3106 4929 3275 4984 omnia
3319 4949 3408 5001 per

1820 5016 1988 5086 ipsum
2016 5020 2153 5086 facta
2193 5024 2330 5070 sunt.
2362 5014 2440 5070 'l‘u
2470 5030 2599 5087 ergo
2625 5031 2744 5070 cum
2777 5032 2981 5073 mecum
3011 5021 3243 5077 tenueris
3283 5027 3407 5094 quia

1822 5123 1918 5178 per
1946 5107 2175 5163 Verbum
2199 5107 2334 5162 facta
2362 5115 2487 5161 sunt
2516 5107 2731 5171 omnia;
2753 5122 2965 5163 rursum
2994 5113 3191 5167 carnali
3218 5128 3409 5184 sapore

1822 5209 1872 5253 et
1904 5198 2093 5268 puerili
2123 5207 2268 5253 motu
2291 5196 2419 5253 facis
2446 5197 2537 5252 tibi
2559 5197 2610 5252 in
2636 5199 2814 5254 animo
2839 5199 3002 5257 Deum
3024 5199 3326 5270 facientem,
3355 5214 3411 5262 et

1824 5289 2054 5345 Verbum
2102 5288 2486 5356 attendentem,
2514 5298 2573 5345 ut
2604 5305 2725 5346 cum
2756 5288 2943 5349 fecerit
2975 5294 3144 5360 Deus,
3176 5294 3331 5352 faciat
3354 5306 3410 5353 et

1826 5383 2078 5438 Verbum.
2117 5380 2253 5450 Quid
2282 5382 2426 5437 enim
2467 5380 2591 5437 facit
2637 5383 2778 5440 Deus
2819 5394 3013 5455 praeter
3038 5385 3310 5442 Verbum?
3349 5385 3407 5443 Si

1823 5477 1962 5531 enim
1991 5474 2135 5541 facit,
2169 5489 2274 5530 non
2298 5476 2474 5529 omnia
2503 5490 2598 5545 per
2621 5474 2856 5532 Verbum
2887 5476 3018 5533 facta
3044 5486 3200 5543 sunt;
3226 5475 3407 5548 perdi-

1887 5612 1905 5643 ι
1930 5608 2188 5659 Duodecim
2209 5616 2336 5669 Mss,
2357 5613 2405 5661 et
2419 5607 2490 5662 sic
2829 5606 3126 5662 Mitem.

1887 5668 3093 5724 ’Lov.sicbabentbunclocnm:8edl’ateriste
3128 5670 3290 5725 anmia
3319 5672 3409 5727 Illa

1824 5729 3408 5801 quwfacit,puttutattendatetnnriliusettatiaetipsefaciat,

1827 5793 1912 5859 per
1933 5793 2079 5859 quem
2089 5793 2222 5858 facit.
2286 5801 2343 5843 It.
