  <div class='ocr_page' id='page_1' title='image "/cluster/home/n/w/nwhite01/storage/ocr_20150623/35/uva.x000827104/121.png"; bbox 0 0 3916 6378; ppageno 0'>
   <div class='ocr_carea' id='block_1_1' title="bbox 608 280 749 354">
    <p class='ocr_par' dir='ltr' id='par_1_1' title="bbox 608 280 749 354">
     <span class='ocr_line' id='line_1_1' title="bbox 608 280 749 354; baseline 0.014 -3"><span class='ocrx_word' id='word_1_1' title='bbox 608 280 749 354; x_wconf 68' lang='lat'><strong>£559</strong></span> 
     </span>
    </p>
   </div>
   <div class='ocr_carea' id='block_1_2' title="bbox 604 394 2181 497">
    <p class='ocr_par' dir='ltr' id='par_1_2' title="bbox 604 394 2181 497">
     <span class='ocr_line' id='line_1_2' title="bbox 604 394 2181 497; baseline 0.014 -30"><span class='ocrx_word' id='word_1_2' title='bbox 604 413 731 469; x_wconf 55' lang='lat' dir='ltr'><strong>ﬁli</strong></span> <span class='ocrx_word' id='word_1_3' title='bbox 751 413 895 485; x_wconf 80' lang='lat' dir='ltr'><strong>quod</strong></span> <span class='ocrx_word' id='word_1_4' title='bbox 911 394 1171 473; x_wconf 51' lang='lat' dir='ltr'><strong>tenebas;</strong></span> <span class='ocrx_word' id='word_1_5' title='bbox 1198 418 1242 475; x_wconf 81' lang='lat' dir='ltr'><strong>si</strong></span> <span class='ocrx_word' id='word_1_6' title='bbox 1263 428 1440 477; x_wconf 72' lang='lat' dir='ltr'><strong>alitem</strong></span> <span class='ocrx_word' id='word_1_7' title='bbox 1466 427 1641 480; x_wconf 83' lang='lat' dir='ltr'><strong>omnia</strong></span> <span class='ocrx_word' id='word_1_8' title='bbox 1668 442 1764 497; x_wconf 82' lang='lat' dir='ltr'><strong>per</strong></span> <span class='ocrx_word' id='word_1_9' title='bbox 1792 429 2017 486; x_wconf 79' lang='lat' dir='ltr'><strong>Verbum</strong></span> <span class='ocrx_word' id='word_1_10' title='bbox 2047 433 2181 490; x_wconf 77' lang='lat' dir='ltr'><strong>facta</strong></span> 
     </span>
    </p>
   </div>
   <div class='ocr_carea' id='block_1_3' title="bbox 602 507 2181 589">
    <p class='ocr_par' dir='ltr' id='par_1_3' title="bbox 602 507 2181 589">
     <span class='ocr_line' id='line_1_3' title="bbox 602 507 2181 589; baseline 0.013 -30"><span class='ocrx_word' id='word_1_11' title='bbox 602 514 750 572; x_wconf 69' lang='lat' dir='ltr'><strong>sunt,</strong></span> <span class='ocrx_word' id='word_1_12' title='bbox 790 507 997 576; x_wconf 79' lang='lat' dir='ltr'><strong>corrige</strong></span> <span class='ocrx_word' id='word_1_13' title='bbox 1018 508 1163 577; x_wconf 84' lang='lat' dir='ltr'><strong>quod</strong></span> <span class='ocrx_word' id='word_1_14' title='bbox 1200 512 1336 565; x_wconf 86' lang='lat' dir='ltr'><strong>male</strong></span> <span class='ocrx_word' id='word_1_15' title='bbox 1364 513 1712 585; x_wconf 73' lang='lat' dir='ltr'><strong>ititelligebas.</strong></span> <span class='ocrx_word' id='word_1_16' title='bbox 1746 519 1893 575; x_wconf 81' lang='lat' dir='ltr'><strong>Fecit</strong></span> <span class='ocrx_word' id='word_1_17' title='bbox 1922 522 2097 589; x_wconf 78' lang='lat' dir='ltr'><strong>Pater,</strong></span> <span class='ocrx_word' id='word_1_18' title='bbox 2128 535 2181 581; x_wconf 89' lang='lat' dir='ltr'><strong>et</strong></span> 
     </span>
    </p>
   </div>
   <div class='ocr_carea' id='block_1_4' title="bbox 600 595 2179 676">
    <p class='ocr_par' dir='ltr' id='par_1_4' title="bbox 600 595 2179 676">
     <span class='ocr_line' id='line_1_4' title="bbox 600 595 2179 676; baseline 0.012 -24"><span class='ocrx_word' id='word_1_19' title='bbox 600 610 713 653; x_wconf 69' lang='lat' dir='ltr'><strong>non</strong></span> <span class='ocrx_word' id='word_1_20' title='bbox 751 595 878 653; x_wconf 71' lang='lat' dir='ltr'><strong>locis</strong></span> <span class='ocrx_word' id='word_1_21' title='bbox 914 599 1019 653; x_wconf 62' lang='lat' dir='ltr'><strong>ubi</strong></span> <span class='ocrx_word' id='word_1_22' title='bbox 1052 616 1146 668; x_wconf 85' lang='lat' dir='ltr'><strong>per</strong></span> <span class='ocrx_word' id='word_1_23' title='bbox 1189 601 1416 657; x_wconf 78' lang='lat' dir='ltr'><strong>Verbum</strong></span> <span class='ocrx_word' id='word_1_24' title='bbox 1451 610 1759 676; x_wconf 86' lang='lat' dir='ltr'><strong>:quomodo</strong></span> <span class='ocrx_word' id='word_1_25' title='bbox 1791 612 2016 667; x_wconf 85' lang='lat' dir='ltr'><strong>attendit</strong></span> <span class='ocrx_word' id='word_1_26' title='bbox 2047 614 2179 670; x_wconf 76' lang='lat' dir='ltr'><strong>Ver-</strong></span> 
     </span>
    </p>
   </div>
   <div class='ocr_carea' id='block_1_5' title="bbox 599 689 2177 776">
    <p class='ocr_par' dir='ltr' id='par_1_5' title="bbox 599 689 2177 776">
     <span class='ocr_line' id='line_1_5' title="bbox 599 689 2177 776; baseline 0.013 -34"><span class='ocrx_word' id='word_1_27' title='bbox 599 689 745 752; x_wconf 69' lang='lat' dir='ltr'><strong>bina,</strong></span> <span class='ocrx_word' id='word_1_28' title='bbox 770 690 1017 751; x_wconf 52' lang='grc' dir='ltr'>ιιι-νεάζει</span> <span class='ocrx_word' id='word_1_29' title='bbox 1037 692 1245 749; x_wconf 79' lang='lat' dir='ltr'><strong>Patrem</strong></span> <span class='ocrx_word' id='word_1_30' title='bbox 1273 695 1552 754; x_wconf 72' lang='lat' dir='ltr'><strong>facientem</strong></span> <span class='ocrx_word' id='word_1_31' title='bbox 1579 701 1695 757; x_wconf 72' lang='lat' dir='ltr'><strong>sine</strong></span> <span class='ocrx_word' id='word_1_32' title='bbox 1724 701 1912 770; x_wconf 77' lang='lat' dir='ltr'><strong>Verbo,</strong></span> <span class='ocrx_word' id='word_1_33' title='bbox 1937 708 2083 776; x_wconf 85' lang='lat' dir='ltr'><strong>quod</strong></span> <span class='ocrx_word' id='word_1_34' title='bbox 2102 709 2177 762; x_wconf 88' lang='lat' dir='ltr'><strong>si-</strong></span> 
     </span>
    </p>
   </div>
   <div class='ocr_carea' id='block_1_6' title="bbox 597 781 2177 869">
    <p class='ocr_par' dir='ltr' id='par_1_6' title="bbox 597 781 2177 869">
     <span class='ocr_line' id='line_1_6' title="bbox 597 781 2177 869; baseline 0.013 -34"><span class='ocrx_word' id='word_1_35' title='bbox 597 781 799 841; x_wconf 76' lang='lat' dir='ltr'><strong>militer</strong></span> <span class='ocrx_word' id='word_1_36' title='bbox 844 782 1000 839; x_wconf 67' lang='lat' dir='ltr'><strong>iaciat</strong></span> <span class='ocrx_word' id='word_1_37' title='bbox 1046 784 1312 845; x_wconf 75' lang='lat' dir='ltr'><strong>Verbum?</strong></span> <span class='ocrx_word' id='word_1_38' title='bbox 1353 790 1624 860; x_wconf 75' lang='lat' dir='ltr'><strong>Quidquid</strong></span> <span class='ocrx_word' id='word_1_39' title='bbox 1676 792 1797 849; x_wconf 81' lang='lat' dir='ltr'><strong>fecit</strong></span> <span class='ocrx_word' id='word_1_40' title='bbox 1853 798 2027 866; x_wconf 81' lang='lat' dir='ltr'><strong>Pater,</strong></span> <span class='ocrx_word' id='word_1_41' title='bbox 2085 817 2177 869; x_wconf 86' lang='lat' dir='ltr'><strong>per</strong></span> 
     </span>
    </p>
   </div>
   <div class='ocr_carea' id='block_1_7' title="bbox 598 870 2175 960">
    <p class='ocr_par' dir='ltr' id='par_1_7' title="bbox 598 870 2175 960">
     <span class='ocr_line' id='line_1_7' title="bbox 598 870 2175 960; baseline 0.011 -33"><span class='ocrx_word' id='word_1_42' title='bbox 598 870 826 927; x_wconf 67' lang='lat' dir='ltr'><strong>Verbum</strong></span> <span class='ocrx_word' id='word_1_43' title='bbox 852 872 1011 929; x_wconf 61' lang='lat' dir='ltr'><strong>(coit:</strong></span> <span class='ocrx_word' id='word_1_44' title='bbox 1039 885 1129 930; x_wconf 79' lang='lat' dir='ltr'><strong>aut</strong></span> <span class='ocrx_word' id='word_1_45' title='bbox 1159 877 1343 933; x_wconf 77' lang='lat' dir='ltr'><strong>falsum</strong></span> <span class='ocrx_word' id='word_1_46' title='bbox 1375 890 1474 941; x_wconf 72' lang='lat' dir='ltr'><strong>est,</strong></span> <span class='ocrx_word' id='word_1_47' title='bbox 1510 882 1695 938; x_wconf 83' lang='lat' dir='ltr'><strong>Omnia</strong></span> <span class='ocrx_word' id='word_1_48' title='bbox 1723 903 1813 957; x_wconf 81' lang='lat' dir='ltr'><strong>per</strong></span> <span class='ocrx_word' id='word_1_49' title='bbox 1844 889 2009 959; x_wconf 83' lang='lat' dir='ltr'><strong>ipsum</strong></span> <span class='ocrx_word' id='word_1_50' title='bbox 2042 894 2175 960; x_wconf 77' lang='lat' dir='ltr'><strong>facta</strong></span> 
     </span>
    </p>
   </div>
   <div class='ocr_carea' id='block_1_8' title="bbox 593 962 2172 1044">
    <p class='ocr_par' dir='ltr' id='par_1_8' title="bbox 593 962 2172 1044">
     <span class='ocr_line' id='line_1_8' title="bbox 593 962 2172 1044; baseline 0.013 -29"><span class='ocrx_word' id='word_1_51' title='bbox 593 972 730 1016; x_wconf 65' lang='lat' dir='ltr'><strong>sunt.</strong></span> <span class='ocrx_word' id='word_1_52' title='bbox 749 962 861 1018; x_wconf 85' lang='lat' dir='ltr'><strong>Sed</strong></span> <span class='ocrx_word' id='word_1_53' title='bbox 871 979 1055 1019; x_wconf 71' lang='lat' dir='ltr'><strong>verum</strong></span> <span class='ocrx_word' id='word_1_54' title='bbox 1071 976 1173 1029; x_wconf 89' lang='lat' dir='ltr'><strong>est,</strong></span> <span class='ocrx_word' id='word_1_55' title='bbox 1197 966 1381 1022; x_wconf 79' lang='lat' dir='ltr'><strong>Omnia</strong></span> <span class='ocrx_word' id='word_1_56' title='bbox 1397 988 1487 1041; x_wconf 84' lang='lat' dir='ltr'><strong>per</strong></span> <span class='ocrx_word' id='word_1_57' title='bbox 1500 974 1664 1039; x_wconf 81' lang='lat' dir='ltr'><strong>ipsum</strong></span> <span class='ocrx_word' id='word_1_58' title='bbox 1678 980 1817 1044; x_wconf 77' lang='lat' dir='ltr'><strong>facta</strong></span> <span class='ocrx_word' id='word_1_59' title='bbox 1829 988 1963 1031; x_wconf 65' lang='lat' dir='ltr'><strong>sunt.</strong></span> <span class='ocrx_word' id='word_1_60' title='bbox 1982 979 2172 1036; x_wconf 73' lang='lat' dir='ltr'><strong>Parum</strong></span> 
     </span>
    </p>
   </div>
   <div class='ocr_carea' id='block_1_9' title="bbox 590 1051 2169 1135">
    <p class='ocr_par' dir='ltr' id='par_1_9' title="bbox 590 1051 2169 1135">
     <span class='ocr_line' id='line_1_9' title="bbox 590 1051 2169 1135; baseline 0.013 -30"><span class='ocrx_word' id='word_1_61' title='bbox 590 1051 819 1110; x_wconf 76' lang='lat' dir='ltr'><strong>fortasse</strong></span> <span class='ocrx_word' id='word_1_62' title='bbox 845 1054 938 1110; x_wconf 83' lang='lat' dir='ltr'><strong>tibi</strong></span> <span class='ocrx_word' id='word_1_63' title='bbox 978 1056 1288 1113; x_wconf 71' lang='lat' dir='ltr'><strong>videbatur?</strong></span> <span class='ocrx_word' id='word_1_64' title='bbox 1316 1059 1391 1113; x_wconf 76' lang='lat' dir='ltr'><strong>Et</strong></span> <span class='ocrx_word' id='word_1_65' title='bbox 1416 1063 1523 1117; x_wconf 84' lang='lat' dir='ltr'><strong>sine</strong></span> <span class='ocrx_word' id='word_1_66' title='bbox 1552 1064 1661 1134; x_wconf 79' lang='lat' dir='ltr'><strong>ipso</strong></span> <span class='ocrx_word' id='word_1_67' title='bbox 1698 1070 1891 1135; x_wconf 78' lang='lat' dir='ltr'><strong>factum</strong></span> <span class='ocrx_word' id='word_1_68' title='bbox 1922 1078 1995 1122; x_wconf 83' lang='lat' dir='ltr'><strong>est</strong></span> <span class='ocrx_word' id='word_1_69' title='bbox 2021 1072 2169 1128; x_wconf 81' lang='lat' dir='ltr'><strong>nihil.</strong></span> 
     </span>
    </p>
   </div>
   <div class='ocr_carea' id='block_1_10' title="bbox 659 1146 2168 1234">
    <p class='ocr_par' dir='ltr' id='par_1_10' title="bbox 659 1146 2168 1234">
     <span class='ocr_line' id='line_1_10' title="bbox 659 1146 2168 1234; baseline 0.013 -33"><span class='ocrx_word' id='word_1_70' title='bbox 659 1146 713 1202; x_wconf 83' lang='lat'><strong>6.</strong></span> <span class='ocrx_word' id='word_1_71' title='bbox 755 1147 965 1204; x_wconf 66' lang='lat' dir='ltr'><strong>Recede</strong></span> <span class='ocrx_word' id='word_1_72' title='bbox 988 1166 1116 1218; x_wconf 85' lang='lat' dir='ltr'><strong>ergo</strong></span> <span class='ocrx_word' id='word_1_73' title='bbox 1143 1154 1212 1207; x_wconf 89' lang='lat' dir='ltr'><strong>ab</strong></span> <span class='ocrx_word' id='word_1_74' title='bbox 1232 1154 1330 1209; x_wconf 85' lang='lat' dir='ltr'><strong>ista</strong></span> <span class='ocrx_word' id='word_1_75' title='bbox 1360 1158 1539 1213; x_wconf 84' lang='lat' dir='ltr'><strong>carnis</strong></span> <span class='ocrx_word' id='word_1_76' title='bbox 1566 1160 1862 1227; x_wconf 89' lang='lat' dir='ltr'><strong>prudentia,</strong></span> <span class='ocrx_word' id='word_1_77' title='bbox 1888 1175 1939 1219; x_wconf 87' lang='lat' dir='ltr'><strong>et</strong></span> <span class='ocrx_word' id='word_1_78' title='bbox 1960 1182 2168 1234; x_wconf 71' lang='lat' dir='ltr'><strong>qumra-</strong></span> 
     </span>
    </p>
   </div>
   <div class='ocr_carea' id='block_1_11' title="bbox 587 1243 2169 1320">
    <p class='ocr_par' dir='ltr' id='par_1_11' title="bbox 587 1243 2169 1320">
     <span class='ocr_line' id='line_1_11' title="bbox 587 1243 2169 1320; baseline 0.013 -26"><span class='ocrx_word' id='word_1_79' title='bbox 587 1253 715 1295; x_wconf 79' lang='lat' dir='ltr'><strong>mus</strong></span> <span class='ocrx_word' id='word_1_80' title='bbox 736 1243 1186 1310; x_wconf 77' lang='lat' dir='ltr'><strong>quemadmodum</strong></span> <span class='ocrx_word' id='word_1_81' title='bbox 1207 1247 1402 1303; x_wconf 83' lang='lat' dir='ltr'><strong>dictum</strong></span> <span class='ocrx_word' id='word_1_82' title='bbox 1425 1251 1513 1315; x_wconf 87' lang='lat' dir='ltr'><strong>sit,</strong></span> <span class='ocrx_word' id='word_1_83' title='bbox 1552 1252 1669 1306; x_wconf 84' lang='lat' dir='ltr'><strong>Non</strong></span> <span class='ocrx_word' id='word_1_84' title='bbox 1699 1266 1856 1320; x_wconf 83' lang='lat' dir='ltr'><strong>potest</strong></span> <span class='ocrx_word' id='word_1_85' title='bbox 1882 1256 2044 1313; x_wconf 81' lang='lat' dir='ltr'><strong>Filius</strong></span> <span class='ocrx_word' id='word_1_86' title='bbox 2064 1276 2095 1312; x_wconf 91' lang='lat' dir='ltr'><strong>a</strong></span> <span class='ocrx_word' id='word_1_87' title='bbox 2113 1277 2169 1316; x_wconf 86' lang='lat' dir='ltr'><strong>se</strong></span> 
     </span>
    </p>
   </div>
   <div class='ocr_carea' id='block_1_12' title="bbox 587 1335 2161 1420">
    <p class='ocr_par' dir='ltr' id='par_1_12' title="bbox 587 1335 2161 1420">
     <span class='ocr_line' id='line_1_12' title="bbox 587 1335 2161 1420; baseline 0.014 -35"><span class='ocrx_word' id='word_1_88' title='bbox 587 1335 755 1404; x_wconf 64' lang='lat' dir='ltr'><strong>facere</strong></span> <span class='ocrx_word' id='word_1_89' title='bbox 788 1335 1090 1405; x_wconf 73' lang='lat' dir='ltr'><strong>quidquam,</strong></span> <span class='ocrx_word' id='word_1_90' title='bbox 1136 1341 1233 1393; x_wconf 85' lang='lat' dir='ltr'><strong>nisi</strong></span> <span class='ocrx_word' id='word_1_91' title='bbox 1267 1343 1405 1408; x_wconf 78' lang='lat' dir='ltr'><strong>quod</strong></span> <span class='ocrx_word' id='word_1_92' title='bbox 1445 1344 1619 1397; x_wconf 76' lang='lat' dir='ltr'><strong>viderit</strong></span> <span class='ocrx_word' id='word_1_93' title='bbox 1650 1345 1854 1401; x_wconf 81' lang='lat' dir='ltr'><strong>Patrem</strong></span> <span class='ocrx_word' id='word_1_94' title='bbox 1880 1352 2161 1420; x_wconf 71' lang='lat' dir='ltr'><strong>facientem.</strong></span> 
     </span>
    </p>
   </div>
   <div class='ocr_carea' id='block_1_13' title="bbox 586 1424 2164 1504">
    <p class='ocr_par' dir='ltr' id='par_1_13' title="bbox 586 1424 2164 1504">
     <span class='ocr_line' id='line_1_13' title="bbox 586 1424 2164 1504; baseline 0.011 -27"><span class='ocrx_word' id='word_1_95' title='bbox 586 1424 926 1491; x_wconf 67' lang='lat' dir='ltr'><strong>Qum-amns,</strong></span> <span class='ocrx_word' id='word_1_96' title='bbox 969 1428 1014 1483; x_wconf 86' lang='lat' dir='ltr'><strong>si</strong></span> <span class='ocrx_word' id='word_1_97' title='bbox 1040 1429 1181 1499; x_wconf 92' lang='lat' dir='ltr'><strong>digni</strong></span> <span class='ocrx_word' id='word_1_98' title='bbox 1224 1446 1411 1486; x_wconf 86' lang='lat' dir='ltr'><strong>sumus</strong></span> <span class='ocrx_word' id='word_1_99' title='bbox 1433 1435 1522 1502; x_wconf 86' lang='lat' dir='ltr'><strong>qui</strong></span> <span class='ocrx_word' id='word_1_100' title='bbox 1549 1437 2029 1504; x_wconf 71' lang='lat' dir='ltr'><strong>appreliendamus.</strong></span> <span class='ocrx_word' id='word_1_101' title='bbox 2065 1442 2164 1495; x_wconf 83' lang='lat' dir='ltr'><strong>Fa-</strong></span> 
     </span>
    </p>
   </div>
   <div class='ocr_carea' id='block_1_14' title="bbox 583 1519 2162 1591">
    <p class='ocr_par' dir='ltr' id='par_1_14' title="bbox 583 1519 2162 1591">
     <span class='ocr_line' id='line_1_14' title="bbox 583 1519 2162 1591; baseline 0.011 -21"><span class='ocrx_word' id='word_1_102' title='bbox 583 1524 699 1571; x_wconf 82' lang='lat' dir='ltr'><strong>teor</strong></span> <span class='ocrx_word' id='word_1_103' title='bbox 734 1519 896 1580; x_wconf 81' lang='lat' dir='ltr'><strong>enim.</strong></span> <span class='ocrx_word' id='word_1_104' title='bbox 938 1535 1126 1589; x_wconf 86' lang='lat' dir='ltr'><strong>magna</strong></span> <span class='ocrx_word' id='word_1_105' title='bbox 1154 1537 1243 1576; x_wconf 88' lang='lat' dir='ltr'><strong>res</strong></span> <span class='ocrx_word' id='word_1_106' title='bbox 1270 1533 1372 1587; x_wconf 85' lang='lat' dir='ltr'><strong>est,</strong></span> <span class='ocrx_word' id='word_1_107' title='bbox 1401 1524 1562 1579; x_wconf 85' lang='lat' dir='ltr'><strong>ardua</strong></span> <span class='ocrx_word' id='word_1_108' title='bbox 1590 1530 1826 1591; x_wconf 80' lang='lat' dir='ltr'><strong>omnino,</strong></span> <span class='ocrx_word' id='word_1_109' title='bbox 1856 1531 2034 1586; x_wconf 80' lang='lat' dir='ltr'><strong>videre</strong></span> <span class='ocrx_word' id='word_1_110' title='bbox 2067 1534 2162 1587; x_wconf 82' lang='lat' dir='ltr'><strong>Pa-</strong></span> 
     </span>
    </p>
   </div>
   <div class='ocr_carea' id='block_1_15' title="bbox 582 1612 2160 1689">
    <p class='ocr_par' dir='ltr' id='par_1_15' title="bbox 582 1612 2160 1689">
     <span class='ocr_line' id='line_1_15' title="bbox 582 1612 2160 1689; baseline 0.009 -26"><span class='ocrx_word' id='word_1_111' title='bbox 582 1616 716 1665; x_wconf 82' lang='lat' dir='ltr'><strong>trem</strong></span> <span class='ocrx_word' id='word_1_112' title='bbox 747 1612 1025 1665; x_wconf 79' lang='lat' dir='ltr'><strong>iacientem</strong></span> <span class='ocrx_word' id='word_1_113' title='bbox 1050 1629 1146 1681; x_wconf 87' lang='lat' dir='ltr'><strong>per</strong></span> <span class='ocrx_word' id='word_1_114' title='bbox 1172 1614 1387 1680; x_wconf 77' lang='lat' dir='ltr'><strong>Filimn,‘</strong></span> <span class='ocrx_word' id='word_1_115' title='bbox 1411 1630 1513 1670; x_wconf 88' lang='lat' dir='ltr'><strong>non</strong></span> <span class='ocrx_word' id='word_1_116' title='bbox 1545 1617 1747 1683; x_wconf 74' lang='lat' dir='ltr'><strong>singula</strong></span> <span class='ocrx_word' id='word_1_117' title='bbox 1778 1635 1935 1689; x_wconf 82' lang='lat' dir='ltr'><strong>opera</strong></span> <span class='ocrx_word' id='word_1_118' title='bbox 1967 1622 2160 1678; x_wconf 80' lang='lat' dir='ltr'><strong>facien-</strong></span> 
     </span>
    </p>
   </div>
   <div class='ocr_carea' id='block_1_16' title="bbox 582 1702 2158 1782">
    <p class='ocr_par' dir='ltr' id='par_1_16' title="bbox 582 1702 2158 1782">
     <span class='ocr_line' id='line_1_16' title="bbox 582 1702 2158 1782; baseline 0.009 -27"><span class='ocrx_word' id='word_1_119' title='bbox 582 1710 687 1756; x_wconf 91' lang='lat' dir='ltr'><strong>tem</strong></span> <span class='ocrx_word' id='word_1_120' title='bbox 711 1702 917 1757; x_wconf 80' lang='lat' dir='ltr'><strong>Patrem</strong></span> <span class='ocrx_word' id='word_1_121' title='bbox 939 1713 993 1757; x_wconf 87' lang='lat' dir='ltr'><strong>et</strong></span> <span class='ocrx_word' id='word_1_122' title='bbox 1019 1704 1243 1759; x_wconf 67' lang='lat' dir='ltr'><strong>Filium‘</strong></span> <span class='ocrx_word' id='word_1_123' title='bbox 1269 1706 1651 1775; x_wconf 72' lang='lat' dir='ltr'><strong>sedquodlibct</strong></span> <span class='ocrx_word' id='word_1_124' title='bbox 1677 1722 1813 1778; x_wconf 86' lang='lat' dir='ltr'><strong>npus</strong></span> <span class='ocrx_word' id='word_1_125' title='bbox 1836 1713 2040 1767; x_wconf 71' lang='lat' dir='ltr'><strong>Patrem</strong></span> <span class='ocrx_word' id='word_1_126' title='bbox 2067 1732 2158 1782; x_wconf 81' lang='lat' dir='ltr'><strong>per</strong></span> 
     </span>
    </p>
   </div>
   <div class='ocr_carea' id='block_1_17' title="bbox 579 1794 2152 1874">
    <p class='ocr_par' dir='ltr' id='par_1_17' title="bbox 579 1794 2152 1874">
     <span class='ocr_line' id='line_1_17' title="bbox 579 1794 2152 1874; baseline 0.006 -24"><span class='ocrx_word' id='word_1_127' title='bbox 579 1794 801 1859; x_wconf 77' lang='lat' dir='ltr'><strong>Filium,</strong></span> <span class='ocrx_word' id='word_1_128' title='bbox 848 1804 904 1850; x_wconf 89' lang='lat' dir='ltr'><strong>ut</strong></span> <span class='ocrx_word' id='word_1_129' title='bbox 932 1797 1081 1850; x_wconf 65' lang='lat' dir='ltr'><strong>uulh</strong></span> <span class='ocrx_word' id='word_1_130' title='bbox 1115 1811 1277 1867; x_wconf 78' lang='lat' dir='ltr'><strong>opera</strong></span> <span class='ocrx_word' id='word_1_131' title='bbox 1308 1801 1443 1854; x_wconf 85' lang='lat' dir='ltr'><strong>liant-</strong></span> <span class='ocrx_word' id='word_1_132' title='bbox 1475 1802 1554 1855; x_wconf 74' lang='lat' dir='ltr'><strong>Vcl</strong></span> <span class='ocrx_word' id='word_1_133' title='bbox 1583 1816 1612 1855; x_wconf 91' lang='lat' dir='ltr'><strong>a</strong></span> <span class='ocrx_word' id='word_1_134' title='bbox 1647 1803 1801 1856; x_wconf 78' lang='lat' dir='ltr'><strong>Patre</strong></span> <span class='ocrx_word' id='word_1_135' title='bbox 1840 1805 1956 1859; x_wconf 88' lang='lat' dir='ltr'><strong>sine</strong></span> <span class='ocrx_word' id='word_1_136' title='bbox 2000 1806 2152 1874; x_wconf 82' lang='lat' dir='ltr'><strong>Filio,</strong></span> 
     </span>
    </p>
   </div>
   <div class='ocr_carea' id='block_1_18' title="bbox 578 1884 2155 1969">
    <p class='ocr_par' dir='ltr' id='par_1_18' title="bbox 578 1884 2155 1969">
     <span class='ocr_line' id='line_1_18' title="bbox 578 1884 2155 1969; baseline 0.01 -31"><span class='ocrx_word' id='word_1_137' title='bbox 578 1886 719 1941; x_wconf 83' lang='lat' dir='ltr'><strong>vela</strong></span> <span class='ocrx_word' id='word_1_138' title='bbox 748 1884 885 1940; x_wconf 71' lang='lat' dir='ltr'><strong>Filio</strong></span> <span class='ocrx_word' id='word_1_139' title='bbox 925 1887 1041 1941; x_wconf 86' lang='lat' dir='ltr'><strong>sine</strong></span> <span class='ocrx_word' id='word_1_140' title='bbox 1083 1887 1276 1942; x_wconf 83' lang='lat' dir='ltr'><strong>Patre:</strong></span> <span class='ocrx_word' id='word_1_141' title='bbox 1307 1892 1427 1959; x_wconf 81' lang='lat' dir='ltr'><strong>quia</strong></span> <span class='ocrx_word' id='word_1_142' title='bbox 1471 1893 1640 1945; x_wconf 87' lang='lat' dir='ltr'><strong>omnia</strong></span> <span class='ocrx_word' id='word_1_143' title='bbox 1683 1910 1772 1961; x_wconf 81' lang='lat' dir='ltr'><strong>per</strong></span> <span class='ocrx_word' id='word_1_144' title='bbox 1810 1896 1975 1961; x_wconf 81' lang='lat' dir='ltr'><strong>ipsum</strong></span> <span class='ocrx_word' id='word_1_145' title='bbox 2018 1903 2155 1969; x_wconf 76' lang='lat' dir='ltr'><strong>facta</strong></span> 
     </span>
    </p>
   </div>
   <div class='ocr_carea' id='block_1_19' title="bbox 573 1977 2153 2051">
    <p class='ocr_par' dir='ltr' id='par_1_19' title="bbox 573 1977 2153 2051">
     <span class='ocr_line' id='line_1_19' title="bbox 573 1977 2153 2051; baseline 0.011 -24"><span class='ocrx_word' id='word_1_146' title='bbox 573 1984 708 2039; x_wconf 77' lang='lat' dir='ltr'><strong>sunt,</strong></span> <span class='ocrx_word' id='word_1_147' title='bbox 728 1985 773 2029; x_wconf 86' lang='lat' dir='ltr'><strong>et</strong></span> <span class='ocrx_word' id='word_1_148' title='bbox 795 1978 913 2031; x_wconf 78' lang='lat' dir='ltr'><strong>sine</strong></span> <span class='ocrx_word' id='word_1_149' title='bbox 926 1977 1239 2047; x_wconf 71' lang='lat' dir='ltr'><strong>ipso—factum</strong></span> <span class='ocrx_word' id='word_1_150' title='bbox 1254 1990 1326 2034; x_wconf 80' lang='lat' dir='ltr'><strong>est</strong></span> <span class='ocrx_word' id='word_1_151' title='bbox 1341 1983 1482 2036; x_wconf 74' lang='lat' dir='ltr'><strong>nihil.</strong></span> <span class='ocrx_word' id='word_1_152' title='bbox 1509 1985 1711 2051; x_wconf 81' lang='lat' dir='ltr'><strong>Quibus</strong></span> <span class='ocrx_word' id='word_1_153' title='bbox 1733 1986 1781 2038; x_wconf 89' lang='lat' dir='ltr'><strong>in</strong></span> <span class='ocrx_word' id='word_1_154' title='bbox 1812 1987 2153 2044; x_wconf 73' lang='lat' dir='ltr'><strong>l&#39;urnlamento</strong></span> 
     </span>
    </p>
   </div>
   <div class='ocr_carea' id='block_1_20' title="bbox 576 2066 2151 2150">
    <p class='ocr_par' dir='ltr' id='par_1_20' title="bbox 576 2066 2151 2150">
     <span class='ocr_line' id='line_1_20' title="bbox 576 2066 2151 2150; baseline 0.01 -29"><span class='ocrx_word' id='word_1_155' title='bbox 576 2066 696 2122; x_wconf 71' lang='lat' dir='ltr'><strong>fidei</strong></span> <span class='ocrx_word' id='word_1_156' title='bbox 724 2068 1025 2122; x_wconf 72' lang='lat' dir='ltr'><strong>linuissime</strong></span> <span class='ocrx_word' id='word_1_157' title='bbox 1044 2072 1366 2136; x_wconf 67' lang='lat' dir='ltr'><strong>clinstitutis,</strong></span> <span class='ocrx_word' id='word_1_158' title='bbox 1389 2076 1499 2140; x_wconf 76' lang='lat' dir='ltr'><strong>jam</strong></span> <span class='ocrx_word' id='word_1_159' title='bbox 1523 2076 1677 2143; x_wconf 81' lang='lat' dir='ltr'><strong>quale</strong></span> <span class='ocrx_word' id='word_1_160' title='bbox 1697 2085 1779 2131; x_wconf 86' lang='lat' dir='ltr'><strong>est</strong></span> <span class='ocrx_word' id='word_1_161' title='bbox 1798 2078 1997 2140; x_wconf 81' lang='lat' dir='ltr'><strong>videre.</strong></span> <span class='ocrx_word' id='word_1_162' title='bbox 2027 2082 2151 2150; x_wconf 84' lang='lat' dir='ltr'><strong>quia</strong></span> 
     </span>
    </p>
   </div>
   <div class='ocr_carea' id='block_1_21' title="bbox 573 2155 2149 2237">
    <p class='ocr_par' dir='ltr' id='par_1_21' title="bbox 573 2155 2149 2237">
     <span class='ocr_line' id='line_1_21' title="bbox 573 2155 2149 2237; baseline 0.009 -27"><span class='ocrx_word' id='word_1_163' title='bbox 573 2172 673 2210; x_wconf 88' lang='lat' dir='ltr'><strong>non</strong></span> <span class='ocrx_word' id='word_1_164' title='bbox 687 2166 845 2227; x_wconf 86' lang='lat' dir='ltr'><strong>potest</strong></span> <span class='ocrx_word' id='word_1_165' title='bbox 874 2155 1044 2212; x_wconf 75' lang='lat' dir='ltr'><strong>Filius</strong></span> <span class='ocrx_word' id='word_1_166' title='bbox 1067 2175 1175 2213; x_wconf 79' lang='lat' dir='ltr'><strong>asc</strong></span> <span class='ocrx_word' id='word_1_167' title='bbox 1188 2160 1354 2229; x_wconf 78' lang='lat' dir='ltr'><strong>facere</strong></span> <span class='ocrx_word' id='word_1_168' title='bbox 1379 2164 1671 2235; x_wconf 79' lang='lat' dir='ltr'><strong>quidquam,</strong></span> <span class='ocrx_word' id='word_1_169' title='bbox 1695 2168 1793 2221; x_wconf 86' lang='lat' dir='ltr'><strong>nisi</strong></span> <span class='ocrx_word' id='word_1_170' title='bbox 1814 2169 1948 2237; x_wconf 82' lang='lat' dir='ltr'><strong>quod</strong></span> <span class='ocrx_word' id='word_1_171' title='bbox 1975 2171 2149 2225; x_wconf 81' lang='lat' dir='ltr'><strong>viderit</strong></span> 
     </span>
    </p>
   </div>
   <div class='ocr_carea' id='block_1_22' title="bbox 572 2248 2148 2323">
    <p class='ocr_par' dir='ltr' id='par_1_22' title="bbox 572 2248 2148 2323">
     <span class='ocr_line' id='line_1_22' title="bbox 572 2248 2148 2323; baseline 0.008 -21"><span class='ocrx_word' id='word_1_172' title='bbox 572 2248 777 2302; x_wconf 76' lang='lat' dir='ltr'><strong>Patrem</strong></span> <span class='ocrx_word' id='word_1_173' title='bbox 804 2249 1343 2319; x_wconf 76' lang='lat' dir='ltr'><strong>facientem?Qua-ris,</strong></span> <span class='ocrx_word' id='word_1_174' title='bbox 1374 2255 1652 2323; x_wconf 77' lang='lat' dir='ltr'><strong>utopintm,</strong></span> <span class='ocrx_word' id='word_1_175' title='bbox 1671 2270 1830 2312; x_wconf 81' lang='lat' dir='ltr'><strong>nosse</strong></span> <span class='ocrx_word' id='word_1_176' title='bbox 1853 2258 2039 2313; x_wconf 75' lang='lat' dir='ltr'><strong>Filium</strong></span> <span class='ocrx_word' id='word_1_177' title='bbox 2070 2260 2148 2317; x_wconf 70' lang='lat' dir='ltr'><strong>lla-</strong></span> 
     </span>
    </p>
   </div>
   <div class='ocr_carea' id='block_1_23' title="bbox 566 2342 2147 2416">
    <p class='ocr_par' dir='ltr' id='par_1_23' title="bbox 566 2342 2147 2416">
     <span class='ocr_line' id='line_1_23' title="bbox 566 2342 2147 2416; baseline 0.008 -18"><span class='ocrx_word' id='word_1_178' title='bbox 566 2342 826 2410; x_wconf 88' lang='lat' dir='ltr'><strong>cientem;</strong></span> <span class='ocrx_word' id='word_1_179' title='bbox 856 2362 1035 2414; x_wconf 69' lang='lat' dir='ltr'><strong>qurere</strong></span> <span class='ocrx_word' id='word_1_180' title='bbox 1065 2349 1208 2416; x_wconf 88' lang='lat' dir='ltr'><strong>prius</strong></span> <span class='ocrx_word' id='word_1_181' title='bbox 1246 2362 1402 2404; x_wconf 79' lang='lat' dir='ltr'><strong>nosse</strong></span> <span class='ocrx_word' id='word_1_182' title='bbox 1440 2350 1630 2405; x_wconf 82' lang='lat' dir='ltr'><strong>Filium</strong></span> <span class='ocrx_word' id='word_1_183' title='bbox 1674 2353 1958 2408; x_wconf 86' lang='lat' dir='ltr'><strong>videntem.</strong></span> <span class='ocrx_word' id='word_1_184' title='bbox 1988 2354 2147 2413; x_wconf 76' lang='lat' dir='ltr'><strong>Certe</strong></span> 
     </span>
    </p>
   </div>
   <div class='ocr_carea' id='block_1_24' title="bbox 565 2438 2141 2516">
    <p class='ocr_par' dir='ltr' id='par_1_24' title="bbox 565 2438 2141 2516">
     <span class='ocr_line' id='line_1_24' title="bbox 565 2438 2141 2516; baseline 0.004 -23"><span class='ocrx_word' id='word_1_185' title='bbox 565 2438 707 2493; x_wconf 86' lang='lat' dir='ltr'><strong>enim</strong></span> <span class='ocrx_word' id='word_1_186' title='bbox 732 2440 856 2509; x_wconf 91' lang='lat' dir='ltr'><strong>quid</strong></span> <span class='ocrx_word' id='word_1_187' title='bbox 879 2440 993 2494; x_wconf 62' lang='lat' dir='ltr'><strong>ait?</strong></span> <span class='ocrx_word' id='word_1_188' title='bbox 1014 2439 1134 2495; x_wconf 84' lang='lat' dir='ltr'><strong>Non</strong></span> <span class='ocrx_word' id='word_1_189' title='bbox 1160 2450 1318 2511; x_wconf 82' lang='lat' dir='ltr'><strong>potest</strong></span> <span class='ocrx_word' id='word_1_190' title='bbox 1346 2440 1513 2495; x_wconf 77' lang='lat' dir='ltr'><strong>Filius</strong></span> <span class='ocrx_word' id='word_1_191' title='bbox 1538 2456 1639 2497; x_wconf 81' lang='lat' dir='ltr'><strong>asc</strong></span> <span class='ocrx_word' id='word_1_192' title='bbox 1663 2447 1826 2515; x_wconf 84' lang='lat' dir='ltr'><strong>facere</strong></span> <span class='ocrx_word' id='word_1_193' title='bbox 1847 2448 2141 2516; x_wconf 80' lang='lat' dir='ltr'><strong>quidquam,</strong></span> 
     </span>
    </p>
   </div>
   <div class='ocr_carea' id='block_1_25' title="bbox 562 2526 2138 2605">
    <p class='ocr_par' dir='ltr' id='par_1_25' title="bbox 562 2526 2138 2605">
     <span class='ocr_line' id='line_1_25' title="bbox 562 2526 2138 2605; baseline 0.005 -21"><span class='ocrx_word' id='word_1_194' title='bbox 562 2531 662 2584; x_wconf 80' lang='lat' dir='ltr'><strong>nisi</strong></span> <span class='ocrx_word' id='word_1_195' title='bbox 680 2532 815 2600; x_wconf 81' lang='lat' dir='ltr'><strong>quod</strong></span> <span class='ocrx_word' id='word_1_196' title='bbox 834 2532 1009 2585; x_wconf 67' lang='lat' dir='ltr'><strong>viderit</strong></span> <span class='ocrx_word' id='word_1_197' title='bbox 1036 2526 1242 2586; x_wconf 77' lang='lat' dir='ltr'><strong>Patrem</strong></span> <span class='ocrx_word' id='word_1_198' title='bbox 1271 2533 1553 2601; x_wconf 81' lang='lat' dir='ltr'><strong>facientem.</strong></span> <span class='ocrx_word' id='word_1_199' title='bbox 1581 2536 1796 2590; x_wconf 65' lang='lat' dir='ltr'><strong>luti-nde</strong></span> <span class='ocrx_word' id='word_1_200' title='bbox 1824 2538 1964 2605; x_wconf 90' lang='lat' dir='ltr'><strong>quod</strong></span> <span class='ocrx_word' id='word_1_201' title='bbox 1988 2538 2138 2603; x_wconf 76' lang='lat' dir='ltr'><strong>dixit,</strong></span> 
     </span>
    </p>
   </div>
   <div class='ocr_carea' id='block_1_26' title="bbox 560 2622 2141 2695">
    <p class='ocr_par' dir='ltr' id='par_1_26' title="bbox 560 2622 2141 2695">
     <span class='ocr_line' id='line_1_26' title="bbox 560 2622 2141 2695; baseline 0.005 -19"><span class='ocrx_word' id='word_1_202' title='bbox 560 2623 658 2677; x_wconf 80' lang='lat' dir='ltr'><strong>nisi</strong></span> <span class='ocrx_word' id='word_1_203' title='bbox 682 2622 815 2694; x_wconf 86' lang='lat' dir='ltr'><strong>quod</strong></span> <span class='ocrx_word' id='word_1_204' title='bbox 840 2624 1016 2677; x_wconf 82' lang='lat' dir='ltr'><strong>viderit</strong></span> <span class='ocrx_word' id='word_1_205' title='bbox 1055 2622 1262 2678; x_wconf 83' lang='lat' dir='ltr'><strong>Patrem</strong></span> <span class='ocrx_word' id='word_1_206' title='bbox 1291 2626 1573 2695; x_wconf 79' lang='lat' dir='ltr'><strong>facientem.</strong></span> <span class='ocrx_word' id='word_1_207' title='bbox 1608 2626 1866 2682; x_wconf 66' lang='lat' dir='ltr'><strong>Prsccedit</strong></span> <span class='ocrx_word' id='word_1_208' title='bbox 1904 2630 2059 2692; x_wconf 76' lang='lat' dir='ltr'><strong>visio,</strong></span> <span class='ocrx_word' id='word_1_209' title='bbox 2088 2640 2141 2684; x_wconf 83' lang='lat' dir='ltr'><strong>et</strong></span> 
     </span>
    </p>
   </div>
   <div class='ocr_carea' id='block_1_27' title="bbox 556 2713 2141 2788">
    <p class='ocr_par' dir='ltr' id='par_1_27' title="bbox 556 2713 2141 2788">
     <span class='ocr_line' id='line_1_27' title="bbox 556 2713 2141 2788; baseline 0.005 -22"><span class='ocrx_word' id='word_1_210' title='bbox 556 2715 797 2783; x_wconf 81' lang='lat' dir='ltr'><strong>sequitur</strong></span> <span class='ocrx_word' id='word_1_211' title='bbox 821 2713 1029 2768; x_wconf 79' lang='lat' dir='ltr'><strong>effectio</strong></span> <span class='ocrx_word' id='word_1_212' title='bbox 1055 2731 1065 2765; x_wconf 93' lang='lat'>:</span> <span class='ocrx_word' id='word_1_213' title='bbox 1099 2714 1242 2769; x_wconf 81' lang='lat' dir='ltr'><strong>videt</strong></span> <span class='ocrx_word' id='word_1_214' title='bbox 1266 2716 1406 2769; x_wconf 83' lang='lat' dir='ltr'><strong>enim</strong></span> <span class='ocrx_word' id='word_1_215' title='bbox 1438 2726 1488 2769; x_wconf 88' lang='lat' dir='ltr'><strong>ut</strong></span> <span class='ocrx_word' id='word_1_216' title='bbox 1520 2715 1694 2771; x_wconf 81' lang='lat' dir='ltr'><strong>faciat.</strong></span> <span class='ocrx_word' id='word_1_217' title='bbox 1727 2718 1803 2770; x_wconf 84' lang='lat' dir='ltr'><strong>Tu</strong></span> <span class='ocrx_word' id='word_1_218' title='bbox 1844 2720 1966 2787; x_wconf 89' lang='lat' dir='ltr'><strong>quid</strong></span> <span class='ocrx_word' id='word_1_219' title='bbox 1996 2734 2141 2788; x_wconf 71' lang='lat' dir='ltr'><strong>qum-</strong></span> 
     </span>
    </p>
   </div>
   <div class='ocr_carea' id='block_1_28' title="bbox 554 2803 2139 2874">
    <p class='ocr_par' dir='ltr' id='par_1_28' title="bbox 554 2803 2139 2874">
     <span class='ocr_line' id='line_1_28' title="bbox 554 2803 2139 2874; baseline 0.004 -15"><span class='ocrx_word' id='word_1_220' title='bbox 554 2804 631 2860; x_wconf 84' lang='lat' dir='ltr'><strong>ris</strong></span> <span class='ocrx_word' id='word_1_221' title='bbox 676 2806 799 2873; x_wconf 74' lang='lat' dir='ltr'><strong>jam</strong></span> <span class='ocrx_word' id='word_1_222' title='bbox 833 2816 990 2859; x_wconf 82' lang='lat' dir='ltr'><strong>nosse</strong></span> <span class='ocrx_word' id='word_1_223' title='bbox 1028 2805 1294 2874; x_wconf 84' lang='lat' dir='ltr'><strong>quomodo</strong></span> <span class='ocrx_word' id='word_1_224' title='bbox 1343 2803 1518 2869; x_wconf 78' lang='lat' dir='ltr'><strong>faciat,</strong></span> <span class='ocrx_word' id='word_1_225' title='bbox 1550 2805 1674 2860; x_wconf 88' lang='lat' dir='ltr'><strong>dum</strong></span> <span class='ocrx_word' id='word_1_226' title='bbox 1720 2809 1953 2861; x_wconf 88' lang='lat' dir='ltr'><strong>nondum</strong></span> <span class='ocrx_word' id='word_1_227' title='bbox 2002 2812 2139 2865; x_wconf 82' lang='lat' dir='ltr'><strong>scias</strong></span> 
     </span>
    </p>
   </div>
   <div class='ocr_carea' id='block_1_29' title="bbox 553 2890 2137 2967">
    <p class='ocr_par' dir='ltr' id='par_1_29' title="bbox 553 2890 2137 2967">
     <span class='ocr_line' id='line_1_29' title="bbox 553 2890 2137 2967; baseline 0.006 -20"><span class='ocrx_word' id='word_1_228' title='bbox 553 2893 823 2964; x_wconf 69' lang='lat' dir='ltr'><strong>quomodo</strong></span> <span class='ocrx_word' id='word_1_229' title='bbox 863 2894 1085 2950; x_wconf 64' lang='lat' dir='ltr'><strong>videat?</strong></span> <span class='ocrx_word' id='word_1_230' title='bbox 1119 2894 1252 2961; x_wconf 80' lang='lat' dir='ltr'><strong>Quid</strong></span> <span class='ocrx_word' id='word_1_231' title='bbox 1302 2896 1475 2948; x_wconf 86' lang='lat' dir='ltr'><strong>curris</strong></span> <span class='ocrx_word' id='word_1_232' title='bbox 1511 2896 1585 2949; x_wconf 64' lang='lat' dir='ltr'><strong>ad&#39;</strong></span> <span class='ocrx_word' id='word_1_233' title='bbox 1618 2897 1666 2948; x_wconf 89' lang='lat' dir='ltr'><strong>id</strong></span> <span class='ocrx_word' id='word_1_234' title='bbox 1691 2890 1827 2965; x_wconf 80' lang='lat' dir='ltr'><strong>quod</strong></span> <span class='ocrx_word' id='word_1_235' title='bbox 1877 2902 2137 2967; x_wconf 80' lang='lat' dir='ltr'><strong>posterius</strong></span> 
     </span>
    </p>
   </div>
   <div class='ocr_carea' id='block_1_30' title="bbox 552 2985 2137 3055">
    <p class='ocr_par' dir='ltr' id='par_1_30' title="bbox 552 2985 2137 3055">
     <span class='ocr_line' id='line_1_30' title="bbox 552 2985 2137 3055; baseline 0.004 -16"><span class='ocrx_word' id='word_1_236' title='bbox 552 2996 654 3049; x_wconf 80' lang='lat' dir='ltr'><strong>est,</strong></span> <span class='ocrx_word' id='word_1_237' title='bbox 687 2985 872 3039; x_wconf 85' lang='lat' dir='ltr'><strong>relicto</strong></span> <span class='ocrx_word' id='word_1_238' title='bbox 899 2985 1039 3055; x_wconf 88' lang='lat' dir='ltr'><strong>quod</strong></span> <span class='ocrx_word' id='word_1_239' title='bbox 1073 2987 1218 3054; x_wconf 86' lang='lat' dir='ltr'><strong>prius</strong></span> <span class='ocrx_word' id='word_1_240' title='bbox 1259 2987 1378 3040; x_wconf 84' lang='lat' dir='ltr'><strong>est?</strong></span> <span class='ocrx_word' id='word_1_241' title='bbox 1410 2986 1685 3041; x_wconf 83' lang='lat' dir='ltr'><strong>Videntem</strong></span> <span class='ocrx_word' id='word_1_242' title='bbox 1730 3002 1787 3041; x_wconf 82' lang='lat' dir='ltr'><strong>se</strong></span> <span class='ocrx_word' id='word_1_243' title='bbox 1817 2988 1949 3043; x_wconf 79' lang='lat' dir='ltr'><strong>dixit</strong></span> <span class='ocrx_word' id='word_1_244' title='bbox 1978 3001 2033 3046; x_wconf 81' lang='lat' dir='ltr'><strong>et</strong></span> <span class='ocrx_word' id='word_1_245' title='bbox 2062 2993 2137 3046; x_wconf 83' lang='lat' dir='ltr'><strong>l‘a-</strong></span> 
     </span>
    </p>
   </div>
   <div class='ocr_carea' id='block_1_31' title="bbox 551 3076 2133 3154">
    <p class='ocr_par' dir='ltr' id='par_1_31' title="bbox 551 3076 2133 3154">
     <span class='ocr_line' id='line_1_31' title="bbox 551 3076 2133 3154; baseline 0.005 -25"><span class='ocrx_word' id='word_1_246' title='bbox 551 3076 808 3142; x_wconf 76' lang='lat' dir='ltr'><strong>cientem;</strong></span> <span class='ocrx_word' id='word_1_247' title='bbox 853 3091 956 3129; x_wconf 87' lang='lat' dir='ltr'><strong>non</strong></span> <span class='ocrx_word' id='word_1_248' title='bbox 978 3119 992 3143; x_wconf 90' lang='lat'><strong>,</strong></span> <span class='ocrx_word' id='word_1_249' title='bbox 1025 3077 1298 3131; x_wconf 78' lang='lat' dir='ltr'><strong>iacientem</strong></span> <span class='ocrx_word' id='word_1_250' title='bbox 1330 3086 1391 3131; x_wconf 82' lang='lat' dir='ltr'><strong>et</strong></span> <span class='ocrx_word' id='word_1_251' title='bbox 1418 3077 1683 3131; x_wconf 87' lang='lat' dir='ltr'><strong>videntem</strong></span> <span class='ocrx_word' id='word_1_252' title='bbox 1710 3096 1722 3131; x_wconf 93' lang='lat'><strong>:</strong></span> <span class='ocrx_word' id='word_1_253' title='bbox 1756 3080 1877 3149; x_wconf 89' lang='lat' dir='ltr'><strong>quia</strong></span> <span class='ocrx_word' id='word_1_254' title='bbox 1916 3096 2015 3135; x_wconf 90' lang='lat' dir='ltr'><strong>non</strong></span> <span class='ocrx_word' id='word_1_255' title='bbox 2044 3102 2133 3154; x_wconf 84' lang='lat' dir='ltr'><strong>po-</strong></span> 
     </span>
    </p>
   </div>
   <div class='ocr_carea' id='block_1_32' title="bbox 552 3167 2131 3243">
    <p class='ocr_par' dir='ltr' id='par_1_32' title="bbox 552 3167 2131 3243">
     <span class='ocr_line' id='line_1_32' title="bbox 552 3167 2131 3243; baseline 0.006 -26"><span class='ocrx_word' id='word_1_256' title='bbox 552 3174 704 3219; x_wconf 71' lang='lat' dir='ltr'><strong>testa</strong></span> <span class='ocrx_word' id='word_1_257' title='bbox 726 3182 781 3219; x_wconf 84' lang='lat' dir='ltr'><strong>se</strong></span> <span class='ocrx_word' id='word_1_258' title='bbox 816 3169 983 3233; x_wconf 74' lang='lat' dir='ltr'><strong>facere</strong></span> <span class='ocrx_word' id='word_1_259' title='bbox 1009 3167 1304 3236; x_wconf 79' lang='lat' dir='ltr'><strong>quidquam,</strong></span> <span class='ocrx_word' id='word_1_260' title='bbox 1333 3169 1429 3221; x_wconf 83' lang='lat' dir='ltr'><strong>nisi</strong></span> <span class='ocrx_word' id='word_1_261' title='bbox 1456 3169 1591 3238; x_wconf 83' lang='lat' dir='ltr'><strong>quod</strong></span> <span class='ocrx_word' id='word_1_262' title='bbox 1621 3170 1793 3223; x_wconf 81' lang='lat' dir='ltr'><strong>viderit</strong></span> <span class='ocrx_word' id='word_1_263' title='bbox 1824 3169 2022 3227; x_wconf 80' lang='lat' dir='ltr'><strong>Patrem</strong></span> <span class='ocrx_word' id='word_1_264' title='bbox 2053 3168 2131 3243; x_wconf 77' lang='lat' dir='ltr'><strong>fa-</strong></span> 
     </span>
    </p>
   </div>
   <div class='ocr_carea' id='block_1_33' title="bbox 550 3256 2128 3330">
    <p class='ocr_par' dir='ltr' id='par_1_33' title="bbox 550 3256 2128 3330">
     <span class='ocr_line' id='line_1_33' title="bbox 550 3256 2128 3330; baseline 0.005 -19"><span class='ocrx_word' id='word_1_265' title='bbox 550 3256 778 3311; x_wconf 78' lang='lat' dir='ltr'><strong>cientem.</strong></span> <span class='ocrx_word' id='word_1_266' title='bbox 804 3256 894 3310; x_wconf 80' lang='lat' dir='ltr'><strong>Vis</strong></span> <span class='ocrx_word' id='word_1_267' title='bbox 916 3266 971 3311; x_wconf 90' lang='lat' dir='ltr'><strong>ut</strong></span> <span class='ocrx_word' id='word_1_268' title='bbox 994 3258 1250 3327; x_wconf 76' lang='lat' dir='ltr'><strong>explicem</strong></span> <span class='ocrx_word' id='word_1_269' title='bbox 1279 3260 1369 3313; x_wconf 81' lang='lat' dir='ltr'><strong>tibi</strong></span> <span class='ocrx_word' id='word_1_270' title='bbox 1394 3261 1661 3330; x_wconf 83' lang='lat' dir='ltr'><strong>quomodo</strong></span> <span class='ocrx_word' id='word_1_271' title='bbox 1688 3260 1875 3315; x_wconf 82' lang='lat' dir='ltr'><strong>laniat?</strong></span> <span class='ocrx_word' id='word_1_272' title='bbox 1894 3259 1973 3320; x_wconf 77' lang='lat' dir='ltr'><strong>&#39;l‘u</strong></span> <span class='ocrx_word' id='word_1_273' title='bbox 2003 3265 2128 3319; x_wconf 80' lang='lat' dir='ltr'><strong>milii</strong></span> 
     </span>
    </p>
   </div>
   <div class='ocr_carea' id='block_1_34' title="bbox 549 3346 2129 3424">
    <p class='ocr_par' dir='ltr' id='par_1_34' title="bbox 549 3346 2129 3424">
     <span class='ocr_line' id='line_1_34' title="bbox 549 3346 2129 3424; baseline 0.003 -22"><span class='ocrx_word' id='word_1_274' title='bbox 549 3346 753 3416; x_wconf 73' lang='lat' dir='ltr'><strong>explica</strong></span> <span class='ocrx_word' id='word_1_275' title='bbox 784 3346 1050 3415; x_wconf 88' lang='lat' dir='ltr'><strong>quomodo</strong></span> <span class='ocrx_word' id='word_1_276' title='bbox 1075 3348 1268 3403; x_wconf 82' lang='lat' dir='ltr'><strong>videat.</strong></span> <span class='ocrx_word' id='word_1_277' title='bbox 1294 3347 1348 3403; x_wconf 84' lang='lat' dir='ltr'><strong>Si</strong></span> <span class='ocrx_word' id='word_1_278' title='bbox 1381 3349 1483 3403; x_wconf 88' lang='lat' dir='ltr'><strong>hoc</strong></span> <span class='ocrx_word' id='word_1_279' title='bbox 1524 3358 1577 3404; x_wconf 83' lang='lat' dir='ltr'><strong>tu</strong></span> <span class='ocrx_word' id='word_1_280' title='bbox 1604 3351 1870 3419; x_wconf 77' lang='lat' dir='ltr'><strong>explicare</strong></span> <span class='ocrx_word' id='word_1_281' title='bbox 1898 3361 2002 3409; x_wconf 83' lang='lat' dir='ltr'><strong>n‘on</strong></span> <span class='ocrx_word' id='word_1_282' title='bbox 2035 3370 2129 3424; x_wconf 88' lang='lat' dir='ltr'><strong>po-</strong></span> 
     </span>
    </p>
   </div>
   <div class='ocr_carea' id='block_1_35' title="bbox 551 3438 2125 3511">
    <p class='ocr_par' dir='ltr' id='par_1_35' title="bbox 551 3438 2125 3511">
     <span class='ocr_line' id='line_1_35' title="bbox 551 3438 2125 3511; baseline 0.006 -19"><span class='ocrx_word' id='word_1_283' title='bbox 551 3446 652 3495; x_wconf 86' lang='lat' dir='ltr'><strong>tes.</strong></span> <span class='ocrx_word' id='word_1_284' title='bbox 685 3452 785 3494; x_wconf 80' lang='lat' dir='ltr'><strong>nec</strong></span> <span class='ocrx_word' id='word_1_285' title='bbox 809 3452 908 3508; x_wconf 86' lang='lat' dir='ltr'><strong>ego</strong></span> <span class='ocrx_word' id='word_1_286' title='bbox 940 3438 1064 3493; x_wconf 87' lang='lat' dir='ltr'><strong>illud</strong></span> <span class='ocrx_word' id='word_1_287' title='bbox 1110 3456 1124 3493; x_wconf 91' lang='lat'><strong>:</strong></span> <span class='ocrx_word' id='word_1_288' title='bbox 1170 3439 1225 3492; x_wconf 85' lang='lat' dir='ltr'><strong>si</strong></span> <span class='ocrx_word' id='word_1_289' title='bbox 1246 3439 1345 3494; x_wconf 85' lang='lat' dir='ltr'><strong>hoc</strong></span> <span class='ocrx_word' id='word_1_290' title='bbox 1387 3450 1440 3494; x_wconf 90' lang='lat' dir='ltr'><strong>tu</strong></span> <span class='ocrx_word' id='word_1_291' title='bbox 1482 3442 1769 3511; x_wconf 84' lang='lat' dir='ltr'><strong>percipere</strong></span> <span class='ocrx_word' id='word_1_292' title='bbox 1801 3444 2039 3501; x_wconf 74' lang='lat' dir='ltr'><strong>ualidum</strong></span> <span class='ocrx_word' id='word_1_293' title='bbox 2068 3464 2125 3501; x_wconf 82' lang='lat' dir='ltr'><strong>cs</strong></span> 
     </span>
    </p>
   </div>
   <div class='ocr_carea' id='block_1_36' title="bbox 546 3530 2122 3607">
    <p class='ocr_par' dir='ltr' id='par_1_36' title="bbox 546 3530 2122 3607">
     <span class='ocr_line' id='line_1_36' title="bbox 546 3530 2122 3607; baseline 0.004 -22"><span class='ocrx_word' id='word_1_294' title='bbox 546 3530 787 3593; x_wconf 83' lang='lat' dir='ltr'><strong>idoneus,</strong></span> <span class='ocrx_word' id='word_1_295' title='bbox 819 3545 918 3586; x_wconf 85' lang='lat' dir='ltr'><strong>nec</strong></span> <span class='ocrx_word' id='word_1_296' title='bbox 937 3545 1036 3601; x_wconf 82' lang='lat' dir='ltr'><strong>ego</strong></span> <span class='ocrx_word' id='word_1_297' title='bbox 1061 3530 1209 3585; x_wconf 90' lang='lat' dir='ltr'><strong>illud.</strong></span> <span class='ocrx_word' id='word_1_298' title='bbox 1231 3530 1462 3598; x_wconf 87' lang='lat' dir='ltr'><strong>Uterque</strong></span> <span class='ocrx_word' id='word_1_299' title='bbox 1490 3547 1617 3603; x_wconf 85' lang='lat' dir='ltr'><strong>ergo</strong></span> <span class='ocrx_word' id='word_1_300' title='bbox 1633 3541 1874 3591; x_wconf 87' lang='lat' dir='ltr'><strong>nostrum</strong></span> <span class='ocrx_word' id='word_1_301' title='bbox 1903 3546 2122 3607; x_wconf 75' lang='lat' dir='ltr'><strong>quaerat,</strong></span> 
     </span>
    </p>
   </div>
   <div class='ocr_carea' id='block_1_37' title="bbox 550 3622 2120 3697">
    <p class='ocr_par' dir='ltr' id='par_1_37' title="bbox 550 3622 2120 3697">
     <span class='ocr_line' id='line_1_37' title="bbox 550 3622 2120 3697; baseline 0.006 -23"><span class='ocrx_word' id='word_1_302' title='bbox 550 3631 776 3691; x_wconf 83' lang='lat' dir='ltr'><strong>uterque</strong></span> <span class='ocrx_word' id='word_1_303' title='bbox 802 3622 1006 3690; x_wconf 84' lang='lat' dir='ltr'><strong>pulset,</strong></span> <span class='ocrx_word' id='word_1_304' title='bbox 1049 3631 1105 3676; x_wconf 87' lang='lat' dir='ltr'><strong>ut</strong></span> <span class='ocrx_word' id='word_1_305' title='bbox 1131 3630 1351 3691; x_wconf 81' lang='lat' dir='ltr'><strong>uterque</strong></span> <span class='ocrx_word' id='word_1_306' title='bbox 1382 3622 1627 3692; x_wconf 80' lang='lat' dir='ltr'><strong>accipere</strong></span> <span class='ocrx_word' id='word_1_307' title='bbox 1670 3637 1955 3682; x_wconf 85' lang='lat' dir='ltr'><strong>mereatur.</strong></span> <span class='ocrx_word' id='word_1_308' title='bbox 1987 3630 2120 3697; x_wconf 90' lang='lat' dir='ltr'><strong>Quid</strong></span> 
     </span>
    </p>
   </div>
   <div class='ocr_carea' id='block_1_38' title="bbox 544 3712 2117 3785">
    <p class='ocr_par' dir='ltr' id='par_1_38' title="bbox 544 3712 2117 3785">
     <span class='ocr_line' id='line_1_38' title="bbox 544 3712 2117 3785; baseline 0.006 -22"><span class='ocrx_word' id='word_1_309' title='bbox 544 3713 694 3779; x_wconf 85' lang='lat' dir='ltr'><strong>quasi</strong></span> <span class='ocrx_word' id='word_1_310' title='bbox 712 3712 903 3767; x_wconf 84' lang='lat' dir='ltr'><strong>doctus</strong></span> <span class='ocrx_word' id='word_1_311' title='bbox 928 3713 1267 3767; x_wconf 84' lang='lat' dir='ltr'><strong>calumniaris</strong></span> <span class='ocrx_word' id='word_1_312' title='bbox 1292 3712 1544 3770; x_wconf 81' lang='lat' dir='ltr'><strong>indocto?</strong></span> <span class='ocrx_word' id='word_1_313' title='bbox 1572 3717 1684 3785; x_wconf 65' lang='lat' dir='ltr'><strong>Ego</strong></span> <span class='ocrx_word' id='word_1_314' title='bbox 1707 3718 1771 3771; x_wconf 89' lang='lat' dir='ltr'><strong>ad</strong></span> <span class='ocrx_word' id='word_1_315' title='bbox 1803 3720 2117 3784; x_wconf 81' lang='lat' dir='ltr'><strong>faciendum,</strong></span> 
     </span>
    </p>
   </div>
   <div class='ocr_carea' id='block_1_39' title="bbox 543 3802 2117 3880">
    <p class='ocr_par' dir='ltr' id='par_1_39' title="bbox 543 3802 2117 3880">
     <span class='ocr_line' id='line_1_39' title="bbox 543 3802 2117 3880; baseline 0.004 -21"><span class='ocrx_word' id='word_1_316' title='bbox 543 3813 603 3859; x_wconf 80' lang='lat' dir='ltr'><strong>tu</strong></span> <span class='ocrx_word' id='word_1_317' title='bbox 626 3802 697 3862; x_wconf 72' lang='lat' dir='ltr'><strong>ad</strong></span> <span class='ocrx_word' id='word_1_318' title='bbox 725 3802 1028 3875; x_wconf 70' lang='lat' dir='ltr'><strong>videndum,</strong></span> <span class='ocrx_word' id='word_1_319' title='bbox 1054 3805 1213 3863; x_wconf 83' lang='lat' dir='ltr'><strong>ambo</strong></span> <span class='ocrx_word' id='word_1_320' title='bbox 1242 3803 1442 3862; x_wconf 78' lang='lat' dir='ltr'><strong>inducti</strong></span> <span class='ocrx_word' id='word_1_321' title='bbox 1465 3825 1494 3862; x_wconf 89' lang='lat' dir='ltr'><strong>a</strong></span> <span class='ocrx_word' id='word_1_322' title='bbox 1524 3810 1775 3879; x_wconf 82' lang='lat' dir='ltr'><strong>magistro</strong></span> <span class='ocrx_word' id='word_1_323' title='bbox 1797 3827 2117 3880; x_wconf 77' lang='lat' dir='ltr'><strong>qmcramus,</strong></span> 
     </span>
    </p>
   </div>
   <div class='ocr_carea' id='block_1_40' title="bbox 547 3900 2117 3969">
    <p class='ocr_par' dir='ltr' id='par_1_40' title="bbox 547 3900 2117 3969">
     <span class='ocr_line' id='line_1_40' title="bbox 547 3900 2117 3969; baseline 0.003 -17"><span class='ocrx_word' id='word_1_324' title='bbox 547 3914 653 3963; x_wconf 85' lang='lat' dir='ltr'><strong>non</strong></span> <span class='ocrx_word' id='word_1_325' title='bbox 684 3901 737 3953; x_wconf 91' lang='lat' dir='ltr'><strong>in</strong></span> <span class='ocrx_word' id='word_1_326' title='bbox 764 3900 939 3956; x_wconf 84' lang='lat' dir='ltr'><strong>schola</strong></span> <span class='ocrx_word' id='word_1_327' title='bbox 971 3902 1086 3969; x_wconf 83' lang='lat' dir='ltr'><strong>ejus</strong></span> <span class='ocrx_word' id='word_1_328' title='bbox 1117 3900 1389 3969; x_wconf 65' lang='lat' dir='ltr'><strong>puer-iiiter</strong></span> <span class='ocrx_word' id='word_1_329' title='bbox 1419 3900 1702 3969; x_wconf 75' lang='lat' dir='ltr'><strong>litigamus.</strong></span> <span class='ocrx_word' id='word_1_330' title='bbox 1736 3900 1933 3957; x_wconf 80' lang='lat' dir='ltr'><strong>Tamen</strong></span> <span class='ocrx_word' id='word_1_331' title='bbox 1962 3902 2117 3956; x_wconf 83' lang='lat' dir='ltr'><strong>simul</strong></span> 
     </span>
    </p>
   </div>
   <div class='ocr_carea' id='block_1_41' title="bbox 539 3990 2118 4063">
    <p class='ocr_par' dir='ltr' id='par_1_41' title="bbox 539 3990 2118 4063">
     <span class='ocr_line' id='line_1_41' title="bbox 539 3990 2118 4063; baseline 0.002 -18"><span class='ocrx_word' id='word_1_332' title='bbox 539 3991 650 4061; x_wconf 74' lang='lat' dir='ltr'><strong>jam</strong></span> <span class='ocrx_word' id='word_1_333' title='bbox 679 3990 957 4046; x_wconf 87' lang='lat' dir='ltr'><strong>didicimus</strong></span> <span class='ocrx_word' id='word_1_334' title='bbox 985 3993 1105 4062; x_wconf 86' lang='lat' dir='ltr'><strong>quia</strong></span> <span class='ocrx_word' id='word_1_335' title='bbox 1140 3991 1308 4044; x_wconf 81' lang='lat' dir='ltr'><strong>omnia</strong></span> <span class='ocrx_word' id='word_1_336' title='bbox 1335 4007 1423 4059; x_wconf 77' lang='lat' dir='ltr'><strong>per</strong></span> <span class='ocrx_word' id='word_1_337' title='bbox 1464 3991 1629 4061; x_wconf 79' lang='lat' dir='ltr'><strong>ipsum</strong></span> <span class='ocrx_word' id='word_1_338' title='bbox 1653 3992 1787 4059; x_wconf 80' lang='lat' dir='ltr'><strong>facta</strong></span> <span class='ocrx_word' id='word_1_339' title='bbox 1813 4003 1947 4046; x_wconf 82' lang='lat' dir='ltr'><strong>sunt.</strong></span> <span class='ocrx_word' id='word_1_340' title='bbox 1977 3993 2118 4063; x_wconf 84' lang='lat' dir='ltr'><strong>Ergo</strong></span> 
     </span>
    </p>
   </div>
   <div class='ocr_carea' id='block_1_42' title="bbox 536 4080 2116 4153">
    <p class='ocr_par' dir='ltr' id='par_1_42' title="bbox 536 4080 2116 4153">
     <span class='ocr_line' id='line_1_42' title="bbox 536 4080 2116 4153; baseline 0.002 -18"><span class='ocrx_word' id='word_1_341' title='bbox 536 4081 878 4136; x_wconf 78' lang='lat' dir='ltr'><strong>manifestum</strong></span> <span class='ocrx_word' id='word_1_342' title='bbox 902 4090 985 4136; x_wconf 89' lang='lat' dir='ltr'><strong>est</strong></span> <span class='ocrx_word' id='word_1_343' title='bbox 1008 4082 1125 4150; x_wconf 84' lang='lat' dir='ltr'><strong>quia</strong></span> <span class='ocrx_word' id='word_1_344' title='bbox 1154 4096 1256 4135; x_wconf 92' lang='lat' dir='ltr'><strong>non</strong></span> <span class='ocrx_word' id='word_1_345' title='bbox 1285 4081 1387 4135; x_wconf 86' lang='lat' dir='ltr'><strong>alia</strong></span> <span class='ocrx_word' id='word_1_346' title='bbox 1429 4096 1590 4150; x_wconf 82' lang='lat' dir='ltr'><strong>Opera</strong></span> <span class='ocrx_word' id='word_1_347' title='bbox 1635 4080 1756 4137; x_wconf 78' lang='lat' dir='ltr'><strong>facit</strong></span> <span class='ocrx_word' id='word_1_348' title='bbox 1794 4083 1969 4146; x_wconf 83' lang='lat' dir='ltr'><strong>Pater,</strong></span> <span class='ocrx_word' id='word_1_349' title='bbox 1997 4100 2116 4153; x_wconf 74' lang='lat' dir='ltr'><strong>qua:</strong></span> 
     </span>
    </p>
   </div>
   <div class='ocr_carea' id='block_1_43' title="bbox 537 4171 2113 4245">
    <p class='ocr_par' dir='ltr' id='par_1_43' title="bbox 537 4171 2113 4245">
     <span class='ocr_line' id='line_1_43' title="bbox 537 4171 2113 4245; baseline 0.002 -19"><span class='ocrx_word' id='word_1_350' title='bbox 537 4172 714 4228; x_wconf 83' lang='lat' dir='ltr'><strong>videat</strong></span> <span class='ocrx_word' id='word_1_351' title='bbox 734 4171 919 4239; x_wconf 87' lang='lat' dir='ltr'><strong>Filius,</strong></span> <span class='ocrx_word' id='word_1_352' title='bbox 948 4183 1003 4226; x_wconf 89' lang='lat' dir='ltr'><strong>ut</strong></span> <span class='ocrx_word' id='word_1_353' title='bbox 1023 4173 1137 4242; x_wconf 87' lang='lat' dir='ltr'><strong>ipse</strong></span> <span class='ocrx_word' id='word_1_354' title='bbox 1166 4172 1321 4228; x_wconf 82' lang='lat' dir='ltr'><strong>faciat</strong></span> <span class='ocrx_word' id='word_1_355' title='bbox 1349 4173 1541 4227; x_wconf 86' lang='lat' dir='ltr'><strong>similia</strong></span> <span class='ocrx_word' id='word_1_356' title='bbox 1574 4191 1589 4226; x_wconf 88' lang='lat'><strong><em>:</em></strong></span> <span class='ocrx_word' id='word_1_357' title='bbox 1618 4174 1710 4227; x_wconf 88' lang='lat' dir='ltr'><strong>sed</strong></span> <span class='ocrx_word' id='word_1_358' title='bbox 1741 4175 1926 4229; x_wconf 78' lang='lat' dir='ltr'><strong>eadem</strong></span> <span class='ocrx_word' id='word_1_359' title='bbox 1953 4190 2113 4245; x_wconf 68' lang='grc' dir='ltr'><strong>ονε-νει</strong></span> 
     </span>
    </p>
   </div>
   <div class='ocr_carea' id='block_1_44' title="bbox 538 4262 2112 4334">
    <p class='ocr_par' dir='ltr' id='par_1_44' title="bbox 538 4262 2112 4334">
     <span class='ocr_line' id='line_1_44' title="bbox 538 4262 2112 4334; baseline 0.003 -17"><span class='ocrx_word' id='word_1_360' title='bbox 538 4263 661 4319; x_wconf 77' lang='lat' dir='ltr'><strong>facit</strong></span> <span class='ocrx_word' id='word_1_361' title='bbox 687 4263 841 4318; x_wconf 82' lang='lat' dir='ltr'><strong>Pater</strong></span> <span class='ocrx_word' id='word_1_362' title='bbox 863 4279 956 4333; x_wconf 77' lang='lat' dir='ltr'><strong>per</strong></span> <span class='ocrx_word' id='word_1_363' title='bbox 980 4262 1193 4330; x_wconf 76' lang='lat' dir='ltr'><strong>Filium,</strong></span> <span class='ocrx_word' id='word_1_364' title='bbox 1219 4264 1339 4334; x_wconf 88' lang='lat' dir='ltr'><strong>quia</strong></span> <span class='ocrx_word' id='word_1_365' title='bbox 1374 4264 1550 4318; x_wconf 87' lang='lat' dir='ltr'><strong>omnia</strong></span> <span class='ocrx_word' id='word_1_366' title='bbox 1590 4279 1683 4333; x_wconf 88' lang='lat' dir='ltr'><strong>per</strong></span> <span class='ocrx_word' id='word_1_367' title='bbox 1716 4264 1948 4320; x_wconf 79' lang='lat' dir='ltr'><strong>Verbum</strong></span> <span class='ocrx_word' id='word_1_368' title='bbox 1979 4266 2112 4321; x_wconf 83' lang='lat' dir='ltr'><strong>facta</strong></span> 
     </span>
    </p>
   </div>
   <div class='ocr_carea' id='block_1_45' title="bbox 541 4353 2113 4422">
    <p class='ocr_par' dir='ltr' id='par_1_45' title="bbox 541 4353 2113 4422">
     <span class='ocr_line' id='line_1_45' title="bbox 541 4353 2113 4422; baseline 0.001 -12"><span class='ocrx_word' id='word_1_369' title='bbox 541 4364 684 4411; x_wconf 86' lang='lat' dir='ltr'><strong>sunt.</strong></span> <span class='ocrx_word' id='word_1_370' title='bbox 716 4354 830 4409; x_wconf 73' lang='lat' dir='ltr'><strong>iam</strong></span> <span class='ocrx_word' id='word_1_371' title='bbox 858 4354 1120 4421; x_wconf 68' lang='lat' dir='ltr'><strong>quomoda</strong></span> <span class='ocrx_word' id='word_1_372' title='bbox 1147 4353 1306 4408; x_wconf 83' lang='lat' dir='ltr'><strong>faciat</strong></span> <span class='ocrx_word' id='word_1_373' title='bbox 1329 4355 1466 4407; x_wconf 88' lang='lat' dir='ltr'><strong>Deus</strong></span> <span class='ocrx_word' id='word_1_374' title='bbox 1495 4356 1613 4422; x_wconf 87' lang='lat' dir='ltr'><strong>quis</strong></span> <span class='ocrx_word' id='word_1_375' title='bbox 1644 4354 1829 4407; x_wconf 89' lang='lat' dir='ltr'><strong>novit?</strong></span> <span class='ocrx_word' id='word_1_376' title='bbox 1850 4355 1963 4409; x_wconf 87' lang='lat' dir='ltr'><strong>Non</strong></span> <span class='ocrx_word' id='word_1_377' title='bbox 1993 4356 2113 4411; x_wconf 90' lang='lat' dir='ltr'><strong>dico</strong></span> 
     </span>
    </p>
   </div>
   <div class='ocr_carea' id='block_1_46' title="bbox 537 4447 2113 4517">
    <p class='ocr_par' dir='ltr' id='par_1_46' title="bbox 537 4447 2113 4517">
     <span class='ocr_line' id='line_1_46' title="bbox 537 4447 2113 4517; baseline 0.004 -17"><span class='ocrx_word' id='word_1_378' title='bbox 537 4448 805 4517; x_wconf 87' lang='lat' dir='ltr'><strong>quomodo</strong></span> <span class='ocrx_word' id='word_1_379' title='bbox 834 4447 1017 4502; x_wconf 79' lang='lat' dir='ltr'><strong>fecerit</strong></span> <span class='ocrx_word' id='word_1_380' title='bbox 1047 4448 1319 4511; x_wconf 88' lang='lat' dir='ltr'><strong>mundum,</strong></span> <span class='ocrx_word' id='word_1_381' title='bbox 1348 4447 1441 4501; x_wconf 83' lang='lat' dir='ltr'><strong>sed</strong></span> <span class='ocrx_word' id='word_1_382' title='bbox 1479 4448 1744 4517; x_wconf 85' lang='lat' dir='ltr'><strong>quomodo</strong></span> <span class='ocrx_word' id='word_1_383' title='bbox 1781 4448 1967 4504; x_wconf 79' lang='lat' dir='ltr'><strong>iecerit</strong></span> <span class='ocrx_word' id='word_1_384' title='bbox 1987 4467 2113 4507; x_wconf 78' lang='lat' dir='ltr'><strong>ncu-</strong></span> 
     </span>
    </p>
   </div>
   <div class='ocr_carea' id='block_1_47' title="bbox 541 4537 2112 4605">
    <p class='ocr_par' dir='ltr' id='par_1_47' title="bbox 541 4537 2112 4605">
     <span class='ocr_line' id='line_1_47' title="bbox 541 4537 2112 4605; baseline 0.003 -12"><span class='ocrx_word' id='word_1_385' title='bbox 541 4538 652 4593; x_wconf 89' lang='lat' dir='ltr'><strong>lnm</strong></span> <span class='ocrx_word' id='word_1_386' title='bbox 680 4548 848 4603; x_wconf 88' lang='lat' dir='ltr'><strong>tuum,</strong></span> <span class='ocrx_word' id='word_1_387' title='bbox 876 4539 969 4593; x_wconf 89' lang='lat' dir='ltr'><strong>cui.</strong></span> <span class='ocrx_word' id='word_1_388' title='bbox 991 4539 1273 4593; x_wconf 84' lang='lat' dir='ltr'><strong>carnaliter</strong></span> <span class='ocrx_word' id='word_1_389' title='bbox 1302 4537 1590 4605; x_wconf 78' lang='lat' dir='ltr'><strong>inhaerens,</strong></span> <span class='ocrx_word' id='word_1_390' title='bbox 1622 4541 1845 4594; x_wconf 82' lang='lat' dir='ltr'><strong>visibilia</strong></span> <span class='ocrx_word' id='word_1_391' title='bbox 1878 4542 2112 4598; x_wconf 85' lang='lat' dir='ltr'><strong>invisibi-</strong></span> 
     </span>
    </p>
   </div>
   <div class='ocr_carea' id='block_1_48' title="bbox 536 4627 2109 4700">
    <p class='ocr_par' dir='ltr' id='par_1_48' title="bbox 536 4627 2109 4700">
     <span class='ocr_line' id='line_1_48' title="bbox 536 4627 2109 4700; baseline 0.001 -15"><span class='ocrx_word' id='word_1_392' title='bbox 536 4630 678 4685; x_wconf 87' lang='lat' dir='ltr'><strong>libns</strong></span> <span class='ocrx_word' id='word_1_393' title='bbox 704 4642 998 4697; x_wconf 81' lang='lat' dir='ltr'><strong>comparas.</strong></span> <span class='ocrx_word' id='word_1_394' title='bbox 1029 4629 1175 4685; x_wconf 66' lang='lat' dir='ltr'><strong>Talia</strong></span> <span class='ocrx_word' id='word_1_395' title='bbox 1197 4627 1339 4683; x_wconf 86' lang='lat' dir='ltr'><strong>enim</strong></span> <span class='ocrx_word' id='word_1_396' title='bbox 1361 4628 1428 4684; x_wconf 88' lang='lat' dir='ltr'><strong>de</strong></span> <span class='ocrx_word' id='word_1_397' title='bbox 1456 4629 1563 4683; x_wconf 87' lang='lat' dir='ltr'><strong>Deo</strong></span> <span class='ocrx_word' id='word_1_398' title='bbox 1583 4630 1804 4699; x_wconf 78' lang='lat' dir='ltr'><strong>cogitas,</strong></span> <span class='ocrx_word' id='word_1_399' title='bbox 1832 4633 2004 4700; x_wconf 84' lang='lat' dir='ltr'><strong>qualia</strong></span> <span class='ocrx_word' id='word_1_400' title='bbox 2029 4633 2109 4688; x_wconf 86' lang='lat' dir='ltr'><strong>his</strong></span> 
     </span>
    </p>
   </div>
   <div class='ocr_carea' id='block_1_49' title="bbox 536 4719 2110 4793">
    <p class='ocr_par' dir='ltr' id='par_1_49' title="bbox 536 4719 2110 4793">
     <span class='ocr_line' id='line_1_49' title="bbox 536 4719 2110 4793; baseline 0.004 -19"><span class='ocrx_word' id='word_1_401' title='bbox 536 4720 704 4775; x_wconf 89' lang='lat' dir='ltr'><strong>oculis</strong></span> <span class='ocrx_word' id='word_1_402' title='bbox 720 4719 899 4775; x_wconf 84' lang='lat' dir='ltr'><strong>videre</strong></span> <span class='ocrx_word' id='word_1_403' title='bbox 916 4721 1203 4779; x_wconf 82' lang='lat' dir='ltr'><strong>consuesti.</strong></span> <span class='ocrx_word' id='word_1_404' title='bbox 1221 4719 1277 4774; x_wconf 87' lang='lat' dir='ltr'><strong>Si</strong></span> <span class='ocrx_word' id='word_1_405' title='bbox 1294 4729 1469 4773; x_wconf 87' lang='lat' dir='ltr'><strong>autem</strong></span> <span class='ocrx_word' id='word_1_406' title='bbox 1493 4720 1606 4775; x_wconf 84' lang='lat' dir='ltr'><strong>istis</strong></span> <span class='ocrx_word' id='word_1_407' title='bbox 1621 4722 1788 4776; x_wconf 87' lang='lat' dir='ltr'><strong>oculis</strong></span> <span class='ocrx_word' id='word_1_408' title='bbox 1804 4724 1969 4778; x_wconf 87' lang='lat' dir='ltr'><strong>videri</strong></span> <span class='ocrx_word' id='word_1_409' title='bbox 1988 4739 2110 4793; x_wconf 90' lang='lat' dir='ltr'><strong>pos-</strong></span> 
     </span>
    </p>
   </div>
   <div class='ocr_carea' id='block_1_50' title="bbox 530 4808 2108 4884">
    <p class='ocr_par' dir='ltr' id='par_1_50' title="bbox 530 4808 2108 4884">
     <span class='ocr_line' id='line_1_50' title="bbox 530 4808 2108 4884; baseline 0.003 -20"><span class='ocrx_word' id='word_1_410' title='bbox 530 4820 611 4864; x_wconf 85' lang='lat' dir='ltr'><strong>set</strong></span> <span class='ocrx_word' id='word_1_411' title='bbox 634 4810 788 4875; x_wconf 88' lang='lat' dir='ltr'><strong>l)eus,</strong></span> <span class='ocrx_word' id='word_1_412' title='bbox 807 4825 913 4867; x_wconf 83' lang='lat' dir='ltr'><strong>non</strong></span> <span class='ocrx_word' id='word_1_413' title='bbox 925 4809 1140 4872; x_wconf 86' lang='lat' dir='ltr'><strong>diceret,</strong></span> <span class='ocrx_word' id='word_1_414' title='bbox 1154 4808 1297 4864; x_wconf 86' lang='lat' dir='ltr'><strong>Beati</strong></span> <span class='ocrx_word' id='word_1_415' title='bbox 1304 4811 1501 4869; x_wconf 64' lang='lat' dir='ltr'><strong>smundo</strong></span> <span class='ocrx_word' id='word_1_416' title='bbox 1514 4812 1683 4872; x_wconf 81' lang='lat' dir='ltr'><strong>corde.</strong></span> <span class='ocrx_word' id='word_1_417' title='bbox 1702 4813 1819 4881; x_wconf 83' lang='lat' dir='ltr'><strong>quia</strong></span> <span class='ocrx_word' id='word_1_418' title='bbox 1832 4814 1929 4884; x_wconf 78' lang='lat' dir='ltr'><strong>ipsi</strong></span> <span class='ocrx_word' id='word_1_419' title='bbox 1944 4813 2108 4869; x_wconf 87' lang='lat' dir='ltr'><strong>Deum</strong></span> 
     </span>
    </p>
   </div>
   <div class='ocr_carea' id='block_1_51' title="bbox 530 4899 2106 4973">
    <p class='ocr_par' dir='ltr' id='par_1_51' title="bbox 530 4899 2106 4973">
     <span class='ocr_line' id='line_1_51' title="bbox 530 4899 2106 4973; baseline 0.006 -21"><span class='ocrx_word' id='word_1_420' title='bbox 530 4899 759 4953; x_wconf 77' lang='lat' dir='ltr'><strong>videbunt</strong></span> <span class='ocrx_word' id='word_1_421' title='bbox 779 4899 987 4970; x_wconf 77' lang='lat' dir='ltr'><strong>(Matth.</strong></span> <span class='ocrx_word' id='word_1_422' title='bbox 1010 4916 1063 4967; x_wconf 90' lang='lat' dir='ltr'><strong>v,</strong></span> <span class='ocrx_word' id='word_1_423' title='bbox 1089 4900 1166 4971; x_wconf 88' lang='lat'><strong>8).</strong></span> <span class='ocrx_word' id='word_1_424' title='bbox 1197 4900 1337 4969; x_wconf 70' lang='lat' dir='ltr'><strong>Ergo</strong></span> <span class='ocrx_word' id='word_1_425' title='bbox 1362 4900 1524 4956; x_wconf 83' lang='lat' dir='ltr'><strong>habes</strong></span> <span class='ocrx_word' id='word_1_426' title='bbox 1548 4902 1757 4957; x_wconf 88' lang='lat' dir='ltr'><strong>oculum</strong></span> <span class='ocrx_word' id='word_1_427' title='bbox 1775 4905 2014 4973; x_wconf 84' lang='lat' dir='ltr'><strong>corporis</strong></span> <span class='ocrx_word' id='word_1_428' title='bbox 2039 4906 2106 4962; x_wconf 88' lang='lat' dir='ltr'><strong>ad</strong></span> 
     </span>
    </p>
   </div>
   <div class='ocr_carea' id='block_1_52' title="bbox 531 4989 2105 5055">
    <p class='ocr_par' dir='ltr' id='par_1_52' title="bbox 531 4989 2105 5055">
     <span class='ocr_line' id='line_1_52' title="bbox 531 4989 2105 5055; baseline 0.008 -12"><span class='ocrx_word' id='word_1_429' title='bbox 531 4990 814 5053; x_wconf 72' lang='lat' dir='ltr'><strong>videndum</strong></span> <span class='ocrx_word' id='word_1_430' title='bbox 839 4989 1059 5052; x_wconf 72' lang='lat' dir='ltr'><strong>labrum.</strong></span> <span class='ocrx_word' id='word_1_431' title='bbox 1079 4991 1171 5047; x_wconf 79' lang='lat' dir='ltr'><strong>sed</strong></span> <span class='ocrx_word' id='word_1_432' title='bbox 1189 4990 1423 5049; x_wconf 88' lang='lat' dir='ltr'><strong>nondum</strong></span> <span class='ocrx_word' id='word_1_433' title='bbox 1442 4992 1603 5049; x_wconf 59' lang='lat' dir='ltr'><strong>habes</strong></span> <span class='ocrx_word' id='word_1_434' title='bbox 1617 4996 1825 5049; x_wconf 73' lang='lat' dir='ltr'><strong>oculum</strong></span> <span class='ocrx_word' id='word_1_435' title='bbox 1842 4997 2019 5051; x_wconf 87' lang='lat' dir='ltr'><strong>cordis</strong></span> <span class='ocrx_word' id='word_1_436' title='bbox 2038 4999 2105 5055; x_wconf 88' lang='lat' dir='ltr'><strong>ad</strong></span> 
     </span>
    </p>
   </div>
   <div class='ocr_carea' id='block_1_53' title="bbox 530 5080 2107 5151">
    <p class='ocr_par' dir='ltr' id='par_1_53' title="bbox 530 5080 2107 5151">
     <span class='ocr_line' id='line_1_53' title="bbox 530 5080 2107 5151; baseline 0.006 -19"><span class='ocrx_word' id='word_1_437' title='bbox 530 5080 813 5137; x_wconf 70' lang='lat' dir='ltr'><strong>videndum</strong></span> <span class='ocrx_word' id='word_1_438' title='bbox 834 5081 1027 5143; x_wconf 80' lang='lat' dir='ltr'><strong>Deum:</strong></span> <span class='ocrx_word' id='word_1_439' title='bbox 1048 5081 1165 5141; x_wconf 80' lang='lat' dir='ltr'><strong>ideo</strong></span> <span class='ocrx_word' id='word_1_440' title='bbox 1181 5082 1730 5151; x_wconf 28' lang='lat' dir='ltr'><strong>quodtsolcst&#39;idcrein</strong></span> <span class='ocrx_word' id='word_1_441' title='bbox 1749 5084 1919 5148; x_wconf 81' lang='lat' dir='ltr'><strong>fabro.</strong></span> <span class='ocrx_word' id='word_1_442' title='bbox 1936 5095 2107 5143; x_wconf 69' lang='lat' dir='ltr'><strong>u&#39;ans-</strong></span> 
     </span>
    </p>
   </div>
   <div class='ocr_carea' id='block_1_54' title="bbox 525 5170 2101 5239">
    <p class='ocr_par' dir='ltr' id='par_1_54' title="bbox 525 5170 2101 5239">
     <span class='ocr_line' id='line_1_54' title="bbox 525 5170 2101 5239; baseline 0.003 -12"><span class='ocrx_word' id='word_1_443' title='bbox 525 5172 667 5227; x_wconf 87' lang='lat' dir='ltr'><strong>lerre</strong></span> <span class='ocrx_word' id='word_1_444' title='bbox 693 5170 770 5229; x_wconf 74' lang='lat' dir='ltr'><strong>vis</strong></span> <span class='ocrx_word' id='word_1_445' title='bbox 794 5171 1066 5231; x_wconf 68' lang='lat' dir='ltr'><strong>all-Deum.</strong></span> <span class='ocrx_word' id='word_1_446' title='bbox 1091 5172 1236 5231; x_wconf 74' lang='lat' dir='ltr'><strong>Delie</strong></span> <span class='ocrx_word' id='word_1_447' title='bbox 1256 5173 1306 5226; x_wconf 91' lang='lat' dir='ltr'><strong>in</strong></span> <span class='ocrx_word' id='word_1_448' title='bbox 1337 5183 1473 5233; x_wconf 72' lang='lat' dir='ltr'><strong>terra</strong></span> <span class='ocrx_word' id='word_1_449' title='bbox 1501 5181 1730 5239; x_wconf 82' lang='lat' dir='ltr'><strong>terrena,</strong></span> <span class='ocrx_word' id='word_1_450' title='bbox 1758 5190 1967 5233; x_wconf 78' lang='lat' dir='ltr'><strong>sursum</strong></span> <span class='ocrx_word' id='word_1_451' title='bbox 1987 5193 2101 5233; x_wconf 89' lang='lat' dir='ltr'><strong>cor.</strong></span> 
     </span>
    </p>
   </div>
   <div class='ocr_carea' id='block_1_55' title="bbox 598 5262 2102 5331">
    <p class='ocr_par' dir='ltr' id='par_1_55' title="bbox 598 5262 2102 5331">
     <span class='ocr_line' id='line_1_55' title="bbox 598 5262 2102 5331; baseline 0.005 -15"><span class='ocrx_word' id='word_1_452' title='bbox 598 5262 646 5316; x_wconf 87' lang='lat'><strong>7.</strong></span> <span class='ocrx_word' id='word_1_453' title='bbox 691 5262 838 5330; x_wconf 76' lang='lat' dir='ltr'><strong>Qpid</strong></span> <span class='ocrx_word' id='word_1_454' title='bbox 865 5277 1023 5331; x_wconf 84' lang='lat' dir='ltr'><strong>ergo,</strong></span> <span class='ocrx_word' id='word_1_455' title='bbox 1067 5262 1747 5331; x_wconf 29' lang='lat' dir='ltr'><strong>citarissilni?‘cxplicaturi</strong></span> <span class='ocrx_word' id='word_1_456' title='bbox 1791 5282 1987 5325; x_wconf 33' lang='lat' dir='ltr'><strong>sumus.</strong></span> <span class='ocrx_word' id='word_1_457' title='bbox 2004 5283 2102 5324; x_wconf 85' lang='lat' dir='ltr'><strong>nos</strong></span> 
     </span>
    </p>
   </div>
   <div class='ocr_carea' id='block_1_56' title="bbox 525 5353 2101 5428">
    <p class='ocr_par' dir='ltr' id='par_1_56' title="bbox 525 5353 2101 5428">
     <span class='ocr_line' id='line_1_56' title="bbox 525 5353 2101 5428; baseline 0.004 -21"><span class='ocrx_word' id='word_1_458' title='bbox 525 5353 670 5426; x_wconf 80' lang='lat' dir='ltr'><strong>quod</strong></span> <span class='ocrx_word' id='word_1_459' title='bbox 700 5353 1154 5422; x_wconf 63' lang='lat' dir='ltr'><strong>interrogauimus,</strong></span> <span class='ocrx_word' id='word_1_460' title='bbox 1192 5353 1458 5422; x_wconf 84' lang='lat' dir='ltr'><strong>quomodo</strong></span> <span class='ocrx_word' id='word_1_461' title='bbox 1483 5355 1659 5417; x_wconf 77' lang='lat' dir='ltr'><strong>videat</strong></span> <span class='ocrx_word' id='word_1_462' title='bbox 1688 5355 1938 5421; x_wconf 88' lang='lat' dir='ltr'><strong>Verbum,</strong></span> <span class='ocrx_word' id='word_1_463' title='bbox 1969 5374 2101 5428; x_wconf 88' lang='lat' dir='ltr'><strong>qno-</strong></span> 
     </span>
    </p>
   </div>
   <div class='ocr_carea' id='block_1_57' title="bbox 528 5445 2099 5516">
    <p class='ocr_par' dir='ltr' id='par_1_57' title="bbox 528 5445 2099 5516">
     <span class='ocr_line' id='line_1_57' title="bbox 528 5445 2099 5516; baseline 0.003 -16"><span class='ocrx_word' id='word_1_464' title='bbox 528 5448 688 5513; x_wconf 75' lang='lat' dir='ltr'><strong>modo</strong></span> <span class='ocrx_word' id='word_1_465' title='bbox 719 5445 877 5511; x_wconf 61' lang='lat' dir='ltr'><strong>Pater.</strong></span> <span class='ocrx_word' id='word_1_466' title='bbox 903 5445 1141 5509; x_wconf 67' lang='lat' dir='ltr'><strong>videatur</strong></span> <span class='ocrx_word' id='word_1_467' title='bbox 1164 5460 1194 5499; x_wconf 88' lang='lat' dir='ltr'><strong>a</strong></span> <span class='ocrx_word' id='word_1_468' title='bbox 1224 5445 1417 5512; x_wconf 87' lang='lat' dir='ltr'><strong>Verbo,</strong></span> <span class='ocrx_word' id='word_1_469' title='bbox 1448 5446 1572 5516; x_wconf 88' lang='lat' dir='ltr'><strong>quid</strong></span> <span class='ocrx_word' id='word_1_470' title='bbox 1601 5449 1672 5503; x_wconf 87' lang='lat' dir='ltr'><strong>sit</strong></span> <span class='ocrx_word' id='word_1_471' title='bbox 1699 5449 1880 5507; x_wconf 84' lang='lat' dir='ltr'><strong>videre</strong></span> <span class='ocrx_word' id='word_1_472' title='bbox 1901 5450 2099 5506; x_wconf 84' lang='lat' dir='ltr'><strong>Verbi?</strong></span> 
     </span>
    </p>
   </div>
   <div class='ocr_carea' id='block_1_58' title="bbox 523 5538 2099 5617">
    <p class='ocr_par' dir='ltr' id='par_1_58' title="bbox 523 5538 2099 5617">
     <span class='ocr_line' id='line_1_58' title="bbox 523 5538 2099 5617; baseline 0.003 -24"><span class='ocrx_word' id='word_1_473' title='bbox 523 5539 638 5594; x_wconf 89' lang='lat' dir='ltr'><strong>Non</strong></span> <span class='ocrx_word' id='word_1_474' title='bbox 664 5556 778 5593; x_wconf 90' lang='lat' dir='ltr'><strong>sum</strong></span> <span class='ocrx_word' id='word_1_475' title='bbox 812 5548 915 5617; x_wconf 78' lang='lat' dir='ltr'><strong>tam</strong></span> <span class='ocrx_word' id='word_1_476' title='bbox 943 5538 1134 5617; x_wconf 69' lang='lat' dir='ltr'><strong>audax,</strong></span> <span class='ocrx_word' id='word_1_477' title='bbox 1165 5547 1270 5615; x_wconf 85' lang='lat' dir='ltr'><strong>tam</strong></span> <span class='ocrx_word' id='word_1_478' title='bbox 1302 5540 1635 5617; x_wconf 81' lang='lat' dir='ltr'><strong>temerarius.</strong></span> <span class='ocrx_word' id='word_1_479' title='bbox 1661 5549 1715 5594; x_wconf 90' lang='lat' dir='ltr'><strong>ut</strong></span> <span class='ocrx_word' id='word_1_480' title='bbox 1740 5540 1839 5595; x_wconf 87' lang='lat' dir='ltr'><strong>hoc</strong></span> <span class='ocrx_word' id='word_1_481' title='bbox 1867 5543 2099 5613; x_wconf 82' lang='lat' dir='ltr'><strong>explica-</strong></span> 
     </span>
    </p>
   </div>
   <div class='ocr_carea' id='block_1_59' title="bbox 523 5608 2097 5707">
    <p class='ocr_par' dir='ltr' id='par_1_59' title="bbox 523 5608 2097 5707">
     <span class='ocr_line' id='line_1_59' title="bbox 523 5608 2097 5707; baseline 0.003 -22"><span class='ocrx_word' id='word_1_482' title='bbox 523 5646 585 5703; x_wconf 73' lang='lat' dir='ltr'><strong>rq</strong></span> <span class='ocrx_word' id='word_1_483' title='bbox 612 5631 869 5705; x_wconf 57' lang='lat' dir='ltr'><strong>pollicear.</strong></span> <span class='ocrx_word' id='word_1_484' title='bbox 890 5608 1137 5705; x_wconf 38' lang='lat' dir='ltr'><strong>initiati,</strong></span> <span class='ocrx_word' id='word_1_485' title='bbox 1161 5612 1293 5703; x_wconf 48' lang='lat' dir='ltr'><strong>vos;</strong></span> <span class='ocrx_word' id='word_1_486' title='bbox 1328 5610 1610 5705; x_wconf 59' lang='lat' dir='ltr'><strong>lupumque</strong></span> <span class='ocrx_word' id='word_1_487' title='bbox 1644 5632 1891 5705; x_wconf 69' lang='lat' dir='ltr'><strong>suspicor</strong></span> <span class='ocrx_word' id='word_1_488' title='bbox 1907 5608 2097 5707; x_wconf 66' lang='lat' dir='ltr'><strong>inodu-</strong></span> 
     </span>
    </p>
   </div>
   <div class='ocr_carea' id='block_1_60' title="bbox 629 5760 2093 5829">
    <p class='ocr_par' dir='ltr' id='par_1_60' title="bbox 629 5760 2093 5829">
     <span class='ocr_line' id='line_1_60' title="bbox 629 5760 2093 5829; baseline 0.009 -19"><span class='ocrx_word' id='word_1_489' title='bbox 629 5768 844 5825; x_wconf 80' lang='lat' dir='ltr'><strong>Pterique</strong></span> <span class='ocrx_word' id='word_1_490' title='bbox 869 5772 993 5823; x_wconf 71' lang='lat' dir='ltr'><strong>Mss...</strong></span> <span class='ocrx_word' id='word_1_491' title='bbox 1016 5777 1108 5815; x_wconf 84' lang='lat' dir='ltr'><strong>non</strong></span> <span class='ocrx_word' id='word_1_492' title='bbox 1128 5760 1319 5826; x_wconf 75' lang='lat' dir='ltr'><strong>ungula</strong></span> <span class='ocrx_word' id='word_1_493' title='bbox 1336 5774 1487 5824; x_wconf 82' lang='lat' dir='ltr'><strong>opera</strong></span> <span class='ocrx_word' id='word_1_494' title='bbox 1503 5761 1931 5826; x_wconf 61' lang='grc' dir='ltr'><strong>[αεὶαιτῌῖαιτεςει</strong></span> <span class='ocrx_word' id='word_1_495' title='bbox 1943 5765 2093 5829; x_wconf 68' lang='grc' dir='ltr'><strong>ιΙσῖίΙια.</strong></span> 
     </span>
    </p>
   </div>
   <div class='ocr_carea' id='block_1_61' title="bbox 1528 304 2911 394">
    <p class='ocr_par' dir='ltr' id='par_1_61' title="bbox 1528 304 2911 394">
     <span class='ocr_line' id='line_1_61' title="bbox 1528 304 2911 394; baseline 0.022 -30"><span class='ocrx_word' id='word_1_496' title='bbox 1528 304 1596 364; x_wconf 79' lang='grc' dir='ltr'><strong>ΙΝ</strong></span> <span class='ocrx_word' id='word_1_497' title='bbox 1631 308 1909 370; x_wconf 73' lang='grc' dir='ltr'><strong>ιοΑΝΝιδ</strong></span> <span class='ocrx_word' id='word_1_498' title='bbox 1947 309 2410 387; x_wconf 68' lang='grc' dir='ltr'><strong>ΕνΑΝδΕωυιί,</strong></span> <span class='ocrx_word' id='word_1_499' title='bbox 2450 324 2507 383; x_wconf 91' lang='lat' dir='ltr'><strong>S.</strong></span> <span class='ocrx_word' id='word_1_500' title='bbox 2548 321 2911 394; x_wconf 77' lang='lat' dir='ltr'><strong>AUGUSTINI</strong></span> 
     </span>
    </p>
   </div>
   <div class='ocr_carea' id='block_1_62' title="bbox 3702 360 3807 427">
    <p class='ocr_par' dir='ltr' id='par_1_62' title="bbox 3702 360 3807 427">
     <span class='ocr_line' id='line_1_62' title="bbox 3702 360 3807 427; baseline 0.048 -5"><span class='ocrx_word' id='word_1_501' title='bbox 3702 360 3807 427; x_wconf 67' lang='lat' dir='ltr'><strong>N6</strong></span> 
     </span>
    </p>
   </div>
   <div class='ocr_carea' id='block_1_63' title="bbox 2288 461 3805 566">
    <p class='ocr_par' dir='ltr' id='par_1_63' title="bbox 2288 461 3805 566">
     <span class='ocr_line' id='line_1_63' title="bbox 2288 461 3805 566; baseline 0.03 -51"><span class='ocrx_word' id='word_1_502' title='bbox 2288 461 2393 566; x_wconf 65' lang='lat' dir='ltr'><strong>lum</strong></span> <span class='ocrx_word' id='word_1_503' title='bbox 2416 477 2672 539; x_wconf 84' lang='lat' dir='ltr'><strong>vestrum,</strong></span> <span class='ocrx_word' id='word_1_504' title='bbox 2701 476 2823 532; x_wconf 87' lang='lat' dir='ltr'><strong>novi</strong></span> <span class='ocrx_word' id='word_1_505' title='bbox 2858 487 3035 539; x_wconf 87' lang='lat' dir='ltr'><strong>tamen</strong></span> <span class='ocrx_word' id='word_1_506' title='bbox 3059 498 3255 542; x_wconf 85' lang='lat' dir='ltr'><strong>meum.</strong></span> <span class='ocrx_word' id='word_1_507' title='bbox 3288 488 3347 546; x_wconf 87' lang='lat' dir='ltr'><strong>Si</strong></span> <span class='ocrx_word' id='word_1_508' title='bbox 3384 479 3509 562; x_wconf 61' lang='lat' dir='ltr'><strong>ergo</strong></span> <span class='ocrx_word' id='word_1_509' title='bbox 3534 492 3702 566; x_wconf 69' lang='lat' dir='ltr'><strong>placet.</strong></span> <span class='ocrx_word' id='word_1_510' title='bbox 3723 518 3805 562; x_wconf 82' lang='lat' dir='ltr'><strong>non</strong></span> 
     </span>
    </p>
   </div>
   <div class='ocr_carea' id='block_1_64' title="bbox 2285 552 3804 659">
    <p class='ocr_par' dir='ltr' id='par_1_64' title="bbox 2285 552 3804 659">
     <span class='ocr_line' id='line_1_64' title="bbox 2285 552 3804 659; baseline 0.026 -51"><span class='ocrx_word' id='word_1_511' title='bbox 2285 552 2484 614; x_wconf 87' lang='lat' dir='ltr'><strong>diutius</strong></span> <span class='ocrx_word' id='word_1_512' title='bbox 2512 563 2874 636; x_wconf 75' lang='lat' dir='ltr'><strong>immorcmnr,</strong></span> <span class='ocrx_word' id='word_1_513' title='bbox 2897 590 3266 641; x_wconf 82' lang='lat' dir='ltr'><strong>percurramus</strong></span> <span class='ocrx_word' id='word_1_514' title='bbox 3292 581 3587 647; x_wconf 81' lang='lat' dir='ltr'><strong>lectionem.</strong></span> <span class='ocrx_word' id='word_1_515' title='bbox 3604 598 3653 659; x_wconf 81' lang='lat' dir='ltr'><strong>et</strong></span> <span class='ocrx_word' id='word_1_516' title='bbox 3667 593 3804 659; x_wconf 73' lang='lat' dir='ltr'><strong>videa-</strong></span> 
     </span>
    </p>
   </div>
   <div class='ocr_carea' id='block_1_65' title="bbox 2284 654 3808 749">
    <p class='ocr_par' dir='ltr' id='par_1_65' title="bbox 2284 654 3808 749">
     <span class='ocr_line' id='line_1_65' title="bbox 2284 654 3808 749; baseline 0.026 -50"><span class='ocrx_word' id='word_1_517' title='bbox 2284 663 2400 712; x_wconf 81' lang='lat' dir='ltr'><strong>mus</strong></span> <span class='ocrx_word' id='word_1_518' title='bbox 2423 655 2597 721; x_wconf 71' lang='lat' dir='ltr'><strong>verbis</strong></span> <span class='ocrx_word' id='word_1_519' title='bbox 2621 660 2827 718; x_wconf 87' lang='lat' dir='ltr'><strong>Domini</strong></span> <span class='ocrx_word' id='word_1_520' title='bbox 2851 667 3049 743; x_wconf 63' lang='lat' dir='ltr'><strong>tul-nan</strong></span> <span class='ocrx_word' id='word_1_521' title='bbox 3071 671 3228 741; x_wconf 82' lang='lat' dir='ltr'><strong>corda</strong></span> <span class='ocrx_word' id='word_1_522' title='bbox 3245 675 3508 749; x_wconf 74' lang='lat' dir='ltr'><strong>carnalia;</strong></span> <span class='ocrx_word' id='word_1_523' title='bbox 3533 679 3592 732; x_wconf 84' lang='lat' dir='ltr'><strong>ad</strong></span> <span class='ocrx_word' id='word_1_524' title='bbox 3614 654 3808 743; x_wconf 66' lang='grc' dir='ltr'>ιιὶκίιιτ.</span> 
     </span>
    </p>
   </div>
   <div class='ocr_carea' id='block_1_66' title="bbox 2284 736 3807 841">
    <p class='ocr_par' dir='ltr' id='par_1_66' title="bbox 2284 736 3807 841">
     <span class='ocr_line' id='line_1_66' title="bbox 2284 736 3807 841; baseline 0.028 -53"><span class='ocrx_word' id='word_1_525' title='bbox 2284 736 2415 806; x_wconf 90' lang='lat' dir='ltr'><strong>bari,</strong></span> <span class='ocrx_word' id='word_1_526' title='bbox 2446 759 2511 798; x_wconf 85' lang='lat' dir='ltr'><strong>ne</strong></span> <span class='ocrx_word' id='word_1_527' title='bbox 2544 746 2593 801; x_wconf 91' lang='lat' dir='ltr'><strong>in</strong></span> <span class='ocrx_word' id='word_1_528' title='bbox 2624 764 2689 803; x_wconf 85' lang='lat' dir='ltr'><strong>eo</strong></span> <span class='ocrx_word' id='word_1_529' title='bbox 2730 756 2869 822; x_wconf 88' lang='lat' dir='ltr'><strong>quod</strong></span> <span class='ocrx_word' id='word_1_530' title='bbox 2903 765 3079 835; x_wconf 82' lang='lat' dir='ltr'><strong>tenent</strong></span> <span class='ocrx_word' id='word_1_531' title='bbox 3110 775 3442 834; x_wconf 74' lang='lat' dir='ltr'><strong>remaneant.</strong></span> <span class='ocrx_word' id='word_1_532' title='bbox 3476 767 3807 841; x_wconf 77' lang='lat' dir='ltr'><strong>Extorquealur</strong></span> 
     </span>
    </p>
   </div>
   <div class='ocr_carea' id='block_1_67' title="bbox 2283 835 3807 935">
    <p class='ocr_par' dir='ltr' id='par_1_67' title="bbox 2283 835 3807 935">
     <span class='ocr_line' id='line_1_67' title="bbox 2283 835 3807 935; baseline 0.021 -52"><span class='ocrx_word' id='word_1_533' title='bbox 2283 835 2527 902; x_wconf 86' lang='lat' dir='ltr'><strong>tauquam</strong></span> <span class='ocrx_word' id='word_1_534' title='bbox 2555 840 2734 909; x_wconf 79' lang='lat' dir='ltr'><strong>pueris</strong></span> <span class='ocrx_word' id='word_1_535' title='bbox 2761 844 3015 902; x_wconf 69' lang='lat' dir='ltr'><strong>ludicrum</strong></span> <span class='ocrx_word' id='word_1_536' title='bbox 3058 852 3240 906; x_wconf 89' lang='lat' dir='ltr'><strong>nescio</strong></span> <span class='ocrx_word' id='word_1_537' title='bbox 3265 855 3427 924; x_wconf 76' lang='lat' dir='ltr'><strong>quid,</strong></span> <span class='ocrx_word' id='word_1_538' title='bbox 3473 872 3573 927; x_wconf 87' lang='lat' dir='ltr'><strong>quo</strong></span> <span class='ocrx_word' id='word_1_539' title='bbox 3704 869 3807 927; x_wconf 68' lang='lat' dir='ltr'><strong>main</strong></span> 
     </span>
    </p>
   </div>
   <div class='ocr_carea' id='block_1_68' title="bbox 2278 933 3806 1025">
    <p class='ocr_par' dir='ltr' id='par_1_68' title="bbox 2278 933 3806 1025">
     <span class='ocr_line' id='line_1_68' title="bbox 2278 933 3806 1025; baseline 0.027 -53"><span class='ocrx_word' id='word_1_540' title='bbox 2278 933 2541 1007; x_wconf 63' lang='lat' dir='ltr'><strong>avocant,</strong></span> <span class='ocrx_word' id='word_1_541' title='bbox 2590 940 2645 983; x_wconf 91' lang='lat' dir='ltr'><strong>ut</strong></span> <span class='ocrx_word' id='word_1_542' title='bbox 2674 935 2878 1000; x_wconf 77' lang='lat' dir='ltr'><strong>possint</strong></span> <span class='ocrx_word' id='word_1_543' title='bbox 2914 940 3071 1005; x_wconf 83' lang='lat' dir='ltr'><strong>inseri</strong></span> <span class='ocrx_word' id='word_1_544' title='bbox 3113 942 3322 1025; x_wconf 73' lang='lat' dir='ltr'><strong>utiliora</strong></span> <span class='ocrx_word' id='word_1_545' title='bbox 3363 933 3739 1025; x_wconf 74' lang='lat' dir='ltr'><strong>grandioribus,</strong></span> <span class='ocrx_word' id='word_1_546' title='bbox 3771 972 3806 1011; x_wconf 80' lang='grc' dir='ltr'><strong>ιιι</strong></span> 
     </span>
    </p>
   </div>
   <div class='ocr_carea' id='block_1_69' title="bbox 2275 1019 3804 1125">
    <p class='ocr_par' dir='ltr' id='par_1_69' title="bbox 2275 1019 3804 1125">
     <span class='ocr_line' id='line_1_69' title="bbox 2275 1019 3804 1125; baseline 0.023 -60"><span class='ocrx_word' id='word_1_547' title='bbox 2275 1019 2479 1120; x_wconf 72' lang='lat' dir='ltr'><strong>possint</strong></span> <span class='ocrx_word' id='word_1_548' title='bbox 2502 1021 2759 1088; x_wconf 64' lang='lat' dir='ltr'><strong>prolicere</strong></span> <span class='ocrx_word' id='word_1_549' title='bbox 2785 1030 2874 1097; x_wconf 89' lang='lat' dir='ltr'><strong>qui</strong></span> <span class='ocrx_word' id='word_1_550' title='bbox 2899 1033 3148 1109; x_wconf 85' lang='lat' dir='ltr'><strong>repebant</strong></span> <span class='ocrx_word' id='word_1_551' title='bbox 3174 1035 3224 1089; x_wconf 90' lang='lat' dir='ltr'><strong>in</strong></span> <span class='ocrx_word' id='word_1_552' title='bbox 3253 1019 3417 1092; x_wconf 81' lang='lat' dir='ltr'><strong>terra.</strong></span> <span class='ocrx_word' id='word_1_553' title='bbox 3446 1039 3626 1107; x_wconf 74' lang='lat' dir='ltr'><strong>Surge,</strong></span> <span class='ocrx_word' id='word_1_554' title='bbox 3644 1019 3804 1125; x_wconf 55' lang='lat' dir='ltr'><strong>quam,</strong></span> 
     </span>
    </p>
   </div>
   <div class='ocr_carea' id='block_1_70' title="bbox 2274 1107 3802 1205">
    <p class='ocr_par' dir='ltr' id='par_1_70' title="bbox 2274 1107 3802 1205">
     <span class='ocr_line' id='line_1_70' title="bbox 2274 1107 3802 1205; baseline 0.023 -49"><span class='ocrx_word' id='word_1_555' title='bbox 2274 1107 2500 1175; x_wconf 83' lang='lat' dir='ltr'><strong>su5pira,</strong></span> <span class='ocrx_word' id='word_1_556' title='bbox 2543 1112 2731 1171; x_wconf 81' lang='lat' dir='ltr'><strong>auliela</strong></span> <span class='ocrx_word' id='word_1_557' title='bbox 2762 1118 3047 1191; x_wconf 74' lang='lat' dir='ltr'><strong>desiderio,</strong></span> <span class='ocrx_word' id='word_1_558' title='bbox 3077 1107 3132 1180; x_wconf 82' lang='lat' dir='ltr'><strong>et</strong></span> <span class='ocrx_word' id='word_1_559' title='bbox 3167 1125 3234 1181; x_wconf 87' lang='lat' dir='ltr'><strong>ad</strong></span> <span class='ocrx_word' id='word_1_560' title='bbox 3264 1129 3451 1203; x_wconf 79' lang='lat' dir='ltr'><strong>clausa</strong></span> <span class='ocrx_word' id='word_1_561' title='bbox 3487 1132 3642 1202; x_wconf 85' lang='lat' dir='ltr'><strong>pulsa.</strong></span> <span class='ocrx_word' id='word_1_562' title='bbox 3663 1107 3802 1205; x_wconf 11' lang='lat' dir='ltr'><strong>“Sirae:</strong></span> 
     </span>
    </p>
   </div>
   <div class='ocr_carea' id='block_1_71' title="bbox 2273 1201 3803 1289">
    <p class='ocr_par' dir='ltr' id='par_1_71' title="bbox 2273 1201 3803 1289">
     <span class='ocr_line' id='line_1_71' title="bbox 2273 1201 3803 1289; baseline 0.02 -39"><span class='ocrx_word' id='word_1_563' title='bbox 2273 1202 2377 1250; x_wconf 73' lang='lat' dir='ltr'><strong>leui</strong></span> <span class='ocrx_word' id='word_1_564' title='bbox 2414 1201 2643 1257; x_wconf 82' lang='lat' dir='ltr'><strong>nondum</strong></span> <span class='ocrx_word' id='word_1_565' title='bbox 2688 1206 3083 1282; x_wconf 74' lang='lat' dir='ltr'><strong>desideramus,</strong></span> <span class='ocrx_word' id='word_1_566' title='bbox 3115 1201 3675 1289; x_wconf 74' lang='lat' dir='ltr'><strong>nonduniinliiamus,</strong></span> <span class='ocrx_word' id='word_1_567' title='bbox 3707 1242 3803 1280; x_wconf 88' lang='lat' dir='ltr'><strong>non-</strong></span> 
     </span>
    </p>
   </div>
   <div class='ocr_carea' id='block_1_72' title="bbox 2269 1286 3798 1388">
    <p class='ocr_par' dir='ltr' id='par_1_72' title="bbox 2269 1286 3798 1388">
     <span class='ocr_line' id='line_1_72' title="bbox 2269 1286 3798 1388; baseline 0.022 -47"><span class='ocrx_word' id='word_1_568' title='bbox 2269 1286 2394 1344; x_wconf 85' lang='lat' dir='ltr'><strong>dum</strong></span> <span class='ocrx_word' id='word_1_569' title='bbox 2418 1296 2767 1379; x_wconf 77' lang='lat' dir='ltr'><strong>suspiramus,</strong></span> <span class='ocrx_word' id='word_1_570' title='bbox 2792 1300 3099 1375; x_wconf 76' lang='lat' dir='ltr'><strong>margaritas</strong></span> <span class='ocrx_word' id='word_1_571' title='bbox 3118 1310 3541 1385; x_wconf 89' lang='lat' dir='ltr'><strong>quibuscumque</strong></span> <span class='ocrx_word' id='word_1_572' title='bbox 3567 1318 3798 1388; x_wconf 76' lang='lat' dir='ltr'><strong>projectnri</strong></span> 
     </span>
    </p>
   </div>
   <div class='ocr_carea' id='block_1_73' title="bbox 2268 1392 3798 1479">
    <p class='ocr_par' dir='ltr' id='par_1_73' title="bbox 2268 1392 3798 1479">
     <span class='ocr_line' id='line_1_73' title="bbox 2268 1392 3798 1479; baseline 0.022 -48"><span class='ocrx_word' id='word_1_573' title='bbox 2268 1393 2471 1450; x_wconf 85' lang='lat' dir='ltr'><strong>sumus,</strong></span> <span class='ocrx_word' id='word_1_574' title='bbox 2501 1396 2592 1439; x_wconf 85' lang='lat' dir='ltr'><strong>aut</strong></span> <span class='ocrx_word' id='word_1_575' title='bbox 2622 1392 2929 1467; x_wconf 82' lang='lat' dir='ltr'><strong>margaritas</strong></span> <span class='ocrx_word' id='word_1_576' title='bbox 2957 1398 3372 1472; x_wconf 83' lang='lat' dir='ltr'><strong>qualescumque</strong></span> <span class='ocrx_word' id='word_1_577' title='bbox 3401 1419 3498 1458; x_wconf 89' lang='lat' dir='ltr'><strong>nos</strong></span> <span class='ocrx_word' id='word_1_578' title='bbox 3540 1407 3630 1479; x_wconf 87' lang='lat' dir='ltr'><strong>ipsi</strong></span> <span class='ocrx_word' id='word_1_579' title='bbox 3657 1408 3798 1475; x_wconf 68' lang='lat' dir='ltr'><strong>iuvar</strong></span> 
     </span>
    </p>
   </div>
   <div class='ocr_carea' id='block_1_74' title="bbox 2269 1476 3793 1562">
    <p class='ocr_par' dir='ltr' id='par_1_74' title="bbox 2269 1476 3793 1562">
     <span class='ocr_line' id='line_1_74' title="bbox 2269 1476 3793 1562; baseline 0.018 -35"><span class='ocrx_word' id='word_1_580' title='bbox 2269 1476 2369 1527; x_wconf 87' lang='lat' dir='ltr'><strong>turi</strong></span> <span class='ocrx_word' id='word_1_581' title='bbox 2397 1491 2593 1534; x_wconf 89' lang='lat' dir='ltr'><strong>sumus.</strong></span> <span class='ocrx_word' id='word_1_582' title='bbox 2626 1478 2876 1538; x_wconf 81' lang='lat' dir='ltr'><strong>Moverim</strong></span> <span class='ocrx_word' id='word_1_583' title='bbox 2901 1504 3048 1557; x_wconf 80' lang='lat' dir='ltr'><strong>ergo.</strong></span> <span class='ocrx_word' id='word_1_584' title='bbox 3082 1492 3408 1562; x_wconf 75' lang='lat' dir='ltr'><strong>cliarissimi,</strong></span> <span class='ocrx_word' id='word_1_585' title='bbox 3444 1476 3736 1555; x_wconf 86' lang='lat' dir='ltr'><strong>desiderium</strong></span> <span class='ocrx_word' id='word_1_586' title='bbox 3759 1502 3793 1555; x_wconf 88' lang='lat' dir='ltr'><strong>in</strong></span> 
     </span>
    </p>
   </div>
   <div class='ocr_carea' id='block_1_75' title="bbox 2264 1566 3793 1667">
    <p class='ocr_par' dir='ltr' id='par_1_75' title="bbox 2264 1566 3793 1667">
     <span class='ocr_line' id='line_1_75' title="bbox 2264 1566 3793 1667; baseline 0.019 -49"><span class='ocrx_word' id='word_1_587' title='bbox 2264 1566 2425 1621; x_wconf 88' lang='lat' dir='ltr'><strong>corde</strong></span> <span class='ocrx_word' id='word_1_588' title='bbox 2448 1578 2643 1623; x_wconf 80' lang='lat' dir='ltr'><strong>vestro.</strong></span> <span class='ocrx_word' id='word_1_589' title='bbox 2678 1571 2853 1645; x_wconf 82' lang='lat' dir='ltr'><strong>Mores</strong></span> <span class='ocrx_word' id='word_1_590' title='bbox 2872 1577 3162 1661; x_wconf 82' lang='lat' dir='ltr'><strong>perducunt</strong></span> <span class='ocrx_word' id='word_1_591' title='bbox 3188 1583 3251 1636; x_wconf 88' lang='lat' dir='ltr'><strong>ad</strong></span> <span class='ocrx_word' id='word_1_592' title='bbox 3281 1584 3670 1656; x_wconf 83' lang='lat' dir='ltr'><strong>intelligentiam</strong></span> <span class='ocrx_word' id='word_1_593' title='bbox 3694 1608 3705 1645; x_wconf 95' lang='lat'><strong>:</strong></span> <span class='ocrx_word' id='word_1_594' title='bbox 3726 1607 3793 1667; x_wconf 76' lang='lat' dir='ltr'><strong>ge-</strong></span> 
     </span>
    </p>
   </div>
   <div class='ocr_carea' id='block_1_76' title="bbox 2264 1660 3790 1749">
    <p class='ocr_par' dir='ltr' id='par_1_76' title="bbox 2264 1660 3790 1749">
     <span class='ocr_line' id='line_1_76' title="bbox 2264 1660 3790 1749; baseline 0.016 -42"><span class='ocrx_word' id='word_1_595' title='bbox 2264 1671 2362 1710; x_wconf 74' lang='lat' dir='ltr'><strong>nus</strong></span> <span class='ocrx_word' id='word_1_596' title='bbox 2402 1660 2523 1713; x_wconf 74' lang='lat' dir='ltr'><strong>vino</strong></span> <span class='ocrx_word' id='word_1_597' title='bbox 2562 1664 2801 1730; x_wconf 73' lang='lat' dir='ltr'><strong>perducit</strong></span> <span class='ocrx_word' id='word_1_598' title='bbox 2839 1660 2902 1718; x_wconf 82' lang='lat' dir='ltr'><strong>ad</strong></span> <span class='ocrx_word' id='word_1_599' title='bbox 2932 1684 3100 1737; x_wconf 68' lang='lat' dir='ltr'><strong>genus</strong></span> <span class='ocrx_word' id='word_1_600' title='bbox 3130 1672 3272 1725; x_wconf 65' lang='lat' dir='ltr'><strong>vitm.</strong></span> <span class='ocrx_word' id='word_1_601' title='bbox 3310 1675 3426 1728; x_wconf 79' lang='lat' dir='ltr'><strong>Alia</strong></span> <span class='ocrx_word' id='word_1_602' title='bbox 3472 1678 3572 1731; x_wconf 84' lang='lat' dir='ltr'><strong>vita</strong></span> <span class='ocrx_word' id='word_1_603' title='bbox 3609 1660 3790 1749; x_wconf 72' lang='lat' dir='ltr'><strong>terrena,</strong></span> 
     </span>
    </p>
   </div>
   <div class='ocr_carea' id='block_1_77' title="bbox 2261 1748 3792 1841">
    <p class='ocr_par' dir='ltr' id='par_1_77' title="bbox 2261 1748 3792 1841">
     <span class='ocr_line' id='line_1_77' title="bbox 2261 1748 3792 1841; baseline 0.018 -43"><span class='ocrx_word' id='word_1_604' title='bbox 2261 1748 2360 1800; x_wconf 85' lang='lat' dir='ltr'><strong>alia</strong></span> <span class='ocrx_word' id='word_1_605' title='bbox 2394 1752 2493 1802; x_wconf 75' lang='lat' dir='ltr'><strong>vita</strong></span> <span class='ocrx_word' id='word_1_606' title='bbox 2517 1755 2784 1818; x_wconf 66' lang='lat' dir='ltr'><strong>caelestis;</strong></span> <span class='ocrx_word' id='word_1_607' title='bbox 2816 1757 2917 1811; x_wconf 88' lang='lat' dir='ltr'><strong>alia</strong></span> <span class='ocrx_word' id='word_1_608' title='bbox 2948 1761 3051 1813; x_wconf 84' lang='lat' dir='ltr'><strong>vita</strong></span> <span class='ocrx_word' id='word_1_609' title='bbox 3090 1777 3339 1841; x_wconf 82' lang='lat' dir='ltr'><strong>pecorum</strong></span> <span class='ocrx_word' id='word_1_610' title='bbox 3366 1806 3381 1831; x_wconf 94' lang='lat'><strong>,</strong></span> <span class='ocrx_word' id='word_1_611' title='bbox 3421 1768 3520 1821; x_wconf 84' lang='lat' dir='ltr'><strong>alia</strong></span> <span class='ocrx_word' id='word_1_612' title='bbox 3549 1769 3641 1822; x_wconf 76' lang='lat' dir='ltr'><strong>vita</strong></span> <span class='ocrx_word' id='word_1_613' title='bbox 3667 1773 3792 1841; x_wconf 82' lang='lat' dir='ltr'><strong>humi-</strong></span> 
     </span>
    </p>
   </div>
   <div class='ocr_carea' id='block_1_78' title="bbox 2261 1830 3789 1923">
    <p class='ocr_par' dir='ltr' id='par_1_78' title="bbox 2261 1830 3789 1923">
     <span class='ocr_line' id='line_1_78' title="bbox 2261 1830 3789 1923; baseline 0.018 -34"><span class='ocrx_word' id='word_1_614' title='bbox 2261 1854 2407 1899; x_wconf 88' lang='lat' dir='ltr'><strong>num,</strong></span> <span class='ocrx_word' id='word_1_615' title='bbox 2438 1842 2538 1894; x_wconf 86' lang='lat' dir='ltr'><strong>alia</strong></span> <span class='ocrx_word' id='word_1_616' title='bbox 2565 1846 2669 1897; x_wconf 84' lang='lat' dir='ltr'><strong>vita</strong></span> <span class='ocrx_word' id='word_1_617' title='bbox 2698 1840 3047 1917; x_wconf 78' lang='lat' dir='ltr'><strong>Angeloruni.</strong></span> <span class='ocrx_word' id='word_1_618' title='bbox 3081 1830 3190 1906; x_wconf 76' lang='lat' dir='ltr'><strong>Vita</strong></span> <span class='ocrx_word' id='word_1_619' title='bbox 3224 1870 3480 1923; x_wconf 82' lang='lat' dir='ltr'><strong>peCornm</strong></span> <span class='ocrx_word' id='word_1_620' title='bbox 3505 1863 3707 1916; x_wconf 80' lang='lat' dir='ltr'><strong>terrenis</strong></span> <span class='ocrx_word' id='word_1_621' title='bbox 3726 1878 3789 1915; x_wconf 82' lang='lat' dir='ltr'><strong>vo-</strong></span> 
     </span>
    </p>
   </div>
   <div class='ocr_carea' id='block_1_79' title="bbox 2258 1928 3787 2020">
    <p class='ocr_par' dir='ltr' id='par_1_79' title="bbox 2258 1928 3787 2020">
     <span class='ocr_line' id='line_1_79' title="bbox 2258 1928 3787 2020; baseline 0.016 -40"><span class='ocrx_word' id='word_1_622' title='bbox 2258 1929 2547 1999; x_wconf 88' lang='lat' dir='ltr'><strong>luptatibus</strong></span> <span class='ocrx_word' id='word_1_623' title='bbox 2571 1946 2781 2001; x_wconf 83' lang='lat' dir='ltr'><strong>:cstuat,</strong></span> <span class='ocrx_word' id='word_1_624' title='bbox 2810 1939 2923 1992; x_wconf 88' lang='lat' dir='ltr'><strong>sola</strong></span> <span class='ocrx_word' id='word_1_625' title='bbox 2955 1928 3163 1996; x_wconf 82' lang='lat' dir='ltr'><strong>terrena</strong></span> <span class='ocrx_word' id='word_1_626' title='bbox 3193 1945 3481 2015; x_wconf 88' lang='lat' dir='ltr'><strong>conquirit,</strong></span> <span class='ocrx_word' id='word_1_627' title='bbox 3512 1949 3560 2002; x_wconf 92' lang='lat' dir='ltr'><strong>iu</strong></span> <span class='ocrx_word' id='word_1_628' title='bbox 3583 1967 3638 2003; x_wconf 87' lang='lat' dir='ltr'><strong>ea</strong></span> <span class='ocrx_word' id='word_1_629' title='bbox 3666 1966 3787 2020; x_wconf 76' lang='lat' dir='ltr'><strong>pruna</strong></span> 
     </span>
    </p>
   </div>
   <div class='ocr_carea' id='block_1_80' title="bbox 2256 2026 3785 2101">
    <p class='ocr_par' dir='ltr' id='par_1_80' title="bbox 2256 2026 3785 2101">
     <span class='ocr_line' id='line_1_80' title="bbox 2256 2026 3785 2101; baseline 0.016 -29"><span class='ocrx_word' id='word_1_630' title='bbox 2256 2031 2414 2089; x_wconf 86' lang='lat' dir='ltr'><strong>atque</strong></span> <span class='ocrx_word' id='word_1_631' title='bbox 2432 2039 2481 2093; x_wconf 86' lang='lat' dir='ltr'><strong>pr</strong></span> <span class='ocrx_word' id='word_1_632' title='bbox 2494 2026 2662 2094; x_wconf 83' lang='lat' dir='ltr'><strong>ojccta</strong></span> <span class='ocrx_word' id='word_1_633' title='bbox 2690 2037 2772 2082; x_wconf 90' lang='lat' dir='ltr'><strong>est</strong></span> <span class='ocrx_word' id='word_1_634' title='bbox 2797 2046 2809 2081; x_wconf 92' lang='lat'>:</span> <span class='ocrx_word' id='word_1_635' title='bbox 2836 2030 2938 2084; x_wconf 85' lang='lat' dir='ltr'><strong>vita</strong></span> <span class='ocrx_word' id='word_1_636' title='bbox 2962 2033 3285 2101; x_wconf 81' lang='lat' dir='ltr'><strong>Angelornm</strong></span> <span class='ocrx_word' id='word_1_637' title='bbox 3307 2037 3423 2091; x_wconf 88' lang='lat' dir='ltr'><strong>sola</strong></span> <span class='ocrx_word' id='word_1_638' title='bbox 3445 2041 3661 2095; x_wconf 71' lang='lat' dir='ltr'><strong>cmlestis</strong></span> <span class='ocrx_word' id='word_1_639' title='bbox 3681 2060 3693 2096; x_wconf 87' lang='lat'><strong>:</strong></span> <span class='ocrx_word' id='word_1_640' title='bbox 3713 2045 3785 2097; x_wconf 75' lang='lat' dir='ltr'><strong>vita</strong></span> 
     </span>
    </p>
   </div>
   <div class='ocr_carea' id='block_1_81' title="bbox 2258 2112 3785 2201">
    <p class='ocr_par' dir='ltr' id='par_1_81' title="bbox 2258 2112 3785 2201">
     <span class='ocr_line' id='line_1_81' title="bbox 2258 2112 3785 2201; baseline 0.016 -38"><span class='ocrx_word' id='word_1_641' title='bbox 2258 2112 2528 2169; x_wconf 83' lang='lat' dir='ltr'><strong>hominum</strong></span> <span class='ocrx_word' id='word_1_642' title='bbox 2560 2119 2730 2173; x_wconf 77' lang='lat' dir='ltr'><strong>media</strong></span> <span class='ocrx_word' id='word_1_643' title='bbox 2761 2129 2843 2175; x_wconf 86' lang='lat' dir='ltr'><strong>est</strong></span> <span class='ocrx_word' id='word_1_644' title='bbox 2872 2123 3009 2177; x_wconf 81' lang='lat' dir='ltr'><strong>inter</strong></span> <span class='ocrx_word' id='word_1_645' title='bbox 3044 2127 3369 2194; x_wconf 76' lang='lat' dir='ltr'><strong>Augelorum</strong></span> <span class='ocrx_word' id='word_1_646' title='bbox 3398 2140 3453 2183; x_wconf 90' lang='lat' dir='ltr'><strong>et</strong></span> <span class='ocrx_word' id='word_1_647' title='bbox 3484 2148 3726 2201; x_wconf 83' lang='lat' dir='ltr'><strong>pecorum.</strong></span> <span class='ocrx_word' id='word_1_648' title='bbox 3747 2134 3785 2187; x_wconf 85' lang='lat' dir='ltr'><strong>Si</strong></span> 
     </span>
    </p>
   </div>
   <div class='ocr_carea' id='block_1_82' title="bbox 2256 2204 3883 2292">
    <p class='ocr_par' dir='ltr' id='par_1_82' title="bbox 2256 2204 3883 2292">
     <span class='ocr_line' id='line_1_82' title="bbox 2256 2204 3883 2292; baseline 0.015 -37"><span class='ocrx_word' id='word_1_649' title='bbox 2256 2204 2383 2256; x_wconf 73' lang='lat' dir='ltr'><strong>vivit</strong></span> <span class='ocrx_word' id='word_1_650' title='bbox 2412 2205 2571 2259; x_wconf 77' lang='lat' dir='ltr'><strong>homo</strong></span> <span class='ocrx_word' id='word_1_651' title='bbox 2588 2212 2877 2265; x_wconf 88' lang='lat' dir='ltr'><strong>secundum</strong></span> <span class='ocrx_word' id='word_1_652' title='bbox 2905 2228 3142 2281; x_wconf 82' lang='lat' dir='ltr'><strong>carnem,</strong></span> <span class='ocrx_word' id='word_1_653' title='bbox 3170 2220 3455 2289; x_wconf 77' lang='lat' dir='ltr'><strong>pecoribus</strong></span> <span class='ocrx_word' id='word_1_654' title='bbox 3470 2234 3783 2292; x_wconf 70' lang='lat' dir='ltr'><strong>componitur:</strong></span> <span class='ocrx_word' id='word_1_655' title='bbox 3882 2256 3883 2289; x_wconf 37' lang='grc' dir='ltr'>ξ</span> 
     </span>
    </p>
   </div>
   <div class='ocr_carea' id='block_1_83' title="bbox 2253 2292 3883 2383">
    <p class='ocr_par' dir='ltr' id='par_1_83' title="bbox 2253 2292 3883 2383">
     <span class='ocr_line' id='line_1_83' title="bbox 2253 2292 3883 2383; baseline 0.015 -36"><span class='ocrx_word' id='word_1_656' title='bbox 2253 2293 2295 2347; x_wconf 89' lang='lat' dir='ltr'><strong>si</strong></span> <span class='ocrx_word' id='word_1_657' title='bbox 2320 2293 2443 2347; x_wconf 73' lang='lat' dir='ltr'><strong>vivit</strong></span> <span class='ocrx_word' id='word_1_658' title='bbox 2469 2301 2761 2355; x_wconf 88' lang='lat' dir='ltr'><strong>secundum</strong></span> <span class='ocrx_word' id='word_1_659' title='bbox 2787 2302 3058 2373; x_wconf 79' lang='lat' dir='ltr'><strong>spiritum,</strong></span> <span class='ocrx_word' id='word_1_660' title='bbox 3087 2309 3303 2383; x_wconf 66' lang='lat' dir='ltr'><strong>Angelis</strong></span> <span class='ocrx_word' id='word_1_661' title='bbox 3326 2292 3574 2375; x_wconf 78' lang='lat' dir='ltr'><strong>sociatur.</strong></span> <span class='ocrx_word' id='word_1_662' title='bbox 3611 2315 3785 2381; x_wconf 83' lang='lat' dir='ltr'><strong>Quando</strong></span> <span class='ocrx_word' id='word_1_663' title='bbox 3880 2324 3883 2383; x_wconf 53' lang='lat'>;</span> 
     </span>
    </p>
   </div>
   <div class='ocr_carea' id='block_1_84' title="bbox 2250 2388 3783 2476">
    <p class='ocr_par' dir='ltr' id='par_1_84' title="bbox 2250 2388 3783 2476">
     <span class='ocr_line' id='line_1_84' title="bbox 2250 2388 3783 2476; baseline 0.016 -40"><span class='ocrx_word' id='word_1_664' title='bbox 2250 2388 2539 2442; x_wconf 86' lang='lat' dir='ltr'><strong>secundum</strong></span> <span class='ocrx_word' id='word_1_665' title='bbox 2580 2393 2822 2461; x_wconf 86' lang='lat' dir='ltr'><strong>Spiritum</strong></span> <span class='ocrx_word' id='word_1_666' title='bbox 2852 2396 3019 2463; x_wconf 86' lang='lat' dir='ltr'><strong>vivis,</strong></span> <span class='ocrx_word' id='word_1_667' title='bbox 3051 2414 3230 2467; x_wconf 69' lang='lat' dir='ltr'><strong>quaere</strong></span> <span class='ocrx_word' id='word_1_668' title='bbox 3257 2390 3502 2457; x_wconf 76' lang='lat' dir='ltr'><strong>etiamin</strong></span> <span class='ocrx_word' id='word_1_669' title='bbox 3544 2388 3783 2476; x_wconf 39' lang='lat' dir='ltr'><strong>ipsa-auge</strong></span> 
     </span>
    </p>
   </div>
   <div class='ocr_carea' id='block_1_85' title="bbox 2250 2476 3783 2557">
    <p class='ocr_par' dir='ltr' id='par_1_85' title="bbox 2250 2476 3783 2557">
     <span class='ocr_line' id='line_1_85' title="bbox 2250 2476 3783 2557; baseline 0.014 -28"><span class='ocrx_word' id='word_1_670' title='bbox 2250 2476 2347 2531; x_wconf 88' lang='lat' dir='ltr'><strong>lica</strong></span> <span class='ocrx_word' id='word_1_671' title='bbox 2390 2480 2493 2533; x_wconf 84' lang='lat' dir='ltr'><strong>vita</strong></span> <span class='ocrx_word' id='word_1_672' title='bbox 2524 2492 2694 2537; x_wconf 90' lang='lat' dir='ltr'><strong>utrum</strong></span> <span class='ocrx_word' id='word_1_673' title='bbox 2719 2480 2911 2553; x_wconf 82' lang='lat' dir='ltr'><strong>parvus</strong></span> <span class='ocrx_word' id='word_1_674' title='bbox 2937 2503 3002 2541; x_wconf 90' lang='lat' dir='ltr'><strong>an</strong></span> <span class='ocrx_word' id='word_1_675' title='bbox 3040 2491 3257 2557; x_wconf 86' lang='lat' dir='ltr'><strong>grandis</strong></span> <span class='ocrx_word' id='word_1_676' title='bbox 3286 2480 3471 2549; x_wconf 38' lang='lat' dir='ltr'><strong>sis.&#39;Si</strong></span> <span class='ocrx_word' id='word_1_677' title='bbox 3498 2498 3630 2550; x_wconf 88' lang='lat' dir='ltr'><strong>enim</strong></span> <span class='ocrx_word' id='word_1_678' title='bbox 3652 2480 3783 2552; x_wconf 85' lang='lat' dir='ltr'><strong>adhuc</strong></span> 
     </span>
    </p>
   </div>
   <div class='ocr_carea' id='block_1_86' title="bbox 2250 2564 3780 2656">
    <p class='ocr_par' dir='ltr' id='par_1_86' title="bbox 2250 2564 3780 2656">
     <span class='ocr_line' id='line_1_86' title="bbox 2250 2564 3780 2656; baseline 0.015 -38"><span class='ocrx_word' id='word_1_679' title='bbox 2250 2582 2441 2634; x_wconf 78' lang='lat' dir='ltr'><strong>parvus</strong></span> <span class='ocrx_word' id='word_1_680' title='bbox 2477 2584 2562 2637; x_wconf 89' lang='lat' dir='ltr'><strong>es,</strong></span> <span class='ocrx_word' id='word_1_681' title='bbox 2606 2574 2790 2646; x_wconf 79' lang='lat' dir='ltr'><strong>dicunt</strong></span> <span class='ocrx_word' id='word_1_682' title='bbox 2829 2574 2921 2630; x_wconf 85' lang='lat' dir='ltr'><strong>tibi</strong></span> <span class='ocrx_word' id='word_1_683' title='bbox 2961 2564 3146 2647; x_wconf 69' lang='lat' dir='ltr'><strong>Angeli</strong></span> <span class='ocrx_word' id='word_1_684' title='bbox 3178 2599 3191 2634; x_wconf 90' lang='lat'><strong>:</strong></span> <span class='ocrx_word' id='word_1_685' title='bbox 3230 2580 3467 2648; x_wconf 88' lang='lat' dir='ltr'><strong>Cresce;</strong></span> <span class='ocrx_word' id='word_1_686' title='bbox 3511 2599 3603 2639; x_wconf 90' lang='lat' dir='ltr'><strong>nos</strong></span> <span class='ocrx_word' id='word_1_687' title='bbox 3636 2600 3780 2656; x_wconf 79' lang='lat' dir='ltr'><strong>panem</strong></span> 
     </span>
    </p>
   </div>
   <div class='ocr_carea' id='block_1_87' title="bbox 2247 2659 3780 2744">
    <p class='ocr_par' dir='ltr' id='par_1_87' title="bbox 2247 2659 3780 2744">
     <span class='ocr_line' id='line_1_87' title="bbox 2247 2659 3780 2744; baseline 0.013 -34"><span class='ocrx_word' id='word_1_688' title='bbox 2247 2659 2645 2727; x_wconf 82' lang='lat' dir='ltr'><strong>manducamus,</strong></span> <span class='ocrx_word' id='word_1_689' title='bbox 2679 2670 2729 2717; x_wconf 88' lang='lat' dir='ltr'><strong>tu</strong></span> <span class='ocrx_word' id='word_1_690' title='bbox 2770 2664 2905 2721; x_wconf 82' lang='lat' dir='ltr'><strong>lacte</strong></span> <span class='ocrx_word' id='word_1_691' title='bbox 2937 2669 3171 2734; x_wconf 86' lang='lat' dir='ltr'><strong>nutrire,</strong></span> <span class='ocrx_word' id='word_1_692' title='bbox 3199 2670 3342 2726; x_wconf 72' lang='lat' dir='ltr'><strong>lacte</strong></span> <span class='ocrx_word' id='word_1_693' title='bbox 3380 2672 3533 2739; x_wconf 84' lang='lat' dir='ltr'><strong>ﬁdei,</strong></span> <span class='ocrx_word' id='word_1_694' title='bbox 3566 2684 3616 2729; x_wconf 89' lang='lat' dir='ltr'><strong>ut</strong></span> <span class='ocrx_word' id='word_1_695' title='bbox 3638 2690 3780 2744; x_wconf 76' lang='lat' dir='ltr'><strong>pervc-</strong></span> 
     </span>
    </p>
   </div>
   <div class='ocr_carea' id='block_1_88' title="bbox 2245 2748 3779 2825">
    <p class='ocr_par' dir='ltr' id='par_1_88' title="bbox 2245 2748 3779 2825">
     <span class='ocr_line' id='line_1_88' title="bbox 2245 2748 3779 2825; baseline 0.011 -22"><span class='ocrx_word' id='word_1_696' title='bbox 2245 2751 2359 2803; x_wconf 78' lang='lat' dir='ltr'><strong>nins</strong></span> <span class='ocrx_word' id='word_1_697' title='bbox 2386 2752 2450 2805; x_wconf 85' lang='lat' dir='ltr'><strong>ad</strong></span> <span class='ocrx_word' id='word_1_698' title='bbox 2472 2754 2645 2807; x_wconf 90' lang='lat' dir='ltr'><strong>cibum</strong></span> <span class='ocrx_word' id='word_1_699' title='bbox 2670 2758 2885 2825; x_wconf 86' lang='lat' dir='ltr'><strong>speciei.</strong></span> <span class='ocrx_word' id='word_1_700' title='bbox 2914 2758 2968 2813; x_wconf 87' lang='lat' dir='ltr'><strong>Si</strong></span> <span class='ocrx_word' id='word_1_701' title='bbox 2990 2768 3165 2815; x_wconf 74' lang='lat' dir='ltr'><strong>autem</strong></span> <span class='ocrx_word' id='word_1_702' title='bbox 3195 2762 3375 2818; x_wconf 84' lang='lat' dir='ltr'><strong>adhuc</strong></span> <span class='ocrx_word' id='word_1_703' title='bbox 3405 2763 3628 2820; x_wconf 86' lang='lat' dir='ltr'><strong>inhiatur</strong></span> <span class='ocrx_word' id='word_1_704' title='bbox 3649 2748 3779 2820; x_wconf 79' lang='lat' dir='ltr'><strong>sordi-</strong></span> 
     </span>
    </p>
   </div>
   <div class='ocr_carea' id='block_1_89' title="bbox 2242 2841 3777 2925">
    <p class='ocr_par' dir='ltr' id='par_1_89' title="bbox 2242 2841 3777 2925">
     <span class='ocr_line' id='line_1_89' title="bbox 2242 2841 3777 2925; baseline 0.01 -31"><span class='ocrx_word' id='word_1_705' title='bbox 2242 2841 2324 2895; x_wconf 87' lang='lat' dir='ltr'><strong>dis</strong></span> <span class='ocrx_word' id='word_1_706' title='bbox 2349 2845 2725 2913; x_wconf 87' lang='lat' dir='ltr'><strong>voluptatibus,</strong></span> <span class='ocrx_word' id='word_1_707' title='bbox 2753 2849 2795 2901; x_wconf 89' lang='lat' dir='ltr'><strong>si</strong></span> <span class='ocrx_word' id='word_1_708' title='bbox 2817 2849 2989 2905; x_wconf 85' lang='lat' dir='ltr'><strong>adhuc</strong></span> <span class='ocrx_word' id='word_1_709' title='bbox 3016 2851 3226 2907; x_wconf 80' lang='lat' dir='ltr'><strong>frandes</strong></span> <span class='ocrx_word' id='word_1_710' title='bbox 3263 2856 3583 2925; x_wconf 85' lang='lat' dir='ltr'><strong>cogitantur,</strong></span> <span class='ocrx_word' id='word_1_711' title='bbox 3607 2856 3645 2910; x_wconf 86' lang='lat' dir='ltr'><strong>si</strong></span> <span class='ocrx_word' id='word_1_712' title='bbox 3668 2872 3777 2912; x_wconf 80' lang='lat' dir='ltr'><strong>men-</strong></span> 
     </span>
    </p>
   </div>
   <div class='ocr_carea' id='block_1_90' title="bbox 2240 2932 3774 3013">
    <p class='ocr_par' dir='ltr' id='par_1_90' title="bbox 2240 2932 3774 3013">
     <span class='ocr_line' id='line_1_90' title="bbox 2240 2932 3774 3013; baseline 0.01 -28"><span class='ocrx_word' id='word_1_713' title='bbox 2240 2932 2389 2987; x_wconf 84' lang='lat' dir='ltr'><strong>dacia</strong></span> <span class='ocrx_word' id='word_1_714' title='bbox 2422 2950 2525 2989; x_wconf 90' lang='lat' dir='ltr'><strong>non</strong></span> <span class='ocrx_word' id='word_1_715' title='bbox 2558 2937 2809 2999; x_wconf 85' lang='lat' dir='ltr'><strong>vitantur,</strong></span> <span class='ocrx_word' id='word_1_716' title='bbox 2833 2940 2876 2993; x_wconf 90' lang='lat' dir='ltr'><strong>si</strong></span> <span class='ocrx_word' id='word_1_717' title='bbox 2903 2941 3171 2996; x_wconf 84' lang='lat' dir='ltr'><strong>mendacia</strong></span> <span class='ocrx_word' id='word_1_718' title='bbox 3200 2945 3453 3013; x_wconf 87' lang='lat' dir='ltr'><strong>perjuriis</strong></span> <span class='ocrx_word' id='word_1_719' title='bbox 3472 2947 3774 3009; x_wconf 85' lang='lat' dir='ltr'><strong>cumulantur;</strong></span> 
     </span>
    </p>
   </div>
   <div class='ocr_carea' id='block_1_91' title="bbox 2241 3028 3775 3108">
    <p class='ocr_par' dir='ltr' id='par_1_91' title="bbox 2241 3028 3775 3108">
     <span class='ocr_line' id='line_1_91' title="bbox 2241 3028 3775 3108; baseline 0.008 -29"><span class='ocrx_word' id='word_1_720' title='bbox 2241 3036 2344 3080; x_wconf 90' lang='lat' dir='ltr'><strong>tam</strong></span> <span class='ocrx_word' id='word_1_721' title='bbox 2377 3028 2702 3083; x_wconf 86' lang='lat' dir='ltr'><strong>inunundum</strong></span> <span class='ocrx_word' id='word_1_722' title='bbox 2730 3045 2824 3085; x_wconf 88' lang='lat' dir='ltr'><strong>cor</strong></span> <span class='ocrx_word' id='word_1_723' title='bbox 2849 3034 3010 3087; x_wconf 86' lang='lat' dir='ltr'><strong>audet</strong></span> <span class='ocrx_word' id='word_1_724' title='bbox 3047 3033 3245 3100; x_wconf 87' lang='lat' dir='ltr'><strong>dicere,</strong></span> <span class='ocrx_word' id='word_1_725' title='bbox 3279 3036 3504 3107; x_wconf 80' lang='lat' dir='ltr'><strong>Explica</strong></span> <span class='ocrx_word' id='word_1_726' title='bbox 3532 3039 3649 3093; x_wconf 77' lang='lat' dir='ltr'><strong>milii</strong></span> <span class='ocrx_word' id='word_1_727' title='bbox 3673 3053 3775 3108; x_wconf 84' lang='lat' dir='ltr'><strong>quo-</strong></span> 
     </span>
    </p>
   </div>
   <div class='ocr_carea' id='block_1_92' title="bbox 2238 3119 3777 3200">
    <p class='ocr_par' dir='ltr' id='par_1_92' title="bbox 2238 3119 3777 3200">
     <span class='ocr_line' id='line_1_92' title="bbox 2238 3119 3777 3200; baseline 0.008 -28"><span class='ocrx_word' id='word_1_728' title='bbox 2238 3119 2395 3172; x_wconf 90' lang='lat' dir='ltr'><strong>modo</strong></span> <span class='ocrx_word' id='word_1_729' title='bbox 2421 3121 2842 3189; x_wconf 26' lang='lat' dir='ltr'><strong>vidcl‘Verhum;</strong></span> <span class='ocrx_word' id='word_1_730' title='bbox 2888 3126 3046 3180; x_wconf 87' lang='lat' dir='ltr'><strong>etiam</strong></span> <span class='ocrx_word' id='word_1_731' title='bbox 3098 3128 3141 3181; x_wconf 89' lang='lat' dir='ltr'><strong>si</strong></span> <span class='ocrx_word' id='word_1_732' title='bbox 3177 3130 3381 3197; x_wconf 88' lang='lat' dir='ltr'><strong>possim</strong></span> <span class='ocrx_word' id='word_1_733' title='bbox 3403 3171 3417 3196; x_wconf 91' lang='lat'><strong>,</strong></span> <span class='ocrx_word' id='word_1_734' title='bbox 3462 3133 3612 3186; x_wconf 90' lang='lat' dir='ltr'><strong>etiam</strong></span> <span class='ocrx_word' id='word_1_735' title='bbox 3647 3132 3777 3200; x_wconf 77' lang='lat' dir='ltr'><strong>siego</strong></span> 
     </span>
    </p>
   </div>
   <div class='ocr_carea' id='block_1_93' title="bbox 2229 3209 3774 3293">
    <p class='ocr_par' dir='ltr' id='par_1_93' title="bbox 2229 3209 3774 3293">
     <span class='ocr_line' id='line_1_93' title="bbox 2229 3209 3774 3293; baseline 0.007 -31"><span class='ocrx_word' id='word_1_736' title='bbox 2229 3209 2339 3277; x_wconf 76' lang='lat' dir='ltr'><strong>jam</strong></span> <span class='ocrx_word' id='word_1_737' title='bbox 2366 3211 2608 3266; x_wconf 87' lang='lat' dir='ltr'><strong>videam?</strong></span> <span class='ocrx_word' id='word_1_738' title='bbox 2634 3213 2799 3267; x_wconf 86' lang='lat' dir='ltr'><strong>Porro</strong></span> <span class='ocrx_word' id='word_1_739' title='bbox 2824 3225 3002 3269; x_wconf 85' lang='lat' dir='ltr'><strong>autem</strong></span> <span class='ocrx_word' id='word_1_740' title='bbox 3026 3218 3069 3271; x_wconf 86' lang='lat' dir='ltr'><strong>si</strong></span> <span class='ocrx_word' id='word_1_741' title='bbox 3099 3217 3233 3273; x_wconf 78' lang='lat' dir='ltr'><strong>forte</strong></span> <span class='ocrx_word' id='word_1_742' title='bbox 3257 3234 3365 3289; x_wconf 87' lang='lat' dir='ltr'><strong>ego</strong></span> <span class='ocrx_word' id='word_1_743' title='bbox 3388 3237 3492 3276; x_wconf 92' lang='lat' dir='ltr'><strong>non</strong></span> <span class='ocrx_word' id='word_1_744' title='bbox 3514 3237 3622 3293; x_wconf 85' lang='lat' dir='ltr'><strong>sum</strong></span> <span class='ocrx_word' id='word_1_745' title='bbox 3648 3224 3690 3276; x_wconf 87' lang='lat' dir='ltr'><strong>in</strong></span> <span class='ocrx_word' id='word_1_746' title='bbox 3716 3223 3774 3293; x_wconf 72' lang='lat' dir='ltr'><strong>his</strong></span> 
     </span>
    </p>
   </div>
   <div class='ocr_carea' id='block_1_94' title="bbox 2233 3302 3772 3383">
    <p class='ocr_par' dir='ltr' id='par_1_94' title="bbox 2233 3302 3772 3383">
     <span class='ocr_line' id='line_1_94' title="bbox 2233 3302 3772 3383; baseline 0.008 -31"><span class='ocrx_word' id='word_1_747' title='bbox 2233 3302 2489 3365; x_wconf 80' lang='lat' dir='ltr'><strong>moribus,</strong></span> <span class='ocrx_word' id='word_1_748' title='bbox 2513 3311 2566 3356; x_wconf 91' lang='lat' dir='ltr'><strong>et</strong></span> <span class='ocrx_word' id='word_1_749' title='bbox 2584 3311 2758 3358; x_wconf 87' lang='lat' dir='ltr'><strong>tamen</strong></span> <span class='ocrx_word' id='word_1_750' title='bbox 2780 3305 2846 3356; x_wconf 83' lang='lat' dir='ltr'><strong>ab</strong></span> <span class='ocrx_word' id='word_1_751' title='bbox 2868 3305 2966 3359; x_wconf 88' lang='lat' dir='ltr'><strong>ista</strong></span> <span class='ocrx_word' id='word_1_752' title='bbox 2991 3308 3371 3380; x_wconf 86' lang='lat' dir='ltr'><strong>visionelonge</strong></span> <span class='ocrx_word' id='word_1_753' title='bbox 3394 3327 3540 3377; x_wconf 90' lang='lat' dir='ltr'><strong>sum;</strong></span> <span class='ocrx_word' id='word_1_754' title='bbox 3565 3322 3772 3383; x_wconf 85' lang='lat' dir='ltr'><strong>quantum</strong></span> 
     </span>
    </p>
   </div>
   <div class='ocr_carea' id='block_1_95' title="bbox 2233 3391 3772 3473">
    <p class='ocr_par' dir='ltr' id='par_1_95' title="bbox 2233 3391 3772 3473">
     <span class='ocr_line' id='line_1_95' title="bbox 2233 3391 3772 3473; baseline 0.008 -30"><span class='ocrx_word' id='word_1_755' title='bbox 2233 3391 2320 3445; x_wconf 90' lang='lat' dir='ltr'><strong>ille</strong></span> <span class='ocrx_word' id='word_1_756' title='bbox 2348 3393 2435 3461; x_wconf 90' lang='lat' dir='ltr'><strong>qui</strong></span> <span class='ocrx_word' id='word_1_757' title='bbox 2466 3393 2696 3447; x_wconf 88' lang='lat' dir='ltr'><strong>nondum</strong></span> <span class='ocrx_word' id='word_1_758' title='bbox 2728 3395 2830 3448; x_wconf 84' lang='lat' dir='ltr'><strong>isto</strong></span> <span class='ocrx_word' id='word_1_759' title='bbox 2855 3409 3087 3465; x_wconf 88' lang='lat' dir='ltr'><strong>superno</strong></span> <span class='ocrx_word' id='word_1_760' title='bbox 3115 3399 3385 3457; x_wconf 87' lang='lat' dir='ltr'><strong>desiderio</strong></span> <span class='ocrx_word' id='word_1_761' title='bbox 3412 3393 3617 3473; x_wconf 74' lang='lat' dir='ltr'><strong>rapitur,</strong></span> <span class='ocrx_word' id='word_1_762' title='bbox 3645 3412 3772 3459; x_wconf 61' lang='lat' dir='ltr'><strong>terreo</strong></span> 
     </span>
    </p>
   </div>
   <div class='ocr_carea' id='block_1_96' title="bbox 2232 3482 3771 3555">
    <p class='ocr_par' dir='ltr' id='par_1_96' title="bbox 2232 3482 3771 3555">
     <span class='ocr_line' id='line_1_96' title="bbox 2232 3482 3771 3555; baseline 0.007 -21"><span class='ocrx_word' id='word_1_763' title='bbox 2232 3483 2314 3536; x_wconf 88' lang='lat' dir='ltr'><strong>nis</strong></span> <span class='ocrx_word' id='word_1_764' title='bbox 2365 3482 2645 3539; x_wconf 87' lang='lat' dir='ltr'><strong>desideriis</strong></span> <span class='ocrx_word' id='word_1_765' title='bbox 2691 3489 3082 3555; x_wconf 71' lang='lat' dir='ltr'><strong>prmgravatus?</strong></span> <span class='ocrx_word' id='word_1_766' title='bbox 3134 3490 3352 3546; x_wconf 81' lang='lat' dir='ltr'><strong>Multum</strong></span> <span class='ocrx_word' id='word_1_767' title='bbox 3412 3497 3622 3549; x_wconf 81' lang='lat' dir='ltr'><strong>interest</strong></span> <span class='ocrx_word' id='word_1_768' title='bbox 3666 3490 3771 3547; x_wconf 83' lang='lat' dir='ltr'><strong>inter</strong></span> 
     </span>
    </p>
   </div>
   <div class='ocr_carea' id='block_1_97' title="bbox 2229 3575 3764 3640">
    <p class='ocr_par' dir='ltr' id='par_1_97' title="bbox 2229 3575 3764 3640">
     <span class='ocr_line' id='line_1_97' title="bbox 2229 3575 3764 3640; baseline 0.01 -17"><span class='ocrx_word' id='word_1_769' title='bbox 2229 3583 2556 3627; x_wconf 86' lang='lat' dir='ltr'><strong>aversantem</strong></span> <span class='ocrx_word' id='word_1_770' title='bbox 2576 3583 2628 3629; x_wconf 87' lang='lat' dir='ltr'><strong>et</strong></span> <span class='ocrx_word' id='word_1_771' title='bbox 2643 3575 3033 3633; x_wconf 85' lang='lat' dir='ltr'><strong>desiderantem</strong></span> <span class='ocrx_word' id='word_1_772' title='bbox 3063 3597 3075 3632; x_wconf 88' lang='lat'><strong>:</strong></span> <span class='ocrx_word' id='word_1_773' title='bbox 3103 3589 3155 3635; x_wconf 90' lang='lat' dir='ltr'><strong>et</strong></span> <span class='ocrx_word' id='word_1_774' title='bbox 3178 3581 3372 3636; x_wconf 86' lang='lat' dir='ltr'><strong>iterum</strong></span> <span class='ocrx_word' id='word_1_775' title='bbox 3403 3586 3614 3640; x_wconf 90' lang='lat' dir='ltr'><strong>multum</strong></span> <span class='ocrx_word' id='word_1_776' title='bbox 3635 3586 3764 3638; x_wconf 83' lang='lat' dir='ltr'><strong>inter-</strong></span> 
     </span>
    </p>
   </div>
   <div class='ocr_carea' id='block_1_98' title="bbox 2226 3663 3763 3743">
    <p class='ocr_par' dir='ltr' id='par_1_98' title="bbox 2226 3663 3763 3743">
     <span class='ocr_line' id='line_1_98' title="bbox 2226 3663 3763 3743; baseline 0.01 -28"><span class='ocrx_word' id='word_1_777' title='bbox 2226 3672 2306 3715; x_wconf 91' lang='lat' dir='ltr'><strong>est</strong></span> <span class='ocrx_word' id='word_1_778' title='bbox 2337 3663 2478 3717; x_wconf 76' lang='lat' dir='ltr'><strong>inter</strong></span> <span class='ocrx_word' id='word_1_779' title='bbox 2502 3665 2890 3722; x_wconf 83' lang='lat' dir='ltr'><strong>desiderantem</strong></span> <span class='ocrx_word' id='word_1_780' title='bbox 2918 3676 2973 3723; x_wconf 87' lang='lat' dir='ltr'><strong>et</strong></span> <span class='ocrx_word' id='word_1_781' title='bbox 3027 3669 3311 3727; x_wconf 83' lang='lat' dir='ltr'><strong>fruentem.</strong></span> <span class='ocrx_word' id='word_1_782' title='bbox 3351 3674 3494 3730; x_wconf 86' lang='lat' dir='ltr'><strong>Vivis</strong></span> <span class='ocrx_word' id='word_1_783' title='bbox 3515 3685 3569 3729; x_wconf 91' lang='lat' dir='ltr'><strong>ut</strong></span> <span class='ocrx_word' id='word_1_784' title='bbox 3595 3688 3763 3743; x_wconf 71' lang='lat' dir='ltr'><strong>pecora.</strong></span> 
     </span>
    </p>
   </div>
   <div class='ocr_carea' id='block_1_99' title="bbox 2226 3756 3761 3827">
    <p class='ocr_par' dir='ltr' id='par_1_99' title="bbox 2226 3756 3761 3827">
     <span class='ocr_line' id='line_1_99' title="bbox 2226 3756 3761 3827; baseline 0.009 -24"><span class='ocrx_word' id='word_1_785' title='bbox 2226 3756 2488 3807; x_wconf 75' lang='lat' dir='ltr'><strong>aversaris</strong></span> <span class='ocrx_word' id='word_1_786' title='bbox 2513 3773 2529 3810; x_wconf 86' lang='lat'><strong>:</strong></span> <span class='ocrx_word' id='word_1_787' title='bbox 2561 3758 2744 3825; x_wconf 79' lang='lat' dir='ltr'><strong>Angcli</strong></span> <span class='ocrx_word' id='word_1_788' title='bbox 2771 3760 3130 3827; x_wconf 82' lang='lat' dir='ltr'><strong>perfruuntur.</strong></span> <span class='ocrx_word' id='word_1_789' title='bbox 3164 3763 3240 3817; x_wconf 91' lang='lat' dir='ltr'><strong>&#39;l‘u</strong></span> <span class='ocrx_word' id='word_1_790' title='bbox 3266 3776 3444 3819; x_wconf 85' lang='lat' dir='ltr'><strong>autem</strong></span> <span class='ocrx_word' id='word_1_791' title='bbox 3470 3769 3511 3820; x_wconf 91' lang='lat' dir='ltr'><strong>si</strong></span> <span class='ocrx_word' id='word_1_792' title='bbox 3542 3784 3635 3820; x_wconf 90' lang='lat' dir='ltr'><strong>non</strong></span> <span class='ocrx_word' id='word_1_793' title='bbox 3661 3766 3761 3817; x_wconf 75' lang='lat' dir='ltr'><strong>viris</strong></span> 
     </span>
    </p>
   </div>
   <div class='ocr_carea' id='block_1_100' title="bbox 2226 3851 3761 3928">
    <p class='ocr_par' dir='ltr' id='par_1_100' title="bbox 2226 3851 3761 3928">
     <span class='ocr_line' id='line_1_100' title="bbox 2226 3851 3761 3928; baseline 0.01 -32"><span class='ocrx_word' id='word_1_794' title='bbox 2226 3852 2282 3897; x_wconf 91' lang='lat' dir='ltr'><strong>ut</strong></span> <span class='ocrx_word' id='word_1_795' title='bbox 2309 3859 2497 3913; x_wconf 78' lang='lat' dir='ltr'><strong>pecora</strong></span> <span class='ocrx_word' id='word_1_796' title='bbox 2518 3889 2532 3912; x_wconf 90' lang='lat'><strong>,</strong></span> <span class='ocrx_word' id='word_1_797' title='bbox 2570 3851 2678 3915; x_wconf 85' lang='lat' dir='ltr'><strong>jam</strong></span> <span class='ocrx_word' id='word_1_798' title='bbox 2711 3867 2815 3903; x_wconf 89' lang='lat' dir='ltr'><strong>non</strong></span> <span class='ocrx_word' id='word_1_799' title='bbox 2845 3854 3110 3907; x_wconf 83' lang='lat' dir='ltr'><strong>aversaris</strong></span> <span class='ocrx_word' id='word_1_800' title='bbox 3141 3872 3154 3908; x_wconf 92' lang='lat'><strong>:</strong></span> <span class='ocrx_word' id='word_1_801' title='bbox 3196 3856 3473 3913; x_wconf 84' lang='lat' dir='ltr'><strong>desideras</strong></span> <span class='ocrx_word' id='word_1_802' title='bbox 3501 3858 3696 3928; x_wconf 80' lang='lat' dir='ltr'><strong>aliquid.</strong></span> <span class='ocrx_word' id='word_1_803' title='bbox 3722 3864 3761 3907; x_wconf 60' lang='lat' dir='ltr'><strong>ut</strong></span> 
     </span>
    </p>
   </div>
   <div class='ocr_carea' id='block_1_101' title="bbox 2225 3938 3753 4017">
    <p class='ocr_par' dir='ltr' id='par_1_101' title="bbox 2225 3938 3753 4017">
     <span class='ocr_line' id='line_1_101' title="bbox 2225 3938 3753 4017; baseline 0.01 -31"><span class='ocrx_word' id='word_1_804' title='bbox 2225 3950 2327 3987; x_wconf 90' lang='lat' dir='ltr'><strong>non</strong></span> <span class='ocrx_word' id='word_1_805' title='bbox 2355 3938 2532 4006; x_wconf 85' lang='lat' dir='ltr'><strong>capis;</strong></span> <span class='ocrx_word' id='word_1_806' title='bbox 2567 3940 2821 3993; x_wconf 80' lang='lat' dir='ltr'><strong>inchoasti</strong></span> <span class='ocrx_word' id='word_1_807' title='bbox 2845 3941 2958 4010; x_wconf 90' lang='lat' dir='ltr'><strong>ipso</strong></span> <span class='ocrx_word' id='word_1_808' title='bbox 2983 3943 3249 3999; x_wconf 85' lang='lat' dir='ltr'><strong>desiderio</strong></span> <span class='ocrx_word' id='word_1_809' title='bbox 3275 3949 3435 4002; x_wconf 77' lang='lat' dir='ltr'><strong>vitam</strong></span> <span class='ocrx_word' id='word_1_810' title='bbox 3459 3950 3753 4017; x_wconf 70' lang='lat' dir='ltr'><strong>Angelorum.</strong></span> 
     </span>
    </p>
   </div>
   <div class='ocr_carea' id='block_1_102' title="bbox 2221 4026 3755 4110">
    <p class='ocr_par' dir='ltr' id='par_1_102' title="bbox 2221 4026 3755 4110">
     <span class='ocr_line' id='line_1_102' title="bbox 2221 4026 3755 4110; baseline 0.007 -31"><span class='ocrx_word' id='word_1_811' title='bbox 2221 4026 2436 4080; x_wconf 85' lang='lat' dir='ltr'><strong>Crescat</strong></span> <span class='ocrx_word' id='word_1_812' title='bbox 2466 4027 2516 4080; x_wconf 90' lang='lat' dir='ltr'><strong>in</strong></span> <span class='ocrx_word' id='word_1_813' title='bbox 2547 4037 2618 4095; x_wconf 91' lang='lat' dir='ltr'><strong>te,</strong></span> <span class='ocrx_word' id='word_1_814' title='bbox 2650 4039 2706 4084; x_wconf 85' lang='lat' dir='ltr'><strong>et</strong></span> <span class='ocrx_word' id='word_1_815' title='bbox 2725 4034 3029 4099; x_wconf 79' lang='lat' dir='ltr'><strong>perﬁciatur</strong></span> <span class='ocrx_word' id='word_1_816' title='bbox 3049 4037 3099 4087; x_wconf 90' lang='lat' dir='ltr'><strong>in</strong></span> <span class='ocrx_word' id='word_1_817' title='bbox 3124 4044 3201 4099; x_wconf 88' lang='lat' dir='ltr'><strong>te;</strong></span> <span class='ocrx_word' id='word_1_818' title='bbox 3232 4047 3285 4091; x_wconf 91' lang='lat' dir='ltr'><strong>et</strong></span> <span class='ocrx_word' id='word_1_819' title='bbox 3312 4043 3491 4109; x_wconf 83' lang='lat' dir='ltr'><strong>capias</strong></span> <span class='ocrx_word' id='word_1_820' title='bbox 3518 4043 3608 4093; x_wconf 84' lang='lat' dir='ltr'><strong>hoc</strong></span> <span class='ocrx_word' id='word_1_821' title='bbox 3633 4055 3716 4110; x_wconf 88' lang='lat' dir='ltr'><strong>non</strong></span> <span class='ocrx_word' id='word_1_822' title='bbox 3734 4051 3755 4089; x_wconf 74' lang='grc' dir='ltr'><strong>ι</strong></span> 
     </span>
    </p>
   </div>
   <div class='ocr_carea' id='block_1_103' title="bbox 2220 4118 3285 4191">
    <p class='ocr_par' dir='ltr' id='par_1_103' title="bbox 2220 4118 3285 4191">
     <span class='ocr_line' id='line_1_103' title="bbox 2220 4118 3285 4191; baseline 0.009 -22"><span class='ocrx_word' id='word_1_823' title='bbox 2220 4131 2327 4182; x_wconf 88' lang='lat' dir='ltr'><strong>me,</strong></span> <span class='ocrx_word' id='word_1_824' title='bbox 2356 4118 2447 4171; x_wconf 89' lang='lat' dir='ltr'><strong>sed</strong></span> <span class='ocrx_word' id='word_1_825' title='bbox 2475 4120 2541 4173; x_wconf 91' lang='lat' dir='ltr'><strong>ab</strong></span> <span class='ocrx_word' id='word_1_826' title='bbox 2566 4120 2656 4173; x_wconf 87' lang='lat' dir='ltr'><strong>illo</strong></span> <span class='ocrx_word' id='word_1_827' title='bbox 2686 4122 2773 4191; x_wconf 90' lang='lat' dir='ltr'><strong>qui</strong></span> <span class='ocrx_word' id='word_1_828' title='bbox 2804 4130 2857 4176; x_wconf 88' lang='lat' dir='ltr'><strong>et</strong></span> <span class='ocrx_word' id='word_1_829' title='bbox 2883 4140 2967 4177; x_wconf 87' lang='lat' dir='ltr'><strong>me</strong></span> <span class='ocrx_word' id='word_1_830' title='bbox 2987 4123 3109 4179; x_wconf 80' lang='lat' dir='ltr'><strong>fecit</strong></span> <span class='ocrx_word' id='word_1_831' title='bbox 3135 4136 3189 4181; x_wconf 88' lang='lat' dir='ltr'><strong>et</strong></span> <span class='ocrx_word' id='word_1_832' title='bbox 3215 4136 3285 4181; x_wconf 91' lang='lat' dir='ltr'><strong>te.</strong></span> 
     </span>
    </p>
   </div>
   <div class='ocr_carea' id='block_1_104' title="bbox 2289 4209 3751 4287">
    <p class='ocr_par' dir='ltr' id='par_1_104' title="bbox 2289 4209 3751 4287">
     <span class='ocr_line' id='line_1_104' title="bbox 2289 4209 3751 4287; baseline 0.009 -24"><span class='ocrx_word' id='word_1_833' title='bbox 2289 4209 2343 4265; x_wconf 91' lang='lat'><strong>8.</strong></span> <span class='ocrx_word' id='word_1_834' title='bbox 2388 4209 2584 4265; x_wconf 81' lang='lat' dir='ltr'><strong>Tamen</strong></span> <span class='ocrx_word' id='word_1_835' title='bbox 2618 4228 2721 4266; x_wconf 90' lang='lat' dir='ltr'><strong>non</strong></span> <span class='ocrx_word' id='word_1_836' title='bbox 2766 4224 3049 4286; x_wconf 88' lang='lat' dir='ltr'><strong>utcumque</strong></span> <span class='ocrx_word' id='word_1_837' title='bbox 3074 4234 3170 4273; x_wconf 92' lang='lat' dir='ltr'><strong>nos</strong></span> <span class='ocrx_word' id='word_1_838' title='bbox 3198 4220 3399 4276; x_wconf 87' lang='lat' dir='ltr'><strong>dimisit</strong></span> <span class='ocrx_word' id='word_1_839' title='bbox 3433 4233 3486 4278; x_wconf 89' lang='lat' dir='ltr'><strong>et</strong></span> <span class='ocrx_word' id='word_1_840' title='bbox 3511 4223 3751 4287; x_wconf 84' lang='lat' dir='ltr'><strong>Dominus,</strong></span> 
     </span>
    </p>
   </div>
   <div class='ocr_carea' id='block_1_105' title="bbox 2217 4301 3753 4385">
    <p class='ocr_par' dir='ltr' id='par_1_105' title="bbox 2217 4301 3753 4385">
     <span class='ocr_line' id='line_1_105' title="bbox 2217 4301 3753 4385; baseline 0.006 -30"><span class='ocrx_word' id='word_1_841' title='bbox 2217 4301 2306 4371; x_wconf 90' lang='lat' dir='ltr'><strong>qui</strong></span> <span class='ocrx_word' id='word_1_842' title='bbox 2334 4302 2498 4357; x_wconf 87' lang='lat' dir='ltr'><strong>voluit</strong></span> <span class='ocrx_word' id='word_1_843' title='bbox 2541 4304 2757 4375; x_wconf 86' lang='lat' dir='ltr'><strong>intelligi</strong></span> <span class='ocrx_word' id='word_1_844' title='bbox 2792 4308 2913 4376; x_wconf 88' lang='lat' dir='ltr'><strong>quia</strong></span> <span class='ocrx_word' id='word_1_845' title='bbox 2942 4309 2995 4363; x_wconf 88' lang='lat' dir='ltr'><strong>in</strong></span> <span class='ocrx_word' id='word_1_846' title='bbox 3042 4324 3106 4364; x_wconf 86' lang='lat' dir='ltr'><strong>eo</strong></span> <span class='ocrx_word' id='word_1_847' title='bbox 3134 4311 3275 4380; x_wconf 87' lang='lat' dir='ltr'><strong>quod</strong></span> <span class='ocrx_word' id='word_1_848' title='bbox 3303 4314 3459 4383; x_wconf 73' lang='lat' dir='ltr'><strong>dixit,</strong></span> <span class='ocrx_word' id='word_1_849' title='bbox 3492 4314 3601 4369; x_wconf 83' lang='lat' dir='ltr'><strong>Non</strong></span> <span class='ocrx_word' id='word_1_850' title='bbox 3625 4320 3753 4385; x_wconf 71' lang='lat' dir='ltr'><strong>potest</strong></span> 
     </span>
    </p>
   </div>
   <div class='ocr_carea' id='block_1_106' title="bbox 2218 4390 3751 4471">
    <p class='ocr_par' dir='ltr' id='par_1_106' title="bbox 2218 4390 3751 4471">
     <span class='ocr_line' id='line_1_106' title="bbox 2218 4390 3751 4471; baseline 0.008 -27"><span class='ocrx_word' id='word_1_851' title='bbox 2218 4390 2384 4447; x_wconf 81' lang='lat' dir='ltr'><strong>Filius</strong></span> <span class='ocrx_word' id='word_1_852' title='bbox 2416 4409 2448 4446; x_wconf 88' lang='lat' dir='ltr'><strong>a</strong></span> <span class='ocrx_word' id='word_1_853' title='bbox 2492 4412 2545 4448; x_wconf 80' lang='lat' dir='ltr'><strong>se</strong></span> <span class='ocrx_word' id='word_1_854' title='bbox 2572 4396 2740 4464; x_wconf 77' lang='lat' dir='ltr'><strong>facere</strong></span> <span class='ocrx_word' id='word_1_855' title='bbox 2769 4399 3059 4470; x_wconf 84' lang='lat' dir='ltr'><strong>quidquam,</strong></span> <span class='ocrx_word' id='word_1_856' title='bbox 3088 4405 3185 4457; x_wconf 83' lang='lat' dir='ltr'><strong>nisi</strong></span> <span class='ocrx_word' id='word_1_857' title='bbox 3209 4406 3345 4471; x_wconf 83' lang='lat' dir='ltr'><strong>quod</strong></span> <span class='ocrx_word' id='word_1_858' title='bbox 3382 4407 3552 4461; x_wconf 83' lang='lat' dir='ltr'><strong>viderit</strong></span> <span class='ocrx_word' id='word_1_859' title='bbox 3589 4406 3751 4459; x_wconf 75' lang='lat' dir='ltr'><strong>Patrem</strong></span> 
     </span>
    </p>
   </div>
   <div class='ocr_carea' id='block_1_107' title="bbox 2215 4487 3749 4568">
    <p class='ocr_par' dir='ltr' id='par_1_107' title="bbox 2215 4487 3749 4568">
     <span class='ocr_line' id='line_1_107' title="bbox 2215 4487 3749 4568; baseline 0.006 -29"><span class='ocrx_word' id='word_1_860' title='bbox 2215 4487 2519 4555; x_wconf 74' lang='lat' dir='ltr'><strong>facientem,</strong></span> <span class='ocrx_word' id='word_1_861' title='bbox 2563 4504 2667 4542; x_wconf 90' lang='lat' dir='ltr'><strong>non</strong></span> <span class='ocrx_word' id='word_1_862' title='bbox 2725 4491 2823 4544; x_wconf 89' lang='lat' dir='ltr'><strong>alia</strong></span> <span class='ocrx_word' id='word_1_863' title='bbox 2874 4508 3032 4561; x_wconf 88' lang='lat' dir='ltr'><strong>opera</strong></span> <span class='ocrx_word' id='word_1_864' title='bbox 3078 4493 3236 4550; x_wconf 87' lang='lat' dir='ltr'><strong>Pater</strong></span> <span class='ocrx_word' id='word_1_865' title='bbox 3277 4495 3403 4552; x_wconf 77' lang='lat' dir='ltr'><strong>facit</strong></span> <span class='ocrx_word' id='word_1_866' title='bbox 3449 4514 3561 4568; x_wconf 68' lang='lat' dir='ltr'><strong>qua:</strong></span> <span class='ocrx_word' id='word_1_867' title='bbox 3611 4497 3749 4550; x_wconf 76' lang='lat' dir='ltr'><strong>rideat</strong></span> 
     </span>
    </p>
   </div>
   <div class='ocr_carea' id='block_1_108' title="bbox 2215 4577 3744 4650">
    <p class='ocr_par' dir='ltr' id='par_1_108' title="bbox 2215 4577 3744 4650">
     <span class='ocr_line' id='line_1_108' title="bbox 2215 4577 3744 4650; baseline 0.012 -19"><span class='ocrx_word' id='word_1_868' title='bbox 2215 4577 2407 4645; x_wconf 85' lang='lat' dir='ltr'><strong>Filius,</strong></span> <span class='ocrx_word' id='word_1_869' title='bbox 2440 4589 2492 4634; x_wconf 89' lang='lat' dir='ltr'><strong>et</strong></span> <span class='ocrx_word' id='word_1_870' title='bbox 2526 4581 2627 4634; x_wconf 86' lang='lat' dir='ltr'><strong>alia</strong></span> <span class='ocrx_word' id='word_1_871' title='bbox 2664 4579 2832 4635; x_wconf 85' lang='lat' dir='ltr'><strong>Filius</strong></span> <span class='ocrx_word' id='word_1_872' title='bbox 2851 4600 2971 4638; x_wconf 90' lang='lat' dir='ltr'><strong>cum</strong></span> <span class='ocrx_word' id='word_1_873' title='bbox 3006 4586 3197 4641; x_wconf 89' lang='lat' dir='ltr'><strong>viderit</strong></span> <span class='ocrx_word' id='word_1_874' title='bbox 3232 4587 3440 4645; x_wconf 87' lang='lat' dir='ltr'><strong>Patrem</strong></span> <span class='ocrx_word' id='word_1_875' title='bbox 3480 4591 3744 4650; x_wconf 71' lang='lat' dir='ltr'><strong>facientem;</strong></span> 
     </span>
    </p>
   </div>
   <div class='ocr_carea' id='block_1_109' title="bbox 2215 4669 3744 4743">
    <p class='ocr_par' dir='ltr' id='par_1_109' title="bbox 2215 4669 3744 4743">
     <span class='ocr_line' id='line_1_109' title="bbox 2215 4669 3744 4743; baseline 0.005 -22"><span class='ocrx_word' id='word_1_876' title='bbox 2215 4669 2309 4721; x_wconf 85' lang='lat' dir='ltr'><strong>sed</strong></span> <span class='ocrx_word' id='word_1_877' title='bbox 2353 4670 2538 4725; x_wconf 87' lang='lat' dir='ltr'><strong>eadem</strong></span> <span class='ocrx_word' id='word_1_878' title='bbox 2585 4686 2744 4740; x_wconf 85' lang='lat' dir='ltr'><strong>opera</strong></span> <span class='ocrx_word' id='word_1_879' title='bbox 2794 4674 2907 4743; x_wconf 87' lang='lat' dir='ltr'><strong>ipse</strong></span> <span class='ocrx_word' id='word_1_880' title='bbox 2939 4684 2994 4729; x_wconf 88' lang='lat' dir='ltr'><strong>ct</strong></span> <span class='ocrx_word' id='word_1_881' title='bbox 3034 4677 3191 4733; x_wconf 85' lang='lat' dir='ltr'><strong>Pater</strong></span> <span class='ocrx_word' id='word_1_882' title='bbox 3250 4689 3302 4734; x_wconf 87' lang='lat' dir='ltr'><strong>et</strong></span> <span class='ocrx_word' id='word_1_883' title='bbox 3348 4680 3523 4736; x_wconf 85' lang='lat' dir='ltr'><strong>Filius.</strong></span> <span class='ocrx_word' id='word_1_884' title='bbox 3563 4680 3744 4735; x_wconf 82' lang='lat' dir='ltr'><strong>Secutus</strong></span> 
     </span>
    </p>
   </div>
   <div class='ocr_carea' id='block_1_110' title="bbox 2213 4760 3743 4841">
    <p class='ocr_par' dir='ltr' id='par_1_110' title="bbox 2213 4760 3743 4841">
     <span class='ocr_line' id='line_1_110' title="bbox 2213 4760 3743 4841; baseline 0.011 -31"><span class='ocrx_word' id='word_1_885' title='bbox 2213 4760 2353 4811; x_wconf 86' lang='lat' dir='ltr'><strong>enim</strong></span> <span class='ocrx_word' id='word_1_886' title='bbox 2394 4762 2468 4814; x_wconf 91' lang='lat' dir='ltr'><strong>ait</strong></span> <span class='ocrx_word' id='word_1_887' title='bbox 2507 4778 2520 4812; x_wconf 92' lang='lat'><strong>:</strong></span> <span class='ocrx_word' id='word_1_888' title='bbox 2566 4761 2903 4834; x_wconf 78' lang='lat' dir='ltr'><strong>Quwcumque</strong></span> <span class='ocrx_word' id='word_1_889' title='bbox 2930 4768 3062 4819; x_wconf 88' lang='lat' dir='ltr'><strong>enim</strong></span> <span class='ocrx_word' id='word_1_890' title='bbox 3104 4768 3191 4823; x_wconf 88' lang='lat' dir='ltr'><strong>ille</strong></span> <span class='ocrx_word' id='word_1_891' title='bbox 3230 4772 3440 4841; x_wconf 78' lang='lat' dir='ltr'><strong>fecerit,</strong></span> <span class='ocrx_word' id='word_1_892' title='bbox 3470 4772 3570 4825; x_wconf 70' lang='lat' dir='ltr'><strong>luet:</strong></span> <span class='ocrx_word' id='word_1_893' title='bbox 3602 4779 3641 4824; x_wconf 82' lang='lat' dir='ltr'><strong>et</strong></span> <span class='ocrx_word' id='word_1_894' title='bbox 3671 4765 3743 4820; x_wconf 67' lang='grc' dir='ltr'><strong>Γί-</strong></span> 
     </span>
    </p>
   </div>
   <div class='ocr_carea' id='block_1_111' title="bbox 2214 4848 3740 4927">
    <p class='ocr_par' dir='ltr' id='par_1_111' title="bbox 2214 4848 3740 4927">
     <span class='ocr_line' id='line_1_111' title="bbox 2214 4848 3740 4927; baseline 0.005 -25"><span class='ocrx_word' id='word_1_895' title='bbox 2214 4848 2312 4904; x_wconf 80' lang='lat' dir='ltr'><strong>lias</strong></span> <span class='ocrx_word' id='word_1_896' title='bbox 2352 4851 2581 4905; x_wconf 77' lang='lat' dir='ltr'><strong>similiter</strong></span> <span class='ocrx_word' id='word_1_897' title='bbox 2616 4855 2756 4923; x_wconf 76' lang='lat' dir='ltr'><strong>facit.</strong></span> <span class='ocrx_word' id='word_1_898' title='bbox 2788 4854 2903 4908; x_wconf 82' lang='lat' dir='ltr'><strong>Non</strong></span> <span class='ocrx_word' id='word_1_899' title='bbox 2933 4870 3052 4911; x_wconf 90' lang='lat' dir='ltr'><strong>cum</strong></span> <span class='ocrx_word' id='word_1_900' title='bbox 3084 4857 3174 4913; x_wconf 88' lang='lat' dir='ltr'><strong>ille</strong></span> <span class='ocrx_word' id='word_1_901' title='bbox 3212 4860 3395 4916; x_wconf 82' lang='lat' dir='ltr'><strong>fecerit</strong></span> <span class='ocrx_word' id='word_1_902' title='bbox 3417 4904 3430 4927; x_wconf 90' lang='lat'><strong>,</strong></span> <span class='ocrx_word' id='word_1_903' title='bbox 3473 4863 3567 4916; x_wconf 88' lang='lat' dir='ltr'><strong>alia</strong></span> <span class='ocrx_word' id='word_1_904' title='bbox 3610 4859 3740 4913; x_wconf 80' lang='lat' dir='ltr'><strong>Filius</strong></span> 
     </span>
    </p>
   </div>
   <div class='ocr_carea' id='block_1_112' title="bbox 2212 4939 3738 5022">
    <p class='ocr_par' dir='ltr' id='par_1_112' title="bbox 2212 4939 3738 5022">
     <span class='ocr_line' id='line_1_112' title="bbox 2212 4939 3738 5022; baseline 0.006 -29"><span class='ocrx_word' id='word_1_905' title='bbox 2212 4939 2457 4995; x_wconf 86' lang='lat' dir='ltr'><strong>similiter</strong></span> <span class='ocrx_word' id='word_1_906' title='bbox 2495 4942 2649 5006; x_wconf 82' lang='lat' dir='ltr'><strong>facit;</strong></span> <span class='ocrx_word' id='word_1_907' title='bbox 2679 4945 2770 4999; x_wconf 86' lang='lat' dir='ltr'><strong>sed</strong></span> <span class='ocrx_word' id='word_1_908' title='bbox 2799 4950 3120 5015; x_wconf 78' lang='lat' dir='ltr'><strong>qmecumqitc</strong></span> <span class='ocrx_word' id='word_1_909' title='bbox 3145 4950 3231 5004; x_wconf 87' lang='lat' dir='ltr'><strong>ille</strong></span> <span class='ocrx_word' id='word_1_910' title='bbox 3258 4953 3444 5022; x_wconf 79' lang='lat' dir='ltr'><strong>fecerit,</strong></span> <span class='ocrx_word' id='word_1_911' title='bbox 3472 4954 3572 5006; x_wconf 72' lang='lat' dir='ltr'><strong>luce</strong></span> <span class='ocrx_word' id='word_1_912' title='bbox 3602 4958 3643 5004; x_wconf 85' lang='lat' dir='ltr'><strong>et</strong></span> <span class='ocrx_word' id='word_1_913' title='bbox 3665 4944 3738 5002; x_wconf 81' lang='lat' dir='ltr'><strong>Fi-</strong></span> 
     </span>
    </p>
   </div>
   <div class='ocr_carea' id='block_1_113' title="bbox 2211 5030 3765 5112">
    <p class='ocr_par' dir='ltr' id='par_1_113' title="bbox 2211 5030 3765 5112">
     <span class='ocr_line' id='line_1_113' title="bbox 2211 5030 3765 5112; baseline 0.013 -29"><span class='ocrx_word' id='word_1_914' title='bbox 2211 5030 2308 5083; x_wconf 87' lang='lat' dir='ltr'><strong>lius</strong></span> <span class='ocrx_word' id='word_1_915' title='bbox 2327 5031 2555 5084; x_wconf 75' lang='lat' dir='ltr'><strong>similiter</strong></span> <span class='ocrx_word' id='word_1_916' title='bbox 2580 5033 2719 5101; x_wconf 77' lang='lat' dir='ltr'><strong>facit.</strong></span> <span class='ocrx_word' id='word_1_917' title='bbox 2753 5034 2806 5089; x_wconf 89' lang='lat' dir='ltr'><strong>Si</strong></span> <span class='ocrx_word' id='word_1_918' title='bbox 2837 5035 2952 5090; x_wconf 73' lang='lat' dir='ltr'><strong>lucc</strong></span> <span class='ocrx_word' id='word_1_919' title='bbox 2987 5036 3112 5094; x_wconf 76' lang='lat' dir='ltr'><strong>facit</strong></span> <span class='ocrx_word' id='word_1_920' title='bbox 3146 5039 3311 5096; x_wconf 84' lang='lat' dir='ltr'><strong>Filius</strong></span> <span class='ocrx_word' id='word_1_921' title='bbox 3337 5059 3452 5112; x_wconf 69' lang='lat' dir='ltr'><strong>qua:</strong></span> <span class='ocrx_word' id='word_1_922' title='bbox 3478 5039 3735 5098; x_wconf 74' lang='lat' dir='ltr'><strong>fecerilPa-</strong></span> <span class='ocrx_word' id='word_1_923' title='bbox 3760 5095 3765 5103; x_wconf 91' lang='lat'><strong>.</strong></span> 
     </span>
    </p>
   </div>
   <div class='ocr_carea' id='block_1_114' title="bbox 2212 5120 3733 5201">
    <p class='ocr_par' dir='ltr' id='par_1_114' title="bbox 2212 5120 3733 5201">
     <span class='ocr_line' id='line_1_114' title="bbox 2212 5120 3733 5201; baseline 0.007 -29"><span class='ocrx_word' id='word_1_924' title='bbox 2212 5129 2321 5184; x_wconf 86' lang='lat' dir='ltr'><strong>ter,</strong></span> <span class='ocrx_word' id='word_1_925' title='bbox 2353 5134 2448 5188; x_wconf 86' lang='lat' dir='ltr'><strong>per</strong></span> <span class='ocrx_word' id='word_1_926' title='bbox 2471 5120 2660 5177; x_wconf 77' lang='lat' dir='ltr'><strong>Filium</strong></span> <span class='ocrx_word' id='word_1_927' title='bbox 2692 5124 2812 5179; x_wconf 79' lang='lat' dir='ltr'><strong>facit</strong></span> <span class='ocrx_word' id='word_1_928' title='bbox 2854 5126 3007 5182; x_wconf 85' lang='lat' dir='ltr'><strong>Pater</strong></span> <span class='ocrx_word' id='word_1_929' title='bbox 3048 5147 3062 5183; x_wconf 90' lang='lat'><strong>:</strong></span> <span class='ocrx_word' id='word_1_930' title='bbox 3091 5129 3136 5184; x_wconf 88' lang='lat' dir='ltr'><strong>si</strong></span> <span class='ocrx_word' id='word_1_931' title='bbox 3171 5146 3264 5201; x_wconf 90' lang='lat' dir='ltr'><strong>per</strong></span> <span class='ocrx_word' id='word_1_932' title='bbox 3291 5132 3474 5189; x_wconf 86' lang='lat' dir='ltr'><strong>Filium</strong></span> <span class='ocrx_word' id='word_1_933' title='bbox 3513 5132 3733 5199; x_wconf 68' lang='lat' dir='ltr'><strong>lacuque</strong></span> 
     </span>
    </p>
   </div>
   <div class='ocr_carea' id='block_1_115' title="bbox 2210 5208 3734 5287">
    <p class='ocr_par' dir='ltr' id='par_1_115' title="bbox 2210 5208 3734 5287">
     <span class='ocr_line' id='line_1_115' title="bbox 2210 5208 3734 5287; baseline 0.012 -24"><span class='ocrx_word' id='word_1_934' title='bbox 2210 5208 2334 5265; x_wconf 78' lang='lat' dir='ltr'><strong>facit</strong></span> <span class='ocrx_word' id='word_1_935' title='bbox 2356 5211 2529 5277; x_wconf 84' lang='lat' dir='ltr'><strong>Pater,</strong></span> <span class='ocrx_word' id='word_1_936' title='bbox 2562 5228 2665 5268; x_wconf 89' lang='lat' dir='ltr'><strong>non</strong></span> <span class='ocrx_word' id='word_1_937' title='bbox 2705 5215 2807 5269; x_wconf 82' lang='lat' dir='ltr'><strong>alia</strong></span> <span class='ocrx_word' id='word_1_938' title='bbox 2844 5215 3002 5272; x_wconf 86' lang='lat' dir='ltr'><strong>Pater</strong></span> <span class='ocrx_word' id='word_1_939' title='bbox 3025 5259 3040 5283; x_wconf 94' lang='lat'><strong>,</strong></span> <span class='ocrx_word' id='word_1_940' title='bbox 3073 5220 3175 5277; x_wconf 88' lang='lat' dir='ltr'><strong>alia</strong></span> <span class='ocrx_word' id='word_1_941' title='bbox 3206 5221 3368 5278; x_wconf 84' lang='lat' dir='ltr'><strong>Filius</strong></span> <span class='ocrx_word' id='word_1_942' title='bbox 3390 5224 3538 5287; x_wconf 75' lang='lat' dir='ltr'><strong>facit;</strong></span> <span class='ocrx_word' id='word_1_943' title='bbox 3564 5219 3644 5277; x_wconf 78' lang='lat' dir='ltr'><strong>sed</strong></span> <span class='ocrx_word' id='word_1_944' title='bbox 3664 5231 3734 5272; x_wconf 67' lang='grc' dir='ltr'><strong>ω·</strong></span> 
     </span>
    </p>
   </div>
   <div class='ocr_carea' id='block_1_116' title="bbox 2207 5301 3728 5387">
    <p class='ocr_par' dir='ltr' id='par_1_116' title="bbox 2207 5301 3728 5387">
     <span class='ocr_line' id='line_1_116' title="bbox 2207 5301 3728 5387; baseline 0.009 -31"><span class='ocrx_word' id='word_1_945' title='bbox 2207 5301 2328 5357; x_wconf 91' lang='lat' dir='ltr'><strong>dem</strong></span> <span class='ocrx_word' id='word_1_946' title='bbox 2357 5319 2519 5372; x_wconf 87' lang='lat' dir='ltr'><strong>opera</strong></span> <span class='ocrx_word' id='word_1_947' title='bbox 2561 5316 2679 5361; x_wconf 88' lang='lat' dir='ltr'><strong>sunt</strong></span> <span class='ocrx_word' id='word_1_948' title='bbox 2720 5306 2895 5363; x_wconf 81' lang='lat' dir='ltr'><strong>Patris</strong></span> <span class='ocrx_word' id='word_1_949' title='bbox 2933 5319 2993 5366; x_wconf 86' lang='lat' dir='ltr'><strong>et</strong></span> <span class='ocrx_word' id='word_1_950' title='bbox 3030 5312 3169 5369; x_wconf 88' lang='lat' dir='ltr'><strong>Filii.</strong></span> <span class='ocrx_word' id='word_1_951' title='bbox 3197 5315 3265 5370; x_wconf 86' lang='lat' dir='ltr'><strong>Et</strong></span> <span class='ocrx_word' id='word_1_952' title='bbox 3300 5316 3551 5387; x_wconf 86' lang='lat' dir='ltr'><strong>quomodo</strong></span> <span class='ocrx_word' id='word_1_953' title='bbox 3577 5312 3728 5369; x_wconf 77' lang='lat' dir='ltr'><strong>eadem</strong></span> 
     </span>
    </p>
   </div>
   <div class='ocr_carea' id='block_1_117' title="bbox 2208 5393 3726 5464">
    <p class='ocr_par' dir='ltr' id='par_1_117' title="bbox 2208 5393 3726 5464">
     <span class='ocr_line' id='line_1_117' title="bbox 2208 5393 3726 5464; baseline 0.006 -16"><span class='ocrx_word' id='word_1_954' title='bbox 2208 5393 2334 5449; x_wconf 82' lang='lat' dir='ltr'><strong>facit</strong></span> <span class='ocrx_word' id='word_1_955' title='bbox 2359 5405 2413 5451; x_wconf 87' lang='lat' dir='ltr'><strong>et</strong></span> <span class='ocrx_word' id='word_1_956' title='bbox 2436 5396 2645 5452; x_wconf 77' lang='lat' dir='ltr'><strong>Filius?</strong></span> <span class='ocrx_word' id='word_1_957' title='bbox 2670 5399 2736 5454; x_wconf 86' lang='lat' dir='ltr'><strong>Et</strong></span> <span class='ocrx_word' id='word_1_958' title='bbox 2759 5401 2946 5457; x_wconf 87' lang='lat' dir='ltr'><strong>eadem</strong></span> <span class='ocrx_word' id='word_1_959' title='bbox 2970 5413 3033 5458; x_wconf 84' lang='lat' dir='ltr'><strong>et</strong></span> <span class='ocrx_word' id='word_1_960' title='bbox 3046 5406 3292 5462; x_wconf 77' lang='lat' dir='ltr'><strong>similiter.</strong></span> <span class='ocrx_word' id='word_1_961' title='bbox 3319 5408 3395 5464; x_wconf 85' lang='lat' dir='ltr'><strong>Ne</strong></span> <span class='ocrx_word' id='word_1_962' title='bbox 3426 5406 3552 5463; x_wconf 79' lang='lat' dir='ltr'><strong>forte</strong></span> <span class='ocrx_word' id='word_1_963' title='bbox 3576 5403 3726 5460; x_wconf 83' lang='lat' dir='ltr'><strong>eadem</strong></span> 
     </span>
    </p>
   </div>
   <div class='ocr_carea' id='block_1_118' title="bbox 2206 5484 3727 5564">
    <p class='ocr_par' dir='ltr' id='par_1_118' title="bbox 2206 5484 3727 5564">
     <span class='ocr_line' id='line_1_118' title="bbox 2206 5484 3727 5564; baseline 0.007 -24"><span class='ocrx_word' id='word_1_964' title='bbox 2206 5484 2298 5540; x_wconf 87' lang='lat' dir='ltr'><strong>sed</strong></span> <span class='ocrx_word' id='word_1_965' title='bbox 2323 5486 2686 5544; x_wconf 85' lang='lat' dir='ltr'><strong>dissimiliter:</strong></span> <span class='ocrx_word' id='word_1_966' title='bbox 2717 5488 2930 5559; x_wconf 86' lang='lat' dir='ltr'><strong>Eadem,</strong></span> <span class='ocrx_word' id='word_1_967' title='bbox 2955 5493 3141 5564; x_wconf 88' lang='lat' dir='ltr'><strong>inquit,</strong></span> <span class='ocrx_word' id='word_1_968' title='bbox 3182 5510 3230 5552; x_wconf 80' lang='lat' dir='ltr'><strong>et</strong></span> <span class='ocrx_word' id='word_1_969' title='bbox 3261 5500 3497 5554; x_wconf 86' lang='lat' dir='ltr'><strong>similiter.</strong></span> <span class='ocrx_word' id='word_1_970' title='bbox 3534 5497 3593 5551; x_wconf 81' lang='lat' dir='ltr'><strong>Et</strong></span> <span class='ocrx_word' id='word_1_971' title='bbox 3624 5504 3727 5563; x_wconf 84' lang='lat' dir='ltr'><strong>quo-</strong></span> 
     </span>
    </p>
   </div>
   <div class='ocr_carea' id='block_1_119' title="bbox 2205 5577 3722 5663">
    <p class='ocr_par' dir='ltr' id='par_1_119' title="bbox 2205 5577 3722 5663">
     <span class='ocr_line' id='line_1_119' title="bbox 2205 5577 3722 5663; baseline 0.008 -31"><span class='ocrx_word' id='word_1_972' title='bbox 2205 5577 2364 5633; x_wconf 89' lang='lat' dir='ltr'><strong>modo</strong></span> <span class='ocrx_word' id='word_1_973' title='bbox 2380 5589 2565 5648; x_wconf 83' lang='lat' dir='ltr'><strong>posset.</strong></span> <span class='ocrx_word' id='word_1_974' title='bbox 2581 5580 2765 5636; x_wconf 87' lang='lat' dir='ltr'><strong>eadem</strong></span> <span class='ocrx_word' id='word_1_975' title='bbox 2786 5597 2897 5639; x_wconf 85' lang='lat' dir='ltr'><strong>non</strong></span> <span class='ocrx_word' id='word_1_976' title='bbox 2914 5586 3156 5643; x_wconf 79' lang='lat' dir='ltr'><strong>similiter</strong></span> <span class='ocrx_word' id='word_1_977' title='bbox 3169 5588 3434 5663; x_wconf 63' lang='lat' dir='ltr'><strong>lAccipite</strong></span> <span class='ocrx_word' id='word_1_978' title='bbox 3451 5586 3722 5657; x_wconf 62' lang='lat' dir='ltr'><strong>exemplum</strong></span> 
     </span>
    </p>
   </div>
   <div class='ocr_carea' id='block_1_120' title="bbox 2207 5672 3723 5753">
    <p class='ocr_par' dir='ltr' id='par_1_120' title="bbox 2207 5672 3723 5753">
     <span class='ocr_line' id='line_1_120' title="bbox 2207 5672 3723 5753; baseline 0.005 -27"><span class='ocrx_word' id='word_1_979' title='bbox 2207 5672 2351 5741; x_wconf 78' lang='lat' dir='ltr'><strong>quod</strong></span> <span class='ocrx_word' id='word_1_980' title='bbox 2374 5683 2501 5743; x_wconf 87' lang='lat' dir='ltr'><strong>puto</strong></span> <span class='ocrx_word' id='word_1_981' title='bbox 2524 5674 2590 5729; x_wconf 89' lang='lat' dir='ltr'><strong>ad</strong></span> <span class='ocrx_word' id='word_1_982' title='bbox 2621 5691 2715 5731; x_wconf 87' lang='lat' dir='ltr'><strong>vos</strong></span> <span class='ocrx_word' id='word_1_983' title='bbox 2743 5692 2852 5733; x_wconf 88' lang='lat' dir='ltr'><strong>non</strong></span> <span class='ocrx_word' id='word_1_984' title='bbox 2880 5680 2955 5735; x_wconf 81' lang='lat' dir='ltr'><strong>sit</strong></span> <span class='ocrx_word' id='word_1_985' title='bbox 2978 5684 3179 5753; x_wconf 80' lang='lat' dir='ltr'><strong>grande</strong></span> <span class='ocrx_word' id='word_1_986' title='bbox 3206 5698 3365 5742; x_wconf 80' lang='lat' dir='ltr'><strong>:cum</strong></span> <span class='ocrx_word' id='word_1_987' title='bbox 3389 5684 3638 5743; x_wconf 83' lang='lat' dir='ltr'><strong>scribimus</strong></span> <span class='ocrx_word' id='word_1_988' title='bbox 3657 5675 3723 5729; x_wconf 85' lang='lat' dir='ltr'><strong>lil-</strong></span> 
     </span>
    </p>
   </div>
   <div class='ocr_carea' id='block_1_121' title="bbox 2204 5763 3726 5845">
    <p class='ocr_par' dir='ltr' id='par_1_121' title="bbox 2204 5763 3726 5845">
     <span class='ocr_line' id='line_1_121' title="bbox 2204 5763 3726 5845; baseline 0.004 -23"><span class='ocrx_word' id='word_1_989' title='bbox 2204 5771 2365 5837; x_wconf 66' lang='lat' dir='ltr'><strong>teras.</strong></span> <span class='ocrx_word' id='word_1_990' title='bbox 2413 5763 2533 5822; x_wconf 79' lang='lat' dir='ltr'><strong>facit</strong></span> <span class='ocrx_word' id='word_1_991' title='bbox 2557 5780 2648 5823; x_wconf 80' lang='lat' dir='ltr'><strong>eas</strong></span> <span class='ocrx_word' id='word_1_992' title='bbox 2680 5767 2865 5836; x_wconf 62' lang='lat' dir='ltr'><strong>prium</strong></span> <span class='ocrx_word' id='word_1_993' title='bbox 2891 5768 3266 5845; x_wconf 53' lang='lat' dir='ltr'><strong>caenosa-mn,</strong></span> <span class='ocrx_word' id='word_1_994' title='bbox 3296 5772 3350 5834; x_wconf 75' lang='lat' dir='ltr'><strong>et</strong></span> <span class='ocrx_word' id='word_1_995' title='bbox 3375 5772 3551 5834; x_wconf 65' lang='lat' dir='ltr'><strong>deinde</strong></span> <span class='ocrx_word' id='word_1_996' title='bbox 3574 5780 3726 5828; x_wconf 66' lang='lat' dir='ltr'><strong>manus</strong></span> 
     </span>
    </p>
   </div>
  </div>
