3916 6382
550 5030 568 5165 Ρ

537 5169 563 5249 ξ.

573 344 715 403 ιω

571 454 866 523 mordacis,
908 456 1175 525 precepts
1214 447 1453 519 iustitiae.
1500 445 1598 502 Est
1639 444 1780 515 quod
1821 442 2025 511 videas,
2054 440 2151 497 sed

572 564 679 607 non
708 556 792 604 est
830 544 974 602 unde
1001 542 1201 598 videas.
1245 537 1361 594 Non
1389 536 1519 593 mihi
1546 544 1702 591 antea
1727 533 1985 591 credebas
2029 529 2153 601 quia

570 651 655 700 est
679 639 823 713 quod
859 638 1042 694 videas
1079 634 1253 691 :ducc
1279 630 1505 703 quadam
1547 630 1751 685 ratione
1772 626 2030 682 adductus
2056 638 2149 680 es:

572 727 973 803 propinquasti,
1023 721 1333 788 intendisti,
1383 717 1684 792 palpitasti,
1731 716 1987 789 refugisti.
2037 714 2155 771 Scis

570 833 719 880 certe
743 837 862 878 esse
900 816 1042 891 quod
1065 816 1269 881 videas,
1308 804 1404 871 sui
1430 811 1679 867 idoneum
1704 825 1812 865 non
1841 819 1891 865 te
1915 821 2036 864 esse
2062 805 2154 877 qui

572 914 769 971 videas.
797 911 939 983 Ergo
965 922 1175 966 curare.
1197 906 1328 976 Quae
1348 900 1754 973 suntcollyria?
1782 899 1898 956 Noli
1919 897 2149 963 mentiri,

570 1002 678 1059 noli
710 1001 1001 1073 periurare,
1029 997 1138 1053 noli
1165 995 1487 1060 adulterare,
1516 991 1626 1048 noli
1656 989 1841 1054 furari,
1871 987 1978 1043 noli
2007 986 2153 1041 frau-

577 1095 729 1150 dare.
758 1093 865 1150 Sed
880 1089 1170 1154 consuesti,
1195 1098 1249 1143 et
1272 1101 1394 1142 cum
1416 1085 1591 1156 aliquo
1613 1082 1798 1139 dolore
1818 1096 1849 1136 a
1864 1087 2154 1136 consuetu-

573 1185 698 1241 dine
722 1183 991 1239 revocaris
1013 1198 1025 1233 :
1048 1180 1149 1235 hoc
1176 1184 1259 1234 est
1282 1174 1423 1248 quod
1444 1173 1671 1239 mordet,
1699 1170 1794 1228 sed
1819 1176 1993 1225 sanat.
2022 1168 2154 1224 Nam

573 1276 695 1332 dico
725 1273 820 1330 tibi
861 1271 1097 1335 liberius,
1129 1285 1195 1325 ex
1222 1268 1412 1323 timore
1448 1274 1502 1320 et
1528 1278 1648 1319 meo
1676 1271 1729 1318 et
1755 1271 1847 1316 tuo
1874 1279 1887 1315 :
1911 1261 1956 1316 si
1981 1258 2157 1316 curari

574 1364 861 1428 destiteris,
887 1372 941 1418 et
958 1374 1078 1417 esse
1093 1359 1315 1414 idoneus
1335 1355 1401 1410 ad
1419 1351 1791 1426 perfruendum
1804 1351 1905 1406 hac
1921 1349 2038 1405 luce
2058 1364 2155 1404 ne-

573 1451 1124 1527 glexeris,valetudine
1133 1449 1410 1505 oculorum
1424 1456 1656 1511 tuorum;
1672 1443 1919 1499 tenebras
1931 1441 2153 1507 amabis;

574 1557 627 1604 et
639 1544 865 1602 amando
882 1543 1146 1605 tenebras,
1162 1541 1215 1596 in
1231 1538 1463 1595 tenebris
1474 1534 1797 1601 remanebis;
1814 1542 1868 1591 et
1879 1548 2158 1590 remanen-

574 1635 644 1692 do
660 1634 982 1699 intenebris,
1001 1633 1161 1687 etiam
1179 1630 1231 1683 in
1249 1627 1501 1683 tenebras
1515 1625 1807 1681 exteriores
1829 1622 2119 1694 projicieris
2139 1638 2153 1675 :

573 1726 642 1782 ibi
667 1723 770 1781 erit
798 1712 955 1778 fletus
990 1729 1047 1777 et
1069 1719 1266 1774 stridor
1285 1717 1523 1773 dentium
1547 1714 1759 1788 (Matth.
1788 1730 1919 1781 χιιι,
1951 1714 2059 1784 l3).
2098 1712 2157 1770 Si

576 1814 706 1870 nihil
745 1814 798 1868 in
829 1821 882 1868 te
907 1809 1131 1866 faciebat
1175 1823 1326 1863 amor
1353 1807 1486 1861 luris
1509 1847 1524 1872 ,
1564 1804 1721 1861 fciat
1748 1804 1907 1859 timor
1934 1803 2153 1858 doloris.

648 1906 737 1961 l2.
759 1903 1096 1960 Sufﬁcienter
1124 1915 1211 1955 me
1248 1899 1480 1954 locutum
1513 1897 1761 1962 arbitror,
1794 1904 1847 1950 et
1875 1894 2155 1950 lectionem

576 2008 752 2052 tamen
783 1992 1141 2065 evangelicum
1171 2005 1277 2046 non
1305 1988 1448 2043 ﬁnivi
1474 2005 1486 2041 :
1515 1989 1559 2044 si
1591 1987 1765 2042 dicam
1786 1986 1987 2056 reliqua
2014 2000 2156 2041 one-

576 2090 706 2145 rabo
735 2102 849 2150 vos,
879 2094 932 2142 et
958 2084 1121 2139 timeo
1146 2097 1215 2137 ne
1239 2081 1398 2136 etiam
1420 2078 1561 2150 quod
1594 2078 1838 2133 haustum
1867 2085 1950 2131 est
1975 2075 2153 2132 eﬁ'un-

575 2180 770 2244 datur;
797 2176 1061 2233 sufﬁciant
1079 2190 1207 2246 ergo
1229 2174 1329 2229 ista
1349 2170 1606 2227 Charitati
1645 2179 1857 2225 vestrm.
1883 2169 2159 2225 Debitores

587 2287 806 2338 sumus,
854 2286 961 2325 non
1002 2283 1181 2334 nunc,
1234 2267 1327 2322 sed
1370 2280 1584 2334 semper
1611 2263 1861 2333 quamdiu
1891 2261 2157 2331 vivimus;

574 2367 696 2436 quia
726 2374 939 2434 propter
963 2378 1057 2418 vos
1073 2361 1314 2415 vivimus.
1336 2358 1713 2413 Verumtamen
1728 2356 1890 2410 vitam
1914 2364 2153 2409 nostram

578 2460 732 2515 istam
778 2456 1076 2516 inﬁrmant,
1126 2452 1466 2512 laboriosam,
1524 2449 1906 2518 periculosam,
1963 2447 2014 2500 in
2059 2446 2159 2501 hoc

578 2548 776 2605 mundo
799 2562 930 2603 cons
954 2544 1148 2601 flamini
1179 2542 1314 2600 bene
1342 2541 1569 2597 vivendo
1588 2582 1601 2605 ,
1623 2540 1786 2595 nolite
1824 2554 1923 2593 nos
1960 2536 2160 2592 contri-

574 2652 715 2698 stare
725 2650 778 2697 et
793 2650 1020 2696 alti-rere
1038 2638 1189 2692 malis
1209 2636 1444 2690 moribus
1458 2632 1669 2689 vestris.
1687 2631 1818 2687 Cum
1831 2632 1973 2687 enim
1986 2629 2157 2685 oﬁ‘en-

576 2736 752 2791 (timur
773 2732 909 2789 mala
925 2732 1027 2786 vita
1046 2737 1240 2794 vestra,
1255 2728 1297 2782 si
1317 2726 1637 2797 refugiamus
1648 2741 1676 2776 a
1690 2723 1859 2785 vobis,
1875 2731 1930 2777 et
1941 2736 2158 2792 separe-

574 2843 695 2883 mus
707 2840 804 2881 nos
816 2840 845 2878 a
860 2823 1028 2888 vobis,
1041 2830 1093 2876 et
1103 2820 1168 2874 ad
1179 2833 1277 2873 vos
1288 2833 1392 2872 non
1402 2815 1734 2879 accedamus;
1750 2829 1926 2868 nonne
1936 2827 2161 2883 conque.

574 2915 787 2981 remitti,
817 2923 868 2968 et
884 2912 1102 2967 dicetis:
1126 2909 1252 2964 Etsi
1282 2908 1684 2977 languebantus,
1713 2904 2002 2969 curaretis;
2033 2911 2088 2957 et
2115 2902 2160 2958 si

577 3007 997 3072 intlrmahamur,
1022 3001 1338 3058 visitaretis?
1377 3000 1512 3055 Ecce
1538 3012 1805 3062 curamus,
1822 3010 1950 3052 ecce
1981 2995 2163 3049 visita-

580 3116 699 3157 ruus
713 3100 808 3157 sed
838 3115 942 3155 non
968 3097 1117 3152 nobis
1149 3095 1237 3149 ﬁat
1254 3091 1519 3163 quomodo
1545 3090 1765 3145 audistis
1787 3088 1857 3143 ab
1886 3087 2159 3158 ApoStolo,

525 3215 550 3235 ν
576 3189 753 3249 Timeo
778 3206 841 3245 ne
863 3190 971 3244 sine
997 3203 1150 3241 causa
1177 3183 1502 3240 laboraverim
1515 3182 1567 3235 in
1590 3196 1673 3235 vos
1690 3180 1707 3211 ¹
1726 3177 1918 3252 (Galat.
1947 3194 2017 3244 tv,
2047 3175 2160 3249 Η).

1060 3294 1469 3354 TRACTATUS
1505 3292 1648 3350 XIX.

578 3413 654 3471 Ab
680 3428 738 3469 eo
761 3410 895 3482 quod
913 3409 1156 3479 scriptum
1179 3415 1273 3473 est,
1306 3403 1423 3460 Non
1447 3412 1622 3473 potest
1645 3417 1674 3457 a
1702 3417 1761 3458 se
1792 3401 1960 3457 Filius
1988 3399 2163 3457 facere

654 3503 964 3578 quidquam,
988 3500 1089 3557 nisi
1114 3497 1254 3570 quod
1280 3495 1471 3552 viderit
1490 3495 1700 3549 Patrem
1723 3492 2039 3556 facientem;
2069 3507 2161 3545 as-

653 3615 750 3668 que
769 3598 837 3653 ad
861 3596 937 3660 id,
964 3594 1086 3666 quia
1136 3606 1241 3647 non
1271 3603 1452 3660 quaero
1479 3587 1806 3643 voluntatem
1843 3599 2037 3643 meam.
2064 3580 2161 3638 sed

652 3691 981 3747 voluntatem
1007 3685 1123 3755 ejus
1149 3683 1241 3753 qui
1269 3680 1413 3736 misit
1457 3694 1561 3735 me.
1592 3675 1718 3748 Cap.
1776 3692 1827 3741 v,
1871 3677 1941 3744 ir.
1974 3673 2157 3731 19-50.

652 3819 705 3872 l.
727 3814 985 3872 Sermone
998 3810 1241 3883 pristino,
1264 3815 1518 3879 quantum
1539 3813 1777 3877 nostrum
1804 3805 1970 3858 movit
1993 3800 2153 3858 affec-

583 3919 695 3967 tum
722 3916 778 3964 et
814 3899 1137 3973 intelligendi
1184 3906 1547 3972 paupertatem
1570 3938 1584 3963 ,
1618 3894 1776 3950 locuti
1821 3909 2035 3959 sumus,
2090 3908 2158 3948 ex

580 4000 866 4059 occasione
922 3995 1206 4050 verborum
1251 3989 1672 4061 evangelicornm
1695 4030 1708 4052 ,
1759 3986 1847 4043 ubi
1900 3986 2156 4056 scripturn

584 4103 699 4161 est,
734 4090 856 4147 Non
882 4097 1041 4160 potest
1069 4085 1238 4142 Filias
1265 4100 1298 4139 a
1316 4099 1369 4139 se
1398 4085 1564 4155 facere
1587 4081 1882 4151 quidquam,
1904 4079 2002 4134 nisi
2026 4079 2161 4151 quod

578 4186 755 4243 uiderit
783 4182 988 4236 Patrem
1028 4178 1314 4249 facientem,
1370 4172 1492 4245 quid
1544 4174 1612 4226 sit
1656 4171 1836 4225 videre
1877 4169 2016 4233 Filii,
2060 4167 2161 4222 hoc

577 4284 692 4343 est,
714 4275 896 4329 videre
921 4269 1114 4337 Verbi,
1143 4268 1267 4339 quia
1313 4264 1477 4319 Filius
1518 4261 1757 4317 Verbum
1790 4269 1884 4315 :et
1909 4260 2030 4328 quia
2063 4273 2160 4327 per

582 4365 811 4422 Verbum
851 4363 986 4416 faeta
1034 4367 1156 4413 sunt
1180 4354 1357 4410 omnia
1379 4394 1392 4417 ,
1425 4351 1692 4423 quomodo
1734 4350 1899 4418 possit
1927 4347 2158 4426 intelligi

579 4454 720 4528 quod
746 4453 919 4508 videat
964 4449 1130 4503 Filius
1178 4446 1352 4516 primo
1398 4443 1608 4498 Patrem
1667 4440 1985 4500 facientem,
2036 4444 2161 4493 ttntc

579 4546 793 4602 demum
842 4549 899 4598 et
945 4540 1058 4609 ipse
1099 4537 1261 4592 faciat
1307 4549 1426 4605 qua:
1457 4532 1592 4587 facta
1633 4530 2007 4600 conspexerit;
2037 4544 2158 4584 cunt

580 4635 738 4692 Pater
775 4630 909 4692 nihil
935 4630 1035 4684 nisi
1065 4643 1161 4699 per
1206 4624 1398 4681 Filium
1437 4623 1635 4679 fecerit.
1693 4620 1876 4675 Omnia
1901 4621 2042 4675 enim
2072 4636 2161 4691 per

578 4728 750 4797 ipsum
768 4724 903 4794 facta
928 4728 1065 4785 sunt,
1095 4727 1139 4772 et
1166 4717 1276 4771 sine
1319 4714 1431 4783 ipso
1474 4716 1664 4785 factum
1716 4719 1790 4765 est
1837 4710 1988 4764 nihil.
2043 4708 2159 4764 Non

582 4827 759 4872 tamen
834 4810 1156 4883 esplicatum
1203 4804 1402 4876 aliquid
1456 4803 1720 4867 diximus;
1776 4800 1867 4855 sed
1897 4801 2019 4871 quia
2062 4815 2162 4856 nec

579 4905 900 4975 explicatum
968 4898 1165 4971 aliquid
1219 4894 1593 4952 intelleximus.
1664 4891 1961 4962 Aliquando
2005 4890 2161 4961 quip-

584 5016 648 5070 pe
704 5012 881 5054 sermo
937 4993 1153 5059 deﬁcit,
1206 4990 1297 5047 ubi
1350 4989 1508 5045 etiam
1568 4986 1868 5041 intellectus
1919 4983 2159 5054 proﬁcit;

583 5100 781 5164 quanto
805 5089 974 5159 magis
1002 5099 1180 5143 sermo
1220 5083 1418 5155 patitur
1442 5078 1813 5144 defectionem,
1841 5075 2051 5148 quando
2080 5076 2163 5129 in-

582 5183 830 5241 tellectus
849 5194 954 5236 non
983 5179 1144 5232 habet
1162 5170 1576 5247 perfectionem?
1602 5167 1754 5225 Nunc
1782 5169 1976 5237 itaque,
1994 5180 2162 5237 quan-

579 5289 694 5335 tum
724 5274 977 5332 Dominus
994 5270 1176 5335 donat,
1203 5266 1435 5323 breviter
1463 5276 1830 5336 percurramus
1853 5258 2158 5321 lectionem,

578 5382 635 5429 et
659 5367 743 5426 vel
784 5364 942 5421 hodie
994 5360 1304 5430 expleantus
1343 5357 1581 5414 debitum
1635 5367 1877 5425 pensum.
1931 5350 1988 5407 Si
2035 5347 2162 5419 quid

576 5460 716 5518 forte
739 5452 1058 5512 remanserit
1083 5450 1167 5506 vel
1206 5447 1462 5519 temporis
1490 5447 1573 5502 vel
1599 5445 1818 5509 virium,
1846 5437 2161 5497 retractabi-

579 5564 731 5617 mus,
759 5546 805 5603 si
831 5543 1160 5618 potuerimus
1188 5538 1465 5613 (quantum
1492 5545 1548 5593 et
1572 5550 1601 5589 a
1640 5535 1794 5590 nobis
1821 5541 1876 5587 et
1900 5530 2041 5601 apud
2068 5544 2163 5585 vos

583 5641 701 5697 ﬁeri
718 5616 952 5709 potast),
976 5632 1105 5705 quid
1132 5631 1201 5686 sit
1223 5629 1406 5685 videre
1431 5625 1627 5693 Verbi,
1655 5623 1780 5695 quid
1806 5616 2163 5677 demonstrari

650 5773 668 5803 ι
691 5774 823 5829 ιω..
844 5768 897 5820 in
918 5765 1063 5820 vobis.
1087 5764 1207 5816 qui
1231 5763 1308 5813 alii
1333 5769 1384 5811 et
1416 5769 1543 5823 \tss.,
1567 5759 1618 5810 in
1640 5756 1897 5819 euaginata
1928 5766 2158 5820 graecum.

1510 331 1578 389 1N
1612 328 1890 389 JOANNIS
1932 323 2397 394 EVANGELIUM,
2435 325 2493 384 S.
2533 323 2909 385 AUGUSTINI

2255 441 2451 498 Verbo.
2482 440 2673 497 Omnia
2695 438 2892 511 quippe
2917 436 3059 494 dicta
3084 441 3208 499 sunt
3230 433 3320 490 hic
3335 473 3351 499 ,
3373 445 3487 504 quat
3527 430 3570 488 si
3599 431 3758 488 intelli-

2253 543 2445 605 gantur
2467 530 3067 601 secundum‘ltumanum
3097 542 3310 584 sensum
3349 523 3626 589 carnaliter,
3654 525 3756 581 nihil

2254 624 2398 680 aliud
2441 623 2595 679 nobis
2641 622 2766 678 facit
2809 622 2986 678 anima
3045 619 3199 691 plena
3253 614 3642 689 phantasmstis,
3682 614 3758 670 nisi

2255 714 2511 787 quasdam
2539 714 2795 785 imagines
2819 713 2964 769 velut
2994 710 3219 766 duorum
3259 708 3522 762 hominum
3549 704 3692 760 Patris
3718 714 3760 760 et

2257 808 2410 874 Filii,
2444 808 2600 864 unius
2620 804 2968 871 ostendentis;
3000 803 3216 859 alterius
3250 798 3503 863 videntis;
3532 797 3667 851 unius
3698 795 3758 851 lo-

2255 900 2495 972 quentis,
2547 898 2763 954 alterius
2803 896 3065 952 audientis
3090 908 3240 965 :qua:
3267 890 3440 947 omnia
3463 888 3590 943 idola
3629 887 3763 943 cordis

2256 1000 2408 1057 sunt;
2430 1006 2548 1062 qua:
2568 990 2611 1045 si
2628 992 2737 1058 jam
2767 988 2975 1058 dejecta
3000 994 3122 1040 sunt
3146 984 3214 1040 de
3238 981 3447 1052 templis
3469 980 3589 1046 suis,
3612 988 3764 1049 quanto

2256 1085 2424 1154 magis
2446 1082 2741 1153 dejicienda
2766 1089 2887 1135 sunt
2914 1080 2981 1135 de
3010 1076 3311 1149 pectoribus
3347 1070 3661 1128 Christianis?

2326 1176 2381 1230 2.
2413 1172 2533 1229 Non
2559 1182 2752 1244 potest,
2783 1171 2968 1241 inquit,
2999 1166 3165 1222 Filius
3211 1183 3243 1219 a
3278 1180 3332 1220 se
3371 1164 3530 1235 facere
3549 1160 3767 1234 quidquam

2257 1269 2357 1325 nisi
2373 1267 2507 1340 quod
2533 1266 2712 1320 viderit
2742 1263 2948 1318 Patrem
2997 1260 3280 1334 facientem.
3330 1255 3520 1335 Verum
3563 1261 3635 1307 est
3666 1253 3765 1316 hoc,

2257 1334 2435 1414 tenete
2452 1357 2581 1412 hoc:
2606 1355 2729 1410 dum
2759 1367 2934 1409 tamen
2974 1366 3080 1406 non
3105 1347 3357 1404 amittatis
3378 1334 3515 1416 quod
3559 1343 3606 1398 in
3645 1341 3769 1413 ipsius

2259 1449 2533 1521 Evangelii
2583 1447 2802 1504 exordio
2844 1443 3121 1508 tenuistis,
3169 1439 3292 1512 quia
3328 1438 3382 1492 in
3436 1433 3661 1506 principio
3695 1443 3771 1486 erat

2267 1541 2502 1604 Verbum,
2533 1549 2580 1594 et
2630 1536 2848 1593 Verbum
2897 1544 3003 1591 erat
3048 1532 3187 1605 apud
3228 1528 3414 1595 Deum,
3465 1535 3510 1580 et
3538 1524 3657 1579 Deus
3696 1533 3772 1578 erat

2269 1631 2511 1697 Verbum;
2531 1638 2585 1685 et
2607 1628 2871 1700 praecipue
2894 1625 3015 1696 quia
3039 1622 3224 1699 omnia.
3233 1636 3326 1692 per
3348 1619 3509 1690 ipsum
3539 1618 3658 1687 facta
3684 1624 3768 1668 sunt

2262 1723 2438 1797 (Joan.
2457 1738 2495 1788 ι,
2523 1722 2573 1786 1,
2601 1718 2681 1794 3).
2700 1718 2851 1788 Quod
2883 1731 3025 1773 nunc
3060 1715 3202 1770 enim
3230 1711 3488 1777 audistis,
3529 1707 3773 1778 conjungite

2258 1816 2333 1871 illi
2388 1812 2623 1879 auditui,
2673 1820 2727 1866 et
2783 1819 3068 1881 utrumque
3123 1802 3413 1863 concordet
3474 1800 3527 1855 in
3577 1797 3772 1854 cordibus

2260 1908 2473 1963 vestris.
2498 1904 2589 1962 Sic
2616 1905 2792 1975 itaque
2819 1918 2921 1957 non
2963 1909 3125 1971 potest
3152 1896 3321 1952 Filius
3341 1888 3395 1949 α’
3415 1910 3468 1950 se
3494 1896 3645 1963 facere
3662 1890 3770 1958 quid-

2258 2015 2429 2071 quam,
2461 1997 2561 2053 nisi
2598 1995 2734 2069 quod
2776 1994 2953 2049 uiderit
2988 1982 3201 2045 Patrem'
3232 1989 3515 2060 facientem,
3558 1993 3613 2039 ut
3645 1992 3773 2036 tamen

2260 2090 2416 2145 Pater
2443 2104 2503 2144 ea
2531 2104 2651 2159 quae
2679 2086 2803 2141 facit
2829 2100 2933 2139 non
2962 2083 3118 2139 faciat
3156 2079 3261 2135 nisi
3314 2094 3409 2149 per
3446 2075 3656 2140 Filium,
3688 2071 3776 2141 quia

2260 2181 2428 2237 Filius
2454 2189 2537 2234 est
2563 2178 2679 2249 ejus
2707 2175 2936 2231 Verbum
2967 2191 2978 2226 :
3003 2181 3058 2228 et
3111 2190 3131 2224 ι
3160 2173 3214 2226 in
3257 2166 3514 2240 principio
3551 2172 3652 2219 erat
3683 2160 3777 2214 Ver-

2260 2272 2406 2338 bum,
2432 2281 2487 2327 et
2514 2269 2742 2325 Verbum
2768 2274 2884 2322 erat
2909 2263 3049 2335 apud
3081 2264 3269 2326 Deum,
3300 2268 3357 2316 et
3393 2259 3529 2314 Deus
3556 2262 3658 2312 erat
3680 2251 3776 2307 Ver-

2260 2364 2405 2430 bum,
2432 2381 2451 2415 ›
2482 2372 2535 2415 et
2567 2379 2586 2413 ι
2609 2360 2784 2416 omnia
2809 2372 2907 2429 per
2950 2356 3121 2425 ipsum
3152 2352 3292 2408 facta
3309 2358 3455 2405 sunt.
3485 2346 3777 2427 Quacumque

2260 2457 2401 2510 enim
2432 2454 2520 2509 ille
2547 2453 2752 2516 fecerit,
2774 2449 2889 2503 h:rc
2912 2456 2967 2503 et
2998 2444 3165 2501 Filius
3210 2441 3461 2498 similiter
3492 2436 3637 2494 facit:
3668 2455 3684 2488 ι
3703 2447 3777 2488 non

2261 2546 2382 2609 alia,
2410 2543 2504 2599 sed
2534 2543 2680 2605 haec;
2713 2556 2810 2595 nec
2830 2536 3178 2600 dissimiliter,
3206 2533 3303 2589 sed
3331 2530 3588 2587 similiter.

2333 2638 2385 2692 5.
2425 2635 2574 2688 Pater
2601 2633 2733 2689 enim
2757 2630 2921 2700 diligit
2945 2627 3162 2690 Filium,
3192 2633 3240 2679 et
3265 2622 3437 2679 omnia
3460 2620 3726 2676 demonstrat
3750 2614 3782 2667 ei

2261 2746 2373 2803 qua:
2398 2729 2503 2798 ipse
2527 2727 2667 2798 facit.
2701 2724 2780 2779 Ad
2806 2725 2907 2778 hoc
2935 2719 3075 2794 quod
3098 2734 3255 2789 supra
3293 2716 3445 2779 dixit,
3473 2712 3563 2769 nisi
3584 2708 3699 2784 quod

2262 2795 2389 2876 derit
2417 2795 2639 2873 iPatrem
2702 2817 2984 2889 facientem,
3033 2812 3243 2867 videtur
3288 2808 3553 2880 pertinere
3589 2810 3638 2858 et
3679 2795 3781 2871 quod

2263 2912 2431 2966 omnia
2455 2910 2761 2963 demonstrat
2804 2906 2849 2959 ei
2871 2919 2985 2976 qua:
3030 2902 3136 2974 ipse
3163 2900 3311 2973 facit.
3359 2895 3468 2954 Sed
3492 2896 3534 2951 si
3559 2893 3694 2949 Pater
3712 2890 3781 2942 de-

2265 3012 2520 3058 monstmt
2539 3016 2659 3072 quia
2689 2999 2839 3061 facit,
2860 3011 2959 3051 nec
2983 2993 3149 3049 Filius
3174 2999 3351 3063 potest
3366 2991 3536 3045 facere
3555 2983 3646 3040 nisi
3666 2981 3782 3036 Pater

2264 3089 2742 3155 demonstraverit,
2798 3086 3056 3156 Paterque
3106 3082 3479 3137 demonstrare
3507 3091 3603 3130 non
3648 3074 3784 3142 potest

2265 3183 2364 3238 nisi
2390 3182 2604 3245 fecerit;
2633 3190 2968 3246 consequens
2995 3172 3099 3228 erit
3121 3180 3181 3228 ut
3209 3186 3316 3226 non
3349 3184 3443 3239 per
3474 3166 3649 3222 Filium
3671 3158 3785 3215 faciat

2264 3275 2438 3330 omnia
2472 3273 2663 3326 Pater:
2694 3283 2854 3340 porro
2877 3269 2923 3321 si
2966 3265 3127 3320 ﬁxum
3161 3273 3324 3333 atque
3366 3263 3706 3316 inconcussum
3727 3257 3783 3304 ω-
3876 3236 3879 3265 ί

2264 3382 2450 3423 nemus
2469 3365 2589 3436 quia
2621 3378 2713 3433 per
2738 3359 2933 3415 Filium
2958 3357 3135 3413 omnia
3174 3354 3336 3411 Pater
3372 3354 3520 3414 facit,
3553 3354 3780 3415 antequam

2265 3458 2454 3525 faciat,
2506 3457 2834 3511 demonstrat
2877 3450 3035 3506 Filio.
3075 3447 3204 3502 Nam
3251 3446 3300 3501 si
3350 3446 3506 3501 Pater
3541 3454 3649 3497 cum
3680 3437 3784 3525 fece-

2266 3554 2333 3605 rit
2383 3550 2712 3604 tlemonswat
2766 3543 2942 3610 Filio,
2971 3548 3029 3595 ut
3081 3537 3248 3594 Filius
3283 3536 3630 3592 demonstrata
3672 3524 3787 3581 iaciat
3878 3556 3879 3583 ι

2264 3658 2382 3714 (lilii!
2406 3642 2764 3696 demonstrata
2789 3636 2897 3703 jam
2939 3633 3076 3687 facta
3122 3636 3288 3694 sunt;
3319 3625 3514 3697 aliquid
3538 3617 3692 3693 procul
3711 3615 3786 3714 du:

2264 3704 2352 3790 bio
2381 3735 2533 3788 Pater
2552 3732 2666 3787 sine
2692 3728 2823 3784 Filio
2852 3726 2997 3782 facit.
3027 3723 3130 3782 Sed
3164 3738 3271 3779 non
3300 3721 3424 3777 facit
3452 3719 3599 3775 Pater
3632 3704 3787 3782 aliquid

2264 3826 2380 3880 sine
2406 3823 2574 3887 Filio,
2602 3821 2722 3891 quia
2754 3819 2918 3873 Filius
2950 3816 3040 3871 Dei
3067 3813 3301 3869 Verbum
3331 3811 3422 3867 Dei
3451 3819 3549 3875 est,
3579 3812 3630 3862 et
3650 3797 3786 3857 omnia

2266 3930 2359 3986 per
2380 3916 2549 3984 ipsum
2575 3910 2708 3965 facta
2734 3918 2877 3964 sunt.
2903 3907 3158 3962 Remanet
3190 3904 3351 3974 igitur
3380 3900 3597 3956 fortasse
3628 3904 3673 3949 ut
3699 3902 3787 3960 qua:

2266 3978 2422 4060 balet:
2448 4003 2682 4058 facturus
2719 4008 2830 4065 cst,
2868 3997 3198 4052 demonstret
3228 3992 3468 4049 facienda
3489 4033 3504 4058 ,
3535 3997 3589 4043 ut
3622 3999 3701 4055 per
3722 3978 3785 4035 Fi-

2264 4099 2390 4153 lium
2417 4094 2695 4150 sintfacta.
2715 4091 2846 4147 Nam
2871 4091 2915 4145 si
2942 4089 3106 4143 Filius
3131 4101 3194 4143 ea
3230 4084 3360 4142 facit
3390 4100 3508 4155 qua:
3528 4082 3667 4137 Pater
3682 4074 3783 4130 facta

2264 4188 2619 4247 demonstrat;
2638 4200 2700 4241 ea
2719 4198 2837 4254 quae
2849 4180 3006 4235 Pater
3018 4180 3152 4234 facta
3170 4176 3519 4238 demonstrat,
3537 4186 3632 4227 non
3648 4166 3786 4254 utique

2266 4293 2358 4347 per
2379 4275 2568 4331 Filium
2599 4250 3035 4329 fccitiMonstrari
3051 4270 3197 4325 enim
3228 4283 3333 4323 non
3353 4259 3694 4337 posseutFilio
3713 4250 3785 4309 nisi

2265 4368 2433 4433 facta;
2462 4365 2633 4420 facere
2662 4363 2826 4419 Filius
2857 4377 2963 4416 non
3007 4368 3203 4431 posset,
3238 4358 3342 4413 nisi
3374 4356 3787 4413 nionstratazcrgo

2264 4462 2379 4517 sine
2410 4460 2544 4515 Filio
2567 4446 2852 4512 facta.Sed
2873 4468 3055 4509 verum
3080 4459 3179 4513 est.
3202 4447 3388 4506 Omnia
3407 4466 3494 4520 per
3518 4447 3668 4517 ipsum
3684 4444 3787 4510 facta

2262 4561 2377 4606 sunt
2402 4568 2418 4605 :
2445 4564 2571 4621 ergo
2598 4555 2878 4618 antequam
2904 4544 3070 4611 facta,
3114 4552 3408 4599 monstrata
3430 4548 3566 4597 sunt.
3605 4532 3694 4591 Sed
3712 4529 3787 4584 hoc

2264 4644 2494 4700 diximus
2508 4639 2856 4696 differendum
2882 4652 3022 4703 esse,
3036 4650 3144 4708 quo
3168 4634 3491 4692 redeundum
3506 4631 3785 4698 sitpcrcursa

2265 4738 2510 4801 lectione,
2531 4736 2599 4802 si,
2621 4747 2678 4789 ut
2692 4733 2941 4797 diximus,
2954 4729 3151 4802 aliquid
3167 4731 3251 4785 vel
3272 4728 3521 4802 temporis
3542 4722 3618 4779 vel
3636 4717 3784 4773 virium

2266 4829 2417 4885 nobis
2444 4828 2794 4891 remanserit,
2819 4823 2886 4880 ad
2906 4838 2969 4879 ea
2998 4838 3116 4894 quae
3143 4821 3445 4878 distulimus
3484 4805 3783 4874 retractanda-

2334 4922 2387 4976 t.
2420 4920 2659 4991 Amplius
2716 4904 2897 4973 audite
2935 4924 2991 4971 et
3028 4913 3332 4969 difficilius:
3365 4911 3429 4965 Et
3477 4908 3667 4991 majora
3698 4897 3782 4991 tis.

2267 5014 2454 5083 inquit,
2485 4989 2845 5065 demonstrabit
2876 5007 2925 5061 ei
2951 5021 3122 5078 Opera,
3153 5012 3206 5058 ut
3230 5018 3316 5057 nos
3333 4998 3596 5057 miremini.
3621 4989 3783 5083 Ηαὶοςε

2266 5074 2387 5159 his:
2410 5074 2601 5175 quibus
2626 5098 2862 5170 majora?
2897 5074 3076 5152 Facile
3103 5094 3374 5159 occurrit,
3411 5092 3475 5148 iis
3509 5098 3637 5175 quas
3657 5074 3782 5175 mihi"

2266 5167 2506 5260 audistis,
2528 5167 2886 5248 curationibus
2904 5190 3217 5260 languorttm
3237 5180 3603 5255 corporalium.
3624 5174 3688 5229 De
3706 5167 3782 5221 ίδιο

2267 5288 2407 5343 enim
2433 5286 2521 5357 qui
2544 5284 2755 5355 triginta
2773 5290 2827 5337 et
2854 5292 2975 5337 octo
2999 5294 3168 5335 annos
3185 5275 3484 5333 habebatin
3505 5262 3778 5357 inﬁrmitatis

2266 5386 2322 5434 et
2342 5344 2536 5433 Christi
2576 5344 2743 5430 vcrbo
2783 5381 2999 5428 sanatus
3025 5378 3109 5426 est
3128 5410 3143 5433 ,
3172 5378 3292 5423 nata
3321 5378 3402 5422 est
3445 5361 3593 5432 hujus
3612 5344 3781 5411 occasio

2267 5478 2376 5527 tota
2400 5466 2662 5524 sermonis
2685 5482 2697 5517 :
2726 5472 2780 5518 et
2806 5470 3020 5532 prOpter
3045 5461 3146 5515 hoc
3175 5459 3423 5514 Dominus
3445 5455 3609 5509 dicere
3627 5437 3779 5518 potu“.

2270 5561 2474 5633 Majora
2497 5559 2575 5613 Itis
2599 5553 2956 5610 demonstrabit
2972 5553 3019 5608 ei
3033 5567 3205 5623 opera,
3238 5562 3292 5603 ut
3310 5565 3396 5603 vos
3417 5538 3660 5599 miremini.
3677 5532 3783 5633 .50!“

2267 5622 2409 5707 enim
2437 5663 2593 5718 Opera
2636 5644 2835 5713 majora
2884 5656 3043 5714 quam
3070 5622 3224 5705 ista,
3267 5648 3320 5695 et
3362 5622 3778 5693 deutonstt'abitea

2270 5741 2426 5797 Pater
2442 5712 2590 5795 Filio.
2610 5712 3119 5793 ’iuntlcmonstravit
3134 5774 3147 5798 ,
3166 5740 3409 5800 tanquam
3435 5726 3500 5781 de
3519 5712 3775 5792 praeterito;
