3916 6374
230 314 353 373 1865

223 434 309 491 sed
327 431 685 497 Monstrum,
711 430 780 487 de
804 430 1010 517 futuro,
1034 429 1139 489 hoc
1158 441 1244 489 est
1259 473 1277 500 ,
1305 431 1767 489 demonstraturus

222 534 311 583 est.
340 525 530 581 Rursus
549 522 778 579 difﬁcilis
803 522 973 579 oritur
1001 523 1244 594 quaestio.
1284 522 1382 579 Est
1404 526 1544 580 enim
1572 523 1768 596 aliquid

220 618 344 689 apud
358 618 557 673 Patrem
567 616 710 686 quod
726 615 859 672 Filio
874 615 1109 672 nondum
1126 616 1548 673 demonstratum
1566 617 1671 672 sit?
1688 626 1771 672 est

219 708 392 783 aliquid
405 707 538 779 apud
551 707 760 764 Patrem
772 706 915 779 quod
930 706 1103 763 adhuc
1118 705 1318 764 latebat
1330 707 1541 775 Filium,
1556 706 1770 779 quando

219 803 306 858 ista
329 799 481 856 Filius
503 799 855 870 loquebatur?
880 799 939 856 Si
962 799 1103 854 enim
1119 799 1497 866 demonstrabit,
1520 800 1622 855 hoc
1648 808 1729 854 est
1751 841 1765 861 ,

216 892 646 950 dmonstraturus
679 898 796 957 est;
828 890 1063 946 nondum
1090 890 1509 957 demonstravit;
1541 902 1595 945 et
1631 890 1769 945 Filio

215 993 323 1041 tunc
333 980 781 1038 demonstraturus
792 979 1113 1052 est,quando
1127 988 1182 1037 et
1193 981 1309 1037 istis
1322 998 1337 1036 :
1352 980 1767 1051 sequiturenim,

214 1087 356 1132 utres
372 1073 636 1130 miremini.
666 1074 735 1129 Et
762 1071 865 1129 hoc
887 1072 1105 1129 dil'licile
1124 1081 1209 1129 est
1246 1073 1452 1142 videre,
1499 1074 1768 1145 quomodo

213 1179 435 1240 tanquam
448 1165 810 1238 temporaliter
817 1164 955 1222 Filio
967 1175 1235 1222 coaeterno
1247 1166 1420 1237 aliqua
1438 1166 1769 1222 demonstrat

210 1268 419 1318 ciemus
444 1258 623 1323 Pater,
653 1259 832 1313 omnia
858 1257 1047 1313 scienti
1069 1273 1198 1341 quas.
1214 1267 1339 1316 sunt
1362 1257 1502 1328 apud
1533 1257 1763 1312 Patrem.

271 1354 317 1411 5.
359 1352 484 1419 Quae
524 1359 652 1407 sunt
692 1360 868 1407 tamen
914 1349 1005 1407 illa
1043 1350 1280 1422 majora?
1322 1350 1435 1406 IIoc
1453 1350 1596 1406 enim
1633 1349 1767 1404 forte

209 1444 342 1500 facile
368 1454 448 1498 est
472 1441 789 1513 intelligere.
805 1441 948 1496 Sicut
962 1440 1095 1496 enim
1118 1439 1298 1508 Pater,
1326 1440 1516 1512 inquit,
1555 1439 1766 1495 suscitat

208 1546 429 1601 utortuos,
471 1541 518 1588 et
544 1534 802 1604 uiuiﬁcat;
827 1533 902 1588 sic
940 1541 989 1588 et
1035 1531 1206 1588 Filius
1232 1549 1358 1600 quos
1390 1532 1495 1588 uult
1525 1532 1762 1602 viviﬁcat.

208 1626 380 1697 llajora
405 1641 533 1697 ergo
559 1637 687 1682 sunt
710 1641 873 1696 opera
899 1633 1139 1682 mortuos
1164 1627 1445 1694 suscitare,
1469 1641 1628 1696 quam
1652 1626 1766 1680 lan-

203 1720 373 1793 guidos
395 1734 605 1775 sanare.
631 1718 739 1775 Sed
765 1719 897 1774 sicut
939 1702 1150 1773 suscitat
1178 1717 1335 1773 Pater
1357 1729 1583 1774 mortuos
1616 1729 1662 1772 et
1691 1717 1765 1773 vi-

204 1811 368 1879 viﬁcat,
393 1809 466 1863 sic
487 1818 534 1864 et
563 1809 738 1864 Filius
755 1825 880 1881 quos
895 1810 998 1863 uult
1015 1809 1252 1879 viviﬁcat.
1270 1809 1420 1865 Alios
1436 1825 1563 1880 ergo
1584 1810 1760 1877 Pater,

203 1903 319 1958 alios
361 1898 559 1957 Filius?
600 1900 709 1958 Sed
764 1901 944 1956 omnia
997 1916 1091 1972 per
1136 1900 1312 1971 ipsum
1342 1918 1357 1955 :
1387 1900 1533 1972 ipsos
1584 1901 1765 1972 itaque

204 1991 366 2058 Filius,
391 2006 524 2063 quos
551 2000 610 2048 et
637 1991 830 2057 Pater;
874 1989 999 2061 quia
1025 2006 1131 2045 non
1174 1990 1301 2057 alia,
1341 2005 1440 2046 nec
1467 1992 1640 2057 aliter,
1669 1991 1764 2047 sed

207 2084 358 2139 lucet
394 2083 560 2140 Filius
603 2083 837 2140 similiter
883 2083 1026 2155 facit.
1051 2082 1128 2138 Ita
1156 2082 1316 2153 plane
1362 2082 1762 2153 intelligendum

203 2183 306 2240 est,
351 2183 404 2231 et
438 2176 510 2231 ita
556 2173 848 2232 tenendum
881 2190 896 2228 :
935 2174 1030 2231 sed
1071 2181 1395 2230 mementote
1428 2174 1550 2245 quia
1593 2172 1764 2228 Filius

201 2268 422 2338 mult
448 2269 692 2339 oioiﬁcat.
721 2267 926 2323 Tenete
954 2266 1041 2323 hic
1068 2281 1196 2337 ergo
1249 2281 1356 2322 non
1386 2265 1557 2321 solum
1608 2275 1760 2336 pote—

200 2366 369 2416 statem
394 2358 542 2427 Filii,
560 2375 747 2416 verum
768 2358 930 2415 etiam
958 2359 1309 2436 voluntatem.
1342 2356 1412 2413 Et
1434 2355 1601 2413 Filius
1629 2373 1763 2429 quos

199 2452 295 2508 vult
322 2452 590 2520 viviﬁcat,
638 2461 694 2508 et
739 2452 898 2508 Pater
937 2466 1073 2522 quos
1099 2451 1214 2506 vult
1234 2449 1500 2515 vivillcat:
1531 2460 1587 2506 et
1618 2452 1763 2521 ipsos

202 2540 344 2598 Filius
364 2558 495 2614 quos
531 2552 584 2599 et
609 2542 770 2597 Pater
794 2558 808 2595 :
834 2556 899 2596 ac
921 2556 1016 2611 per
1040 2541 1141 2596 hoc
1156 2539 1344 2596 eadem
1367 2540 1541 2596 Patris
1566 2549 1620 2595 et
1641 2539 1761 2595 Filii

202 2644 245 2689 et
266 2644 485 2705 potestas
518 2646 599 2691 est
622 2618 966 2691 etvoluntas.
989 2633 1124 2702 Quid
1146 2643 1229 2689 est
1256 2648 1386 2705 ergo
1410 2633 1552 2704 quod
1579 2633 1760 2702 sequi-

203 2726 304 2781 tur?
330 2725 509 2798 Neque
532 2726 666 2781 enim
710 2724 870 2779 Pater
895 2724 1099 2796 judicat
1139 2738 1472 2796 quemquam,
1502 2724 1591 2779 sed
1614 2723 1762 2795 judi-

202 2817 315 2871 cium
336 2835 477 2874 omne
506 2817 644 2872 dedit
671 2815 832 2883 Filio,
863 2826 920 2869 ut
953 2832 1124 2871 omnes
1169 2816 1503 2884 honorificam
1533 2813 1756 2880 Filium,

201 2909 308 2962 sicut
333 2910 666 2979 honoriﬁcam
709 2906 1118 2978 Patrem:quod
1169 2907 1242 2963 ita
1287 2908 1586 2976 subiunxit,
1637 2917 1757 2962 tan-

200 3015 335 3070 quam
360 3003 622 3058 rationem
649 3001 880 3056 reddens
905 3000 1198 3071 superioris
1218 3001 1515 3056 sententiae.
1538 2999 1758 3055 Multum

202 3102 374 3158 movet,
399 3095 586 3149 intenti
610 3102 802 3150 estote.
827 3092 992 3148 Filius
1026 3109 1159 3163 quos
1181 3094 1293 3148 vult
1320 3093 1576 3158 vivilicat,
1601 3092 1761 3147 Pater

201 3198 315 3254 quos
347 3186 457 3241 vult
504 3185 770 3241 viviﬁcat:
801 3184 965 3239 Filius
1014 3185 1235 3240 suscitat
1287 3193 1564 3247 mortuos,
1620 3185 1759 3238 sicut

203 3272 338 3331 Pater
380 3279 603 3332 suscitat
646 3285 906 3331 mortuos.
964 3273 1142 3345 Neque
1196 3274 1329 3328 enim
1370 3272 1527 3327 Pater
1553 3274 1756 3344 judiczu

202 3381 490 3439 quemquam.
517 3369 571 3423 Si
597 3368 648 3422 in
667 3366 867 3438 judicio
890 3365 1179 3421 suscitandi
1206 3373 1331 3419 sunt
1356 3364 1587 3431 mortui,
1624 3379 1758 3435 quo-

202 3458 338 3513 modo
356 3459 511 3514 Pater
535 3458 758 3514 suscitat
780 3466 1018 3512 mortuos
1037 3498 1053 3523 ,
1103 3457 1149 3511 si
1189 3472 1293 3511 non
1319 3455 1522 3525 iudicat
1572 3471 1759 3525 quem-

201 3552 369 3620 quam?
399 3550 556 3605 Omne
584 3549 780 3620 quippe
796 3548 1050 3620 judicium
1087 3547 1225 3601 dedit
1255 3545 1416 3601 Filio.
1457 3547 1510 3601 ln
1538 3547 1628 3602 illo
1661 3562 1759 3602 au-

204 3648 290 3696 tem
311 3642 505 3713 judicio
526 3641 849 3699 suscitantur
892 3640 1117 3705 mortui;
1149 3648 1204 3694 et
1254 3649 1536 3709 resurgunt
1565 3639 1652 3693 alii
1687 3638 1755 3695 ad

202 3732 483 3800 vitam,alii
527 3733 593 3789 ad
621 3747 834 3802 poenam
860 3729 1034 3801 :quod
1085 3739 1254 3784 totum
1298 3731 1342 3785 si
1392 3728 1560 3784 Filius
1605 3728 1752 3795 facit,

203 3824 335 3882 Pater
353 3836 525 3882 autem
554 3825 677 3881 ideo
706 3838 812 3878 non
860 3822 1005 3887 facit,
1045 3823 1169 3893 quia
1216 3819 1372 3876 Pater
1420 3837 1520 3876 non
1553 3822 1755 3893 judicat

201 3931 492 3990 quemquam,
532 3918 619 3970 sed
655 3930 803 3969 autne
835 3913 1088 3986 judicium
1129 3913 1267 3967 dedit
1319 3910 1494 3977 Filio,
1541 3921 1756 3967 contra-

203 4006 316 4062 rium
346 4007 600 4062 videbitur
618 4006 668 4061 ei
689 4004 832 4076 quod
856 4004 1056 4060 dictum
1081 4015 1161 4060 est
1181 4044 1196 4069 ,
1228 4003 1372 4059 Sicut
1407 4003 1565 4058 Pater
1588 4005 1753 4059 susci-

204 4107 262 4151 tat
285 4110 497 4154 marmor
524 4109 569 4153 et
591 4098 831 4168 ciriﬁcat,
863 4097 936 4151 sic
969 4105 1015 4152 et
1046 4095 1214 4151 Filius
1233 4112 1357 4167 quos
1383 4097 1486 4151 vult
1511 4097 1750 4166 vivi/icui.

204 4190 353 4246 Simul
376 4208 492 4262 ergo
520 4192 778 4246 suscitant
829 4188 886 4245 Si
913 4189 1069 4243 simul
1094 4188 1384 4252 suscitant,
1430 4187 1587 4242 simul
1620 4187 1754 4242 vivi-

207 4279 364 4334 limat.
403 4281 561 4335 Simul
601 4296 731 4351 ergo
761 4278 1001 4349 judicant
1028 4278 1329 4348 :quomodo
1361 4277 1537 4348 itaque
1565 4292 1751 4334 verum

204 4381 273 4426 est
297 4414 313 4437 ,
343 4371 503 4444 Neque
526 4373 658 4427 enim
690 4370 848 4426 Pater
886 4370 1086 4441 judicat
1113 4386 1431 4440 quemquam,
1473 4369 1561 4424 sed
1607 4385 1754 4423 omne

197 4461 420 4529 judicium
477 4465 611 4518 dedit
674 4461 851 4516 Filio?
904 4460 1149 4516 Moveaut
1203 4460 1413 4515 interim
1464 4460 1752 4530 propositae

202 4556 527 4623 quzestiones,
561 4554 828 4626 pmstahit
876 4552 1133 4607 Dominus
1154 4559 1210 4606 ut
1238 4552 1423 4605 solutae
1463 4551 1748 4607 de!eetent.

208 4642 276 4699 ιω
294 4655 392 4712 est,
418 4648 639 4711 fratres;
669 4645 845 4700 omnis
872 4644 1096 4715 qumstio
1139 4643 1241 4698 nisi
1282 4644 1540 4699 intentum
1564 4643 1753 4700 fecerit

210 4741 473 4809 proposita,
520 4756 625 4795 nou
675 4737 962 4793 delectabit
997 4736 1259 4807 exposita.
1317 4735 1580 4805 Sequatur
1621 4752 1753 4808 ergo

211 4828 308 4898 ipse
343 4830 618 4894 Dominus,
660 4845 729 4885 ne
753 4829 889 4883 forte
915 4825 968 4880 in
999 4827 1062 4882 iis
1091 4842 1208 4897 qua:
1229 4826 1514 4890 subnectit,
1547 4827 1752 4897 aperiat

210 4919 599 4992 sealiquautum.
625 4918 872 4976 Subtexit
898 4917 1040 4971 enim
1072 4915 1256 4971 nubilo
1284 4916 1453 4970 lucem
1479 4930 1631 4971 suam
1655 4932 1670 4982 ;
1698 4924 1754 4973 et

210 5006 395 5068 difﬁcile
417 5021 498 5068 est
519 5011 712 5083 aquilae
753 5024 902 5063 more
936 5006 1115 5063 volare
1139 5022 1300 5077 super
1332 5022 1545 5061 omnem
1583 5008 1753 5063 nebu-

212 5098 295 5157 lam
309 5119 403 5176 qua
423 5106 614 5176 tegitur
640 5102 816 5158 omnis
842 5110 982 5157 terra
1004 5099 1194 5170 (Eccli.
1216 5116 1361 5166 xxw,
1390 5099 1468 5173 6),
1494 5109 1548 5155 et
1570 5100 1754 5157 videre

212 5190 252 5248 in
272 5197 431 5253 verbis
454 5196 665 5253 Domini
688 5192 1103 5250 sincerissimam
1134 5193 1329 5248 lucem.
1357 5193 1433 5248 Ne
1462 5192 1602 5250 forte
1622 5209 1752 5265 ergo

210 5287 354 5345 calore
369 5290 633 5347 radiorum
652 5303 870 5344 suorum
893 5286 1141 5341 discutiat
1167 5287 1450 5356 caliginem
1486 5297 1746 5354 nostram,

209 5379 565 5451 etaiiquantum
592 5397 652 5437 se
683 5382 735 5436 in
764 5378 1215 5450 consequentibus
1244 5379 1455 5448 aperire
1479 5380 1745 5452 dignetur,

206 5465 353 5530 dilatis
371 5475 482 5529 istis
500 5474 772 5544 sequentia
799 5471 1090 5527 videamus.

262 5561 307 5620 6.
325 5565 418 5633 Qui
431 5584 533 5622 non
553 5566 853 5634 honoriﬁcat
870 5562 1085 5632 Filium,
1109 5550 1208 5619 non
1229 5565 1533 5635 honoriﬁcat
1548 5564 1755 5623 Patrem

205 5654 279 5725 qui
299 5658 425 5714 misit
458 5660 623 5713 illum.
667 5658 779 5713 lloe
812 5672 997 5713 verum
1026 5666 1109 5713 est
1132 5665 1185 5714 et
1215 5658 1429 5727 planum
1454 5665 1557 5714 est.
1593 5656 1755 5717 Omne

205 5747 375 5823 quippe
388 5750 639 5823 judicium
665 5748 805 5805 dedit
832 5746 971 5804 Filio
988 5790 1006 5816 ,
1028 5748 1166 5805 sicut
1188 5763 1345 5820 supra
1371 5748 1535 5817 dixit,
1567 5759 1623 5807 ut
1644 5777 1759 5819 οη..

405 5848 493 5919 ,ηε
508 5867 677 5919 Uvqy.
736 5848 995 5921 Λυανῖτ
1046 5850 1154 5909 "I.

1251 314 1661 374 TBACTA'I‘US
1702 316 1887 374 XVIII.
1927 318 2154 381 CAPUT
2192 324 2256 380 ν.

3317 350 3456 411 1566

1879 452 1966 491 nes
2020 437 2353 510 honoriﬁceut
2402 444 2624 515 Filium,
2652 453 2779 506 sicut
2831 456 3165 529 honoriﬁcam
3223 464 3455 525 Patrem.

1874 528 2011 621 Quid
2039 532 2087 588 si
2110 533 2447 592 inveniuntur
2472 541 2560 610 qui
2593 542 2803 601 Patrem
2852 528 3230 621 honoriliCant,
3260 568 3314 611 et
3345 576 3455 616 non

1877 619 2228 679 honoriﬁcam
2275 627 2503 685 Filium?
2530 631 2642 688 Non
2691 646 2896 705 potest,
2931 642 3126 711 inquit,
3163 619 3278 700 ﬁeri
3306 664 3319 701 ς
3350 647 3453 713 Qui

1875 729 1990 809 non
2013 715 2313 787 honoriﬁcat
2362 720 2587 792 Filium,
2615 743 2715 782 non
2762 732 3061 802 honori/ictu
3110 735 3316 793 Patrem
3367 744 3455 809 qui

1874 804 2010 859 misit
2029 806 2194 901 illum.
2223 810 2338 867 Non
2368 825 2541 883 potest
2576 834 2704 889 ergo
2734 821 2914 879 dicere
2957 826 3175 897 aliquis,
3207 831 3319 901 Ego
3349 804 3452 889 Pa-

1874 904 2010 952 trem
2062 898 2508 973 ltouorilicabam,
2537 910 2658 979 quia
2699 912 2893 969 Filium
2940 934 3044 972 non
3093 898 3365 979 noveram.
3395 925 3452 983 Si

1874 987 2105 1044 nondum
2132 990 2321 1048 Filium
2343 994 2751 1069 honorificabas,
2780 1022 2875 1059 nec
2897 1007 3105 1064 Patrem
3134 1011 3454 1070 honorifica-

1998 1081 2133 1173 Quid
2148 1088 2376 1142 estenim
2391 1088 2741 1150 ltonorilicare
2756 1097 2983 1168 Patren),
2999 1102 3097 1157 nisi
3115 1106 3253 1173 quod
3269 1107 3457 1165 habeat

1874 1168 2099 1226 Filium?
2135 1175 2290 1230 Aliud
2317 1186 2398 1233 est
2423 1182 2565 1236 enim
2588 1198 2707 1239 cum
2734 1188 2825 1241 tibi
2849 1168 3254 1251 commendatur
3281 1199 3451 1261 Deus.

1872 1261 1991 1359 quia
2010 1262 2149 1359 Deus
2166 1276 2268 1332 est;
2291 1277 2345 1322 et
2358 1268 2499 1326 aliud
2517 1282 2600 1328 est
2613 1289 2733 1330 cum
2758 1279 2850 1334 tibi
2868 1286 3272 1343 commendatur
3294 1290 3453 1359 Deus,

1871 1353 1992 1421 quia
2023 1354 2181 1412 Pater
2199 1369 2297 1413 est.
2322 1361 2456 1417 Cum
2485 1365 2579 1420 tibi
2606 1370 2725 1437 quia
2754 1370 2894 1427 Deus
2914 1385 2994 1429 est
3028 1383 3432 1439 commendatur

1872 1453 2079 1499 creator
2106 1447 2199 1503 tibi
2228 1454 2649 1525 commendatur,
2678 1462 3018 1531 omnipotens
3049 1469 3138 1523 tibi
3170 1486 3436 1530 common.

1871 1533 2491 1612 datur,spiritusquidam
2507 1564 2765 1615 summus,
2782 1564 3033 1623 :eternus,
3050 1559 3352 1629 invisibilis,
3371 1567 3422 1622 in

1870 1634 2261 1732 commutabilis
2295 1639 2386 1695 tibi
2415 1646 2817 1703 commendatur
2841 1669 2853 1702 :
2877 1666 2997 1706 cum
3038 1671 3162 1710 vero
3193 1659 3284 1714 tibi
3325 1663 3446 1732 quia

1871 1722 2027 1818 Pater
2065 1737 2145 1780 est
2172 1733 2597 1802 commendatur,
2622 1739 2753 1795 nihil
2781 1741 2873 1796 tibi
2920 1745 3060 1801 aliud
3090 1765 3246 1818 quant
3278 1722 3448 1810 et'Fi-

1871 1814 1972 1908 lius
1999 1821 2434 1891 commendatur;
2463 1828 2586 1897 quia
2611 1829 2768 1886 Pater
2792 1833 2894 1889 dici
2923 1852 3027 1892 non
3052 1814 3248 1908 potest,
3276 1846 3320 1899 si
3352 1847 3444 1901 Fi-

1870 1905 1999 1961 lium
2031 1925 2134 1963 non
2167 1912 2357 1979 habet;
2387 1917 2524 1973 sicut
2560 1936 2660 1976 nec
2688 1923 2872 1988 Filius,
2904 1928 2949 1981 si
2976 1905 3187 1987 Patrem
3228 1905 3331 1990 non
3354 1939 3449 1992 ha-

1870 1996 1976 2052 bet.
2006 1997 2112 2055 Sed
2162 2018 2227 2057 ne
2280 2005 2415 2061 forte
2463 2009 2675 2066 Patrem
2724 2016 2936 2080 quidem
2970 2020 3303 2081 honorolices
3337 2042 3420 2084 tan

1867 2106 2024 2185 quam
2052 2094 2329 2164 majorem,
2356 2098 2544 2156 Filium
2574 2120 2702 2159 vero
2755 2117 3002 2179 tauquam
3054 2116 3336 2185 minorem,
3389 2133 3448 2178 ut

1867 2181 2012 2236 dicas
2038 2185 2504 2251 mihi,llonorilico
2526 2193 2755 2263 Patrem,
2785 2201 2896 2255 scio
2924 2204 3066 2261 enim
3094 2208 3231 2275 quod
3256 2181 3447 2267 haheat

1867 2275 2089 2342 Filium;
2117 2290 2171 2334 et
2198 2298 2299 2336 non
2322 2299 2444 2338 erro
2472 2286 2520 2339 in
2551 2287 2726 2344 Patris
2755 2295 3001 2362 nomine,
3035 2314 3141 2353 non
3173 2302 3312 2355 enim
3342 2305 3444 2357 Pa-

1870 2376 2003 2423 trem
2037 2369 2275 2442 intelligo
2297 2374 2411 2429 siue
2438 2376 2603 2441 Filio,
2640 2380 2935 2439 honorilico
2976 2396 3150 2443 tamen
3181 2400 3234 2445 et
3256 2393 3446 2449 Filium

1868 2468 2117 2530 tanquam
2140 2464 2397 2519 minorem
2426 2471 2680 2538 :corrigit
2708 2481 2757 2525 te
2782 2474 2896 2542 ipse
2926 2476 3090 2532 Filius
3111 2522 3125 2545 ,
3158 2491 3213 2536 et
3236 2496 3449 2541 revocat

1868 2558 1920 2605 te
1944 2549 2148 2619 dicens,
2176 2562 2227 2605 ut
2247 2570 2417 2609 omnes
2445 2557 2776 2629 honori/iectu
2802 2562 2999 2620 Filium
3017 2609 3029 2630 ,
3063 2586 3166 2623 non
3197 2572 3437 2639 inferius,

1865 2639 1959 2694 sed
1985 2641 2113 2695 sicut
2139 2643 2473 2714 honoriﬁcam
2517 2647 2743 2707 Patrem.
2776 2654 2875 2718 Qui
2919 2672 3047 2726 ergo
3075 2677 3174 2714 non
3204 2664 3449 2736 honori/ﬁ-

1867 2739 1949 2784 cat
1997 2730 2218 2798 Filium,
2246 2751 2345 2789 non
2390 2735 2692 2808 honori/ient
2743 2741 2952 2799 Patrem
2980 2750 3068 2818 qui
3098 2753 3230 2806 misit
3274 2730 3441 2810 illum.

1866 2822 2007 2893 Ego,
2054 2823 2264 2895 inquis,
2314 2828 2568 2898 majorem
2618 2832 2875 2891 honorem
2925 2839 3046 2895 volo
3093 2842 3220 2898 dare
3268 2845 3445 2911 Patri,

1866 2913 2122 2968 minorem
2156 2914 2309 2972 Filio.
2344 2916 2417 2973 Ibi
2447 2921 2588 2976 tollis
2634 2923 2890 2981 honorem
2944 2929 3122 2996 Patri,
3154 2934 3239 2989 ubi
3277 2938 3448 2993 miuo-

1867 3020 1978 3060 rem
1997 3005 2113 3093 Idas
2141 3006 2290 3063 Filio.
2322 3010 2459 3079 Quid
2502 3014 2643 3068 enim
2689 3017 2829 3072 aliud
2861 3020 2951 3074 tibi
2992 3022 3203 3079 videtur
3231 3027 3299 3082 ita
3326 3044 3448 3085 seu-

1866 3095 2013 3151 tienti
2032 3099 2178 3187 ,7nisi
2218 3101 2338 3168 quia
2366 3102 2523 3158 Pater
2551 3108 2808 3175 aequalem
2848 3109 2947 3165 sibi
2975 3112 3166 3169 Filium
3192 3135 3447 3187 generare

1863 3194 1956 3240 aut
1986 3186 2152 3242 noluit
2178 3230 2193 3253 ,
2221 3198 2313 3244 aut
2330 3208 2434 3247 non
2460 3195 2665 3263 potuit?
2695 3196 2750 3251 Si
2776 3199 2945 3256 noluit
2965 3242 2979 3266 ,
3013 3186 3233 3272 invidit;
3264 3209 3308 3264 si
3332 3225 3439 3267 non

1864 3277 2071 3370 potuit,
2095 3277 2307 3333 defecit.
2346 3280 2462 3337 Non
2496 3298 2623 3355 ergo
2649 3286 2798 3343 vides
2844 3291 2966 3360 quia
3024 3293 3092 3347 ita
3140 3298 3441 3370 sentiendo,

1865 3366 1952 3420 ubi
1972 3367 2224 3437 majorem
2252 3371 2507 3428 honorem
2530 3371 2611 3429 vis
2634 3375 2762 3431 dare
2786 3378 2924 3435 Patri
2944 3422 2959 3442 ,
2986 3383 3054 3437 ibi
3084 3402 3143 3441 es
3164 3366 3446 3446 contume;

1864 3457 2029 3550 liosus
2052 3462 2103 3514 in
2138 3461 2385 3517 Patrem?
2409 3464 2638 3521 Proinde
2664 3467 2741 3523 sic
2761 3470 3047 3529 honorifica
3077 3475 3287 3546 Filium,
3309 3495 3442 3550 quo-

1863 3547 2024 3603 modo
2050 3549 2369 3608 honor-ilices
2397 3554 2608 3611 Patrem
2630 3599 2644 3624 ,
2676 3560 2721 3612 si
2748 3560 2830 3614 vis
2875 3560 3229 3624 bonorilicare
3254 3579 3309 3625 et
3326 3547 3436 3625 Pa-

1866 3647 2001 3693 trem
2026 3649 2081 3695 et
2105 3640 2315 3698 Filium.

1935 3731 1985 3784 7.
2027 3730 2205 3797 Amen,
2232 3750 2377 3789 amen
2405 3736 2517 3790 dico
2542 3738 2695 3805 vobis,
2718 3742 2837 3811 quia
2854 3744 2939 3814 qui
2958 3746 3154 3801 uerbum
3175 3766 3337 3806 meum
3360 3770 3445 3808 aus

1861 3822 1956 3888 dit,
1984 3833 2030 3878 et
2054 3824 2211 3878 credit
2234 3826 2280 3880 ei
2296 3828 2383 3900 qui
2399 3829 2533 3882 misit
2558 3846 2656 3895 me,
2680 3832 2824 3888 habet
2850 3837 2999 3890 vitam
3024 3849 3293 3905 (sternam;
3320 3856 3365 3898 et
3391 3846 3446 3899 in

1851 3913 2103 3985 judicium
2130 3932 2231 3969 non
2255 3918 2405 3985 venit,
2436 3920 2525 3974 sed
2552 3924 2780 3990 transiit,
2811 3941 2916 3981 non
2947 3944 3087 3983 nunc
3114 3934 3319 3998 transit,
3349 3937 3444 3992 sed

1854 4006 1965 4076 jam
1993 4009 2193 4062 transiit
2229 4025 2264 4062 a
2289 4020 2449 4065 morte
2475 4014 2528 4065 in
2560 4013 2732 4067 vitam.
2773 4016 2844 4072 Et
2888 4018 2986 4074 hoc
3027 4025 3301 4092 attendite,
3346 4027 3445 4093 Qui

1860 4095 2061 4151 verbum
2089 4114 2254 4152 meum
2281 4099 2424 4153 audit
2458 4116 2479 4156 :
2513 4110 2568 4156 et
2592 4118 2696 4158 non
2724 4105 2887 4173 dixit,
2913 4107 3093 4163 Credit
3125 4114 3282 4179 mihi;
3313 4118 3439 4182 sed,

1859 4188 2017 4243 credit
2064 4189 2110 4244 ei
2148 4191 2235 4261 qui
2273 4207 2351 4243 me
2378 4192 2531 4246 misit.
2560 4193 2787 4249 Verbum
2830 4214 2956 4267 ergo
3002 4201 3117 4255 Filii
3157 4206 3351 4273 audiat,
3383 4223 3440 4264 ut

1859 4278 2003 4334 Patri
2029 4280 2232 4343 credat.
2264 4279 2442 4347 Quare
2469 4284 2688 4338 verbum
2712 4287 2861 4341 audit
2890 4297 3059 4357 tuum,
3092 4304 3146 4347 et
3169 4297 3337 4351 credit
3363 4299 3441 4354 al-

1859 4371 2209 4428 teri‘tNonne
2251 4388 2372 4428 cum
2414 4375 2632 4430 verbum
2675 4377 2899 4448 alicujus
2941 4383 3215 4453 audimus,
3266 4388 3439 4446 eidem

1858 4462 2083 4519 verbum
2119 4462 2410 4536 proferenti
2459 4466 2760 4536 credimus,
2811 4470 3042 4541 loquenti
3088 4477 3239 4532 nobis
3283 4479 3438 4536 fidem

1858 4558 2360 4613 accommodamus?
2384 4557 2519 4627 Quid
2545 4575 2672 4632 ergo
2697 4561 2863 4616 voluit
2889 4563 3087 4630 dicere,
3116 4569 3218 4634 Qui
3242 4572 3427 4628 verbtm

1859 4663 2025 4702 meum
2049 4649 2221 4717 audit,
2251 4660 2298 4703 et
2326 4651 2483 4704 credit
2511 4651 2556 4705 ei
2579 4653 2666 4722 qui
2696 4654 2833 4707 misit
2867 4671 2979 4723 me;
3007 4660 3105 4714 nisi
3126 4702 3140 4724 ,
3167 4664 3289 4732 quia
3317 4681 3412 4720 ver

1858 4737 1985 4794 bum
2014 4739 2130 4810 ejus
2171 4750 2253 4795 est
2282 4741 2332 4795 in
2360 4742 2482 4797 me?
2508 4742 2576 4796 Et
2592 4743 2718 4814 quid
2739 4755 2838 4809 est,
2863 4750 3005 4803 audit
3028 4752 3225 4807 verbum
3249 4772 3435 4825 meum,

1859 4829 2142 4892 nisi,audit
2164 4832 2287 4885 me?
2316 4831 2483 4886 Credit
2508 4844 2683 4888 autem
2710 4835 2757 4888 ei
2771 4838 2859 4908 qui
2884 4840 3015 4892 misit
3044 4858 3121 4897 me
3139 4846 3289 4914 :quia
3313 4862 3437 4902 cum

1858 4918 1935 4976 illi
1965 4920 2153 4984 credit,
2181 4921 2344 4975 verbo
2386 4923 2502 4992 ejus
2542 4924 2710 4978 credit
2740 4944 2752 4978 :
2777 4942 2896 4982 cum
2923 4943 3099 4985 autem
3129 4940 3292 4991 verbo
3319 4939 3437 5010 ejus

1859 5013 2047 5075 credit,
2075 5011 2201 5067 mihi
2227 5013 2421 5079 credit;
2451 5014 2571 5085 quia
2598 5015 2824 5070 Verbum
2853 5019 3019 5075 Patris
3044 5039 3143 5093 ego
3166 5040 3304 5081 sum.
3332 5029 3439 5087 Pax

1858 5118 1987 5174 ergo
2028 5103 2081 5158 iu
2123 5103 2428 5173 Scripturis,
2469 5112 2524 5158 et
2558 5107 2734 5160 omnia
2778 5108 3055 5179 disposita,
3104 5096 3441 5190 nequaquam

1861 5196 2189 5253 rixantia.Tu
2209 5197 2379 5267 abjice
2391 5197 2534 5252 litem
2550 5198 2726 5255 cordis
2742 5203 2838 5269 tui,
2858 5202 3092 5277 intellige
3102 5214 3438 5267 concordiam

1862 5290 2272 5360 Scripturarum.
2300 5289 2562 5361 Numquid
2584 5295 2849 5350 contraria
2870 5297 2970 5352 sibi
2984 5299 3187 5356 diceret
3208 5306 3438 5359 veritas?

1931 5383 1985 5439 3.
2029 5381 2129 5450 Qui
2147 5382 2348 5438 uerbum
2370 5399 2537 5437 meum
2558 5387 2719 5451 audit,
2742 5395 2790 5442 et
2818 5390 2976 5445 credit
2993 5392 3041 5446 ei
3060 5393 3149 5462 qui
3178 5395 3310 5448 misit
3339 5413 3437 5460 me,

1864 5474 2009 5530 habet
2048 5475 2202 5530 vitam
2244 5484 2516 5543 cateruam;
2561 5487 2609 5531 et
2638 5478 2693 5532 in
2720 5480 2975 5551 judicium
3012 5500 3113 5539 non
3150 5487 3310 5553 venit,
3353 5490 3442 5543 sed

1863 5568 2061 5624 nausiit
2091 5583 2125 5621 ιι
2161 5576 2320 5623 morte
2352 5568 2407 5623 in
2445 5570 2616 5623 vitam.
2657 5569 2972 5628 Meministis
3012 5575 3155 5644 quod
3195 5579 3442 5647 superius

1863 5674 2213 5733 posueramus
2229 5702 2247 5729 ,
2276 5661 2398 5731 quia
2430 5661 2558 5717 sicut
2596 5659 2754 5716 Pater
2772 5662 2980 5717 suscitat
3003 5676 3225 5721 mortuos
3249 5681 3295 5723 et
3322 5672 3445 5726 vivi-

1869 5766 2018 5836 βαι,
2045 5766 2122 5826 ἀς
2144 5771 2194 5821 οι
2218 5751 2389 5810 Filius
2421 5772 2548 5828 quos
2571 5754 2678 5810 vult
2705 5754 2941 5823 uiuiﬁcat.
2970 5757 3157 5829 Incipit
3181 5760 3290 5831 jam
3318 5779 3451 5835 ape.

2437 5848 3026 5933 (Quarante-ncuf.)
