3916 6366
464 385 596 443 1551

462 514 594 571 ergo
611 541 626 566 ,
652 494 807 551 Dedit
825 494 873 549 ei
901 500 960 547 ut
986 490 1176 545 domus
1204 486 1385 543 esset?
1412 483 1559 541 Fecit
1586 491 1645 537 ut
1671 480 1861 535 domus
1883 482 2045 532 esset.

466 565 605 660 ριῖεά
631 602 759 659 ergo
789 585 924 641 Filio
944 581 1126 638 dedit?
1150 578 1306 635 Dedit
1332 578 1381 633 ei
1408 584 1466 631 ut
1492 575 1653 630 Filius
1679 580 1852 636 esset,
1873 565 2057 639 genuit

468 691 539 738 ιιι·
557 682 668 738 vita
697 686 840 735 esset
865 695 877 732 :
903 676 1005 730 hoc
1030 684 1112 730 est
1133 715 1146 738 ,
1173 671 1325 726 Dedit
1351 669 1397 725 ei
1421 667 1602 722 habere
1628 666 1779 719 vitam
1798 662 1848 716 in
1870 666 2055 716 semet-

467 776 582 846 ipso
604 816 621 840 ,
653 780 713 827 ut
750 777 893 827 esset
919 769 1027 823 vita
1070 780 1175 821 non
1222 776 1388 833 egens
1412 760 1549 819 vita.
1594 772 1663 813 ne
1692 748 2058 846 participando

469 841 797 934 intelligatur
815 859 1014 915 habere
1040 856 1226 911 vitam.
1253 854 1309 909 Si
1332 851 1474 907 enim
1495 844 1861 920 participando
1888 841 2056 934 babe-

471 966 558 1012 ret
576 932 742 1012 vitam
765 995 781 1021 ,
813 959 994 1022 posset
1019 957 1074 1005 et
1099 943 1394 1003 amittendo
1422 956 1542 998 esse
1567 942 1681 994 sine
1706 936 1813 991 vita
1838 952 1852 988 :
1879 934 1979 989 hoc
2007 932 2061 985 in

475 1049 613 1105 Filio
641 1063 710 1104 ne
739 1044 969 1116 accipias
988 1085 1004 1106 ,
1034 1057 1103 1097 ne
1128 1039 1361 1110 cogites,
1399 1050 1465 1090 ne
1495 1030 1702 1089 credas.
1726 1027 1904 1082 Manet
1931 1037 2063 1093 ergo

481 1142 642 1198 Pater
664 1141 769 1194 vita
797 1180 812 1207 ,
841 1144 1021 1191 manet
1045 1144 1100 1190 et
1128 1132 1296 1187 Filius
1320 1131 1427 1184 vita
1453 1145 1466 1182 :
1489 1126 1646 1181 Pater
1664 1122 1770 1176 vita
1792 1119 1844 1173 in
1863 1124 2063 1173 semet-

450 1233 631 1304 .ipso,
672 1246 775 1286 non
821 1244 851 1283 a
898 1226 1069 1291 Filio;
1101 1223 1263 1279 Filius
1307 1222 1408 1277 vita
1456 1218 1506 1272 in
1547 1212 1871 1281 semetipso,
1899 1207 1993 1263 sed
2035 1221 2068 1261 a

444 1299 663 1377 ‘Patre.
708 1322 751 1374 Α
783 1319 943 1374 Patre
984 1317 1195 1388 genitus
1220 1322 1278 1367 ut
1320 1318 1464 1367 esset
1503 1308 1607 1361 vita
1654 1304 1708 1358 in
1735 1299 2063 1368 semetipso:

482 1413 643 1469 Pater
674 1427 800 1467 vero
828 1426 933 1466 non
962 1408 1173 1479 genitus
1198 1405 1304 1459 vita
1333 1404 1385 1457 in
1414 1398 1723 1467 semetipso.
1756 1392 1864 1447 Nec
1891 1388 2069 1444 mino-

481 1519 595 1560 rem
617 1503 808 1558 Filium
827 1500 1011 1572 genuit
1036 1540 1051 1566 ,
1080 1499 1169 1569 qui
1195 1493 1489 1552 crescendo
1514 1492 1665 1546 ﬁeret
1691 1490 1930 1560 aequalis.
1953 1482 2069 1539 Non

481 1595 628 1650 enim
658 1593 724 1648 ad
767 1593 849 1648 sui
878 1591 1255 1662 perfectionem
1294 1586 1506 1655 adjutus
1540 1592 1622 1639 est
1668 1591 1908 1652 tempore
1929 1620 1945 1645 ,
1975 1592 2072 1648 per

482 1699 641 1756 quem
675 1684 964 1755 perlectum
1008 1689 1187 1736 creata
1234 1687 1359 1732 sunt
1406 1686 1668 1745 tempora.
1714 1678 1853 1729 Ante
1893 1670 2073 1724 omnia

482 1784 723 1844 tempora
746 1773 888 1828 Patri
911 1779 1209 1826 coteternus
1228 1778 1329 1823 est.
1352 1767 1468 1823 Non
1489 1767 1631 1822 enim
1654 1778 1889 1835 unquam
1919 1761 2074 1815 Pater

484 1867 600 1922 sine
624 1866 765 1921 Filio
789 1884 800 1918 :
826 1873 1059 1919 mternus
1087 1871 1265 1917 autem
1295 1862 1450 1915 Pater
1478 1868 1592 1924 est;
1624 1872 1754 1928 ergo
1773 1864 2074 1911 coaeternus

487 1969 542 2013 et
585 1957 771 2012 Filius.
824 1956 960 2025 Quid
1012 1964 1101 2021 tu,
1130 1954 1346 2008 anima?
1385 1953 1589 2007 Mortua
1633 1965 1783 2015 eras,
1817 1948 2075 2003 amiseras

487 2049 676 2110 vitam,
696 2048 819 2102 audi
854 2049 1064 2102 Patrem
1090 2061 1186 2116 per
1213 2045 1427 2099 Filium.
1457 2043 1646 2112 Surge,
1666 2040 1844 2108 recipe
1870 2037 2033 2092 vitam
2056 2050 2071 2099 ;

487 2142 626 2197 utin
657 2158 723 2197 eo
752 2142 980 2212 recipias
1006 2141 1169 2195 vitam
1220 2153 1377 2208 quam
1422 2152 1525 2191 non
1566 2135 1732 2190 habes
1775 2135 1826 2187 in
1870 2141 1958 2197 te,
1986 2128 2075 2200 qui

490 2235 653 2291 habet
681 2236 841 2290 vitam
870 2236 922 2289 in
962 2234 1270 2303 semetipso.
1302 2232 1543 2285 Vivilicat
1581 2245 1708 2300 ergo
1736 2237 1785 2283 te
1815 2228 1991 2291 Pater,
2023 2232 2079 2280 et

491 2324 694 2389 Filius;
723 2336 775 2380 et
802 2327 974 2395 agitur
1002 2326 1167 2393 prima
1206 2323 1528 2378 resurrectio
1548 2363 1562 2387 ,
1595 2320 1809 2391 quando
1845 2316 2078 2386 resurgis

491 2415 558 2471 ad
601 2417 1016 2487 partieipandam
1058 2416 1218 2470 vitam
1252 2414 1392 2485 quod
1425 2425 1475 2467 tu
1511 2429 1615 2468 non
1651 2427 1709 2466 es
1730 2452 1744 2476 ,
1777 2418 1831 2465 et
1861 2408 2077 2479 particle

494 2511 667 2579 pando
691 2511 918 2566 eflieeris
943 2511 1147 2567 vivens.
1177 2509 1415 2579 Resurge
1437 2523 1468 2562 a
1504 2514 1674 2561 morte
1703 2512 1789 2558 tua
1827 2504 1877 2557 in
1911 2500 2077 2554 vitam

494 2611 637 2656 tuam
660 2644 673 2666 ,
705 2604 792 2671 qui
817 2610 898 2656 est
928 2602 1065 2656 Deus
1096 2610 1248 2665 tuus;
1277 2607 1334 2654 et
1372 2598 1535 2652 transi
1565 2611 1594 2648 a
1625 2605 1799 2649 morte
1830 2593 1884 2646 in
1913 2591 2079 2645 vitam

492 2702 766 2747 aeternam.
799 2691 969 2746 liabet
995 2691 1139 2747 enim
1168 2690 1330 2743 vitam
1357 2696 1611 2741 aeternam
1637 2684 1792 2738 Pater
1824 2683 1874 2736 in
1902 2696 2078 2736 seme-

495 2786 663 2858 tipso;
695 2785 877 2841 etnisi
924 2784 1115 2838 Filium
1164 2781 1321 2836 talem
1371 2787 1687 2849 generaret,
1719 2774 1808 2843 qui
1860 2773 2082 2827 haberet

493 2883 653 2936 vitam
700 2881 752 2934 in
800 2879 1115 2948 semetipso,
1145 2891 1251 2931 non
1293 2876 1431 2929 sicut
1471 2878 1626 2930 Pater
1673 2869 1894 2925 suscitat
1932 2883 2080 2921 mor-

497 2986 620 3031 tuos
647 2987 699 3029 ct
720 2974 981 3041 viviﬁcat,
1011 2974 1088 3027 sic
1114 2982 1168 3026 et
1194 2972 1360 3026 Filius
1384 2986 1517 3039 quos
1548 2969 1713 3022 vellet
1733 2963 2041 3019 vivnﬁraret.

567 3070 653 3123 M.
699 3068 836 3136 Quid
866 3083 994 3136 ergo
1021 3065 1088 3120 de
1119 3065 1206 3118 illa
1236 3062 1624 3118 resurrectione
1654 3056 1927 3128 corporis?
1948 3056 2079 3110 Nam

499 3161 585 3216 isti
614 3160 703 3230 qui
749 3159 971 3213 audiunt
998 3167 1053 3212 et
1079 3157 1266 3210 vivunt
1285 3197 1300 3222 ,
1325 3154 1464 3209 unde
1485 3195 1500 3220 ,
1531 3152 1629 3206 nisi
1672 3149 1934 3205 audiendo
1955 3189 1971 3215 ,
2001 3148 2080 3201 vi-

499 3253 665 3307 vunt?
688 3251 895 3304 Amicus
916 3250 1056 3305 enim
1078 3247 1248 3320 sponsi
1269 3256 1367 3301 stat
1396 3254 1442 3300 et
1477 3244 1617 3297 audit
1643 3259 1757 3297 eum
1778 3282 1793 3307 ,
1820 3250 1865 3294 et
1895 3239 2081 3311 gaudio

500 3346 685 3419 gaudet
716 3354 921 3417 propter
947 3358 1111 3397 vocem
1137 3340 1311 3411 sponsi
1340 3338 1516 3410 (Joan.
1553 3353 1610 3391 tu
1633 3379 1646 3400 ,
1674 3334 1790 3404 Q9),
1820 3349 1925 3387 non
1963 3346 2086 3402 pro-

501 3448 625 3507 pter
650 3452 834 3491 vocem
882 3450 1031 3488 suam
1057 3452 1070 3500 ;
1101 3433 1206 3489 hoc
1251 3440 1363 3497 est,
1393 3426 1756 3500 participando
1776 3467 1791 3489 ,
1824 3439 1929 3478 non
1973 3422 2086 3475 exi-

498 3530 690 3586 stendo
734 3528 957 3585 audiunt
984 3537 1037 3582 et
1066 3528 1284 3580 vivunt:
1312 3533 1365 3579 et
1389 3537 1577 3579 omnes
1601 3520 1690 3589 qui
1719 3516 1976 3580 audiunt,
2008 3513 2086 3567 vi-

500 3633 660 3689 vunt;
693 3623 816 3694 quia
845 3636 1031 3677 moues
1060 3619 1150 3690 qui
1194 3616 1470 3678 obediunt,
1490 3613 1695 3668 vivunt.
1732 3611 1821 3664 Dic
1845 3605 2041 3677 aliquid
2067 3647 2083 3674 ,

501 3718 747 3780 Domine,
776 3716 935 3769 etiam
958 3713 1025 3768 de
1046 3708 1438 3767 resurrectione
1465 3707 1661 3761 carnis.
1690 3703 1923 3757 Fuerunt
1943 3699 2084 3754 enim

498 3807 592 3877 qui
615 3822 734 3861 eam
762 3814 1051 3876 negarent,
1083 3811 1138 3858 et
1165 3802 1405 3856 dicerent
1445 3797 1564 3868 quia
1608 3795 1708 3850 ista
1739 3794 1851 3848 sola
1893 3801 1973 3848 est
2004 3808 2089 3847 re-

500 3899 763 3954 surrectio
815 3912 931 3966 qua:
985 3894 1043 3948 lit
1092 3908 1185 3965 per
1234 3891 1414 3946 tidem.
1471 3888 1633 3958 Cujus
1683 3882 2087 3940 resurrectionis

501 3990 665 4046 modo
704 3988 961 4044 Dominus
992 3986 1115 4041 fecit
1153 3981 1745 4043 commemorationem,
1786 3988 1842 4034 et
1878 3976 2085 4032 inllam-

501 4084 668 4139 mavit
689 4098 786 4137 nos
806 4123 821 4148 ,
845 4081 965 4151 quia
1006 4079 1221 4150 quidam
1258 4078 1273 4107 ¹
1304 4075 1489 4130 mortui
1529 4073 1734 4128 audient
1764 4086 1933 4125 vocent
1966 4067 2091 4122 Filii

502 4174 622 4238 Dei,
639 4184 687 4228 et
710 4175 885 4227 vivent.
907 4171 1020 4227 Non
1041 4184 1227 4226 eorum
1256 4168 1344 4238 qui
1375 4166 1636 4221 audierint
1661 4164 1746 4218 alii
1772 4161 2084 4225 morientur,

502 4276 558 4323 et
587 4266 675 4321 alii
701 4266 914 4328 vivent;
946 4262 1040 4318 sed
1083 4275 1271 4316 omnes
1313 4261 1399 4330 qui
1438 4258 1687 4312 audierint
1730 4259 1923 4319 vivent,
1968 4253 2091 4326 quia

505 4373 695 4412 omnes
732 4356 822 4426 qui
865 4354 1162 4409 obedieriut
1209 4352 1405 4406 vivent.
1447 4351 1586 4404 Ecce
1628 4349 1867 4402 videmus
1909 4362 2092 4401 resur-

505 4451 801 4504 rectionem
847 4446 1041 4500 mentis
1065 4462 1078 4498 :
1104 4459 1211 4498 non
1242 4458 1369 4512 ergo
1395 4442 1698 4495 amittamus
1732 4440 1887 4493 tidem
1912 4438 1979 4493 de
2007 4455 2092 4491 re-

507 4539 844 4596 surrectione
872 4536 1047 4591 carnis
1069 4538 1110 4587 ².
1138 4536 1206 4589 Et
1227 4534 1328 4588 nisi
1357 4543 1436 4597 tu,
1472 4532 1694 4587 Domine
1719 4531 1866 4595 Jesu,
1894 4530 2093 4587 dixeris

508 4646 669 4695 eam,
725 4643 885 4699 quem
947 4640 1281 4695 opponemus
1331 4622 1848 4678 contradictoribus?
1896 4621 2095 4677 Omnes

508 4723 653 4778 enim
695 4729 886 4786 sectae,
919 4733 1037 4787 quae
1081 4732 1140 4773 se
1184 4717 1412 4787 aliquam
1441 4714 1750 4785 religionem
1793 4712 2095 4770 hominibus

454 4816 756 4871 ‘inserere
811 4811 834 4843 ³
884 4817 1356 4881 prtesumpserunt,
1408 4821 1512 4862 non
1568 4815 1896 4877 negaverunt
1941 4806 2093 4861 istam

509 4906 771 4962 mentium
817 4902 1264 4960 resurrectionem
1296 4920 1309 4956 :
1338 4916 1404 4957 ne
1452 4899 1718 4955 diceretur
1760 4902 1876 4967 eis,
1904 4900 1960 4958 Si
1988 4915 2092 4956 non

507 4999 743 5069 resurgit
770 4997 976 5061 anima,
1005 5009 1170 5066 quare
1195 4993 1326 5049 mihi
1361 4992 1628 5063 loqueris?
1656 4993 1784 5064 quid
1814 4994 1865 5048 in
1904 5008 1993 5050 me
2022 4995 2097 5049 la-

510 5105 636 5147 cere
670 5089 791 5144 vis?
813 5089 856 5145 si
887 5104 994 5143 non
1024 5087 1155 5143 facis
1183 5102 1253 5143 ex
1281 5086 1548 5142 deteriore
1589 5086 1864 5142 meliorem
1884 5128 1902 5154 ,
1929 5101 2096 5157 quare

511 5183 783 5255 loqueris?
810 5184 980 5238 sinon
1009 5182 1138 5237 facis
1162 5197 1229 5236 ex
1257 5180 1436 5251 iniquo
1456 5180 1655 5251 justum
1675 5220 1692 5247 ,
1722 5195 1886 5251 quare
1914 5180 2098 5251 loque-

509 5279 625 5335 ris?
651 5280 896 5335 siautem
927 5276 1057 5333 facis
1081 5291 1146 5331 ex
1179 5274 1357 5346 iniquo
1377 5278 1578 5346 justum
1600 5316 1616 5342 ,
1646 5290 1712 5330 ex
1741 5274 1905 5346 impio
1928 5274 2094 5346 pium,

512 5388 583 5427 ex
612 5372 775 5429 stulto
795 5370 1089 5441 sapientem
1107 5409 1123 5434 ,
1149 5367 1329 5424 fateris
1349 5384 1627 5441 resurgere
1646 5370 1879 5424 animam
1899 5384 2094 5435 meam,

515 5468 560 5519 si
610 5463 704 5519 tibi
752 5463 1228 5533 obtemperavere,
1269 5462 1314 5517 si
1354 5462 1447 5518 tibi
1499 5462 1800 5520 credidero.
1846 5461 2098 5519 Volentes

578 5641 597 5672 ⁸
624 5646 673 5688 tn
696 5626 899 5702 quaiuor
920 5646 1048 5700 Mss,
1071 5637 1283 5703 quidem.

579 5703 600 5732 ³
622 5707 727 5774 Mss.
754 5715 926 5764 magno
946 5715 1189 5774 consensu
1208 5716 1221 5751 :
1248 5710 1350 5753 Non
1369 5715 1484 5767 ergo
1503 5703 1776 5754 mnittamtts
1810 5705 1871 5756 de
1890 5706 1992 5770 fide
2022 5723 2099 5760 re-

517 5768 853 5813 surrectionem
874 5768 1051 5815 carnis.

587 5825 609 5855 ³
630 5823 703 5870 sic
723 5830 824 5871 Mss.
854 5832 905 5871 Αι
929 5825 1041 5875 editi
1069 5840 1080 5872 :
1106 5833 1161 5876 se
1182 5824 1577 5893 aliquareligimte
1591 5827 1856 5882 hominibus
1869 5830 2093 5888 inserere.

1413 368 1473 425 IN
1513 362 1793 422 .IOANNIS
1830 353 2297 423 EVANGELIUM,
2339 354 2397 410 S.
2440 352 2801 411 AUGUSTINI

3578 356 3696 415 1551

2162 484 2290 541 ergo
2317 469 2419 525 sibi
2446 470 2591 526 credi
2628 484 2817 525 omnes
2844 468 2934 540 qui
2964 468 3306 526 instituerunt
3330 469 3540 542 alicuius
3555 475 3691 532 etiam

2163 561 2310 619 falsae
2339 564 2611 635 religionis
2636 572 2838 619 sectam
2855 604 2871 630 ,
2903 578 3098 634 negare
3118 563 3270 619 istam
3292 564 3532 620 mentium
3552 582 3698 624 resur-

2162 657 2453 713 rectionem
2492 672 2599 713 non
2646 664 2958 727 potuerunt;
2990 670 3175 712 omnes
3218 655 3287 712 de
3330 656 3411 712 illa
3450 672 3698 717 consense-

2165 748 2442 804 runt:sed
2486 748 2637 803 multi
2682 747 2861 803 carnis
2904 748 3347 804 resurrectionem
3390 761 3702 820 negaverunt;

2166 838 2414 894 dixerunt.
2456 839 2507 894 in
2563 838 2669 894 ﬁde
2713 839 2822 909 jam
2873 839 3063 895 factam
3109 854 3230 896 esse
3283 842 3702 899 resurrectionem.

2168 928 2384 985 Talibus
2413 931 2614 987 resistit
2642 931 2931 1001 Apostolus
2948 972 2965 998 ,
2996 931 3217 988 dicens:
3242 931 3325 986 Ex
3342 933 3515 1006 quibus
3533 944 3599 988 est
3617 934 3707 1008 Hy-

2170 1038 2391 1078 menarus
2415 1032 2461 1077 et
2489 1021 2752 1092 Philetus,
2782 1024 2870 1094 qui
2894 1024 3031 1078 circa
3073 1025 3333 1080 veritatem
3357 1024 3707 1094 aberraverunt,

2171 1113 2388 1169 dicentes
2410 1116 2821 1170 resurrectionem
2838 1116 2954 1187 jam
2972 1116 3163 1186 factum
3189 1134 3300 1172 esse
3316 1158 3333 1184 ,
3352 1127 3401 1171 et
3438 1118 3579 1187 ﬁdem
3607 1136 3711 1191 quo-

2173 1209 2407 1263 rumdam
2445 1213 2730 1265 subvertant
2762 1208 2842 1282 (11
2867 1208 3000 1264 Tim.
3027 1226 3101 1278 ιι,
3133 1210 3220 1278 17,
3251 1211 3318 1267 18
3345 1211 3386 1283 ).
3415 1210 3526 1266 Jam
3554 1210 3712 1268 factam

2174 1317 2295 1360 esse
2319 1303 2767 1360 resurrectionem
2794 1302 3074 1371 dicebant,
3113 1303 3208 1359 sed
3248 1318 3315 1360 eo
3357 1304 3512 1359 modo
3549 1315 3601 1360 ut
3634 1305 3716 1361 alia

2175 1408 2281 1449 non
2302 1404 2611 1466 speraretur
2635 1414 2649 1451 :
2674 1403 2729 1450 et
2757 1394 3223 1466 reprehendebant
3251 1394 3493 1451 homines
3517 1398 3596 1467 qui
3616 1412 3718 1466 spc-

2178 1486 2364 1542 rabant
2390 1487 2835 1544 resurrectionem
2874 1488 3083 1554 carnis,
3115 1488 3263 1543 velut
3291 1488 3399 1560 jam
3438 1491 3719 1547 resurrectio

2176 1592 2296 1648 qum
2322 1578 2584 1648 promissa
2625 1587 2770 1644 erat,
2803 1578 3071 1635 credendo
3115 1580 3426 1649 impleretur
3460 1580 3511 1635 in
3552 1590 3718 1640 mente.

2178 1667 2540 1738 Repreliendit
2584 1684 2677 1725 eos
2729 1670 3037 1741 Apostolus.
3082 1669 3189 1726 Cur
3241 1687 3336 1727 eos
3380 1671 3719 1744 reprehendit?

2178 1759 2366 1815 Nonne
2395 1759 2497 1816 hoc
2514 1760 2768 1817 dicebant
2794 1761 2935 1832 quod
2962 1760 3121 1816 modo
3146 1762 3400 1818 Dominus
3428 1764 3717 1835 loquebatur,

2190 1852 2335 1909 Venit
2357 1854 2483 1909 hora
2502 1897 2517 1922 ,
2552 1864 2599 1909 et
2618 1871 2751 1908 nunc
2771 1864 2876 1921 est,
2904 1854 3108 1927 quando
3146 1857 3334 1909 mortui
3361 1855 3720 1912 audieratratus

2182 1946 2309 2001 Filii
2332 1947 2464 2010 Dei;
2489 1958 2538 2002 et
2563 1948 2649 2019 qui
2675 1947 2964 2013 audierint,
2996 1948 3199 2002 vivent?
3223 1946 3331 2004 Sed
3356 1947 3423 2004 de
3461 1949 3564 2004 vita
3596 1964 3719 2006 men-

2181 2041 2311 2096 tium
2345 2041 2534 2111 loquor
2552 2040 2757 2108 adhuc,
2784 2040 2859 2094 ait
2889 2040 2979 2096 tibi
3002 2039 3159 2095 Jesus
3182 2058 3194 2094 :
3218 2041 3456 2096 nondum
3484 2041 3723 2111 loquorde

2181 2133 2285 2187 vita
2313 2148 2630 2203 corporum;
2662 2131 2756 2187 sed
2789 2132 2978 2203 loquor
3019 2131 3087 2187 de
3131 2131 3240 2186 vita
3282 2133 3404 2187 vita:
3442 2148 3720 2203 corporum,

2183 2223 2235 2278 id
2263 2232 2379 2290 est,
2407 2221 2475 2278 de
2501 2224 2796 2279 animarum
2816 2265 2832 2292 ,
2861 2225 2915 2278 in
2949 2222 3143 2294 quibus
3175 2231 3261 2279 est
3300 2223 3404 2278 vita
3441 2239 3720 2296 corporum:

2183 2332 2305 2370 nam
2330 2316 2441 2371 seio
2466 2330 2586 2371 esse
2611 2330 2833 2385 corpora
2875 2315 2930 2370 in
2960 2316 3321 2372 monumentis
3358 2317 3610 2386 jacentia,
3633 2317 3720 2373 scio

2182 2416 2236 2462 et
2262 2422 2486 2477 corpora
2518 2416 2697 2462 vestra
2725 2408 2778 2463 in
2806 2407 3168 2463 monumentis
3191 2405 3404 2475 futura;
3436 2408 3648 2464 nondum
3668 2407 3721 2465 de

2183 2498 2272 2555 illa
2302 2500 2696 2555 resurrectione
2721 2499 2949 2571 loquor:
2972 2499 3040 2556 de
3079 2499 3180 2554 ista
3209 2499 3425 2573 loquor,
3452 2500 3503 2556 in
3534 2502 3622 2557 ista
3653 2517 3723 2558 re-

2184 2590 2418 2661 surgite,
2454 2606 2519 2647 ne
2548 2590 2614 2646 ad
2644 2606 2854 2661 penam
2881 2591 2937 2648 in
2979 2590 3067 2647 illa
3104 2594 3418 2664 resurgatis.
3444 2592 3543 2650 Sed
3579 2602 3628 2649 ut
3647 2609 3725 2650 uo-

2185 2682 2369 2737 veritis
2406 2682 2529 2753 quia
2574 2682 2642 2738 de
2690 2682 2780 2737 illa
2822 2681 3033 2753 loquor,
3062 2683 3188 2754 quid
3237 2685 3412 2739 addo?
3452 2684 3587 2741 Sicut
3622 2688 3726 2741 etaim

2187 2773 2331 2828 habet
2358 2772 2517 2829 Pater
2539 2774 2692 2829 vitam
2734 2776 2788 2828 in
2824 2776 3089 2846 semetipso
3108 2817 3125 2843 ,
3154 2776 3229 2830 sic
3259 2776 3399 2831 dedit
3425 2787 3471 2831 et
3508 2776 3631 2832 Filio
3651 2777 3724 2831 Ito-

2184 2863 2299 2919 bere
2318 2865 2469 2918 vitam
2486 2866 2540 2919 in
2559 2865 2844 2934 semetipso.
2875 2865 2998 2920 "me
3020 2866 3122 2920 vita
3149 2866 3295 2937 quod
3322 2867 3478 2924 Pater
3499 2877 3592 2931 est,
3612 2867 3725 2938 quod

2185 2956 2350 3011 Filius
2391 2965 2506 3023 est,
2533 2956 2599 3012 ad
2627 2957 2750 3027 quid
2781 2958 3044 3028 pertinet?
3070 2958 3134 3014 ad
3164 2960 3399 3015 animam
3419 3002 3435 3028 ,
3466 2976 3529 3015 an
3552 2959 3610 3016 ad
3630 2974 3725 3017 eor-

2188 3048 2328 3118 pus?
2351 3049 2466 3104 Non
2497 3050 2637 3104 enim
2668 3052 2826 3105 vitam
2868 3050 3010 3106 illam
3040 3051 3319 3121 sapientia:
3363 3054 3520 3108 sentit
3540 3067 3723 3123 corpus,

2187 3140 2280 3195 sed
2320 3156 2471 3196 mens
2514 3140 2805 3196 rationalis.
2853 3142 2985 3197 Nam
3032 3158 3130 3198 nec
3174 3146 3354 3201 omnis
3394 3146 3560 3200 anima
3587 3152 3727 3216 potest

2187 3233 2384 3288 Sentire
2407 3233 2740 3303 sapientiam.
2767 3234 2935 3290 Habet
2950 3234 3095 3291 enim
3118 3245 3173 3292 et
3196 3253 3360 3308 pecus
3384 3239 3628 3302 animam;
3652 3235 3725 3293 sed

2190 3326 2399 3395 pecoris
2427 3327 2603 3380 anima
2632 3342 2738 3381 non
2785 3336 2960 3396 potest
3001 3329 3217 3397 sentire
3248 3331 3573 3401 sapientiam.
3614 3329 3727 3400 Ergo

2188 3417 2363 3472 anima
2388 3416 2616 3472 humana
2639 3426 2815 3489 potest
2833 3420 3034 3475 sentire
3060 3421 3214 3476 istam
3244 3423 3406 3478 vitam
3432 3439 3579 3494 quam
3598 3421 3727 3477 habet

2191 3508 2349 3563 Pater
2378 3510 2430 3563 in
2476 3512 2800 3580 semetipso,
2827 3520 2884 3567 et
2926 3512 3072 3568 dedit
3102 3512 3237 3569 Filio
3279 3516 3441 3572 vitam
3478 3516 3653 3572 habere
3688 3515 3727 3569 in

2191 3602 2511 3671 semetipso;
2540 3602 2659 3672 quia
2690 3602 2816 3658 illud
2845 3613 2929 3659 est
2955 3620 3128 3660 verum
3150 3603 3323 3663 lumen
3344 3609 3475 3679 quod
3494 3607 3726 3673 illuminat,

2192 3710 2298 3750 non
2324 3709 2538 3750 omnem
2564 3695 2796 3775 animam
2815 3737 2832 3764 ,
2860 3696 2955 3751 sed
2983 3713 3181 3751 onmem
3226 3698 3475 3755 hominem
3500 3700 3727 3754 venientem

2192 3786 2245 3840 in
2273 3785 2406 3839 hunc
2424 3786 2690 3842 mundum.
2715 3786 2847 3842 Cum
2868 3803 2996 3859 ergo
3019 3787 3117 3860 ipsi
3144 3792 3311 3846 menti
3340 3791 3541 3864 loquor,
3566 3789 3727 3854 audiat,

2197 3878 2251 3934 id
2276 3888 2357 3934 est
2378 3878 2621 3946 obediat,
2645 3890 2698 3935 et
2727 3879 2887 3936 vivat.

2266 3975 2354 4030 15.
2394 3972 2511 4028 Noli
2559 3974 2771 4045 itaque,
2807 3974 3061 4043 Domine,
3095 3981 3273 4031 tacere
3298 3977 3366 4033 de
3392 3975 3733 4033 resurrectione

2195 4069 2410 4135 carnis;
2439 4082 2507 4122 ne
2528 4083 2631 4121 non
2654 4083 2771 4121 eam
2797 4067 3017 4123 credant
3042 4068 3308 4138 homines,
3335 4082 3390 4127 et
3409 4079 3730 4127 remaneamus

2198 4176 2295 4215 nos
2321 4170 2798 4230 argumentatorcs,
2823 4176 2928 4217 non
2952 4149 3342 4233 przedicatores.
3370 4166 3502 4236 Ergo
3527 4165 3639 4218 sicut
3658 4162 3730 4216 ha-

2197 4252 2273 4306 bet
2319 4251 2476 4307 Pater
2514 4253 2667 4306 vitam
2695 4253 2745 4306 in
2772 4253 3035 4323 semetipso
3055 4296 3069 4319 ,
3100 4255 3173 4310 sic
3197 4256 3336 4310 dedit
3362 4266 3410 4311 et
3435 4254 3563 4310 Filio
3584 4252 3731 4308 habere

2198 4343 2348 4397 vitam
2367 4343 2421 4396 in
2447 4344 2729 4413 semetipso.
2757 4342 3057 4413 lutelligant
3079 4345 3168 4415 qui
3199 4347 3454 4411 audiunt,
3480 4345 3732 4401 credantut

2200 4435 2522 4504 intelligant,
2556 4435 2805 4490 obediant
2831 4443 2889 4490 ut
2916 4437 3111 4491 vivant.
3141 4439 3374 4494 Audiant
3395 4439 3559 4494 adhuc
3584 4432 3727 4497 aliud,

2199 4543 2267 4582 ne
2294 4527 2381 4582 hic
2402 4527 2599 4581 linitam
2628 4541 2748 4582 esse
2768 4528 3212 4585 resurrectionem
3244 4539 3449 4600 putent.
3481 4529 3540 4585 Et
3564 4526 3678 4581 dedit
3696 4524 3733 4577 ά

2200 4628 2491 4691 potestatem
2517 4627 2565 4673 et
2574 4619 2834 4690 judicium
2859 4624 3041 4690 facere.
3074 4620 3241 4688 Quis?
3269 4623 3445 4677 Pater.
3469 4620 3558 4676 Cui
3578 4616 3731 4675 dedit?

2199 4712 2354 4769 Filio.
2384 4713 2482 4768 Cui
2508 4714 2653 4769 enim
2676 4712 2823 4769 dedit
2850 4712 3046 4769 habere
3073 4713 3234 4769 vitam
3259 4715 3314 4771 in
3339 4714 3631 4785 semetipso,
3658 4726 3729 4780 pu-

2202 4812 2446 4860 testatem
2473 4803 2618 4859 dedit
2642 4804 2691 4860 ei
2722 4813 2775 4860 et
2788 4804 3046 4874 judicium
3076 4803 3275 4864 facere.
3296 4807 3429 4874 Quia
3451 4807 3577 4877 ﬁlius
3603 4800 3735 4857 homi-

2202 4900 2279 4955 nis
2301 4908 2395 4954 est.
2422 4900 2527 4956 iste
2553 4899 2695 4955 enim
2738 4896 2980 4954 Christus
3000 4941 3014 4965 ,
3039 4909 3095 4955 et
3120 4899 3288 4958 Filius
3314 4901 3405 4957 Dei
3430 4909 3482 4957 et
3504 4898 3627 4954 ﬁlius
3655 4892 3730 4946 lio-

2201 4992 2359 5047 minis
2396 4999 2497 5047 est.
2526 4989 2592 5044 In
2641 4991 2890 5063 principio
2927 5000 3034 5045 erat
3069 4990 3283 5047 Verbum
3305 5032 3324 5061 ,
3352 5002 3399 5049 et
3432 4990 3626 5048 Verbum
3655 4994 3734 5038 εηη

2202 5085 2340 5156 apud
2363 5084 2543 5150 Deum,
2567 5092 2613 5137 et
2634 5082 2772 5137 Deus
2799 5094 2905 5137 erat
2935 5081 3171 5148 Verbum;
3197 5084 3292 5139 hoc
3318 5083 3497 5140 eratin
3521 5071 3735 5153 ρήιείρὶυ

2203 5177 2340 5248 apud
2369 5174 2546 5230 Deum.
2581 5174 2717 5230 Ecce
2744 5173 3011 5246 quomodo
3037 5174 3184 5232 dedit
3209 5176 3259 5231 ei
3284 5175 3442 5232 vitam
3480 5171 3655 5230 babae
3696 5162 3734 5216 l"

2203 5268 2508 5338 semetipso.
2531 5265 2634 5324 Sed
2651 5266 2776 5337 quia
2804 5264 3020 5321 Verbum
3046 5283 3164 5322 caro
3189 5270 3377 5339 {acum
3394 5274 3484 5333 est,
3504 5270 3552 5319 α
3569 5255 3736 5317 κάπ’

2203 5364 2271 5416 uit
2307 5363 2370 5440 in.
2386 5360 2526 5416 nobis
2551 5358 2726 5432 (Joan.
2754 5376 2808 5428 ι,
2838 5358 2895 5429 9,
2923 5361 2975 5426 1,
3019 5360 3074 5427 2,
3117 5362 3235 5431 14),
3264 5377 3331 5418 ex
3370 5360 3559 5431 virgine
3591 5348 3724 5411 lari!

2204 5455 2366 5512 homo
2401 5454 2605 5523 factus,
2648 5453 2787 5510 (ilius
2824 5452 3054 5511 hominis
3085 5464 3188 5511 est.
3228 5453 3450 5511 Proinde
3481 5450 3587 5521 quia
3612 5444 3725 5501 illius

2205 5546 2437 5603 hominis
2455 5554 2556 5610 est,
2578 5544 2704 5616 quid
2731 5547 2974 5617 accepit?
2997 5545 3318 5601 Potestatem
3339 5553 3390 5600 et
3410 5539 3639 5615 judicium
3658 5531 3723 5588 f1-

2204 5656 2348 5698 cere.
2389 5639 2540 5708 Quod
2576 5639 2872 5710 judicium?
2901 5640 2955 5694 in
3002 5640 3105 5695 line
3133 5640 3308 5695 saeculi
3332 5658 3346 5695 :
3370 5644 3422 5694 et
3446 5635 3513 5692 ibi
3545 5629 3723 5689 eritn-

2205 5736 2467 5793 surrectio
2506 5742 2874 5801 mortuorum,
2906 5734 2999 5789 sed
3047 5749 3344 5805 corporum.
3382 5730 3582 5787 Animas
3620 5730 3724 5790 οιῑο

2209 5829 2428 5886 suscitat
2451 5827 2610 5891 Deus,
2637 5842 2730 5896 per
2760 5826 3025 5880 Christum
3048 5823 3238 5880 Filium
3265 5824 3352 5880 Dei
3375 5840 3389 5877 :
3410 5829 3609 5889 corpora
3627 5822 3723 5867 Ill"
