3916 6372
226 326 349 384 1553

222 440 334 495 citat
358 439 522 504 Deus,
568 452 668 507 per
711 435 957 492 eumdem
999 434 1269 491 Christum
1318 433 1483 488 ﬁlium
1517 433 1768 487 hominis.

226 532 355 587 Dedit
379 533 423 585 ei
444 540 755 600 potestatem.
781 529 925 584 lianc
952 538 1264 599 potestatem
1296 544 1400 582 non
1433 527 1652 581 haberet
1674 526 1773 580 nisi

221 625 495 691 acciperet,
522 629 577 675 et
604 630 750 676 esset
770 620 929 675 homo
953 620 1069 674 sine
1099 629 1377 690 potestate.
1418 617 1521 673 Sed
1553 617 1666 688 ipse
1691 624 1777 673 est

222 716 342 770 ﬁlius
363 713 616 779 hominis,
647 714 822 784 quiet
864 712 1029 767 Filius
1056 712 1171 766 Dei.
1224 709 1484 765 llmrendo
1524 710 1664 763 enim
1712 707 1778 761 ad

221 806 449 860 unitatem
494 819 737 874 personae
767 804 905 858 ﬁlius
943 803 1173 857 hominis
1207 801 1347 857 Filio
1374 800 1501 864 Dei,
1532 798 1664 854 facta
1696 809 1778 854 est

218 916 306 955 una
333 913 545 969 persona
571 940 588 966 ,
616 898 910 968 eademque
929 897 1099 952 Filius
1128 895 1256 959 Dei,
1287 910 1405 965 quae
1438 903 1491 949 et
1517 893 1654 948 lilius
1676 892 1777 948 ho-

218 990 374 1044 minis.
402 988 535 1056 Quid
572 999 752 1045 autem
797 996 1014 1058 pr0pter
1041 986 1168 1057 quid
1208 985 1432 1051 habeat,
1464 984 1780 1055 dignoscen-

215 1080 324 1135 dum
349 1088 444 1135 est.
474 1077 643 1134 Filius
667 1079 897 1133 hominis
918 1077 1071 1133 habet
1101 1077 1353 1143 animam,
1384 1076 1540 1131 habet
1564 1090 1777 1146 corpus.

217 1171 363 1226 Filius
391 1170 481 1226 Dei
505 1211 521 1233 .
557 1169 703 1241 quod
728 1179 811 1225 est
838 1169 1071 1225 Verbum
1100 1169 1195 1225 Dei
1221 1210 1235 1233 ,
1282 1167 1440 1223 habet
1471 1168 1737 1222 hominem
1762 1210 1778 1233 ,

216 1274 445 1334 tauquam
475 1264 659 1318 anima
687 1278 903 1331 corpus.
947 1260 1097 1317 Sicut
1122 1260 1295 1315 anima
1322 1259 1524 1315 habens
1548 1274 1742 1328 corpus
1762 1300 1777 1326 ,

215 1372 307 1410 non
337 1354 456 1409 facit
479 1353 615 1409 duas
647 1368 938 1424 personas,
985 1352 1079 1407 sed
1125 1367 1288 1405 unum
1342 1350 1650 1415 hominem;
1704 1350 1782 1405 sic

215 1447 424 1503 Verbum
473 1446 679 1502 habens
704 1445 974 1500 hominem
992 1486 1006 1510 ,
1034 1460 1140 1501 non
1173 1443 1294 1497 facit
1317 1443 1450 1498 duas
1488 1456 1745 1515 personas
1762 1482 1778 1508 ,

214 1538 294 1593 Sed
321 1552 475 1592 unum
500 1536 796 1591 Christum.
825 1536 959 1604 Quid
985 1543 1067 1591 est
1099 1533 1295 1589 homo?
1322 1532 1510 1587 Anima
1551 1531 1783 1586 rationa-

213 1629 269 1684 lis
307 1628 501 1683 habens
528 1643 748 1698 corpus.
797 1627 934 1695 Quid
982 1634 1063 1681 est
1102 1624 1385 1680 Christus?
1418 1621 1648 1677 Verbum
1688 1622 1781 1677 Dci

213 1719 396 1773 habens
437 1719 733 1774 hominem.
770 1717 936 1772 Video
969 1718 1036 1772 de
1070 1716 1262 1787 quibus
1291 1715 1448 1771 rebus
1478 1714 1663 1785 loquar
1684 1756 1700 1781 ,
1728 1720 1784 1769 et

213 1811 320 1881 quis
356 1812 574 1881 loquar,
606 1818 660 1864 et
690 1806 882 1879 quibus
910 1808 1117 1877 loquar.

275 1903 356 1958 i6.
392 1901 543 1958 Nunc
578 1901 763 1956 audite
799 1900 865 1955 de
894 1883 1287 1956 resurrectione
1324 1911 1605 1968 corporum
1630 1939 1646 1963 ,
1675 1911 1781 1951 non

215 2010 291 2051 me
309 2037 323 2061 ,
340 1994 428 2050 sed
462 1993 1074 2049 Dominum‘locuturum
1097 2033 1113 2059 ,
1141 2002 1357 2061 propter
1375 2004 1468 2046 eos
1493 1990 1581 2062 qui
1606 2005 1783 2046 resur-

218 2102 449 2148 reserunt
471 2091 744 2162 surgendo
763 2107 792 2143 a
815 2099 1007 2157 morte,
1032 2087 1340 2143 inhrerendo
1360 2088 1500 2141 vitm.
1523 2086 1618 2142 Cui
1639 2087 1785 2142 vitm?

215 2185 331 2252 Qua:
373 2202 476 2239 non
518 2186 669 2240 novit
696 2193 942 2238 mortem.
983 2182 1159 2250 Quare
1187 2196 1291 2235 non
1333 2179 1479 2234 novit
1520 2180 1786 2235 mortem?

217 2275 335 2343 Quia
362 2278 528 2331 nescit
573 2275 1000 2331 mutabilitatem.
1028 2273 1202 2341 Quare
1250 2271 1421 2327 nescit
1468 2272 1786 2326 mutabilita-

217 2369 354 2423 tem?
378 2368 507 2437 Quia
533 2370 642 2424 vita
672 2378 754 2423 est
782 2368 832 2421 iu
865 2367 1171 2434 semetipso.
1212 2364 1279 2418 Et
1317 2373 1609 2435 potestatem
1651 2363 1787 2417 dedit

219 2460 258 2514 ei
288 2470 332 2514 et
349 2459 603 2531 judicium
629 2464 795 2528 facere
813 2500 826 2525 ,
853 2458 971 2526 quia
1000 2457 1136 2525 ﬁlius
1162 2455 1378 2509 hominis
1400 2464 1491 2509 est.
1521 2453 1671 2521 Quod
1699 2455 1786 2523 ju-

219 2549 396 2605 dicium
415 2591 431 2617 ,
458 2551 616 2621 quale
638 2549 932 2620 judicium?
960 2546 1133 2601 Nolite
1157 2546 1331 2599 mirari
1360 2546 1473 2610 hoc,
1503 2545 1625 2615 quia
1654 2543 1785 2610 dixi,

221 2641 358 2698 Dedit
376 2646 419 2698 ei
439 2652 739 2715 potestatem
762 2652 813 2697 et
832 2641 1084 2713 judicium
1113 2644 1297 2713 facere.
1332 2638 1463 2704 Quia
1484 2638 1611 2691 venit
1641 2639 1784 2690 liora.

221 2731 322 2788 Non
349 2735 582 2800 addidit,
616 2745 663 2789 et
692 2749 824 2788 nunc
853 2742 925 2787 est
956 2747 975 2785 :
999 2745 1128 2800 ergo
1155 2730 1343 2784 horam
1371 2729 1652 2799 quamdam
1678 2728 1790 2781 vult

222 2825 471 2881 insinuare
508 2826 563 2879 in
612 2825 717 2880 ﬁne
745 2824 943 2879 saeculi.
972 2822 1114 2877 Hora
1149 2836 1289 2876 nunc
1311 2829 1394 2875 est
1427 2828 1482 2874 ut
1508 2828 1790 2889 resurgant

224 2918 400 2973 mortui
422 2960 438 2984 ,
459 2918 594 2974 hora
619 2918 723 2972 erit
742 2918 795 2970 in
820 2917 921 2970 line
946 2914 1125 2969 δίκαιιί
1152 2923 1208 2968 ut
1237 2920 1517 2983 resurgant
1543 2911 1737 2966 mortui
1773 2930 1785 2965 :

225 3008 306 3062 sed
342 3019 618 3080 resurgant
645 3023 784 3063 nunc
810 3009 861 3061 in
898 3014 1075 3061 mente
1098 3046 1113 3070 ,
1146 3013 1268 3059 tunc
1293 3004 1344 3058 in
1384 3017 1584 3063 carne;
1613 3017 1791 3057 resur-

224 3108 336 3168 gant
362 3116 503 3156 nunc
534 3101 587 3155 iu
613 3107 793 3155 mente
821 3114 913 3169 per
935 3096 1168 3151 Verbum
1198 3096 1288 3149 Dei
1318 3094 1505 3148 Filium
1536 3094 1666 3159 Dei,
1706 3108 1793 3147 re-

226 3200 424 3259 surgant
472 3201 598 3245 tunc
636 3192 688 3244 in
731 3203 891 3244 carne
919 3204 1011 3258 per
1051 3186 1280 3242 Verbum
1322 3185 1415 3239 Dei
1466 3178 1790 3238 carnem’l‘a-

226 3290 352 3334 ctum
371 3323 387 3347 ,
418 3282 583 3336 ﬁlium
610 3280 860 3334 hominis.
886 3278 1067 3349 Neque
1099 3278 1239 3333 enim
1266 3277 1331 3331 ad
1356 3274 1612 3345 judicium
1639 3276 1788 3330 vivo-

227 3384 332 3425 rum
354 3381 405 3426 et
430 3382 760 3427 mortuorum
788 3372 945 3425 Pater
985 3371 1097 3439 ipse
1123 3379 1376 3423 venturus
1406 3375 1488 3421 est
1516 3382 1533 3421 :
1575 3382 1673 3422 nec
1710 3374 1789 3421 ta-

228 3475 337 3516 men
380 3463 580 3519 recedit
624 3479 654 3516 a
687 3462 822 3517 Filio
870 3461 1042 3516 Pater.
1073 3459 1349 3527 Quomodo
1374 3472 1501 3529 ergo
1545 3473 1649 3512 non
1678 3458 1792 3526 ipse

228 3562 465 3609 venturus
492 3553 608 3608 est?
636 3554 770 3621 Quia
813 3566 918 3607 non
945 3552 1057 3621 ipse
1079 3549 1339 3605 videbitur
1369 3551 1419 3603 in
1441 3548 1663 3618 judicio.
1699 3547 1789 3602 Vi-

228 3644 391 3699 debunt
421 3649 475 3701 in
502 3663 646 3717 quem
668 3654 984 3717 pupugcrunt
1003 3642 1182 3713 (Joan.
1216 3657 1327 3707 XIX,
1351 3641 1461 3712 57).
1483 3640 1675 3696 Forma
1702 3639 1791 3695 illa

229 3739 316 3792 erit
337 3739 492 3809 inde:
516 3781 531 3804 ,
558 3756 677 3809 qum
722 3739 867 3793 stetit
891 3737 990 3792 sub
1026 3736 1237 3806 judice;
1283 3737 1366 3791 illa
1399 3735 1649 3807 iudicabit
1674 3751 1792 3805 qua:

229 3826 441 3897 iudicata
488 3840 569 3887 est
622 3847 634 3885 :
681 3830 914 3900 judicata
951 3838 1033 3883 est
1081 3828 1224 3883 enim
1275 3829 1492 3898 inique,
1536 3828 1794 3898 judicabit

230 3918 370 3986 iuste.
401 3921 589 3977 Veniet
630 3936 760 3991 ergo
800 3921 966 3975 forma
1007 3920 1187 3988 servi,
1233 3930 1289 3975 et
1336 3920 1449 3990 ipsa
1495 3920 1789 3989 apparebit.

234 4009 420 4066 Etenim
462 4012 627 4067 forma
656 4012 748 4067 Dei
776 4011 1043 4082 quomodo
1080 4018 1363 4082 appareret
1398 4010 1557 4078 justis
1595 4019 1650 4065 et
1688 4010 1795 4064 ini-

234 4102 374 4170 quis?
397 4103 524 4159 Nam
559 4105 603 4158 si
638 4104 893 4173 judicium
923 4118 1026 4157 non
1059 4101 1208 4157 [teret
1237 4101 1337 4156 nisi
1373 4101 1513 4156 inter
1540 4101 1684 4155 solos
1706 4101 1793 4171 ju-

235 4201 359 4260 stos,
387 4204 661 4266 appareret
688 4203 933 4263 tanquam
957 4193 1112 4263 justis
1139 4191 1307 4266 forma
1335 4192 1427 4247 Dei
1467 4208 1483 4246 :
1516 4192 1638 4263 quia
1665 4207 1793 4247 vero

233 4281 465 4350 judicium
501 4284 731 4340 futurum
759 4293 842 4339 est
860 4284 1129 4354 justorum
1159 4292 1212 4338 et
1238 4283 1541 4353 iniquorum
1562 4324 1576 4348 ,
1604 4298 1704 4338 nec
1731 4283 1796 4338 li-

236 4384 307 4427 cet
328 4386 386 4430 ut
409 4376 564 4447 iniqui
593 4376 807 4430 videant
836 4376 998 4429 Deum
1024 4390 1039 4441 ;
1073 4374 1218 4430 Beati
1247 4375 1387 4429 enim
1418 4374 1595 4428 mundi
1622 4375 1791 4441 corde,

238 4466 449 4533 quoniam
470 4467 568 4536 ipsi
589 4466 751 4519 Deum
776 4466 1006 4519 videbunt
1027 4464 1242 4536 (Matth.
1273 4481 1329 4531 ν,
1356 4467 1415 4533 8)
1440 4482 1455 4533 ;
1488 4467 1606 4521 talis
1633 4481 1794 4536 appa-

240 4556 547 4626 rebitjndex,
574 4556 749 4627 qualis
771 4556 935 4611 videri
965 4557 1130 4625 possit
1152 4565 1207 4611 et
1230 4555 1297 4610 ab
1321 4556 1400 4611 eis
1427 4571 1562 4627 quos
1580 4571 1797 4611 corona-

242 4655 370 4704 turus
392 4658 487 4712 est,
513 4658 567 4705 et
591 4649 659 4705 ab
678 4650 758 4704 eis
781 4664 918 4719 quos
946 4648 1292 4704 damnaturus
1318 4658 1418 4703 est.
1448 4648 1638 4704 Forma
1668 4666 1794 4720 ergo

246 4742 363 4795 torvi
390 4742 678 4809 videbitur,
706 4741 911 4797 occulta
938 4741 1042 4796 erit
1080 4739 1247 4795 t‘orma
1271 4741 1384 4797 Dei.
1414 4740 1666 4797 Occultus
1694 4744 1797 4797 erit

248 4828 286 4883 in
312 4845 454 4887 servo
475 4832 639 4888 Filius
670 4832 799 4898 Dei,
822 4841 875 4886 et
903 4832 1179 4902 apparebit
1201 4832 1339 4886 illius
1366 4833 1627 4897 hominis;
1673 4834 1793 4903 quia

248 4932 508 4985 potestatem
534 4924 673 4978 dedit
696 4924 743 4977 ei
769 4933 816 4977 et
827 4923 1079 4993 judicium
1101 4923 1267 4992 facere
1284 4965 1298 4987 ,
1322 4924 1438 4990 quia
1462 4925 1598 4993 ﬁlius
1627 4924 1795 4979 homi-

1316 319 1725 377 TRACTATUS
1764 317 1905 376 XIX.
1946 319 2172 380 CAPUT
2215 324 2277 379 V.

3326 332 3468 388 εδει

1883 449 1989 489 non
2021 434 2180 491 habet
2221 437 2397 493 Pater.
2440 438 2504 494 Et
2542 441 2700 511 quale
2729 441 3027 512 judicium?
3072 440 3249 498 Nolite
3290 448 3467 499 mirari

1884 524 2015 589 hoc;
2042 528 2161 595 quia
2179 531 2309 583 venit
2339 531 2463 585 liora
2492 545 2511 586 :
2536 546 2643 588 non
2672 548 2733 587 ea
2757 547 2875 603 quae
2902 548 3044 589 nunc
3073 545 3175 600 est,
3205 545 3263 590 ut
3286 552 3469 591 resur-

1883 627 2007 688 gant
2031 620 2249 685 animm;
2279 621 2373 676 sed
2391 638 2509 692 quze
2530 623 2701 678 futura
2713 634 2795 680 est
2812 664 2829 691 ,
2847 636 2905 679 ut
2925 636 3201 696 resurgant
3220 640 3468 698 corpora.

1958 711 2042 765 i7.
2074 711 2391 782 Expressius
2414 716 2515 771 hoc
2545 716 2724 785 dicat,
2753 724 2812 772 ut
2837 718 3154 773 calumniam
3187 718 3474 776 haereticus

1886 812 2107 872 negator
2135 807 2538 862 resurrectionis
2563 808 2803 877 corporis
2843 823 2951 863 non
2996 809 3231 867 inveniat
3256 826 3273 864 :
3303 825 3478 880 quan-

1885 907 2041 964 quam
2065 894 2173 964 jam
2203 896 2501 954 intellectus
2527 900 2809 955 elucescat.
2851 901 2982 956 Cum
3006 902 3249 973 superius
3270 902 3473 958 dictum

1886 992 2063 1051 esset,
2105 984 2251 1039 Venit
2273 987 2431 1054 hora;
2457 988 2691 1057 addidit,
2716 1002 2762 1045 et
2790 1008 2924 1061 nunc
2944 1000 3016 1047 est
3043 1008 3062 1046 :
3084 992 3243 1047 modo
3270 1003 3472 1058 autem,

1899 1072 2040 1128 Venit
2078 1076 2241 1141 hora;
2268 1094 2371 1133 non
2406 1080 2640 1146 addidit,
2669 1093 2714 1136 et
2748 1100 2879 1137 nunc
2909 1093 3000 1138 est.
3043 1083 3244 1140 Tamen
3286 1099 3475 1139 omnes

1886 1181 2045 1221 ansas
2069 1211 2081 1232 ,
2110 1183 2296 1225 omnes
2322 1172 2606 1227 claviculas
2634 1175 3017 1229 calumniarum
3041 1215 3058 1241 ,
3092 1190 3277 1231 omnes
3306 1176 3475 1230 nodos

1887 1258 2196 1330 laqueorum
2240 1274 2420 1333 aperta
2469 1268 2691 1322 veritate
2726 1266 3045 1340 disrumpat.
3077 1267 3253 1323 Nolite
3298 1270 3475 1325 mirari

1886 1354 2017 1419 hoc;
2055 1357 2174 1426 quia
2201 1359 2329 1413 venit
2355 1359 2510 1427 hora,
2539 1361 2591 1415 in
2620 1378 2718 1432 qua
2750 1379 2922 1417 omnes
2945 1367 3030 1435 qui
3063 1365 3114 1417 in
3140 1367 3476 1422 monumentis

1888 1454 2023 1498 sunt.
2055 1446 2191 1514 Quid
2215 1449 2547 1505 evidentius?
2567 1452 2691 1521 quid
2725 1453 3067 1523 expressius?
3088 1455 3324 1526 Corpora
3351 1466 3477 1511 sunt

1890 1536 1941 1590 in
1969 1542 2327 1595 monumentis
2353 1560 2365 1594 :
2394 1543 2584 1597 animm
2609 1560 2711 1599 non
2740 1556 2861 1600 sunt
2889 1546 2938 1599 in
2968 1548 3345 1611 monumentis,
3376 1563 3476 1602 nec

1883 1626 2169 1698 justorum,
2197 1646 2293 1686 nec
2314 1632 2634 1703 iniquorum.
2661 1635 2792 1690 Justi
2821 1637 2994 1691 anima
3023 1638 3073 1691 in
3104 1638 3223 1693 sinu
3244 1639 3473 1695 Abrahu:

1888 1718 2019 1787 fuit,
2070 1721 2232 1790 iniqui
2278 1723 2451 1777 anima
2502 1725 2638 1795 apud
2692 1726 2887 1781 inferos
2940 1728 3285 1797 torquebatur
3315 1728 3467 1800 (Luc.

1888 1825 2010 1876 xvi,
2033 1811 2266 1883 22-25):
2299 1814 2351 1868 in
2377 1827 2743 1883 monumento,
2775 1833 2872 1872 nec
2899 1818 3017 1882 illa,
3049 1833 3148 1873 nec
3172 1819 3280 1872 illa.
3304 1819 3474 1889 Supe-

1888 1901 1999 1956 rius
2038 1903 2250 1973 quando
2289 1905 2361 1959 ait
2382 1947 2396 1971 ,
2431 1906 2573 1959 Venit
2616 1908 2775 1973 liora,
2822 1918 2869 1961 et
2898 1926 3031 1962 nunc
3068 1920 3139 1963 est
3158 1924 3178 1973 ,'
3208 1912 3433 1965 obsecro
3455 1951 3472 1976 ,

1889 1991 2169 2049 intendite.
2201 1994 2400 2063 Nostis,
2428 1997 2638 2063 fratres,
2664 1999 2785 2069 quia
2815 1999 2880 2054 ad
2909 2016 3097 2068 panem
3129 2002 3327 2057 ventris
3351 2017 3473 2057 cmn

1891 2083 2071 2141 labore
2114 2090 2454 2157 pervenitur;
2482 2099 2678 2159 quanto
2716 2093 2881 2162 magis
2908 2091 2976 2147 ad
3006 2107 3192 2163 panem
3245 2094 3476 2147 mentis?

1888 2179 2022 2233 Cum
2069 2179 2251 2239 lahorc
2295 2183 2479 2249 statis,
2516 2193 2569 2238 ct
2611 2183 2838 2250 auditis;
2869 2183 2962 2239 sed
3009 2199 3107 2239 nos
3130 2201 3249 2239 cum
3278 2185 3478 2253 majore

1890 2279 2094 2325 stamus
2112 2313 2126 2336 ,
2157 2281 2213 2325 et
2240 2272 2524 2342 loquimur.
2551 2273 2607 2328 Si
2638 2274 2938 2329 laboramus
2963 2285 3178 2345 propter
3206 2291 3299 2329 vos
3319 2318 3332 2341 ,
3370 2279 3481 2331 col-

1894 2361 2138 2417 laborarc
2168 2377 2272 2416 non
2309 2362 2516 2419 debetis
2554 2373 2772 2435 propter
2808 2367 3024 2420 eosdem
3052 2367 3185 2420 vos?
3222 2366 3479 2436 Superius

1891 2466 2019 2521 ergo
2039 2467 2159 2506 cum
2179 2452 2401 2520 diceret,
2434 2451 2579 2507 Venit
2606 2454 2729 2508 hora
2745 2497 2758 2519 ,
2788 2464 2842 2510 et
2862 2455 3111 2521 adderet,
3140 2466 3185 2510 et
3211 2473 3343 2511 nunc
3367 2466 3440 2511 est
3459 2500 3475 2525 ,

1892 2542 2014 2612 quid
2069 2543 2332 2613 subjecit?
2386 2543 2604 2609 Quando
2655 2548 2837 2600 mortui
2896 2547 3099 2599 audient
3150 2563 3316 2601 vocem
3353 2547 3480 2601 Filii

1893 2633 2011 2698 Dei,
2037 2644 2081 2687 et
2119 2636 2205 2705 qui
2223 2636 2473 2690 audierint
2500 2637 2676 2690 virent.
2705 2637 2820 2693 Non
2846 2638 2978 2693 dixit
2998 2677 3020 2705 ,
3044 2638 3241 2694 Omnes
3279 2643 3477 2695 mortui

1893 2726 2141 2793 audient,
2177 2736 2231 2782 et
2267 2728 2355 2798 qui
2393 2728 2657 2783 audierint
2681 2730 2857 2784 vivent
2890 2748 2902 2783 :
2933 2741 3176 2785 mortuos
3203 2731 3345 2786 enim
3380 2732 3481 2786 iui-

1894 2835 2025 2890 quos
2055 2821 2263 2875 volebat
2282 2821 2521 2891 intelligi.
2541 2820 2608 2875 Et
2633 2821 2887 2893 numquid
2909 2837 3096 2877 omnes
3119 2823 3279 2892 iniqui
3305 2823 3475 2878 obau-

1894 2912 2047 2967 diunt
2076 2913 2399 2985 Evangelia?
2443 2915 2639 2984 Aperte
2681 2914 2809 2969 dicit
2856 2915 3175 2984 Apostolus,
3227 2914 3332 2969 Sed
3376 2930 3478 2969 non

1895 3020 2066 3058 omnes
2094 3005 2373 3059 obaudiunt
2395 3003 2670 3076 Evangelia
2697 3004 2871 3079 (Rom.
2911 3022 2980 3071 ι,
3012 3006 3122 3078 i6).
3157 3006 3356 3061 Tamen
3386 3006 3478 3077 qui

1893 3096 2150 3163 audiunt,
2180 3098 2387 3162 vivent;
2414 3098 2534 3169 quia
2566 3112 2753 3153 onmes
2778 3099 2866 3169 qui
2897 3098 3189 3153 obaudiunt
3231 3099 3477 3169 Evange-

1896 3186 2000 3254 lio,
2032 3187 2288 3242 transient
2324 3186 2393 3242 ad
2427 3187 2586 3242 vitam
2626 3197 2876 3243 aeternam
2906 3205 2998 3258 per
3020 3189 3175 3244 [idem
3220 3207 3232 3242 :
3263 3205 3367 3243 non
3400 3198 3481 3244 ta-

1895 3295 2019 3334 men
2048 3295 2236 3335 omnes
2264 3279 2588 3345 obaudiunt,
2620 3290 2673 3335 et
2701 3280 2802 3335 hoc
2831 3297 2972 3336 nunc
3014 3291 3116 3339 est.
3160 3286 3229 3336 At
3261 3297 3384 3336 vero
3424 3283 3477 3336 in

1897 3371 2037 3437 ﬁne,
2071 3387 2243 3426 omnes
2265 3372 2351 3443 qui
2369 3381 2487 3425 sunt
2513 3372 2567 3426 in
2593 3373 2952 3437 monumentis,
2995 3372 3095 3427 hoc
3136 3380 3221 3427 est
3255 3373 3382 3443 justi
3424 3383 3482 3428 et

1896 3463 2095 3533 injusti,
2126 3464 2330 3518 audient
2354 3480 2522 3518 vocem
2547 3465 2674 3534 ejus,
2703 3474 2747 3518 et
2771 3465 3056 3535 procedant.
3079 3464 3357 3531 Quomodo
3377 3479 3476 3518 no-

1897 3555 1993 3609 luit
2036 3555 2215 3611 dicerc
2237 3597 2253 3621 ,
2301 3564 2350 3609 et
2392 3556 2595 3608 vivent?
2636 3553 2834 3610 Omnes
2861 3554 3001 3607 enim
3035 3555 3353 3623 precedent,
3387 3555 3479 3609 sed

1897 3663 2002 3702 non
2040 3662 2229 3703 omnes
2252 3648 2447 3702 vivent.
2496 3647 2551 3701 In
2599 3662 2665 3701 eo
2702 3647 2895 3716 quippe
2935 3645 3075 3716 quod
3123 3661 3279 3715 supra
3309 3645 3479 3712 dixit,

1898 3737 1967 3792 Et
2012 3740 2096 3808 qui
2127 3739 2379 3792 audierint
2426 3740 2622 3803 vivent;
2672 3739 2722 3793 in
2777 3739 2887 3807 ipsa
2932 3736 3270 3792 obauditioue
3316 3738 3479 3792 vitam

1897 3839 2151 3884 aeternam
2181 3829 2400 3899 intelligi
2432 3829 2671 3883 voluitet
2696 3826 2940 3893 beatam,
2978 3844 3134 3899 quam
3159 3844 3264 3883 non
3293 3844 3482 3884 omnes

1899 3920 2167 3976 habebunt
2195 3922 2284 3990 qui
2308 3920 2376 3975 de
2402 3921 2761 3974 monumentis
2795 3920 3103 3989 procedent.
3134 3919 3250 3974 Jam
3279 3935 3406 3990 ergo
3428 3929 3482 3974 et

1897 4012 2405 4065 commemoratione
2471 4021 2971 4075 monumentorum,
3032 4020 3085 4063 et
3136 4010 3480 4079 expressione

1896 4102 2254 4171 processionis
2276 4100 2345 4157 de
2369 4102 2727 4156 monumentis
2749 4143 2765 4169 ,
2793 4111 2978 4171 aperte
3005 4102 3346 4171 intelligimus
3365 4119 3483 4155 cor-

1899 4209 2086 4264 porum
2134 4192 2596 4248 resurrectionem.

1970 4285 2059 4340 18.
2085 4284 2302 4338 Audient
2337 4299 2510 4339 omnes
2541 4298 2709 4337 vocem
2733 4282 2844 4355 ejus
2862 4325 2878 4348 ,
2904 4292 2953 4337 et
2979 4282 3268 4352 precedent.
3298 4282 3364 4337 Et
3394 4283 3482 4337 ubi

1895 4375 2150 4446 judicium
2177 4416 2190 4438 ,
2233 4374 2280 4430 si
2309 4388 2495 4430 omnes
2534 4372 2788 4438 audient,
2835 4381 2891 4428 et
2926 4386 3113 4427 omnes
3159 4372 3483 4442 procedent?

1899 4467 2062 4535 Quasi
2107 4477 2274 4522 totum
2321 4466 2601 4522 confusum
2647 4473 2762 4533 est;
2810 4463 2943 4521 nihil
2979 4463 3135 4519 video
3172 4463 3481 4520 discretum.

1900 4556 2057 4613 Certe
2071 4558 2320 4627 accepisti
2343 4564 2659 4627 potestatem
2678 4555 2974 4626 judicandi,
2996 4554 3118 4625 quia
3142 4554 3282 4610 ﬁlius
3305 4554 3482 4609 homi-

1902 4651 1984 4704 nis
2009 4664 2102 4714 es;
2130 4665 2255 4703 ecce
2281 4648 2457 4703 aderis
2483 4648 2536 4702 in
2556 4647 2759 4718 judicio
2776 4691 2792 4715 ,
2822 4656 3104 4717 resurgent
3125 4661 3348 4717 corpora
3374 4665 3387 4699 :
3416 4647 3487 4704 de

1900 4742 2016 4810 ipso
2041 4741 2242 4810 judicio
2270 4740 2355 4795 dic
2375 4739 2572 4810 aliquid
2599 4783 2611 4805 ,
2644 4740 2745 4794 hoc
2770 4748 2853 4794 est
2875 4738 2942 4794 de
2967 4739 3287 4794 discretione
3313 4738 3484 4794 malo-

1900 4850 2020 4889 rum
2041 4843 2094 4887 et
2123 4834 2404 4889 bonorum.
2438 4833 2503 4887 Et
2528 4831 2629 4887 hoc
2653 4831 2776 4887 audi
2811 4850 2824 4886 :
2855 4831 2953 4897 Qui
2987 4832 3116 4885 bona
3154 4832 3406 4901 fecerunt,
3433 4832 3488 4885 in

1899 4926 2259 4981 resurrectione
2280 4925 2429 4989 vitm;
2449 4924 2535 4993 qui
2559 4924 2695 4977 mala
2717 4933 2920 4994 egerunt
2942 4965 2957 4989 ,
2983 4923 3037 4977 in
3078 4924 3490 4978 resurrectionem

248 5025 312 5064 ins
335 5022 415 5067 est.
446 5015 509 5069 Et
534 5015 657 5085 quia
700 5015 816 5084 ipse
844 5014 989 5067 solus
1014 5015 1288 5083 apparebit
1331 5015 1384 5070 in
1424 5015 1590 5071 forma
1616 5017 1753 5072 servi
1776 5059 1793 5083 ,

247 5099 379 5159 Pater
394 5118 562 5163 autem
578 5123 685 5163 non
715 5107 1007 5177 apparebit,
1026 5108 1147 5178 quia
1176 5124 1278 5164 non
1299 5118 1377 5164 est
1398 5111 1608 5165 indutus
1630 5111 1795 5166 forma

244 5198 395 5262 servi;
423 5197 540 5255 ideo
559 5199 805 5268 superius
830 5200 924 5263 ait,
949 5197 1106 5253 Pater
1130 5217 1230 5253 non
1246 5200 1450 5270 judicat
1469 5218 1791 5274 quemquam,

246 5285 319 5337 ted
340 5302 475 5342 omne
496 5289 751 5359 judicium
770 5287 907 5341 dedit
926 5288 1083 5342 Filio.
1108 5288 1251 5344 Bene
1279 5306 1405 5359 ergo
1432 5291 1653 5347 dilatum
1680 5303 1794 5359 est,

248 5382 292 5429 ut
316 5377 417 5448 ipse
439 5390 578 5436 esset
601 5381 874 5449 expositor
899 5382 984 5451 qui
1023 5382 1343 5452 propositor.
1366 5381 1620 5453 Superius
1655 5386 1797 5441 enim

246 5469 479 5523 osenltum
504 5480 652 5535 erat;
676 5486 815 5525 nunc
836 5471 967 5539 jam,
995 5482 1054 5526 ut
1084 5472 1329 5538 arbitror,
1361 5474 1695 5530 manifestum
1718 5487 1800 5533 est

246 5558 348 5624 Quia
370 5561 500 5615 dedit
526 5562 571 5615 ei
601 5571 895 5634 potestatem
923 5573 972 5618 et
989 5564 1241 5635 judicium
1271 5570 1435 5632 facere
1452 5607 1468 5632 ,
1495 5567 1615 5635 quia
1645 5566 1799 5623 Pater

246 5662 332 5704 non
346 5652 535 5721 judicat
554 5656 990 5725 quemquam-sed
1011 5673 1155 5710 omne
1170 5657 1424 5727 judicium
1453 5657 1588 5711 dedit
1618 5657 1757 5714 Filio
1782 5676 1802 5712 :

245 5742 349 5812 quia
369 5743 615 5815 judicium
647 5759 743 5817 per
766 5745 905 5802 illam
951 5746 1174 5805 formam
1212 5746 1444 5805 futurum
1491 5758 1604 5819 est,
1643 5765 1801 5824 quam

1891 5018 2097 5089 judicii.
2143 5018 2395 5087 Superius
2422 5031 2544 5071 cum
2589 5015 2657 5070 de
2700 5015 3090 5070 resurrectione
3137 5016 3397 5071 mentium
3447 5028 3496 5072 et

1900 5110 2197 5164 animarum
2235 5109 2577 5179 loqueretur,
2619 5106 2875 5178 numquid
2918 5107 3040 5162 fecit
3075 5107 3453 5165 discretionem
3479 5112 3545 5169 ἲν

1902 5203 2007 5259 Sed
2029 5217 2218 5258 omnes
2240 5202 2330 5273 qui
2356 5201 2601 5267 audient,
2632 5201 2844 5268 vivent;
2885 5203 3006 5273 quia
3032 5201 3369 5258 obaudiendo
3417 5202 3497 5255 vi-

1902 5303 2047 5350 vent.
2073 5294 2143 5349 At
2162 5309 2290 5349 vero
2312 5293 2639 5366 resurgendo
2661 5302 2714 5348 et
2740 5293 3075 5365 procedendo
3099 5292 3165 5348 de
3184 5307 3403 5347 monum
3415 5292 3542 5378 Cll")

1905 5386 2006 5453 tis,
2050 5401 2157 5440 non
2194 5400 2380 5441 omnes
2419 5384 2485 5440 ad
2525 5386 2686 5441 vitam
2730 5394 2984 5442 aeternam
3029 5384 3218 5452 ibunt,
3262 5382 3361 5439 sed
3409 5382 3535 5454 quéi.

1905 5476 2042 5531 bene
2093 5476 2375 5530 fecerunt:
2407 5477 2496 5548 qui
2539 5486 2718 5532 autem
2750 5477 2920 5539 male,
2967 5473 3034 5529 ad
3072 5473 3351 5544 judicium.
3402 5473 3538 5615 ilics

1905 5567 2046 5615 cutim
2068 5566 2315 5615 indicium
2345 5582 2443 5615 nm
2466 5582 2620 5615 nmna
2650 5568 2843 5615 nosnit.
2875 5565 2945 5615 Et
2969 5566 3070 5615 erit
3088 5564 3375 5615 diremntio
3397 5606 3413 5615 .
3442 5574 3503 5615 el

1904 5567 2046 5620 enim
2061 5566 2315 5636 judicium
2345 5582 2443 5637 pro
2466 5582 2620 5637 paena
2650 5568 2843 5637 posuit.
2875 5565 2945 5620 Et
2969 5566 3070 5619 erit
3088 5564 3375 5634 diremptio
3397 5606 3413 5632 ,
3442 5574 3503 5621 et

1909 5675 2014 5714 non
2041 5659 2214 5729 qualis
2240 5659 2399 5713 modo
2434 5668 2535 5714 est.
2563 5658 2694 5714 Nam
2730 5666 2784 5712 et
2831 5656 2989 5712 modo
3031 5670 3343 5727 separamur
3388 5673 3497 5713 non

1909 5752 2041 5808 locis
2061 5793 2076 5818 ,
2110 5750 2202 5809 sed
2232 5750 2502 5818 moribus,
2529 5748 2801 5805 affectibus
2823 5791 2838 5818 ,
2858 5747 3172 5815 desideriis,
3203 5747 3309 5806 ﬁde
3328 5790 3344 5823 ,
3367 5764 3497 5822 spe,
