3916 6368
338 312 598 400 ,ιβιδ

454 428 733 481 etiaritate.
769 423 935 479 Simul
968 421 1116 479 enim
1144 433 1275 495 cum
1295 417 1494 488 iniquis
1518 414 1781 479 vivims;
1809 411 1904 468 sed
1935 427 2042 466 non

456 534 558 574 una
591 518 696 572 vita
726 526 810 572 est
832 514 1073 571 omnium
1101 531 1114 568 :
1142 512 1197 589 in
1237 509 1449 566 occulto
1486 507 1787 564 dirimimur
1808 544 1824 570 ,
1854 505 1906 559 in
1951 517 2043 559 oc-

454 610 603 668 culto
624 624 967 682 separamur;
999 603 1268 677 quomodo
1288 616 1453 675 grana
1493 601 1546 655 in
1570 615 1693 655 area
1715 641 1730 667 ,
1760 613 1865 653 non
1904 610 2040 667 quo-

452 702 618 759 modo
639 711 804 772 grana
825 699 878 754 in
915 698 1130 753 horreo.
1155 694 1218 750 Et
1244 701 1558 763 separantur
1592 704 1756 760 grana
1798 688 1848 742 in
1874 701 1997 742 area
2020 725 2036 751 ,

444 775 508 849 ‘et
533 792 822 847 miscentur
845 808 857 843 :
880 793 1225 858 separantur,
1253 799 1374 840 cum
1400 798 1431 838 a
1455 782 1604 852 palea
1642 778 2038 849 exspoliantur;

450 884 781 945 miscentur,
828 881 950 955 quia
992 878 1228 933 nondum
1270 874 1615 931 ventilantur.
1661 871 1810 926 Tunc
1857 878 2039 939 aperta

450 973 557 1030 erit
584 970 868 1041 separatio.
898 970 1266 1051 sicut_morum
1283 1008 1298 1033 ,
1329 966 1409 1020 sic
1430 974 1485 1020 et
1511 964 1657 1028 vitae;
1680 962 1817 1017 sicut
1835 960 2039 1031 sapien.

452 1064 572 1131 tiae,
598 1063 668 1117 ita
693 1072 749 1118 et
775 1075 1079 1131 corporum.
1107 1059 1262 1115 ibunt
1291 1056 1379 1127 qui
1409 1056 1544 1112 bene
1566 1053 1837 1118 fecerunt,
1862 1053 2039 1105 vivere

362 1206 366 1215 .
452 1172 574 1213 cum
606 1156 823 1227 Angelis
866 1153 959 1209 Dei
991 1171 1002 1207 :
1030 1152 1123 1224 qui
1160 1151 1297 1207 male
1338 1158 1597 1220 egerunt,
1637 1144 1869 1217 torqueri
1913 1158 2036 1203 cum

454 1248 668 1305 diabolo
706 1257 761 1302 et
800 1245 1002 1317 angelis
1039 1245 1175 1314 ejus.
1210 1243 1277 1298 Et
1316 1242 1539 1297 transiet
1568 1239 1737 1294 l'orma
1766 1235 1927 1292 servi.
1955 1233 2037 1289 Ad

452 1340 559 1396 hoc
583 1338 727 1395 enim
759 1353 818 1393 se
839 1342 1255 1406 pra~sentaverat
1280 1342 1343 1389 ut
1362 1334 1559 1388 laceret
1591 1328 1851 1405 judicium,
1880 1343 1893 1379 :
1918 1332 2040 1396 post

445 1431 701 1501 judicium
730 1439 917 1500 perget
945 1410 1067 1483 hinc
1089 1470 1104 1493 ,
1135 1426 1294 1482 ducet
1316 1440 1496 1480 secum
1536 1435 1731 1492 corpus
1767 1419 1851 1495 cui
1879 1425 2038 1486 caput

448 1540 563 1595 est,
588 1536 642 1584 et
666 1526 853 1583 oﬂeret
875 1540 1095 1596 regnum
1123 1525 1234 1578 Deo
1254 1521 1296 1592 (l
1325 1520 1441 1574 Cor.
1466 1535 1555 1584 xv,
1579 1515 1694 1589 9.4).
1714 1514 1863 1569 Tunc
1883 1512 2037 1581 plane

450 1620 718 1675 videbitur
738 1618 906 1673 forma
937 1618 1025 1671 illa
1053 1616 1166 1680 Dei,
1196 1630 1315 1684 quae
1343 1627 1448 1667 non
1472 1609 1642 1689 potuit
1661 1607 1825 1663 videri
1843 1605 1913 1661 ab
1933 1604 2036 1659 ini-

448 1713 605 1782 quis,
650 1724 878 1781 quorum
925 1707 1114 1763 visioni
1156 1705 1326 1760 forma
1373 1703 1514 1758 servi
1558 1697 1858 1756 exhibenda
1898 1702 2033 1752 erat.

451 1804 589 1859 Dicit
615 1815 670 1857 et
711 1802 836 1858 alibi
877 1801 954 1855 sic
984 1817 997 1852 :
1023 1797 1177 1852 Ibunt
1201 1798 1283 1851 isti
1310 1798 1363 1849 in
1406 1793 1771 1849 uitibustionem
1796 1799 2036 1845 (sternam

449 1896 543 1968 (de
583 1893 896 1964 quibusdam
940 1889 1232 1958 sinistris);
1265 1887 1395 1959 justi
1424 1894 1590 1939 autem
1624 1883 1678 1936 in
1704 1882 1857 1936 vitam
1891 1887 2038 1935 cetero

448 2002 568 2039 nam
607 1982 820 2055 (Matth.
850 1998 991 2046 xxv,
1020 1981 1114 2049 46)
1144 1998 1156 2033 :
1189 1979 1257 2035 de
1285 1994 1389 2048 qua
1430 1976 1534 2031 alio
1567 1976 1686 2029 loco
1714 1971 1877 2038 dicit,
1915 1968 2037 2024 Hoc

449 2087 523 2130 εει
546 2084 714 2128 autem
741 2075 842 2126 uita
878 2081 1068 2126 (eterna
1091 2112 1105 2133 ,
1146 2078 1197 2123 ut
1225 2075 1530 2140 cognoscant
1578 2076 1624 2118 te
1668 2078 1825 2117 unum
1862 2076 2036 2116 verum

446 2165 640 2230 Deum,
668 2174 714 2219 et
740 2181 886 2235 quem
913 2163 1090 2218 misisti
1112 2161 1289 2216 Jesum
1320 2160 1574 2213 Christum
1599 2155 1774 2228 (Joan.
1802 2170 1929 2219 xv",
1954 2151 2033 2223 5).

449 2254 601 2311 Tunc
634 2255 705 2309 ibi
732 2253 1008 2323 apparebit
1032 2254 1119 2324 qui
1146 2268 1259 2305 cum
1307 2251 1358 2304 in
1389 2255 1553 2321 forma
1595 2246 1692 2300 Dei
1736 2253 1896 2311 esset,
1934 2260 2037 2298 non

447 2351 684 2419 rapinam
725 2350 995 2403 arbitratus
1035 2357 1244 2401 estesse
1282 2345 1489 2421 aequalis
1516 2342 1624 2397 Deo
1665 2340 1923 2415 (Philipp.
1962 2354 2033 2404 ιι,

449 2441 505 2513 6)
544 2458 559 2495 :
591 2449 715 2495 tunc
752 2453 812 2495 se
853 2438 1100 2494 ostendet
1126 2437 1396 2507 quomodo
1436 2442 1496 2491 se
1540 2432 1885 2491 dilectoribus
1927 2430 2036 2486 suis

448 2538 785 2586 ostensurum
830 2532 1089 2600 promisit.
1121 2529 1220 2596 Qui
1246 2529 1377 2583 enim
1405 2528 1570 2599 diligit
1593 2538 1705 2592 me,
1746 2526 1850 2593 ait,
1893 2541 2037 2578 mau-

448 2622 570 2677 data
596 2638 708 2677 mea
749 2622 998 2687 custodit;
1021 2631 1069 2676 et
1104 2621 1193 2692 qui
1214 2621 1380 2692 diligit
1404 2636 1483 2673 me
1499 2650 1517 2686 ,
1556 2617 1795 2690 diligetur
1823 2633 1855 2669 a
1881 2614 2038 2671 Patre

447 2731 558 2768 meo
581 2753 598 2780 ,
636 2722 685 2768 et
713 2730 804 2786 ego
831 2713 1043 2785 diligam
1070 2729 1186 2768 cum
1208 2751 1224 2779 ,
1268 2720 1316 2767 et
1358 2712 1618 2767 ostendam
1664 2709 1909 2777 meipsum
1937 2707 2033 2762 illi.

446 2804 650 2870 Quibus
690 2804 1043 2874 attinebatur,
1093 2817 1330 2873 praesens
1359 2803 1440 2859 eis
1480 2810 1596 2857 erat
1635 2818 1651 2855 :
1687 2800 1783 2855 sed
1812 2798 2035 2854 formam

446 2897 593 2953 servi
618 2897 905 2962 videbant;
938 2897 1159 2950 formam
1183 2905 1360 2950 autem
1395 2894 1487 2948 Dei
1517 2907 1625 2947 non
1643 2891 1911 2971 videbant.
1936 2890 2038 2946 Per

443 2986 743 3058 jumentum
769 2987 835 3041 ad
855 2987 1119 3041 stabulum
1141 2982 1723 3049 ducebantureuraudi,
1754 2982 1848 3041 sed
1865 2982 2036 3037 sanati

446 3078 735 3142 videbunt;
775 3076 898 3146 quia
925 3076 1208 3139 ostendam,
1256 3075 1743 3155 inquitumeipsum
1768 3073 1865 3139 illi.
1893 3072 2036 3141 Quo-

447 3166 610 3221 modo
636 3166 934 3222 ostenditur
963 3166 1185 3235 aequalis
1226 3165 1401 3219 Patri?
1437 3165 1571 3220 Cum
1611 3164 1741 3220 dicit
1770 3164 2032 3234 Philippo,

449 3256 553 3323 Qui
579 3274 657 3312 me
676 3257 822 3322 uidet,
856 3257 985 3311 videt
1010 3265 1057 3311 et
1086 3255 1294 3311 Patrem
1313 3271 1477 3310 meum
1502 3254 1679 3325 (Joan.
1708 3272 1818 3320 xw,
1837 3256 1931 3321 2i,
1958 3256 2032 3326 9}.

523 3348 611 3403 19.
666 3347 786 3403 Νοη
832 3364 1033 3418 possunt
1084 3364 1175 3419 ego
1223 3364 1255 3401 α
1297 3348 1489 3415 meipso
1521 3348 1691 3416 facere
1717 3348 2035 3418 quidquam:

447 3443 575 3496 sicut
603 3441 756 3495 audio
774 3442 970 3513 judico,
1004 3452 1050 3495 et
1069 3441 1326 3511 judicium
1354 3456 1519 3494 nteant
1568 3451 1761 3509 justum
1780 3451 1870 3496 est.
1901 3442 2034 3509 Quia

448 3535 639 3588 dicturi
664 3536 754 3589 villi
792 3550 1029 3601 eramus,
1067 3535 1145 3589 Tn
1168 3534 1451 3604 judicabis,
1482 3543 1536 3591 et
1566 3535 1723 3591 Pater
1748 3548 1858 3593 non
1890 3535 2035 3606 judi~

448 3629 609 3692 eabit,
639 3631 759 3699 quia
790 3646 937 3683 omne
966 3630 1220 3699 judicium
1260 3629 1399 3684 dedit
1442 3629 1618 3698 Filio;
1647 3645 1754 3686 non
1792 3644 1924 3702 ergo
1945 3646 2033 3687 se-

446 3722 678 3776 cundum
710 3723 918 3777 Patrem
939 3722 1203 3791 jndieabis
1231 3740 1242 3775 :
1269 3722 1487 3792 adjecit,
1528 3722 1651 3779 Nan
1689 3740 1895 3795 possunt
1942 3732 2033 3796 ego

447 3831 478 3866 η
504 3815 691 3884 meipso
712 3815 879 3882 facere
905 3815 1179 3885 quidquam
1209 3830 1229 3871 :
1251 3816 1381 3870 sicut
1407 3816 1562 3870 audio
1583 3816 1788 3887 judico,
1819 3826 1867 3871 et
1882 3817 2031 3888 judi-

445 3907 581 3958 cium
617 3910 782 3959 meum
812 3907 1014 3976 justum
1055 3916 1164 3971 est;
1209 3909 1329 3976 quia
1371 3924 1473 3961 non
1517 3920 1688 3978 quarm
1726 3909 2033 3964 voluntatem

444 4014 604 4052 meum
624 4039 637 4063 ,
679 3998 770 4053 sed
808 4002 1114 4054 uoluntatem
1139 4001 1248 4072 ejus
1273 4000 1360 4072 qui
1387 4000 1526 4055 misit
1550 4018 1649 4055 nte.-
1678 4000 1837 4058 Certe
1866 4001 2033 4058 Filius

444 4103 578 4158 quos
608 4090 717 4142 vult
745 4089 990 4145 Vivilicat.
1018 4090 1132 4145 Non
1161 4094 1351 4161 quaerit
1378 4091 1705 4149 voluntatem
1733 4108 1905 4161 suam;
1936 4094 2032 4150 sed

445 4182 772 4236 voluntatem
794 4181 909 4251 ejus
931 4182 1020 4253 qui
1046 4184 1192 4238 misit
1220 4183 1389 4238 illum.-
1416 4183 1534 4239 Non
1560 4200 1755 4252 meum,
1779 4202 1883 4241 non
1910 4200 2032 4255 pro-

442 4273 647 4341 priam;
701 4287 808 4327 non
854 4290 1050 4334 meum.
1083 4290 1187 4329 non
1221 4275 1311 4329 lilii
1344 4275 1609 4342 hominis;
1661 4293 1766 4331 non
1817 4284 2027 4345 meam,

441 4379 562 4434 quur:
611 4367 823 4420 resistat
852 4367 983 4421 Deo;
1013 4365 1235 4421 Faciunt
1261 4368 1404 4422 enim
1434 4367 1679 4423 homines
1703 4368 2028 4424 voluntatem

444 4470 619 4521 suam,
671 4456 775 4511 nim
816 4458 932 4523 Dei;
976 4454 1188 4527 quando
1232 4457 1433 4513 faciunt
1475 4459 1617 4527 quod
1669 4460 1873 4526 volunt,
1921 4477 2030 4517 non

391 4557 409 4617 ι
445 4549 587 4618 quod
608 4548 759 4617 jubet
779 4550 915 4603 Deus-
947 4566 959 4600 :
986 4549 1200 4619 quando
1224 4558 1401 4604 autem
1430 4550 1498 4605 ita
1537 4550 1739 4607 faciunt
1761 4553 1905 4623 quod
1930 4568 2029 4610 vo-

442 4641 659 4707 limum
686 4650 865 4693 tamen
888 4650 1178 4709 sequantur
1219 4641 1543 4697 voluntatem
1593 4643 1724 4709 Dei,
1785 4659 1891 4699 non
1947 4645 2028 4701 fa-

440 4734 585 4787 ciunt
612 4732 939 4786 voluntatem
960 4730 1131 4799 suam,
1159 4736 1400 4803 quamvis
1428 4733 1569 4804 quod
1598 4735 1783 4791 volunt
1810 4736 2027 4793 faciant.

443 4820 645 4880 Volens
674 4823 754 4879 lae
782 4822 923 4895 quod
946 4822 1181 4896 juberis;
1209 4833 1367 4895 atque
1397 4825 1468 4881 ita
1494 4835 1547 4882 et
1572 4826 1675 4881 hoc
1698 4826 1863 4883 facies
1884 4829 2028 4900 quod

409 4920 415 4953 τ
441 4916 537 4979 vis,
568 4914 622 4970 et
651 4929 756 4970 non
785 4918 1111 4972 voluntatem
1142 4918 1284 4973 tuam
1312 4916 1496 4985 facies,
1524 4918 1619 4974 sed
1641 4918 1895 4989 iubentis.

511 5006 600 5064 20.
628 5008 765 5075 Quid
791 5008 958 5080 ergo?
988 5009 1134 5065 Sicut
1154 5008 1328 5075 audio;
1357 5010 1427 5064 ita
1442 5011 1641 5081 judico.
1662 5012 1823 5067 Audit
1837 5012 2022 5078 Filius,

438 5108 493 5156 et
535 5100 867 5155 deinonstrat
903 5102 953 5157 ei
984 5101 1165 5167 Pater,
1190 5111 1245 5157 et
1287 5101 1436 5157 videt
1482 5101 1649 5158 Filius
1685 5103 1899 5160 Patrem
1945 5104 2025 5159 fa-

440 5192 694 5247 cientem.
725 5192 793 5247 Et
837 5192 936 5248 ista
978 5193 1355 5249 distuleramus
1386 5194 1543 5264 paulo
1568 5196 1901 5252 enucleatius
1931 5200 2027 5268 pro

437 5285 644 5341 viribus
661 5286 1004 5356 pertractare,
1020 5286 1063 5339 si
1086 5296 1293 5357 tempus
1310 5286 1467 5343 nobis
1489 5298 1705 5359 peracta
1728 5290 1957 5347 lectione
1975 5302 2027 5348 et

437 5377 585 5433 vires
628 5376 1029 5432 remansissent;
1061 5377 1117 5432 Si
1147 5376 1318 5432 dicam
1348 5394 1437 5435 me
1462 5384 1619 5450 posse
1648 5381 1789 5452 loqui
1827 5382 2021 5445 adhuc.

435 5469 573 5527 forte
598 5468 694 5525 vos
714 5469 898 5525 audire
921 5470 1031 5540 jam
1056 5472 1161 5525 non
1191 5472 1428 5541 potestis;
1460 5472 1593 5529 lteut
1617 5475 1753 5530 forte
1773 5477 2028 5533 aviditate

435 5562 687 5620 audiendi
726 5560 904 5618 dicitis
932 5602 949 5631 ,
995 5557 1306 5619 Pessumus.
1352 5563 1539 5621 Melius
1576 5576 1817 5631 estergo
1842 5578 1899 5624 ut
1926 5584 2026 5641 ego

436 5656 802 5713 infirmitatem
842 5664 1019 5712 meam
1062 5658 1265 5727 fatear,
1307 5659 1429 5729 quia
1461 5658 1573 5730 jam
1612 5660 1857 5732 fatigatus
1883 5664 2027 5734 loqui

437 5760 546 5806 non
572 5756 814 5821 pompa,
838 5760 998 5822 quam
1025 5759 1085 5810 at
1107 5750 1386 5823 voblsjam
1422 5751 1561 5813 bene
1595 5752 1821 5825 satiatis,
1852 5753 2026 5813 adhuc

1372 302 1439 358 IN
1476 299 1758 357 ιυΑΝΝιδ
1793 295 2266 362 EVANGELIUM,
2310 293 2366 350 S.
2405 291 2761 353 ΔνυῧΒΒΊΙΝΙ

3581 299 3696 359 i556

2150 409 2425 465 infundam
2466 409 2613 482 mind
2660 410 2945 483 nonbene
2985 411 3263 484 digeratis.
3308 412 3531 485 Proinde
3573 418 3702 489 hujus

2147 502 2519 570 promissionis
2545 517 2705 573 quam
2735 502 2799 557 ad
2826 502 3143 559 hodiernum
3171 494 3409 575 tempus,
3432 507 3501 579 (si
3540 524 3702 579 super.

2147 603 2321 655 esset.
2367 592 2715 661 distuleram,
2761 604 2943 650 tenete
2983 609 3069 651 me
3097 595 3387 667 adjuvante
3424 596 3630 657 Domino
3660 603 3701 659 in

2147 685 2441 740 crastinum
2470 686 2789 751 debitorem.
3130 736 3155 761 ._.

2662 776 3075 837 TRACTATUS
3110 779 3233 837 XX.
3306 834 3313 843 .

2144 865 2373 922 Rursum
2402 868 2455 922 in
2480 869 2633 934 illud,
2664 870 2856 938 Amen,
2885 887 3044 929 amen
3077 873 3197 949 dico
3225 873 3409 947 vobis,
3431 886 3708 949 nonpotest

2214 957 2382 1025 Filius
2400 976 2430 1014 ει
2450 976 2506 1016 se
2528 963 2703 1018 lacere
2717 964 3026 1034 quidquam,
3046 941 3144 1019 nisi
3160 965 3303 1035 quod
3321 941 3513 1047 viderit
3523 941 3706 1027 Patrem

2213 1051 2494 1123 facientem
2525 1072 2540 1106 :
2570 1071 2916 1127 quascumque
2954 1059 3099 1113 enim
3140 1057 3301 1114 Pater
3327 1058 3474 1125 facit,
3498 1059 3606 1116 huic
3631 1077 3705 1116 ea-

2212 1142 2341 1209 dem
2367 1154 2421 1199 et
2452 1144 2616 1213 Filius
2637 1146 2760 1201 facit
2786 1148 3053 1204 similiter.
3080 1147 3206 1221 Cap.
3240 1165 3296 1216 v,
3335 1150 3372 1221 ᾗ
3396 1189 3410 1204 .
3444 1150 3530 1208 l9.

2216 1234 2270 1290 1.
2297 1233 2473 1290 Verba
2502 1235 2712 1290 Domini
2755 1240 2923 1292 nostri
2949 1238 3075 1309 Jesu
3106 1238 3327 1305 Christi,
3358 1242 3582 1298 maxime
3605 1260 3707 1313 qua

2141 1321 2373 1381 Joannes
2400 1337 2786 1383 commemorat
2808 1330 3155 1400 evangelista,
3176 1333 3266 1403 qui
3292 1349 3399 1387 non
3429 1335 3541 1389 sine
3566 1350 3705 1392 causa

2142 1430 2303 1485 super
2348 1429 2531 1488 pectus
2568 1418 2776 1475 Domini
2823 1419 3412 1502 discumbebatguoan.
3449 1440 3560 1487 xm,
3608 1426 3705 1497 23),

2142 1508 2244 1563 nisi
2262 1518 2317 1563 ut
2339 1521 2547 1566 secreta
2576 1512 2781 1566 altioris
2806 1512 3077 1591 sapientia;
3097 1514 3215 1584 ejus
3234 1514 3497 1583 ebiberet,
3521 1518 3707 1587 etquod

2140 1599 2369 1655 amando
2409 1599 2632 1664 bibent,
2674 1602 3105 1681 evangelizando
3134 1616 3395 1673 rnctaret,
3428 1607 3497 1660 ita
3523 1617 3705 1664 secreta

2142 1699 2265 1744 sunt
2285 1699 2341 1745 et
2368 1690 2627 1761 profunda
2647 1691 3037 1764 intelligentizn‘
3057 1732 3073 1761 ,
3090 1703 3149 1749 ut
3174 1710 3367 1752 omnes
3399 1696 3607 1752 turbent
3630 1700 3707 1769 qui

2142 1796 2392 1848 perverso
2419 1793 2542 1837 sunt
2556 1784 2736 1847 corde,
2755 1793 3005 1841 etomnes
3021 1797 3314 1855 excitauit
3334 1790 3425 1859 qui
3447 1798 3586 1846 recto
3604 1800 3708 1846 sunt

2140 1871 2322 1926 corde.
2368 1871 2598 1929 Proinde
2640 1874 3028 1947 animadvertat
3055 1877 3301 1933 Charitas
3326 1887 3503 1933 vestra
3526 1880 3587 1934 ad
3614 1881 3707 1951 bzec

2141 1978 2305 2034 pauca
2333 1980 2449 2035 quae
2492 1966 2626 2021 lecta
2654 1978 2794 2022 sunt.
2837 1966 3122 2024 Videamus
3145 1970 3189 2024 si
3216 1986 3326 2041 quo
3350 1971 3511 2037 modo
3549 1988 3710 2045 possu-

2143 2073 2262 2113 mus
2287 2058 2522 2129 donante
2550 2072 2605 2116 et
2632 2060 2931 2135 adjuvante'
2958 2061 3075 2132 ipso
3096 2063 3196 2135 qui
3239 2064 3406 2118 verba
3445 2080 3542 2137 sua
3578 2065 3707 2141 nobis

2142 2152 2590 2220 voluit-recitari,
2644 2170 2763 2225 quae
2814 2163 2943 2211 tunc
2986 2154 3173 2227 audita
3224 2144 3401 2231 atque.
3434 2158 3705 2232 conscripta

2141 2252 2286 2308 sunt,
2310 2254 2363 2299 nt
2390 2246 2552 2301 modo
2589 2247 2893 2318 legerentur
2917 2289 2934 2316 ,
2965 2247 3092 2319 quid
3133 2248 3234 2304 sibi
3273 2249 3405 2304 velit
3444 2248 3580 2320 quod
3603 2265 3705 2306 eunt

2140 2338 2367 2394 audistis
2394 2340 2557 2395 modo
2581 2341 2781 2406 dicere,
2809 2340 2991 2409 Amen,
3018 2358 3164 2397 amen
3190 2342 3307 2399 dico
3333 2343 3495 2411 vobis,
3516 2361 3611 2419 non

2140 2439 2233 2486 test
2262 2430 2431 2505 Filius
2455 2449 2486 2484 a
2513 2449 2568 2487 se
2591 2437 2758 2504 facere
2786 2433 3059 2504 quidquam
3079 2477 3095 2501 ,
3124 2436 3223 2493 nisi
3249 2436 3391 2515 quod
3414 2416 3585 2515 viderit
3613 2416 3703 2490 Po-

2142 2529 2266 2575 trem
2293 2522 2558 2601 facientem
2582 2539 2599 2575 :
2619 2539 2947 2595 quaecumque
2970 2526 3104 2580 enim
3134 2510 3294 2582 Pater
3331 2527 3476 2599 facit,
3510 2510 3609 2582 luet:
3631 2544 3704 2583 ea-

2140 2611 2253 2673 dem
2280 2621 2327 2667 et
2356 2612 2525 2668 Filius
2551 2615 2674 2687 facit
2698 2616 2949 2673 similiter.
3190 2680 3196 2687 ι
3678 2668 3690 2691 ι

2210 2703 2265 2759 2.
2291 2703 2442 2763 Unde
2465 2716 2643 2762 autem
2668 2717 2822 2763 natus
2841 2709 2908 2787 sit
2930 2724 3109 2765 sermo
3132 2710 3254 2779 iste,
3278 2698 3705 2780 commemorandi

2140 2796 2269 2851 estis
2292 2805 2510 2867 propter
2534 2797 2808 2868 superiora
2833 2799 3099 2868 lectionis,
3126 2801 3216 2857 ubi
3243 2813 3525 2859 curaverat
3549 2803 3705 2859 Domi-

2140 2908 2242 2950 nus
2288 2895 2571 2965 quemdam
2612 2897 2749 2952 inter
2799 2899 2918 2954 illos
2946 2901 3119 2971 quiin
3163 2903 3406 2976 quinque
3446 2906 3706 2976 porticibus

2141 2986 2359 3055 piscinae
2387 2987 2530 3041 illius
2563 2987 2866 3045 Salomonis
2889 2990 3163 3061 jacebant,
3203 2995 3290 3049 cui
3323 2995 3551 3064 dixerat,
3586 2995 3706 3051 Tolle
3786 3034 3789 3041 ι

2140 3079 2407 3148 grabatum
2454 3090 2626 3142 tuum.
2672 3090 2718 3135 et
2761 3081 2888 3136 uade
2910 3083 2965 3137 in
2984 3083 3190 3141 domum
3217 3096 3388 3144 tuam.-
3415 3089 3524 3144 Hoc
3552 3100 3705 3144 autem

2140 3169 2340 3225 fecerat
2376 3157 2611 3226 sabbatis
2641 3189 2656 3226 τ
2689 3172 2830 3229 unde
2875 3175 3175 3243 perturbati
3212 3176 3390 3234 Judaei
3439 3180 3703 3235 calumnia-

2142 3261 2354 3328 bantur,
2395 3262 2559 3333 quasi.
2583 3274 2886 3318 eversorem
2933 3274 2990 3321 et
3037 3268 3503 3336 praevaricatorem
3553 3269 3702 3340 legis.

2141 3350 2290 3407 Tunc
2316 3352 2397 3407 eis
2420 3353 2644 3419 dixerat,
2679 3352 2836 3407 Pater
2860 3370 3002 3410 meus
3029 3372 3186 3427 usque
3214 3360 3370 3415 modo
3394 3370 3635 3431 operatur,
3666 3367 3705 3414 at

2140 3458 2233 3513 ego
2261 3459 2443 3513 operor
2468 3443 2580 3517 (Id.
2609 3460 2657 3508 v,
2690 3447 2744 3510 8,
2779 3444 2890 3518 l7).
2942 3447 3023 3502 Illi
3065 3448 3211 3504 enim
3251 3453 3537 3507 carnaliter
3582 3451 3701 3507 acci-

2142 3535 2350 3604 pientes
2390 3535 2595 3591 sabbati
2643 3536 3089 3606 observationem,
3120 3541 3379 3610 putabant
3410 3544 3567 3598 Deum
3601 3548 3703 3613 post

2140 3626 2381 3683 laborem
2422 3626 2663 3684 fabricati
2699 3630 2881 3685 mundi
2911 3646 3079 3702 usque
3118 3633 3185 3691 ad
3225 3633 3373 3691 hunc
3409 3636 3545 3692 dicm
3573 3634 3699 3705 quasi

2138 3718 2410 3787 dormire;
2448 3728 2504 3775 et
2543 3731 2825 3792 propterea
2866 3724 3228 3781 sanctiﬁcasse
3269 3727 3417 3783 illum
3456 3728 3621 3792 diem,
3646 3738 3700 3780 ex

2138 3824 2246 3881 quo
2273 3812 2436 3883 erepit
2464 3812 2607 3869 velut
2648 3828 2679 3867 a
2730 3812 2999 3869 laboribus
3027 3817 3387 3893 requiescere.
3434 3819 3523 3875 Est
3546 3825 3697 3874 autem

2138 3914 2529 3960 sacramentum
2568 3904 2775 3961 sabbati
2815 3908 3047 3977 antiquis
3077 3909 3318 3978 muribus
3351 3911 3544 3966 nostris
3581 3923 3697 3979 pm-

2137 4006 2349 4067 ceptum
2377 3995 2571 4067 (Exod:
2608 4012 2699 4060 xx,
2725 3996 2903 4069 8-H),
2943 3998 3084 4068 quod
3115 4012 3215 4054 nos
3249 3999 3533 4057 Christiani
3556 3997 3698 4068 spiri-

2138 4087 2353 4142 tualiter
2372 4087 2740 4153 observamus,
2772 4096 2828 4142 ut
2852 4088 2923 4147 ab
2951 4089 3097 4144 omni
3122 4092 3298 4145 servili
3321 4099 3511 4164 opere,
3547 4090 3594 4147 id
3629 4096 3697 4144 est

2136 4177 2205 4232 ab
2233 4180 2379 4233 omni
2408 4185 2627 4247 peccato
2647 4179 2793 4248 (quia
2821 4178 3074 4235 Dominus
3098 4180 3247 4248 dicit,
3277 4180 3458 4239 Omnis
3480 4183 3561 4255 qui
3591 4178 3695 4251 facit

2138 4279 2417 4340 peccatum,
2440 4285 2611 4323 seruus
2637 4278 2710 4323 est
2735 4271 2921 4339 peccati
2952 4268 3130 4343 (Joan.
3157 4287 3271 4337 vm,
3295 4274 3367 4331 54
3391 4272 3433 4348 ),
3456 4270 3694 4329 abstinea-

2138 4374 2256 4415 mus
2282 4370 2399 4423 nOs,
2427 4370 2479 4414 et
2506 4359 2795 4416 habeamus
2819 4362 3055 4431 quietem
3074 4363 3126 4417 in
3152 4364 3318 4420 corde
3337 4372 3537 4429 nostro,
3561 4362 3606 4418 id
3626 4369 3694 4416 est

2139 4452 2570 4523 tranquiilitatem
2586 4452 2933 4523 spiritualem.
2958 4453 3025 4509 Et
3054 4457 3295 4525 quamvis
3320 4457 3376 4513 in
3400 4457 3501 4513 hoc
3522 4451 3692 4511 saeculo

2137 4544 2191 4601 id
2217 4559 2493 4610 conemur,
2527 4544 2593 4599 ad
2623 4554 2742 4599 eam
2783 4555 2957 4601 tamen
2998 4546 3233 4616 requiem
3279 4548 3560 4617 perfectam
3602 4556 3687 4598 non

2139 4637 2526 4707 perveniemus,
2566 4635 2669 4690 nisi
2705 4649 2825 4690 cum
2855 4635 2924 4691 de
2966 4635 3065 4691 hac
3113 4639 3220 4692 vita
3255 4639 3559 4693 exierimus.
3600 4629 3689 4688 Sed

2135 4729 2255 4784 ideo
2279 4729 2479 4784 dictum
2505 4740 2585 4784 est
2611 4727 2776 4783 Deum
2801 4728 3143 4799 requievisse,
3158 4730 3278 4799 quia
3291 4730 3401 4800 jam
3418 4738 3684 4786 creaturam

2136 4820 2336 4875 nullam
2389 4818 2650 4875 condebat
2705 4827 2983 4889 postquam
3037 4819 3270 4888 perfecta
3334 4831 3456 4876 sum
3508 4816 3685 4875 omnia.

2134 4911 2378 4979 Quietem
2405 4921 2534 4965 Vero
2578 4920 2855 4980 propterea
2900 4910 3186 4980 appellavit
3212 4912 3499 4984 Scriptura,
3530 4919 3581 4964 ut
3605 4919 3685 4961 nos

2134 5004 2451 5058 admoneret
2494 5009 2614 5072 post
2661 5002 2801 5057 bona
2840 5014 3001 5072 opera
3052 5003 3408 5073 requieturos.
3446 5001 3530 5059 Sic
3564 4999 3682 5053 enim

2132 5097 2388 5167 scriptum
2437 5096 2696 5151 habemus
2745 5096 2796 5150 in
2836 5095 3067 5163 Genesi,
3107 5095 3172 5150 Et
3215 5099 3332 5170 fecit
3375 5096 3509 5153 Deus
3540 5089 3683 5148 omnia

2132 5191 2263 5246 bona
2303 5189 2479 5256 ualde,
2519 5197 2565 5243 et
2588 5190 2827 5262 requievit
2851 5188 2988 5245 Deus
3013 5191 3095 5246 die
3120 5193 3333 5263 septimo
3361 5191 3503 5265 (Gen.
3532 5204 3565 5255 ιε
3591 5185 3641 5241 5|
3667 5223 3680 5248 ο

2132 5292 2179 5337 et
2215 5298 2273 5350 n,
2314 5279 2371 5354 2)
2402 5286 2417 5337 ἑ
2441 5290 2497 5336 ιιι
2526 5289 2581 5335 ιιι
2611 5281 2769 5335 homo
2794 5295 2918 5336 cum
2945 5283 3176 5338 intendis
3204 5284 3375 5354 ipsum
3403 5283 3555 5338 Deum
3584 5277 3679 5346 post

2133 5374 2270 5428 bona
2302 5386 2463 5442 opera
2496 5371 2855 5442 requievisse,
2906 5380 3012 5425 non
3067 5372 3159 5427 tibi
3208 5388 3393 5444 speres
3435 5371 3673 5439 requiem.

2134 5467 2237 5521 nisi
2282 5481 2403 5521 eum
2450 5464 2589 5520 bona
2635 5464 2802 5520 fueris
2851 5475 3148 5536 operatus:
3180 5474 3236 5522 et
3270 5460 3673 5537 quemadmodum

2135 5558 2273 5613 Deus
2301 5566 2643 5627 posteaquam
2672 5555 2797 5611 fecit
2823 5556 3095 5613 hominem
3130 5558 3198 5613 ad
3235 5552 3511 5628 imaginem
3534 5562 3581 5607 et
3616 5548 3676 5602 si-

2133 5650 2481 5706 militudinem
2509 5664 2658 5705 suam
2683 5657 2837 5706 sexto
2867 5651 2971 5716 die;
3003 5660 3059 5707 et
3079 5651 3134 5707 in
3165 5651 3258 5707 illo
3286 5648 3495 5723 perfecit
3517 5640 3665 5700 munia

2200 5766 2214 5797 ε
2242 5764 2315 5814 ετ.
2341 5756 2485 5827 Lugd.
2512 5764 2563 5817 ει
2587 5762 2705 5818 ven.
2729 5762 2924 5830 leguni;
2944 5760 3200 5831 arma
3571 5756 3621 5812 ιι.
