3916 6368
227 345 248 388 Ι
258 340 352 404 857

223 476 370 532 opera
397 474 487 515 sua
525 458 657 514 bona
690 455 876 525 valde,
923 458 1182 530 requievit
1223 458 1449 530 septimo
1477 458 1598 525 die;
1629 459 1706 512 sic
1731 465 1787 512 et

221 528 306 610 tibi
335 537 558 626 requiem
598 568 707 606 non
745 568 960 622 speres,
995 555 1096 610 nisi
1123 568 1243 609 cum
1288 554 1508 608 redieris
1537 554 1602 608 ad
1634 553 1785 607 simi-

222 647 477 700 litudinem
509 645 561 700 in
589 660 690 714 qua
720 645 889 722 iactus
925 661 1016 713 es,
1065 662 1225 718 quam
1275 645 1546 716 peccando
1605 645 1785 716 perdi-

215 739 348 810 disti.
395 737 509 793 Non
546 738 683 804 enim
734 739 874 794 Deus
919 739 1191 796 laborasse
1241 739 1498 794 dicendus
1549 748 1665 806 est,
1695 739 1786 808 qui

168 852 186 877 κ
220 831 343 885 dixit
383 840 434 884 et
473 832 604 886 laeta
647 839 790 883 sunt.
821 830 949 898 Quis
974 837 1056 884 est
1099 830 1187 899 qui
1232 841 1350 900 post
1379 838 1577 884 tantam
1607 829 1786 900 operis

218 922 504 976 facilitatem
549 921 699 991 quasi
741 897 861 990 post
896 897 1130 1002 laborem
1173 897 1300 975 velit
1331 897 1704 992 requiescere?
1728 920 1784 975 Si

181 979 356 1108 iiussit
381 1025 434 1070 et
454 1014 644 1084 aliquis
673 1015 722 1069 ei
753 993 967 1080 restitit,
995 1013 1042 1068 si
1063 1015 1221 1084 jussit
1241 1025 1294 1071 et
1319 1032 1423 1069 non
1451 1023 1533 1070 est
1560 1015 1776 1082 factum,

194 1117 264 1163 'et
303 1117 354 1163 ut
393 1109 541 1162 iit-ret
567 1107 855 1172 laboravit;
896 1108 1090 1163 merito
1130 1107 1339 1163 dicatur
1381 1118 1501 1176 post
1547 1108 1782 1163 laborem

178 1199 521 1269 ‘requievisse
568 1216 582 1254 :
628 1215 750 1254 cum
797 1214 923 1254 vero
974 1208 1028 1256 et
1070 1199 1122 1254 in
1171 1200 1287 1269 ipso
1335 1200 1472 1255 libro
1509 1199 1780 1256 Geneseos

208 1291 448 1362 legamus,
478 1290 621 1350 Dixit
649 1291 807 1359 Deus,
833 1293 954 1347 Fiat
981 1294 1103 1358 lux;
1132 1304 1178 1348 et
1224 1294 1360 1362 facta
1389 1304 1459 1347 est
1492 1294 1621 1350 tum:
1649 1294 1779 1348 dixit

207 1381 350 1447 Deus,
380 1381 499 1436 Fiat
531 1384 936 1449 ﬁrmamentum;
966 1397 1012 1438 et
1049 1385 1240 1454 factum
1280 1393 1350 1439 est
1403 1373 1776 1454 firmamentum

207 1471 404 1554 (Germ,
437 1475 490 1550 3,
531 1475 584 1539 6,
615 1476 720 1550 ‘7);
764 1485 819 1530 et
863 1484 1058 1530 eietera
1098 1476 1150 1530 in
1183 1475 1345 1531 verbo
1369 1475 1486 1550 ejus
1527 1463 1780 1532 continuo

213 1566 336 1617 tatta
367 1581 384 1640 :7
408 1565 491 1618 cui
523 1575 808 1620 attestatur
835 1576 891 1620 et
920 1561 1161 1640 Psalmus
1190 1565 1396 1632 dicens,
1442 1563 1563 1637 Ipse
1608 1567 1736 1622 dixit
1761 1606 1778 1632 ,

205 1661 244 1706 cl
268 1639 400 1726 [acta
438 1665 592 1720 sunt;
641 1656 747 1726 ipse
791 1639 1069 1723 mandavit,
1117 1667 1166 1726 et
1215 1667 1382 1712 creata
1425 1666 1540 1710 sunt
1591 1655 1776 1729 (Psal.

208 1739 372 1828 in“,
396 1731 448 1809 9,
480 1755 529 1800 et
559 1761 784 1812 chvni,
808 1746 862 1818 5)
901 1765 912 1799 :
941 1747 1211 1825 [quomOdo
1248 1757 1368 1818 post
1406 1749 1660 1804 mundum
1701 1749 1778 1803 la-

203 1844 333 1888 etum
362 1837 601 1906 requiem
630 1837 785 1906 quasi
824 1846 881 1892 ut
929 1848 1178 1915 cessaret.
1209 1839 1534 1909 requirebat,
1584 1841 1673 1911 qui
1711 1840 1778 1916 in

200 1921 418 1998 iubendo
480 1945 754 2000 nunquam
819 1931 1189 1988 laboraverat?
1237 1933 1373 2004 Ergo
1416 1933 1505 1988 illa
1554 1934 1777 2006 mystica

202 2029 330 2084 sunt,
359 2029 411 2074 et
435 2009 724 2099 propterea
758 2021 827 2076 ita
859 2022 1050 2092 posita,
1096 2034 1154 2078 ut
1193 2025 1346 2079 nobis
1375 2026 1612 2094 requiem
1657 2040 1778 2096 spe-

203 2129 373 2190 ιίειιιιιςι¹
391 2126 508 2184 post
538 2117 678 2168 hanc
703 2116 891 2182 vitam,
922 2118 1016 2170 sed
1042 2116 1084 2171 si
1116 2116 1252 2170 bona
1279 2131 1439 2186 Opera
1471 2117 1775 2173 fecerimus.

204 2203 313 2259 Ideo
339 2191 597 2260 Dominus
626 2194 914 2261 retundens
941 2206 1321 2277 impudentiam
1347 2215 1397 2262 et
1426 2223 1660 2261 errorem
1687 2207 1778 2262 Ju-

204 2296 441 2361 daaorum,
482 2308 539 2355 et
568 2283 860 2354 ostendens
896 2313 991 2364 eos
1016 2315 1119 2353 non
1145 2308 1289 2354 recte
1316 2313 1502 2369 sapere
1526 2299 1592 2353 de
1622 2300 1731 2354 Deo
1758 2341 1773 2367 ,

199 2387 262 2441 ait
285 2387 382 2462 illis
408 2389 786 2462 scandalizatis
813 2390 828 2420 ¹
856 2389 996 2460 quod
1026 2387 1247 2444 sabbato
1273 2390 1588 2460 operabatur
1607 2391 1780 2446 homi-

200 2459 310 2535 num
326 2481 629 2548 sanitatem,
656 2459 812 2536 Pater
832 2459 968 2552 meus
988 2498 1143 2556 usque
1167 2483 1317 2537 modo
1338 2493 1594 2554 aperatttr,
1616 2493 1661 2536 et
1687 2501 1778 2554 ego

198 2559 364 2641 operor
390 2589 408 2626 :
437 2573 607 2627 nolite
636 2588 765 2644 ergo
801 2572 901 2626 hoc
943 2567 1129 2644 putare
1159 2575 1280 2645 quia
1310 2574 1532 2629 sabbato
1570 2575 1640 2628 ita
1691 2591 1776 2630 re-

200 2653 379 2740 quievit
400 2654 559 2720 Pater
588 2680 762 2728 meus,
788 2674 844 2719 ut
864 2681 928 2720 ex
956 2666 1046 2721 illo
1082 2681 1187 2722 non
1219 2675 1498 2735 operetur;
1531 2663 1624 2720 sed
1642 2667 1778 2721 sicut

203 2753 304 2828 ipse
328 2771 462 2810 nunc
489 2747 772 2826 Operatur,
828 2771 1022 2826 operor
1067 2765 1122 2813 et
1170 2770 1292 2826 ego.
1319 2755 1426 2812 Sed
1457 2757 1592 2812 sicut
1623 2757 1779 2812 Pater

201 2833 300 2903 sine
323 2847 522 2914 labore,
570 2848 651 2902 sic
687 2857 738 2906 et
781 2848 942 2903 Filius
983 2847 1101 2902 sine
1145 2847 1348 2902 labore.
1394 2847 1538 2902 Dixit
1590 2834 1730 2904 neiis
1757 2891 1774 2916 ,

199 2947 239 3016 ᾳ
278 2939 404 3008 [arta
450 2949 578 2995 sunt
618 2955 638 2995 :
671 2939 804 2993 dixit
833 2938 1076 3018 Christus
1118 2939 1427 3010 languenti,
1474 2938 1618 2994 Tolle
1658 2957 1779 3013 gra-

198 3027 346 3084 batum
373 3039 535 3102 tuitui,
571 3040 618 3085 et
645 3017 770 3084 vade
794 3031 849 3084 in
879 3017 1083 3086 domum
1107 3041 1268 3098 tuam,
1296 3040 1350 3087 et
1379 3031 1574 3088 factum
1601 3043 1702 3089 est.

259 3108 306 3177 '3.
331 3101 605 3179 Catholica
635 3131 814 3178 autem
842 3122 972 3177 lides
999 3123 1185 3189 habet,
1213 3125 1353 3195 quod
1383 3125 1555 3179 Patris
1579 3135 1634 3180 et
1655 3124 1774 3180 Filii

199 3230 346 3288 opera
367 3233 468 3272 non
499 3219 633 3295 situt
661 3200 997 3294 separabilia.
1023 3217 1134 3271 lloc
1155 3224 1239 3272 est
1259 3217 1398 3288 quod
1422 3217 1564 3283 volo,
1586 3203 1629 3272 Si
1650 3233 1772 3295 pos-

203 3320 324 3369 sum,
359 3308 499 3379 loqui
531 3290 798 3362 Cbaritati
830 3290 1020 3375 vestrti:
1040 3326 1053 3361 :
1073 3306 1168 3362 sed
1185 3307 1474 3363 secundum
1504 3309 1589 3363 illa
1613 3309 1775 3365 verba

207 3379 434 3464 Domini,
489 3399 597 3465 Qui
647 3408 806 3469 potest
853 3415 1032 3472 capere
1059 3399 1228 3470 capiat
1269 3399 1479 3472 (Matth.
1519 3417 1629 3462 xix,
1660 3401 1771 3474 12).

205 3486 291 3553 Qui
317 3499 484 3544 autem
516 3505 718 3559 capere
758 3506 860 3545 non
909 3500 1102 3568 potest,
1155 3508 1260 3546 non
1310 3491 1442 3548 milii
1473 3493 1767 3560 adscribat,

203 3580 282 3636 sed
310 3582 544 3638 tarditati
598 3589 840 3662 sumet
885 3593 1159 3638 convertat
1201 3600 1258 3638 se
1288 3584 1353 3638 ad
1386 3585 1532 3639 illum
1565 3585 1654 3655 qui
1683 3601 1777 3641 eor

203 3675 388 3742 aperit,
419 3673 479 3732 ut
517 3674 770 3731 infundat
800 3677 943 3748 quod
969 3677 1149 3754 donat.
1186 3663 1463 3754 Postremo
1488 3688 1541 3733 et
1561 3679 1602 3732 si
1626 3679 1773 3750 quis-

201 3781 340 3834 quam
375 3780 666 3842 propterea
697 3784 804 3824 non
835 3753 1179 3834 intellexerit,
1208 3753 1328 3840 quia
1359 3785 1461 3825 non
1505 3787 1534 3825 a
1577 3786 1661 3826 me
1699 3771 1776 3826 sic

201 3857 378 3915 dictum
406 3872 486 3918 est
512 3873 578 3918 ut
603 3863 706 3920 dici
727 3863 926 3928 debuit,
949 3863 1183 3940 ignoscat
1211 3863 1454 3917 humana:
1488 3863 1771 3933 fragilitati,

202 3960 250 4006 et
287 3954 548 4027 supplicet
591 3954 784 4009 divina:
836 3953 1098 4016 bonitatis
1133 3954 1401 4008 llabemus
1453 3954 1596 4008 enim
1636 3954 1776 4010 intus

205 4037 488 4116 magistrum
515 4045 813 4100 Christum.
838 4042 1104 4114 Quidquid
1127 4061 1221 4114 per
1240 4060 1423 4102 aurem
1446 4053 1698 4112 vestram,
1723 4055 1778 4100 et

205 4145 258 4185 os
280 4148 441 4187 meum
468 4149 669 4203 capere
699 4150 805 4189 non
839 4134 1139 4204 potueritis,
1186 4135 1239 4190 in
1277 4135 1440 4192 corde
1483 4147 1664 4202 vestro
1707 4137 1774 4192 ad

208 4205 313 4302 cum
357 4225 758 4308 convertimini,
791 4226 879 4296 qui
909 4234 962 4282 et
993 4241 1078 4281 me
1105 4211 1263 4281 docet
1298 4225 1439 4304 quod
1482 4226 1690 4298 loquor,
1723 4237 1777 4282 et

207 4311 343 4394 vobis
378 4315 832 4394 quemadmodum
877 4317 1126 4387 dignatur
1164 4318 1456 4374 distribuit.
1488 4319 1589 4386 Qui
1630 4320 1774 4374 novit

205 4393 314 4492 quid
339 4411 444 4494 det,
464 4423 521 4467 et
547 4409 771 4494 cuiidet,
791 4409 962 4464 aderit
979 4403 1196 4479 petenti,
1220 4418 1274 4464 et
1296 4411 1496 4480 aperiet
1521 4411 1770 4490 pulsanti.

210 4497 320 4574 Etsi
342 4501 468 4558 forte
490 4517 599 4580 non
621 4499 848 4563 dederit,
875 4515 1032 4555 nemo
1052 4516 1110 4572 se
1132 4501 1272 4556 dicat
1292 4501 1583 4558 desertum.
1616 4503 1774 4560 Forte

208 4592 330 4646 enim
367 4593 563 4664 aliquid
605 4593 738 4650 dare
783 4594 982 4659 dill'ert,
1012 4594 1108 4668 sed
1146 4597 1410 4651 neminem
1450 4600 1772 4654 esurientem

212 4679 454 4764 relinquit.
481 4669 541 4743 Si
560 4685 708 4740 enim
730 4701 838 4766 non
862 4685 952 4742 dat
970 4686 1036 4742 ad
1064 4687 1265 4759 horam,
1292 4699 1510 4744 exercet
1532 4707 1774 4762 quaeren-

214 4759 304 4858 tein
325 4817 340 4842 ,
371 4793 472 4854 non
502 4759 799 4835 contemnit
841 4787 1130 4861 petentem.
1162 4779 1346 4834 Videte
1372 4795 1499 4854 ergo
1528 4759 1581 4835 et
1603 4793 1774 4837 atten-

213 4851 305 4920 dite
320 4851 439 4938 quid
463 4857 622 4952 ieiim
639 4868 840 4936 dicere,
863 4870 963 4936 etsi
987 4851 1122 4942 forte
1142 4886 1243 4930 non
1265 4851 1481 4942 possim.
1505 4874 1772 4930 Catholica

175 4955 326 5038 “ﬁdes
347 4961 444 5018 hoc
474 4943 660 5026 liabet,
690 4962 895 5016 ﬁrmata
927 4963 1124 5032 Spiritu
1164 4963 1256 5018 Dei
1297 4961 1352 5018 in
1389 4966 1587 5020 sanctis
1616 4966 1770 5036 ejus,

210 5037 381 5105 contra
426 5068 637 5109 omnem
687 5052 994 5108 baireticam
1047 5055 1389 5132 pravitatem,
1444 5057 1566 5127 quia
1605 5057 1774 5113 Patris

217 5147 294 5226 et
323 5137 429 5226 Filii
491 5158 662 5226 opera
705 5144 1074 5215 inseparabilia
1133 5131 1272 5200 sunt.
1329 5131 1466 5214 Quid
1508 5156 1590 5202 est
1635 5148 1774 5218 quod

221 5214 354 5286 dixii
383 5214 662 5318 Quomodo
704 5214 836 5308 ipse,
881 5235 1037 5316 Pater
1084 5244 1136 5316 et
1188 5236 1351 5292 Filius
1391 5214 1775 5308 inseparabiles

223 5333 345 5389 sunt,
373 5327 447 5390 sic
471 5337 524 5382 et
548 5333 709 5400 opera
749 5327 922 5383 Patris
961 5336 1015 5382 et
1057 5325 1178 5384 Filii
1220 5327 1590 5400 inseparabilia
1628 5341 1771 5396 sunt.

191 5405 473 5502 'Quomodo
502 5405 657 5502 Pater
700 5409 758 5502 et
799 5405 966 5502 Filius
1009 5413 1390 5489 inseparabiles
1435 5423 1596 5477 sunt?
1643 5407 1776 5494 Quia

192 5483 326 5572 {ipse
365 5483 517 5592 diuit,
557 5485 667 5592 Ego
708 5497 758 5563 et
802 5483 956 5564 Pater
990 5483 1146 5564 unum
1169 5528 1342 5566 sumus
1368 5503 1547 5584 (Joan.
1583 5483 1773 5586 x550).

214 5591 343 5662 .Quia
367 5589 518 5657 Pater
543 5611 594 5659 et
617 5589 788 5660 Filius
817 5617 926 5658 non
953 5611 1076 5658 sunt
1094 5602 1200 5658 duo
1222 5601 1314 5668 dii,
1341 5605 1432 5660 sed
1460 5621 1592 5661 unus
1614 5593 1774 5674 Deus,

284 5720 442 5799 ἓξὲξ»)
927 5730 1000 5780 sic
1021 5731 1169 5780 etiam
1200 5727 1322 5780 infra
1353 5740 1631 5784 constanter
1670 5749 1775 5799 pro,

1384 340 1798 401 TRACTATUS
1833 338 1954 398 XX.
1994 339 2222 398 CAPUT
2268 344 2332 400 V.

3339 364 3482 424 £558

1901 457 2137 544 ,Yerbum
2154 471 2208 515 et
2219 462 2371 550 cujus
2387 465 2730 536 estVerbum,
2745 482 2947 541 unuset
2960 471 3180 542 Unicus,
3197 477 3338 533 Deus
3353 496 3489 537 unus

1898 549 2058 606 Pater
2084 562 2138 607 et
2159 553 2323 609 Filius
2351 557 2612 615 cliaritate
2633 563 2917 631 complexi,
2946 581 3187 637 unusque
3213 570 3493 629 eharitatis

1895 644 2126 716 Spiritus
2162 663 2348 704 eorum
2387 661 2507 734 est,’
2523 662 2578 708 ut
2605 654 2697 709 liat
2722 655 2954 712 Trinitas
2981 659 3137 715 Pater
3165 672 3217 717 et
3246 663 3408 718 Filius
3434 675 3491 720 et

1889 737 2118 808 Spiritus
2137 752 2369 799 sanctus.
2395 743 2508 798 Non
2527 761 2653 815 ergo
2675 755 2875 803 tantum
2896 750 3064 806 Patris
3082 761 3136 806 et
3158 753 3298 821 Filii,
3322 756 3413 810 sed
3434 767 3489 812 et

1889 826 2118 898 Spiritus
2147 833 2336 897 sancti,
2366 835 2504 890 sicut
2525 838 2802 907 aequalitas
2827 848 2881 896 et
2909 842 3330 911 inseparabilitas
3361 861 3485 916 per-

1890 936 2179 990 sonarum,
2219 925 2288 980 ita
2332 928 2491 982 etiam
2517 945 2678 998 opera
2717 930 3086 1003 inse-parabilia
3123 947 3264 992 sunt.
3296 939 3486 1004 Adhuc

1889 1014 2100 1084 planius
2116 1016 2290 1071 dicam
2320 1020 2444 1088 quid
2471 1022 2541 1076 sit
2568 1062 2584 1088 ,
2614 1039 2774 1091 opera
2799 1025 3166 1096 inseparabilis
3195 1041 3337 1092 sunt.
3363 1032 3484 1090 Non

1885 1104 2013 1171 dicit
2027 1107 2284 1162 catholica
2311 1110 2438 1166 ﬁdes
2452 1113 2572 1181 quia
2589 1113 2710 1168 fecit
2731 1115 2871 1170 Deus
2887 1117 3042 1172 Pater
3057 1120 3343 1192 aliquid,et
3363 1123 3484 1184 fecit

1888 1194 2056 1249 Filius
2076 1197 2272 1266 aliquid
2296 1200 2435 1254 aliud
2467 1219 2480 1256 ε
2503 1203 2596 1257 sed
2618 1204 2759 1272 quod
2781 1204 2906 1262 fecit
2927 1207 3100 1274 Pater,
3128 1208 3228 1265 hoc
3244 1191 3297 1267 et
3319 1191 3483 1268 Filius

1884 1283 2030 1351 fecit,
2053 1285 2152 1340 hoc
2177 1295 2234 1341 et
2261 1289 2488 1359 Spiritus
2523 1303 2737 1348 sanctus
2770 1295 2911 1364 fecit.
2946 1297 3048 1352 Per
3071 1299 3303 1356 Verbum
3339 1307 3482 1360 enim

1883 1373 2019 1438 [acta
2041 1385 2162 1448 simt
2184 1380 2359 1432 omnia
2382 1396 2396 1432 :
2422 1383 2633 1456 quando
2661 1383 2793 1438 dixit
2820 1395 2873 1439 et
2894 1385 3027 1440 facta
3051 1400 3195 1457 sunt,
3230 1408 3324 1461 per
3343 1392 3479 1447 Ver-

1882 1462 2008 1542 bum
2037 1464 2168 1558 facta
2191 1479 2349 1546 sunt,
2369 1485 2477 1538 per
2496 1471 2764 1550 Clu-istum
2794 1474 2934 1548 faeta
2965 1487 3105 1534 sunt.
3137 1479 3200 1535 In
3230 1463 3482 1558 principio

1883 1555 2033 1638 enim
2047 1555 2152 1610 erat
2185 1555 2418 1621 Verbum,
2448 1572 2491 1614 et
2516 1560 2730 1618 Verbum
2748 1576 2864 1638 erat
2893 1571 3031 1637 apud
3055 1568 3234 1638 Deum,
3264 1555 3310 1625 et
3332 1571 3478 1638 Deus

1881 1654 1986 1735 erat
2013 1639 2227 1735 Verbum
2247 1652 2451 1732 :omuia’
2469 1669 2556 1735 per
2578 1654 2743 1723 ipsum
2769 1637 2904 1730 facta
2931 1670 3044 1714 sunt
3064 1637 3241 1732 (Jomt.
3268 1679 3303 1728 ι,
3327 1641 3378 1732 l,
3398 1666 3476 1735 5).

1880 1729 1936 1793 Si
1958 1729 2132 1823 omnia
2162 1756 2258 1810 per
2284 1729 2455 1812 ipsum
2485 1731 2626 1823 iacta
2654 1760 2810 1815 sunt;
2839 1729 2965 1804 dixit
3016 1729 3175 1821 Deus,
3209 1756 3326 1812 Fiat
3357 1729 3474 1823 tua};

1882 1839 1927 1884 et
1956 1821 2091 1902 facta
2116 1842 2185 1885 est
2211 1834 2301 1886 lux
2330 1848 2349 1888 :
2377 1835 2428 1888 in
2461 1821 2633 1916 Verbo
2658 1840 2801 1906 fecit,
2826 1857 2919 1910 per
2953 1843 3176 1899 Verbum
3199 1845 3343 1902 fecit.

1955 1924 2007 1978 4.
2053 1923 2191 1980 Ecce
2233 1941 2363 1996 ergo
2403 1944 2544 1983 nunc
2589 1914 2886 1987 audivimus
2924 1934 3297 2007 Evangelinm,
3352 1957 3477 1997 cum

1882 2013 2232 2098 responderet
2267 2015 2722 2074 stomacbantibus
2747 2022 2975 2090 Judaiis,
3005 2030 3122 2091 quia
3167 2047 3272 2083 non
3313 2034 3479 2087 solum

1881 2093 2099 2189 salvebat
2120 2105 2408 2189 sabbatum,
2423 2112 2510 2164 sed
2531 2107 2678 2166 etiam
2696 2127 2893 2188 patrem
2913 2135 3059 2171 suum
3082 2121 3273 2175 diccbat
3288 2117 3473 2189 Deum,

1881 2183 2125 2270 tequaiein
2149 2218 2205 2255 se
2225 2187 2417 2272 faciens
2451 2191 2562 2258 Deo
2587 2183 2704 2276 (Id.
2731 2223 2781 2274 ν,
2806 2185 2896 2278 l8)
2923 2229 2934 2262 ε
2966 2211 3040 2264 sic
3060 2213 3199 2266 enim
3223 2183 3476 2282 scriptum

1882 2285 1966 2371 est
1987 2291 2036 2346 in
2059 2287 2318 2371 superiori
2346 2297 2598 2368 Capitula.
2630 2296 2765 2353 Cum
2792 2293 2917 2371 ergo
2947 2304 3034 2356 tali
3063 2321 3248 2360 eorum
3277 2311 3477 2364 erranti

1881 2364 2229 2466 indignationi
2279 2363 2368 2440 Dei
2403 2363 2568 2442 Filius
2609 2400 2662 2444 et
2695 2363 2899 2445 Veritas
2943 2395 3320 2462 respondi-ret,
3363 2385 3474 2466 ait,

1881 2463 2060 2538 Amen,
2101 2492 2246 2528 amen
2277 2475 2388 2530 dico
2427 2471 2726 2548 vobis,uon
2760 2490 2918 2550 potest
2954 2481 3121 2537 Filius
3159 2503 3191 2538 a
3220 2505 3273 2542 se
3307 2493 3479 2558 facere

1879 2566 2173 2636 quidquam,
2215 2569 2311 2622 nisi
2356 2569 2489 2638 quod
2538 2571 2713 2624 viderit
2755 2571 2962 2626 Patrem
3001 2575 3284 2645 facientem.
3330 2567 3475 2634 Tan-

1880 2649 2038 2728 quam
2077 2651 2306 2739 diceret,
2351 2647 2486 2727 Quid
2522 2653 2860 2718 scandalizati
2895 2669 3055 2735 estis,
3103 2672 3221 2739 quia
3260 2671 3472 2729 Patrem

1879 2739 2060 2830 meum
2082 2727 2190 2807 dixi
2220 2749 2403 2820 Deum,
2430 2763 2482 2808 et
2502 2749 2622 2826 quia
2648 2747 2906 2826 aequalem
2934 2777 3019 2815 me
3051 2761 3185 2817 facio
3218 2755 3359 2818 Deo?
3391 2767 3471 2820 lta

1881 2849 1997 2898 sum
2029 2834 2269 2917 (crinalis,
2296 2837 2356 2901 ut
2380 2841 2464 2900 ille
2491 2863 2575 2902 tne
2594 2841 2837 2928 genuerit
2863 2872 2874 2905 :
2903 2853 2972 2905 ita
2996 2868 3112 2908 sunt
3143 2857 3384 2926 (aqualis,
3410 2869 3467 2913 ut

1881 2952 1987 2990 non
2019 2935 2108 2990 ille
2150 2929 2180 2991 a
2212 2953 2325 3004 me,
2353 2937 2446 3010 sed
2472 2955 2571 3009 ego
2601 2940 2666 2994 ab
2698 2933 2787 2994 illo
2816 2933 2934 3008 siin.
2971 2944 3077 3000 lloc
3099 2948 3239 3000 enim
3272 2937 3472 3004 intelli-

1878 3015 2018 3096 gitur
2048 3027 2099 3080 in
2129 3017 2210 3080 bis
2240 3017 2434 3092 verbis,
2471 3027 2592 3083 Non
2619 3027 2778 3107 potest
2806 3023 2968 3086 Filius
2995 3049 3024 3086 (ι
3050 3052 3102 3088 se
3135 3029 3298 3104 facere
3317 3029 3470 3107 quid-

1878 3134 2059 3189 quam,
2110 3117 2212 3186 nisi
2240 3121 2374 3190 quod
2416 3109 2592 3172 viderit
2634 3105 3163 3202 Patremfacientem.
3202 3119 3313 3184 Hoc
3352 3115 3468 3200 est,

1878 3209 2129 3280 quidquid
2162 3195 2326 3264 Filius
2354 3209 2509 3265 liabet
2534 3223 2585 3266 ut
2604 3205 2778 3284 faciat,
2807 3207 2835 3269 a
2860 3195 3014 3273 Patre
3030 3219 3191 3276 liabet
3214 3234 3269 3276 ut
3291 3195 3470 3282 faciat.

1878 3297 2055 3369 Quare
2096 3285 2255 3354 habet
2295 3318 2324 3355 a
2364 3301 2522 3357 Patre
2551 3313 2616 3377 ut
2658 3297 2846 3375 faciat?
2876 3309 3008 3377 Quia
3044 3328 3074 3366 a
3117 3313 3271 3369 Patre
3315 3304 3476 3374 liabet

1879 3377 2129 3466 ut'Filius
2168 3391 2252 3445 sit.
2284 3393 2457 3458 Quare
2488 3409 2517 3448 a
2545 3373 2700 3451 Patre
2735 3373 2978 3454 habet—ut
3011 3400 3175 3458 Filius
3208 3406 3312 3460 sit?
3339 3409 3471 3474 Quia

1878 3499 1906 3562 a
1937 3473 2093 3562 Patre
2112 3483 2271 3540 habet
2289 3494 2348 3539 ut
2370 3485 2558 3558 possit,
2581 3488 2701 3557 quia
2728 3504 2756 3542 a
2779 3490 2931 3545 Patre
2954 3491 3114 3548 habet
3138 3505 3194 3549 ut
3216 3497 3302 3551 sit.
3333 3473 3469 3552 Filio

1877 3559 2016 3628 enim
2047 3559 2147 3628 boc
2172 3582 2255 3629 est
2281 3571 2402 3631 esse
2428 3575 2568 3644 quod
2593 3591 2770 3647 posse.
2796 3573 3003 3652 Ilomini
3028 3601 3132 3639 non
3164 3586 3234 3639 ita
3263 3598 3361 3641 est.
3390 3581 3471 3647 Ex

1878 3666 2274 3734 comparatione
2289 3665 2534 3721 humanis
2553 3666 2890 3748 inliri'nitatis,
2909 3674 3060 3743 longe
3079 3675 3466 3748 inirajacentis.

1879 3751 2163 3827 utcumque
2186 3758 2346 3812 corda
2368 3749 2661 3826 sustollite;
2688 3771 2741 3816 et
2765 3779 2828 3816 ne
2849 3751 2984 3819 forte
3014 3765 3205 3837 aliquis
3230 3764 3469 3840 nostrum

1878 3848 2096 3917 attingat
2130 3858 2415 3917 secretum,
2445 3860 2498 3905 et
2522 3849 2670 3922 quasi
2703 3843 3072 3912 coruscatione
3103 3875 3305 3930 magna:
3337 3847 3469 3918 lucis

1880 3928 2218 4002 horrescens,
2243 3940 2412 4008 sapiat
2434 3941 2652 4010 aliquid,
2675 3959 2739 3996 ne
2757 3929 3010 4014 insipiens
3033 3928 3303 4006 remaneat
3327 3971 3338 4005 :
3361 3945 3468 4008 non

1880 4039 2058 4084 tamen
2093 4047 2150 4085 se
2191 4041 2356 4085 telum
2384 4050 2573 4104 sapere
2605 4037 2782 4104 putet,
2818 4019 2884 4094 ne
2912 4041 3210 4110 superbiat,
3245 4055 3298 4116 et
3325 4050 3469 4116 quod

1879 4122 2054 4192 sapuit
2089 4121 2316 4176 amittat.
2353 4123 2521 4178 llomo
2542 4127 2678 4180 aliud
2711 4133 2793 4184 est
2832 4121 2970 4199 quod
3010 4141 3110 4199 est,
3149 4113 3290 4190 aliud
3324 4113 3467 4207 quod

1881 4226 2074 4286 potest.
2113 4216 2411 4287 Aliquando
2447 4219 2587 4273 enim
2633 4231 2686 4274 et
2717 4232 2797 4276 est
2828 4209 3020 4286 iionio,
3061 4236 3112 4280 et
3148 4244 3251 4281 non
3297 4227 3467 4299 potest

1878 4301 2018 4377 quod
2040 4305 2180 4373 vult;
2220 4308 2503 4378 aliquando
2537 4319 2711 4365 autem
2751 4308 2827 4367 sic
2865 4325 2946 4368 est
2985 4311 3172 4382 homo,
3213 4329 3268 4373 ut
3304 4324 3469 4390 possit

1878 4397 2018 4468 quod
2050 4399 2161 4453 vult
2201 4417 2212 4452 :
2248 4397 2424 4470 itaque
2461 4391 2604 4455 aliud
2642 4413 2722 4457 est
2753 4397 2870 4460 esse
2914 4405 3097 4476 ipsius,
3131 4399 3270 4465 aliud
3309 4395 3465 4482 posse

1881 4488 2066 4561 ipsius.
2097 4491 2151 4546 Si
2180 4491 2320 4546 enim
2352 4491 2452 4548 hoc
2487 4505 2625 4548 esset
2656 4512 2771 4550 esse
2806 4485 3002 4567 ipsius,
3032 4503 3172 4571 quod
3208 4517 3288 4558 est
3313 4523 3470 4575 posse

1880 4581 2077 4651 ipsius;
2113 4597 2232 4636 cum
2263 4582 2418 4638 vellet
2444 4595 2640 4655 posset.
2674 4580 2813 4642 Deus
2834 4600 3007 4644 autem
3030 4593 3112 4646 cui
3137 4610 3238 4648 non
3262 4607 3341 4649 est
3366 4599 3466 4653 alia

1878 4665 2172 4729 substantia
2200 4685 2258 4730 ut
2291 4675 2389 4741 sit,
2420 4686 2473 4732 et
2500 4680 2596 4733 alia
2640 4691 2871 4750 potestas
2911 4697 2966 4739 ut
3004 4689 3184 4756 possit.
3218 4679 3310 4745 sed
3338 4708 3471 4746 con-

1882 4767 2231 4823 substantiale
2262 4769 2334 4823 illi
2365 4779 2447 4824 est
2467 4761 2721 4843 quidquid
2741 4773 2853 4856 ejus
2879 4790 2981 4845 est,
3010 4791 3062 4834 et
3083 4761 3334 4852 quidquid
3366 4799 3468 4852 est,

1879 4858 2000 4928 quia
2046 4858 2185 4912 Deus
2223 4869 2305 4914 est
2343 4861 2379 4925 ¹,
2431 4878 2534 4916 non
2573 4863 2677 4917 alio
2721 4857 2879 4920 modo
2927 4879 3028 4934 est,
3074 4881 3127 4925 et
3158 4861 3262 4926 alio
3310 4879 3475 4932 modo

1883 4959 2092 5022 potest;
2130 4947 2222 5004 sed
2263 4966 2380 5005 esse
2407 4961 2458 5005 et
2498 4969 2654 5022 posse
2685 4957 2844 5009 simul
2882 4957 3058 5023 habet,
3079 4959 3210 5030 quia
3237 4965 3375 5021 velle
3423 4980 3477 5024 et

1879 5037 2056 5095 facere
2083 5040 2239 5096 simul
2269 5041 2444 5097 habet.
2475 5029 2604 5110 Quia
2635 5057 2763 5124 ergo
2805 5037 3036 5117 potentia
3066 5028 3185 5124 Filii
3215 5033 3281 5110 de
3309 5035 3474 5113 Patre

1879 5144 1980 5197 est,
2030 5127 2150 5188 ideo
2196 5143 2250 5214 et
2295 5127 2583 5188 substantia
2628 5121 2746 5214 Filii
2774 5123 2840 5194 de
2884 5123 3048 5212 Patre,
3075 5121 3157 5217 est
3193 5161 3208 5212 ;
3247 5131 3301 5202 et
3338 5153 3475 5220 quia

1881 5219 2173 5310 substantia
2204 5217 2322 5300 Filii
2355 5227 2420 5310 de
2449 5215 2627 5293 Patre,
2659 5217 2778 5284 ideo
2816 5232 3054 5310 potentia
3080 5215 3194 5292 Filii
3222 5237 3288 5293 de
3321 5215 3480 5294 Patre

1882 5305 1983 5391 est.
2008 5313 2123 5402 Non
2153 5317 2250 5370 alia
2283 5309 2516 5388 potentia
2543 5309 2628 5402 est
2741 5314 2894 5402 Fiiio,
2926 5323 2979 5380 ei
3007 5305 3108 5380 alia
3130 5311 3429 5402 substantia
3463 5349 3475 5382 :

1883 5401 1974 5464 sed
2005 5392 2117 5478 ipsa
2142 5409 2223 5464 est
2245 5401 2477 5478 potentia
2507 5401 2630 5482 quia
2657 5399 2709 5467 ei
2733 5399 3060 5482 substantia;
3091 5399 3387 5474 substantia
3423 5431 3482 5474 ut

1884 5501 1982 5566 Sit,
2014 5495 2246 5571 potentia
2284 5487 2340 5556 ui
2369 5500 2550 5572 possit.
2584 5503 2723 5576 Ergo
2749 5501 2868 5577 quia
2897 5497 3066 5564 Filius"
3087 5501 3155 5565 de
3182 5501 3340 5566 Patre
3365 5526 3468 5582 est,

1949 5616 2101 5691 {iis}.
2129 5623 2262 5691 octo,
2285 5618 2370 5668 sed
2394 5619 2892 5691 Aconsttntistautialeﬂti
2911 5629 2981 5674 est
3002 5623 3239 5688 quidquid
3261 5625 3367 5688 ejus
3381 5641 3472 5691 est,

1883 5683 1927 5726 et
1951 5677 2185 5753 quidquid
2209 5679 2319 5753 ejus
2335 5687 2407 5730 est
2421 5675 2556 5753 quod
2592 5689 2685 5753 est,
2708 5683 2841 5753 .qm‘a
2859 5746 2869 5753 ⁸
3047 5675 3477 5753 ειιῄιιειιιῖεἷιιῖιῦἐ

1885 5752 2003 5817 uti?
2026 5740 2170 5817 eis???»
2193 5747 2292 5817 ea
2309 5743 2398 5791 δοο
2421 5740 2540 5814 “ea
2569 5751 2613 5791 ει
2634 5740 2869 5817 eam“
2891 5742 3000 5804 0"“
3028 5745 3121 5810 αὖ
3141 5745 3211 5801 ⁸³⁸
3231 5740 3364 5813 συδά

1886 5812 2000 5860 qma
2028 5809 2152 5851 Deus
2175 5808 2243 5852 est
2264 5815 2280 5853 :
2306 5817 2396 5854 nec
2418 5808 2573 5852 minus
2592 5812 2743 5853 recte.
