3916 6374
517 366 653 426 1559

512 487 633 541 ideo
654 485 805 545 dixit,
842 481 1006 536 Filius
1027 496 1126 536 non
1152 489 1311 550 potest
1333 496 1365 533 a
1384 495 1436 533 se
1454 478 1621 548 facere
1643 474 1930 547 quidquam
1966 469 2100 539 Quia

510 594 618 633 non
644 587 726 633 est
754 576 916 630 Filius
941 590 971 629 a
992 589 1071 637 se,
1101 572 1223 628 ideo
1249 586 1355 627 non
1382 578 1557 642 potest
1581 584 1612 623 a
1640 583 1720 623 se.

581 672 633 725 5.
667 669 883 723 Videtur
930 667 1072 722 enim
1110 664 1263 735 quasi
1302 663 1560 719 minorem
1612 675 1671 715 se
1714 659 1933 724 fecisse,
1976 671 2096 711 cum

507 762 660 823 dixit,
695 758 817 813 Non
838 767 997 828 potest
1026 754 1193 809 Filius
1212 771 1243 808 a
1263 770 1315 809 se
1345 754 1510 823 facere
1530 751 1822 823 quidquam,
1846 749 1944 802 nisi
1962 747 2098 813 quod

506 854 684 908 viderit
708 852 912 904 Putrem
939 850 1222 921 facientem.
1253 838 1351 900 ilic
1380 828 1816 914 erigitcervicem
1850 838 2097 894 hmretica

506 948 744 1008 vanitas,
777 959 962 999 eorum
1005 941 1208 997 scilicet
1245 938 1336 1009 qui
1375 936 1561 992 dicunt
1603 935 1793 989 Filium
1834 932 2097 987 minorem

505 1054 629 1095 esse
668 1053 826 1107 quam
868 1036 1109 1099 Patrem,
1146 1030 1371 1086 minoris
1420 1026 1723 1099 potestatis,
1772 1023 2095 1093 majestatis,

504 1130 872 1202 possibilitatis
891 1170 905 1193 ,
939 1143 1044 1183 non
1087 1126 1438 1196 intelligentes
1469 1122 1779 1194 mysterium
1811 1118 2095 1173 verborum

502 1221 722 1277 Christi.
767 1218 1018 1274 Attendat
1066 1227 1239 1272 autem
1280 1212 1525 1269 Charitas
1556 1223 1776 1277 vestra,
1821 1221 1877 1266 et
1918 1209 2098 1264 videte

499 1312 952 1385 quemadmodum
997 1311 1049 1364 in
1095 1308 1294 1364 carnali
1334 1321 1433 1362 suo
1476 1305 1749 1360 intellectu
1792 1301 1952 1357 modo
1986 1310 2096 1355 tur-

502 1405 700 1461 bentur
737 1404 787 1459 in
820 1404 948 1473 ipsis
973 1402 1150 1458 verbis
1176 1400 1396 1457 Christi.
1431 1398 1541 1454 Hoc
1569 1408 1743 1452 autem
1775 1395 1933 1465 paulo
1969 1403 2096 1449 ante

496 1499 824 1569 praelocutus
844 1512 983 1562 sum,
1003 1497 1124 1567 quia
1145 1496 1320 1549 omnia
1346 1506 1595 1564 perversa
1615 1491 1776 1548 corda
1798 1489 2090 1560 perturbat,

494 1590 640 1647 sicut
663 1592 743 1661 pia
766 1590 925 1645 corda
947 1597 1167 1644 exercet
1189 1586 1419 1641 Verbum
1436 1584 1551 1648 Dei,
1574 1583 1809 1638 maxime
1829 1581 1969 1653 quod
2000 1598 2096 1652 per

490 1686 759 1743 Joannem
800 1684 1176 1754 evangelistam
1227 1681 1443 1735 dicitur.
1474 1678 1595 1732 Alta
1635 1678 1776 1733 enim
1819 1694 1916 1748 per
1943 1676 2093 1732 illum

501 1779 768 1843 dicuntur,
805 1795 908 1833 non
953 1778 1381 1848 qualiacumque,
1414 1789 1519 1828 non
1554 1788 1674 1844 quae
1709 1772 1859 1826 facile
1892 1771 2092 1825 intelli-

498 1886 710 1945 gantur.
744 1874 877 1927 Ecce
902 1872 1011 1940 jam
1042 1869 1322 1924 hmreticus
1357 1867 1402 1922 si
1432 1866 1568 1921 forte
1596 1866 1741 1920 audit
1768 1864 1927 1919 verba
1969 1864 2088 1929 ista,

500 1965 655 2035 erigit
683 1979 762 2029 se,
794 1973 845 2017 cl
871 1962 997 2017 dicit
1035 1961 1188 2015 nobis
1219 1978 1230 2014 :
1264 1959 1404 2014 Ecce
1430 1958 1604 2012 minor
1628 1965 1711 2011 est
1738 1955 1904 2021 Filius
1931 1971 2091 2025 quam

499 2057 677 2119 Pater,
723 2072 848 2111 cccc
886 2055 1006 2109 audi
1047 2054 1208 2109 verba
1244 2051 1386 2118 Filii,
1428 2050 1518 2122 qui
1563 2050 1728 2115 dicit,
1771 2048 1891 2103 Non
1931 2060 2094 2120 potest

504 2151 671 2205 Filius
710 2167 740 2203 a
770 2167 823 2203 se
860 2152 1023 2220 facere
1048 2147 1343 2219 quidquam,
1380 2145 1479 2199 nisi
1511 2142 1645 2213 quod
1672 2142 1851 2197 viderit
1882 2141 2093 2197 Patrem

502 2245 786 2315 facientem.
837 2240 1133 2308 ExSpccta,
1181 2235 1630 2307 quemadmodum
1675 2233 1932 2304 scriptum
1977 2242 2089 2297 est,

501 2332 626 2387 Esto
669 2340 956 2385 mansuetus
996 2330 1062 2381 ad
1112 2328 1420 2381 audiendum
1460 2327 1692 2391 verbum,
1739 2333 1794 2377 ut
1840 2324 2093 2396 intelligas

501 2423 689 2493 (Eccli.
734 2438 785 2487 τ’,
830 2422 939 2492 t5).
974 2421 1105 2475 Puta
1140 2419 1282 2475 enim
1320 2433 1406 2475 me
1441 2415 1811 2472 conturbatum
1851 2430 1972 2470 esse
2011 2415 2092 2470 his

503 2515 699 2581 verbis,
740 2515 987 2584 quoniam
1032 2512 1151 2566 dico
1185 2510 1443 2581 aequalem
1486 2517 1801 2579 potestatem
1841 2508 2091 2577 majesta-

502 2616 715 2677 temque
752 2622 871 2661 esse
906 2605 1079 2659 Patris
1108 2612 1161 2659 et
1190 2603 1337 2671 Filii,
1370 2617 1491 2657 cum
1530 2600 1729 2665 audivi,
1770 2598 1893 2653 Non
1931 2609 2092 2669 potest

500 2699 671 2755 Filius
708 2717 739 2753 a
778 2717 831 2753 se
866 2700 1031 2767 facere
1066 2698 1359 2769 quidquam,
1396 2696 1495 2749 nisi
1520 2694 1656 2765 quod
1675 2694 1854 2748 viderit
1885 2691 2092 2747 Patrem

501 2792 782 2864 facientem.
817 2789 1083 2844 Turbatus
1113 2788 1194 2841 bis
1225 2786 1403 2842 verbis
1428 2800 1611 2856 quacro
1631 2784 1726 2840 abs
1757 2794 1828 2849 te,
1857 2783 1948 2853 qui
1977 2782 2089 2852 jam

501 2884 594 2939 tibi
623 2883 817 2939 videris
839 2881 1167 2937 intellexisse
1192 2898 1205 2934 :
1228 2879 1485 2933 Novimus
1510 2877 1562 2931 in
1591 2875 1878 2947 Evangelia
1897 2875 2089 2930 Filium

498 2977 802 3033 ambulasse
836 2991 995 3045 super
1025 2988 1172 3030 mare
1202 2971 1418 3041 (Matth.
1452 2986 1565 3033 xw,
1595 2970 1725 3040 25);
1761 2969 1849 3023 ubi
1877 2968 2089 3025 Patrem

500 3069 632 3124 vidit
647 3068 948 3123 ambulasse
963 3080 1124 3135 super
1136 3064 1316 3119 mare?
1334 3063 1431 3119 Hic
1436 3062 1545 3131 jam
1565 3061 1653 3115 ille
1672 3059 1928 3114 turbatur.
1944 3058 2093 3115 Pone

500 3175 631 3233 ergo
660 3160 799 3230 quod
826 3159 1187 3223 intellexeras,
1211 3167 1263 3212 et
1285 3155 1444 3210 simul
1464 3167 1784 3225 quaeramus.
1804 3152 1940 3219 Quid
1963 3166 2092 3223 ergo

501 3253 758 3310 facimus?
778 3253 950 3308 Verba
979 3250 1188 3305 Domini
1213 3248 1530 3313 audivimus,
1552 3244 1672 3299 Non
1691 3254 1850 3316 potest
1867 3243 2034 3299 Filius
2059 3260 2093 3297 α

500 3362 554 3400 se
572 3349 736 3416 facere
756 3343 1048 3414 quidquam,
1078 3342 1175 3395 nisi
1198 3340 1332 3411 quod
1359 3338 1535 3392 viderit
1567 3336 1771 3390 Patrem
1802 3336 2087 3407 facientem.
2137 3346 2152 3364 ~'

502 3436 804 3491 Ambulavit
827 3435 937 3505 ipse
959 3448 1120 3504 super
1145 3448 1312 3496 mare,
1334 3432 1493 3486 Pater
1511 3443 1778 3500 nunquam
1801 3427 2092 3483 ambulavit

504 3543 665 3597 super
685 3543 849 3581 mare.
877 3524 1034 3579 Certe
1060 3541 1161 3577 non
1184 3523 1306 3595 facit
1332 3520 1497 3576 Filius
1517 3520 1811 3592 quidquam,
1840 3518 1939 3572 nisi
1956 3517 2093 3589 quod
2148 3530 2167 3605 γ’

2137 3603 2152 3663 ,⁷
2202 3605 2307 3662 hoc
2326 3617 2430 3672 est,
2465 3607 2586 3661 Non
2613 3618 2771 3679 potest
2801 3607 2969 3663 Filius
2996 3625 3030 3662 a
3052 3626 3107 3664 se
3129 3609 3407 3681 quidquam
3435 3608 3606 3680 facere,
3633 3603 3742 3676 quod

416 3663 421 3669 .
502 3618 683 3673 viderit
713 3616 921 3670 Patrem
948 3617 1237 3687 facientem.

578 3710 632 3762 6.
665 3708 795 3762 Redi
826 3723 954 3778 ergo
979 3721 1189 3762 mecum
1217 3705 1283 3759 ad
1310 3704 1361 3759 id
1387 3704 1527 3775 quod
1557 3702 1822 3768 dicebam,
1845 3702 1925 3756 'ne
1953 3698 2092 3755 forte

503 3802 581 3857 sic
608 3800 1004 3869 intelligendum
1032 3800 1119 3864 sit,
1151 3808 1211 3853 ut
1231 3798 1298 3853 de
1322 3797 1614 3868 quaestione
1634 3795 1791 3849 ambo
1815 3807 2088 3849 exeamus.

500 3890 634 3947 Nam
665 3908 763 3962 ego
791 3891 1082 3947 secundum
1114 3890 1273 3944 fidem
1303 3888 1619 3943 catholicam
1645 3885 1799 3940 video
1824 3883 2093 3955 quomodo

504 4002 690 4041 exeam
722 3986 837 4040 sine
865 3983 1177 4048 offensione,
1207 3984 1323 4037 sine
1357 3982 1609 4036 seandalo
1648 4000 1660 4035 :
1698 3990 1750 4036 ιιι
1778 3990 1955 4035 autem
1982 3979 2090 4034 cir-
2147 3985 2155 4059 ’γ

502 4080 826 4143 cumclusns,
875 4078 1070 4150 quarris
1108 4091 1209 4146 qua
1251 4089 1428 4130 exeas.
1467 4074 1579 4141 Qua
1617 4075 1911 4128 intraveras
1953 4071 2088 4125 vide.

402 4220 413 4227 .
504 4173 664 4229 Forte
702 4188 808 4227 non
860 4170 1165 4226 intellexisti
1205 4177 1259 4224 et
1302 4168 1402 4223 hoc
1442 4168 1581 4238 quod
1618 4167 1745 4229 dixi,
1780 4168 1892 4235 Qua
1925 4167 2092 4220 intra-

504 4281 659 4320 veras
705 4264 869 4319 vide:
910 4263 1084 4331 ipsum
1124 4260 1247 4315 audi
1296 4260 1583 4323 dicentem,
1633 4259 1743 4328 Ego
1780 4275 1893 4312 sum
1928 4258 2093 4328 janua

506 4357 685 4428 (Joan.
712 4374 768 4419 χ,
800 4357 875 4426 7).
906 4356 1019 4410 Non
1050 4356 1167 4410 sine
1205 4369 1364 4409 causa
1401 4369 1531 4423 ergo
1560 4353 1756 4422 quaeris
1780 4368 1879 4422 qua
1908 4368 2090 4417 exeas,

504 4459 559 4505 et
587 4464 691 4502 non
723 4448 949 4512 invenis,
978 4448 1077 4501 nisi
1103 4448 1225 4516 quia
1249 4461 1354 4499 non
1384 4460 1477 4515 per
1497 4443 1713 4513 januatn
1748 4442 1975 4505 intrasti,
2001 4443 2091 4496 sed

509 4555 604 4611 per
626 4539 909 4592 maceriam
940 4537 1199 4591 cecidisti.
1228 4537 1368 4607 Ergo
1397 4534 1844 4606 quemadmodmn
1869 4543 2039 4602 potes,
2063 4549 2093 4586 a

505 4630 653 4685 ruina
677 4638 762 4681 tua
791 4628 981 4696 collige
1008 4636 1079 4689 te,
1097 4637 1151 4683 et
1175 4627 1311 4681 intra
1341 4626 1690 4697 pcrjanuam,
1715 4633 1771 4676 ut
1793 4625 1909 4680 sine
1929 4623 2094 4677 offen-

502 4722 655 4775 sione
680 4721 866 4784 intres,
894 4728 948 4774 et
970 4718 1085 4773 sine
1106 4733 1290 4774 errore
1313 4732 1492 4773 exeas.
1524 4716 1625 4770 Per
1649 4714 1918 4770 Christum
1954 4717 2091 4782 veni,

503 4829 604 4869 nec
643 4828 709 4867 ex
749 4810 910 4865 corde
937 4819 1029 4865 tuo
1065 4809 1255 4865 afferas
1284 4808 1427 4878 quod
1466 4807 1645 4869 dicas;
1689 4805 1780 4859 sed
1821 4806 1960 4875 quod
2009 4806 2095 4860 ille

501 4904 756 4968 ostendit,
798 4902 902 4958 hoc
940 4903 1176 4973 loquere.
1207 4902 1343 4956 Ecce
1382 4898 1514 4953 lides
1553 4897 1811 4953 catholica
1842 4897 2092 4973 quemad-

504 4998 723 5052 modum
763 4997 872 5052 exit
907 4996 974 5051 de
1020 4997 1119 5050 ista
1167 4993 1550 5065 propositione.
1583 4990 1891 5046 Ambulavit
1932 4990 2097 5046 Filius

505 5104 669 5157 super
710 5103 877 5153 mare,
920 5087 1086 5160 pedes
1128 5085 1306 5142 carnis
1345 5084 1593 5140 ﬂuctibus
1636 5082 1920 5152 imposuit;
1970 5098 2097 5137 caro

502 5183 832 5247 ambulabat,
851 5189 907 5237 et
925 5180 1173 5236 divinitas
1187 5175 1517 5249 gubernabat
1544 5194 1558 5231 :
1585 5174 1797 5244 quando
1823 5191 1949 5245 ergo
1971 5190 2097 5229 caro

488 5290 577 5331 am
594 5274 810 5330 bulabat
828 5281 882 5328 et
902 5273 1150 5327 divinitas
1169 5269 1518 5342 gubernabat,
1546 5268 1704 5323 Pater
1722 5267 1918 5323 absens
1943 5276 2061 5323 erat
2074 5268 2100 5322 ?

486 5368 545 5421 Si
584 5368 780 5423 absens
797 5374 931 5428 erat,
957 5363 1226 5435 quomodo
1250 5362 1364 5434 ipse
1388 5359 1556 5417 Filius
1572 5360 1723 5427 dicit,
1752 5360 1908 5416 Pater
1930 5369 2101 5415 autem

487 5462 541 5513 in
601 5476 682 5513 me
726 5475 964 5521 manens,
1008 5458 1119 5526 ipse
1158 5454 1282 5525 facit
1324 5471 1478 5526 opera
1515 5471 1611 5510 sua
1655 5454 1764 5526 (Id.
1810 5468 1925 5520 xw,
1967 5452 2100 5525 ‘10)?

486 5551 540 5604 Si
592 5566 721 5619 ergo
748 5551 903 5605 Pater
945 5550 996 5603 in
1027 5548 1162 5604 Filio
1195 5564 1438 5615 manens,
1469 5550 1581 5619 ipse
1611 5546 1737 5603 facit
1760 5562 1923 5618 opera
1961 5560 2097 5613 sua;

509 5642 801 5696 ambulatio
842 5641 927 5695 illa
963 5640 1139 5696 carnis
1164 5656 1322 5709 supra
1355 5654 1522 5703 mare,
1555 5654 1584 5693 a
1614 5638 1769 5693 Patre
1798 5638 1976 5704 fiebat,
2005 5653 2103 5708 per

513 5733 701 5786 Filium
736 5733 911 5786 tiebat.
945 5736 1079 5803 Ergo
1108 5734 1198 5789 illa
1238 5734 1528 5789 ambulatio
1554 5748 1690 5802 opus
1725 5744 1808 5786 est
1846 5732 2018 5786 Patris
2048 5741 2103 5786 et

516 5824 632 5877 Filii
680 5825 1049 5890 inseparabile.
1101 5826 1397 5898 Utrumque
1431 5827 1501 5882 ibi
1545 5835 1854 5897 operantem
1894 5828 2093 5884 video:

1470 360 1536 417 IN
1574 354 1855 416 JOANNIS
1892 347 2363 415 EVANGELIUM,
2404 350 2461 406 S.
2504 352 2870 411 AUGUSTINI

3632 368 3743 430 1560

2209 483 2307 523 nec
2332 468 2488 525 Pater
2506 472 2698 526 Filium
2719 474 2974 544 deseruit,
2996 491 3095 532 nec
3116 477 3278 535 Filius
3296 495 3327 536 a
3347 481 3498 538 Patre
3516 484 3738 546 discessit.

2210 560 2282 616 Ita
2311 563 2565 634 quidquid
2606 566 2733 622 facit
2760 568 2946 636 Filius,
2974 585 3079 626 non
3123 571 3245 629 facit
3270 576 3389 631 sine
3429 577 3610 648 Patre;
3642 586 3739 652 quis

2206 654 2458 725 quidquid
2491 659 2614 713 facit
2644 659 2819 726 Pater,
2847 675 2951 716 non
2982 661 3107 718 facit
3134 654 3248 720 sine
3276 666 3435 723 Filio.

2278 750 2328 803 7.
2373 750 2588 805 Exitum
2617 763 2700 807 est
2726 752 2867 809 hinc.
2901 754 3090 813 Videte
3118 773 3238 828 quia
3266 770 3413 817 recte
3439 777 3531 817 nos
3554 762 3743 824 dicimus

2206 842 2578 912 inseparabilia
2595 859 2714 899 esse
2729 860 2892 915 opera
2907 848 3077 903 Patris
3090 862 3141 905 et
3158 850 3272 905 Filii
3288 862 3343 908 et
3357 851 3576 922 Spiritus
3586 860 3740 913 sancti.

2205 934 2335 989 Nam
2356 938 2623 1006 quomodo
2650 947 2705 992 tu
2732 939 3002 1010 intelligis.
3027 956 3154 998 ecce
3191 942 3313 998 fecit
3346 945 3481 1000 Deus
3506 945 3678 1013 lucem,
3702 961 3743 1005 et

2204 1026 2336 1082 vidit
2356 1028 2521 1083 Filius
2539 1029 2746 1084 Patrem
2767 1030 3046 1087 facientem
3065 1033 3259 1101 lucem,
3282 1036 3568 1091 secundum
3592 1055 3744 1095 carna-

2203 1116 2308 1172 lem
2324 1118 2645 1174 intellectnm
2661 1130 2829 1186 tuum,
2848 1123 2936 1191 qui
2952 1123 3072 1177 ideo
3090 1123 3169 1179 vis
3185 1125 3449 1180 minorere
3468 1126 3741 1200 intelligere,

2202 1209 2325 1278 quia
2352 1207 2504 1275 dixit,
2538 1208 2656 1263 Non
2690 1220 2849 1280 potest
2873 1209 3040 1267 Filius
3055 1231 3086 1265 (ι
3105 1231 3157 1267 se
3182 1219 3353 1284 facere
3377 1216 3653 1287 quidquam,
3671 1223 3744 1276 nisi

2201 1301 2336 1372 quod
2362 1302 2539 1356 viderit
2572 1302 2777 1358 Patrem
2797 1307 3081 1376 facientem.
3103 1307 3249 1363 Fecit
3265 1309 3407 1363 Deus
3419 1309 3745 1380 Paterlnccm;

2202 1407 2359 1462 quam
2384 1394 2555 1448 lucem
2573 1396 2730 1449 aliam
2752 1395 2874 1451 fecit
2890 1396 3057 1453 Filius
3072 1399 3095 1451 ’ἓ
3113 1398 3262 1455 Fecit
3284 1399 3427 1455 Deus
3445 1401 3592 1457 Pater
3612 1403 3745 1458 ﬁrm

2202 1496 2440 1542 mentum
2458 1529 2472 1553 ,
2498 1489 2692 1543 ccelum
2711 1489 2847 1545 inter
2863 1506 3028 1562 aquas
3047 1501 3102 1546 et
3124 1507 3312 1562 aquas,
3337 1495 3466 1549 vidit
3486 1512 3599 1551 eum
3616 1496 3745 1554 Filius

2200 1581 2492 1635 secundum
2512 1582 2914 1653 intelligz-ntiam
2934 1594 3074 1639 tuam
3095 1586 3296 1641 tardam
3313 1598 3365 1642 et
3381 1603 3610 1659 grossam
3625 1610 3636 1645 :
3652 1596 3745 1664 quia

2203 1672 2333 1727 vidit
2362 1673 2525 1729 Filius
2556 1675 2765 1730 Patrem
2796 1675 3080 1732 facientem
3108 1676 3523 1749 firmamentum,
3551 1694 3601 1738 et
3623 1685 3742 1753 dixit,

2204 1766 2323 1820 Non
2346 1778 2502 1838 ρυιικςι
2529 1766 2694 1823 Filius
2712 1785 2743 1821 α
2758 1785 2813 1823 se
2836 1773 3003 1841 facere
3018 1771 3319 1841 quidquam,
3341 1774 3441 1828 nisi
3459 1777 3589 1843 ιιιιοᾱ
3606 1778 3746 1833 viderit

2201 1855 2410 1913 Patrem
2424 1860 2702 1928 facieiuem,
2723 1860 2790 1913 da
2808 1860 2935 1916 mihi
2953 1862 3178 1917 alterum
3200 1865 3603 1920 ﬁrmamentum.
3620 1870 3687 1921 Αιι
3700 1877 3741 1923 ιιι

2200 1951 2420 2005 amisisti
2441 1950 2838 2006 fundamentum
2850 1952 3301 2023 ?Super-.ediflcati
3314 1965 3491 2012 autem
3502 1972 3645 2028 supra
3661 1961 3743 2013 fun-

2200 2043 2505 2100 damentmn
2528 2047 2898 2115 Apostolorum
2927 2057 2981 2101 ct
3013 2047 3425 2115 Prophetarum,
3450 2051 3560 2119 ipso
3578 2066 3744 2107 summo

2202 2140 2372 2210 lapide
2388 2140 2622 2209 angulari
2642 2140 2903 2195 existente
2913 2138 3127 2195 Christo
3142 2139 3172 2195 Ι
3176 2156 3292 2205 esu,
3307 2151 3559 2211 pacantur
3573 2144 3618 2198 in
3632 2143 3746 2199 Chri-

2147 2232 2153 2237 ’
2200 2230 2518 2300 sto’(Ephes.
2540 2248 2597 2295 ιι,
2626 2231 2833 2300 14-20);
2865 2246 2962 2287 nec
2983 2231 3315 2287 contendunt
3339 2241 3395 2287 et
3417 2242 3591 2288 errant
3609 2235 3654 2288 in
3670 2236 3743 2288 ha-

2150 2341 2155 2347 ’
2199 2324 2325 2377 resi.
2356 2322 2698 2393 lntelligimus
2722 2338 2848 2393 ergo
2879 2322 3270 2384 lucemfactam
3291 2339 3323 2378 a
3354 2323 3461 2379 Deo
3490 2324 3650 2391 Patre,
3672 2325 3744 2379 sed

2147 2418 2153 2423 ”
2202 2431 2299 2484 per
2313 2415 2532 2479 Filium;
2554 2415 2943 2470 firmamentum
2975 2415 3215 2471 factuma
3244 2417 3358 2472 Deo
3381 2417 3559 2481 Patre,
3579 2417 3658 2473 sed
3677 2432 3747 2487 per

2146 2510 2149 2515 ⁴
2201 2505 2413 2560 Filium.
2436 2503 2620 2559 Omnia
2648 2506 2790 2560 enim
2821 2523 2909 2576 per
2932 2507 3099 2577 ipsum
3126 2510 3261 2577 facta
3302 2518 3451 2571 sunt,
3481 2516 3527 2561 et
3550 2508 3743 2577 sineipsa

2201 2600 2393 2667 factum
2408 2608 2479 2651 est
2500 2599 2646 2651 nihil.
2662 2597 2866 2653 Excute
2883 2599 3280 2669 intelligentiam
3301 2609 3445 2654 tuam
3460 2617 3474 2666 ;
3489 2615 3580 2656 nec
3595 2600 3746 2654 intelli-

2199 2687 2431 2757 gentiam
2447 2687 2757 2753 vocandam,
2774 2687 2866 2744 sed
2882 2688 3034 2757 plane
3046 2689 3494 2746 stultitiam.Deus
3507 2690 3745 2746 Paterfecit

2205 2779 2457 2833 mundum
2480 2795 2667 2849 :qnem
2687 2780 2813 2834 fecit
2828 2780 2990 2835 Filius
3009 2781 3236 2836 alterum
3256 2781 3552 2836 mundum?
3570 2782 3626 2836 da
3646 2779 3744 2834 mihi

2150 2888 2160 2899 '
2204 2872 2455 2927 mundum
2480 2872 2616 2926 Filii.
2644 2872 2745 2927 lste
2766 2872 2819 2926 in
2844 2886 2950 2942 quo
2970 2887 3171 2936 sumus,
3191 2874 3350 2942 cujus
3372 2872 3490 2928 est?
3510 2873 3589 2927 die
3607 2872 3741 2936 nobis,

2143 2965 2156 2972 '
2200 2979 2231 3017 a
2261 2979 2366 3033 quo
2408 2963 2575 3018 factus
2614 2974 2688 3016 est
2713 2964 2737 3016 ’ἰ
2765 2963 2821 3018 Si
2852 2963 3071 3029 dixeris,
3108 2964 3149 3018 Α
3183 2964 3357 3030 Filio;
3391 2978 3494 3019 non
3527 2980 3553 3017 a
3590 2964 3741 3024 Patre;

2199 3056 2388 3110 errasti
2416 3072 2443 3108 a
2471 3055 2623 3110 Patre
2651 3073 2663 3109 :
2694 3056 2738 3110 si
2766 3054 2989 3119 dixeris,
3013 3056 3054 3108 Α
3076 3056 3230 3110 Patre
3249 3097 3267 3124 ,
3309 3072 3416 3111 non
3435 3073 3465 3110 a
3506 3055 3655 3119 Filio;
3675 3068 3742 3108 re-

2148 3140 2155 3169 ⁵
2200 3151 2428 3220 spondet
2470 3147 2967 3218 tibi'Evangelium,
2997 3147 3062 3202 Et
3109 3150 3328 3203 mundus
3367 3167 3454 3221 per
3477 3166 3585 3207 eum
3617 3152 3744 3218 factus

2200 3252 2296 3308 est,
2315 3254 2359 3294 et
2378 3243 2593 3294 mundus
2608 3257 2721 3294 eum
2736 3257 2837 3294 non
2852 3242 3078 3312 cognovit
3097 3239 3272 3310 (Joan.
3300 3242 3398 3308 ιβ,
3421 3240 3525 3311 l0).
3544 3240 3744 3309 Agamus

2201 3348 2332 3402 ergo
2346 3348 2467 3386 eum
2492 3348 2586 3400 per
2598 3347 2757 3402 quem
2777 3333 2946 3386 factus
2959 3343 3042 3387 est
3062 3332 3374 3402 mundus,et
3396 3333 3498 3388 noli
3515 3346 3624 3388 esse
3638 3332 3745 3385 inter

2203 3425 2327 3480 illos
2347 3426 2432 3494 qni
2460 3440 2582 3479 cum
2606 3426 2695 3495 qui
2723 3424 2847 3480 fecit
2872 3425 3123 3479 mundum
3147 3439 3251 3479 non
3271 3432 3638 3496 cognoverunt.

2276 3516 2328 3570 8.
2364 3516 2739 3585 lnseparabilia
2758 3524 2883 3571 sunt
2907 3529 3036 3587 ergo
3051 3531 3212 3585 Opera
3240 3516 3417 3571 Patris
3443 3529 3495 3572 et
3520 3515 3643 3570 Filii.
3661 3511 3742 3567 Sed

2202 3709 2346 3757 esset
2381 3701 2425 3754 si
2454 3700 2675 3767 diceret,
2705 3701 2819 3757 Non
2849 3712 2930 3757 est
2956 3701 3121 3757 Filius
3147 3717 3178 3757 a
3205 3717 3284 3758 se.
3317 3704 3522 3759 Etenim
3548 3702 3587 3757 si
3615 3698 3744 3754 Filius

2146 3783 2153 3792 ’
2202 3799 2305 3853 est,
2331 3798 2484 3845 natus
2502 3800 2615 3845 est:
2642 3792 2687 3847 si
2706 3801 2860 3847 natus
2879 3804 2981 3859 εει,
3000 3793 3066 3847 ab
3092 3793 3183 3847 illo
3196 3802 3279 3848 est
3299 3793 3370 3849 de
3389 3809 3493 3864 quo
3512 3800 3648 3847 natus
3662 3796 3739 3845 est.

2202 3880 2310 3938 Sed
2340 3890 2517 3937 tamen
2544 3885 2801 3952 aequalem
2830 3884 2929 3939 sibi
2957 3886 3160 3955 genuit.
3190 3885 3308 3940 Non
3332 3889 3471 3941 enim
3495 3884 3643 3940 defuit
3665 3879 3740 3934 ali-

2203 3975 2328 4045 quid
2358 3976 2650 4046 generanti,
2684 3984 2774 4030 aut
2798 3985 3008 4046 tempus
3027 3977 3269 4047 quaesivit
3295 3987 3353 4031 ut
3382 3970 3741 4048 generaret,qui

2203 4067 2390 4138 genuit
2415 4074 2769 4131 coaeternum;
2793 4075 2885 4120 aut
2900 4076 3122 4122 matrem
3145 4070 3393 4137 qumsivit
3415 4078 3471 4124 ut
3486 4073 3740 4139 generaret.

2206 4160 2296 4228 qui
2320 4158 2388 4214 de
2413 4173 2471 4213 se
2502 4160 2720 4229 protulit
2750 4157 3017 4223 Verbum;
3042 4169 3131 4212 aut
3159 4160 3317 4214 Pater
3345 4174 3595 4229 generans
3616 4163 3740 4209 aetate

2206 4262 2552 4322 przecesserat
2578 4251 2768 4306 Filium
2786 4295 2800 4318 ,
2832 4261 2888 4306 ut
2909 4253 3169 4307 minorem
3187 4252 3380 4308 Filium
3398 4255 3673 4324 generaret.
3691 4243 3741 4300 Βι

2207 4344 2345 4400 forte
2365 4344 2493 4399 dicit
2515 4344 2706 4413 aliquis
2720 4344 2841 4414 quia
2864 4357 2983 4414 post
3003 4345 3166 4399 multa
3183 4345 3377 4400 smcula
3399 4345 3450 4400 in
3467 4332 3655 4400 senecta
3668 4350 3740 4392 sua

2206 4438 2346 4493 Deus
2367 4436 2601 4507 suscepit
2621 4437 2831 4492 Filium.
2854 4436 3003 4492 Sicut
3019 4438 3176 4493 Pater
3195 4439 3312 4494 sine
3333 4444 3611 4496 senectute,
3625 4432 3741 4486 sicci

2205 4528 2371 4584 Filius
2385 4530 2500 4584 sine
2513 4530 2841 4583 incremento
2856 4545 2868 4583 :
2885 4543 2983 4584 nec
2996 4528 3084 4584 ille
3097 4530 3273 4584 senuit
3284 4545 3385 4585 nec
3397 4529 3480 4585 ille
3488 4525 3656 4586 crevit;
3666 4515 3739 4576 sed

2204 4620 2422 4691 aqualis
2438 4619 2698 4689 aequalem
2718 4619 2919 4689 genuit.
2944 4627 3177 4674 aeternus
3189 4629 3467 4675 aeternum.
3485 4608 3736 4685 Quomodo.

2205 4716 2374 4787 inquit
2417 4714 2627 4784 aliquis,
2664 4723 2895 4768 :eternus
2930 4713 3227 4767 aeternum?
3263 4711 3535 4782 Quomodo
3567 4706 3735 4763 ﬂamma

2204 4809 2512 4879 temporalis
2532 4814 2752 4877 generat
2773 4805 2945 4861 lucem
2970 4806 3339 4875 temporalem.
3371 4804 3547 4861 Comva
3573 4806 3643 4854 est
3659 4807 3736 4848 alt-

2206 4911 2312 4956 tem
2333 4899 2826 4970 flammagenerans
2851 4897 2950 4953 luci
2975 4912 3134 4968 quam
3154 4903 3397 4967 generat,
3424 4907 3516 4949 nec
3534 4884 3737 4962 przccedit

2207 5001 2448 5062 tempore
2477 4991 2686 5045 flamma
2728 5002 2993 5059 generans
3024 4988 3196 5041 lucem
3234 4994 3561 5058 generatim:
3584 4976 3663 5036 sed
3685 4989 3732 5030 ei

2206 5099 2315 5155 quo
2340 5084 2522 5153 incipit
2551 5081 2787 5151 ﬂamma,
2811 5101 2874 5139 ex
2908 5083 2997 5138 illo
3031 5078 3219 5150 incipit
3244 5079 3351 5134 lux.
3373 5079 3444 5132 Da
3470 5072 3586 5130 mibi
3613 5068 3711 5123 Πωιι

2208 5194 2347 5235 mam
2382 5182 2497 5236 sine
2542 5179 2687 5247 luce,
2724 5187 2779 5234 et
2809 5178 2880 5233 do
2908 5178 2999 5233 tibi
3034 5176 3201 5232 Deum
3243 5174 3448 5230 Patrem
3487 5169 3593 5224 sine
3610 5159 3731 5217 Filio.

2208 5271 2321 5327 Hoc
2345 5281 2427 5327 est
2451 5287 2599 5342 ergo,
2634 5270 2752 5326 Non
2785 5280 2941 5342 potest
2973 5268 3139 5324 Filius
3165 5285 3195 5321 a
3216 5283 3271 5322 se
3297 5270 3456 5338 facere
3475 5257 3729 5347 σκῑάιιεέίξξῗῖο

2209 5364 2305 5418 nisi
2338 5362 2474 5434 quod
2501 5339 2675 5417 uiderit
2704 5339 2911 5417 Patrem
2953 5361 3249 5433 facientem;
3278 5358 3399 5430 quia
3430 5354 3593 5409 videre
3614 5339 3726 5434 Filii:

2213 5456 2313 5511 hoc
2336 5430 2421 5512 est
2440 5465 2619 5510 natum
2648 5469 2766 5509 esse
2780 5454 2847 5508 de
2863 5430 3037 5509 Patre.
3057 5452 3171 5508 Non
3202 5452 3304 5508 alia
3320 5450 3449 5505 visio
3465 5445 3570 5515 ejus
3589 5445 3637 5494 et
3652 5430 3727 5487 alii

2210 5548 2502 5605 substantia
2533 5547 2680 5617 ejus:
2710 5563 2808 5602 nec
2830 5548 2929 5602 alia
2951 5547 3178 5617 potentia
3204 5545 3338 5616 ejus,
3361 5543 3458 5597 alia
3485 5525 3726 5617 substantia

2210 5642 2346 5711 ejus.
2391 5641 2583 5696 Totum
2628 5639 2768 5709 quod
2804 5650 2921 5705 est,
2970 5640 3036 5694 de
3074 5615 3379 5701 Palreiest;
3425 5640 3574 5687 totum
3615 5615 3727 5693 (μιοά

2212 5743 2415 5804 potest,
2455 5733 2521 5788 de
2563 5732 2717 5787 Patre
2763 5742 2883 5787 est:
2926 5732 3170 5800 quoniam
3205 5730 3341 5803 quod
3381 5732 3537 5800 potest
3567 5721 3725 5776 etest.

2213 5829 2314 5885 hoc
2342 5841 2502 5879 unum
2531 5836 2639 5885 est;
2667 5834 2718 5879 et
2749 5824 2816 5879 de
2844 5825 2995 5880 Patre
3027 5833 3192 5878 totum
3221 5833 3317 5879 est.
