3916 6370
153 374 271 435 1561

213 494 263 553 9.
299 488 549 560 Sequitur
583 497 640 545 et
668 488 783 559 ipse
811 489 866 545 in
895 488 1077 545 verbis
1100 487 1235 556 suis,
1269 496 1325 544 et
1355 483 1493 541 male
1519 478 1720 538 intelli-

150 589 321 652 gentes
355 579 663 646 conturbat,
699 588 757 636 ut
789 579 857 637 ad
889 588 1097 637 rectum
1139 579 1463 636 intellectum
1504 587 1724 635 revocet

150 684 393 730 errantes.
416 673 555 729 Cum
595 674 851 737 dixisset,
885 673 1006 730 Non
1034 682 1196 746 potest
1222 673 1388 730 Filius
1413 691 1445 727 a
1474 690 1528 729 se
1558 673 1725 743 facere

152 767 432 839 quidquam,
452 766 556 822 nisi
579 767 717 839 quod
734 767 913 822 uiderit
931 766 1140 823 Patrem
1160 767 1427 840 facientem
1452 781 1472 821 :
1497 781 1564 821 ne
1589 765 1724 820 forte

151 860 363 915 carnalis
389 860 711 930 subreperet
739 859 1059 922 intellectus.
1087 869 1141 916 et
1168 867 1437 916 averteret
1466 867 1720 922 mentem,

150 959 200 1007 et
230 950 422 1007 faceret
449 950 555 1006 sibi
587 949 751 1008 homo
776 950 928 1023 quasi
952 950 1089 1007 duos
1127 950 1325 1017 fabros,
1358 965 1520 1006 unum
1556 949 1725 1020 magi-

149 1054 323 1109 strum,
339 1043 569 1099 alterum
591 1043 913 1113 discipulum
930 1043 1082 1115 quasi
1101 1043 1461 1099 attendentem
1476 1040 1544 1096 ad
1563 1040 1728 1110 magi-

151 1145 324 1201 strum,
349 1135 495 1191 verbi
515 1139 712 1207 gratia,
729 1135 1012 1192 facientem
1032 1150 1245 1201 arcam;
1269 1144 1326 1189 ut
1338 1133 1608 1205 quomodo
1638 1131 1726 1186 ille

154 1227 263 1283 facit
293 1243 494 1293 arcam,
547 1227 709 1283 faciat
744 1237 799 1283 et
831 1228 931 1284 iste
964 1228 1185 1285 alteram
1218 1241 1398 1282 arcam
1432 1225 1725 1281 secundum

155 1311 396 1366 visionem
424 1326 591 1381 quam
623 1311 856 1381 inspexit
879 1313 933 1367 in
950 1312 1205 1383 magistro
1223 1320 1477 1381 cperante
1501 1327 1514 1364 :
1537 1311 1632 1366 sed
1659 1325 1728 1365 ne

152 1404 245 1459 tale
277 1404 471 1475 aliquid
514 1405 620 1460 sibi
654 1406 949 1477 duplicaret
978 1406 1031 1460 in
1072 1405 1158 1460 illa
1187 1404 1416 1475 simplici
1449 1404 1727 1460 divinitate

154 1495 430 1552 intellectus
443 1497 702 1563 carnalis,
718 1508 932 1553 secutus
946 1498 1040 1563 ait,
1063 1496 1402 1565 Qua-cumque
1415 1497 1549 1551 enim
1570 1495 1729 1550 Pater

153 1589 277 1656 facit,
316 1588 429 1655 tiara
475 1591 660 1644 eadem
705 1600 750 1643 et
799 1588 969 1645 Filius
1012 1590 1135 1661 facit
1170 1588 1416 1643 similiter.
1449 1587 1567 1644 Non
1603 1586 1729 1643 facit

154 1678 292 1734 Pater
316 1679 438 1745 alia,
468 1688 525 1736 et
552 1680 661 1734 alia
687 1680 856 1736 Filius
877 1680 1091 1745 similia,
1120 1680 1214 1735 sed
1243 1680 1430 1735 eadem
1459 1678 1723 1735 similiter.

153 1769 251 1826 Non
276 1773 413 1827 enim
439 1773 551 1836 ait,
580 1773 946 1843 Quaecumque
970 1773 1096 1829 facit
1118 1773 1295 1838 Pater,
1327 1772 1453 1829 facit
1478 1783 1534 1827 et
1561 1771 1727 1829 Filius

154 1862 239 1917 alia
269 1861 456 1918 similia
494 1880 515 1917 τ
561 1864 692 1925 sed,
736 1863 1108 1936 Quaecumque,
1147 1863 1348 1935 inquit,
1384 1862 1544 1918 Pater
1580 1865 1724 1934 facit,

155 1954 247 2008 lucc
278 1954 449 2008 eadem
487 1965 540 2011 et
572 1954 745 2011 Filius
779 1956 901 2027 facit
936 1956 1185 2011 similiter.
1213 1958 1344 2025 Qum
1384 1955 1493 2022 ille,
1525 1955 1641 2012 lucc
1674 1965 1728 2012 et

155 2043 254 2115 ipse
282 2062 296 2099 :
325 2046 585 2101 mundum
622 2047 799 2111 Pater,
830 2046 1080 2101 mundum
1110 2045 1302 2112 Filius,
1326 2045 1582 2101 mundum
1608 2044 1729 2116 Spi-

154 2136 271 2191 ritus
304 2147 538 2193 sanctus.
566 2138 626 2194 Si
670 2148 780 2193 tres
807 2138 903 2202 dii,
938 2146 1057 2193 tres"
1077 2137 1258 2193 mundi
1290 2156 1304 2193 :
1336 2137 1382 2193 si
1422 2153 1559 2193 unus
1587 2138 1728 2194 Deus

157 2227 292 2286 Pater
304 2239 356 2286 et
373 2230 541 2285 Filius
557 2240 616 2286 et
636 2230 866 2301 Spiritus
884 2239 1123 2289 sumtus.
1151 2245 1289 2285 unus
1306 2229 1535 2284 mundus
1561 2228 1729 2285 factus

159 2328 277 2374 est:
302 2321 456 2378 Patre
492 2338 597 2392 per
634 2321 829 2377 Filium
860 2322 912 2375 in
950 2320 1153 2391 Spiritu
1188 2329 1395 2377 sancto.
1432 2320 1558 2376 Haec
1597 2336 1728 2392 ergo

156 2411 266 2467 facit
299 2411 481 2479 Filius,
522 2429 651 2484 quae
684 2412 811 2468 facit
844 2422 898 2467 et
937 2412 1115 2476 Pater,
1155 2420 1210 2467 et
1251 2427 1359 2467 non
1400 2410 1731 2467 dissimiliter

156 2501 302 2559 facit:
327 2513 381 2560 et
402 2503 519 2560 haec
549 2504 702 2570 facit,
730 2512 785 2559 et
811 2502 1056 2559 similiter
1082 2501 1228 2559 facit.

216 2599 295 2654 to.
323 2598 436 2653 .lam
462 2598 716 2665 dixerat,
742 2597 849 2651 hac
875 2597 1032 2671 facit;
1055 2610 1220 2667 quare
1244 2594 1476 2664 addidit,
1500 2595 1730 2651 similiter

159 2690 296 2762 facit?
321 2690 393 2745 Ne
417 2691 557 2745 alius
603 2703 797 2759 pravus
822 2688 1127 2746 intellectus
1152 2687 1234 2743 vel
1265 2702 1416 2743 error
1459 2687 1512 2742 in
1551 2687 1732 2742 animo

162 2791 462 2838 nasceretur.
493 2781 667 2838 Vides
703 2783 845 2837 enim
880 2780 1116 2836 hominis
1139 2795 1307 2851 opus;
1337 2781 1548 2836 animus
1570 2789 1652 2835 est
1676 2781 1730 2835 iu

162 2874 349 2932 homine
372 2886 425 2930 et
452 2889 660 2945 corpus
686 2892 699 2927 :
725 2873 938 2929 animus
961 2874 1185 2944 imperat
1206 2872 1451 2944 corpori,
1480 2872 1573 2927 sed
1596 2872 1732 2926 mul-

162 2973 255 3022 tum
281 2966 493 3024 interest
531 2968 680 3023 inter
701 2981 896 3037 corpus
918 2976 971 3022 et
993 2966 1233 3022 animum
1258 2984 1272 3020 :
1306 2981 1503 3035 corpus
1525 2966 1731 3022 visibilc

162 3066 260 3125 est,
285 3060 486 3116 animus
514 3059 839 3125 invisibilis;
872 3060 1012 3114 inter
1040 3059 1327 3128 potentiam
1373 3059 1730 3130 virtutemque

163 3148 334 3214 animi,
361 3160 416 3205 et
440 3151 689 3221 cujusvis
716 3150 841 3206 licet
859 3150 1092 3205 caelestis
1113 3135 1600 3232 corporj§_3mt.ltunt
1645 3152 1729 3205 iu-

166 3249 323 3297 tercst.
344 3240 584 3314 Imperat
602 3252 780 3298 tamen
794 3242 1002 3297 animus
1021 3231 1378 3327 contentam,
1392 3233 1445 3298 ei
1468 3243 1592 3299 facit
1611 3260 1730 3300 cor-

166 3346 249 3402 pus
268 3341 350 3389 :et
372 3335 512 3406 quod
546 3333 761 3390 videtur
782 3335 991 3389 animus
1027 3332 1205 3390 facere
1221 3376 1241 3411 ,Δ
1260 3335 1362 3391 hoc
1386 3335 1512 3392 facit
1536 3346 1591 3393 et
1613 3353 1733 3393 cor-

168 3439 267 3496 pus.
290 3425 503 3484 Videtur
527 3443 662 3499 ergo
687 3442 883 3498 corpus
919 3426 1019 3483 hoc
1055 3428 1194 3483 idem
1222 3428 1399 3486 facere
1439 3431 1581 3501 quod
1619 3434 1733 3487 ani-

167 3530 291 3586 mus,
314 3520 401 3575 sed
424 3535 533 3576 non
563 3519 826 3575 similiter.
852 3518 1131 3586 Quomodo
1154 3519 1254 3575 hoc
1280 3520 1420 3577 idem
1448 3522 1570 3578 facit
1590 3566 1606 3590 ,
1636 3524 1731 3579 sed

171 3623 258 3663 non
283 3609 519 3668 similiter
532 3611 560 3666 ?
576 3610 725 3669 Facit
743 3610 953 3665 animus
970 3611 1191 3666 verbum
1208 3612 1348 3684 apud
1370 3629 1449 3676 se.
1463 3614 1614 3684 jubet
1633 3616 1734 3671 lin-

169 3715 284 3769 gms,
294 3711 345 3758 et
357 3704 559 3773 profert
575 3703 793 3759 verbum
815 3704 956 3774 quod
974 3703 1099 3761 fecit
1113 3706 1349 3762 animus:
1367 3706 1485 3763 fecit
1500 3710 1727 3776 animus,

174 3792 271 3849 fecit
286 3806 334 3851 et
351 3796 524 3868 lingua
542 3813 557 3861 ;
578 3796 701 3852 fecit
729 3795 977 3851 dominus
1003 3797 1265 3867 corporis,
1290 3798 1412 3854 fecit
1437 3811 1486 3856 et
1510 3815 1730 3857 servus:

174 3886 248 3939 sed
263 3897 312 3942 ut
327 3887 519 3946 faceret
533 3904 745 3956 servus,
766 3904 794 3942 a
815 3888 1034 3945 domino
1053 3892 1257 3960 accepit
1283 3893 1424 3963 quod
1444 3892 1660 3961 faceret,
1679 3904 1735 3951 et

170 3975 357 4046 iubente
370 3979 588 4036 domino
614 3979 757 4036 fecit.
782 3979 892 4035 lloc
912 3979 1050 4036 idem
1063 3980 1131 4035 ab
1146 3989 1371 4052 utroque
1396 3981 1592 4038 factum
1614 3996 1694 4041 est
1714 4004 1729 4040 :

175 4066 252 4120 sed
275 4072 513 4142 numquid
537 4072 785 4127 similiter
798 4072 821 4126 ?
834 4071 1114 4139 Quomodo
1132 4087 1238 4128 non
1257 4073 1521 4141 similiter,
1542 4076 1614 4130 ait
1636 4076 1733 4131 ali-

176 4158 306 4225 quis?
323 4161 452 4218 Ecce
473 4163 695 4217 verbum
721 4162 862 4231 quod
891 4163 1012 4218 fecit
1033 4168 1244 4219 animus
1268 4180 1418 4220 meus
1440 4205 1456 4232 ,
1481 4177 1659 4222 manet
1679 4169 1731 4223 in

179 4265 250 4305 me
278 4271 290 4305 :
317 4257 449 4324 quod
492 4255 620 4311 fecit
657 4256 831 4324 lingua
862 4271 976 4311 mea
997 4298 1014 4324 ,
1054 4272 1309 4327 percusso
1334 4273 1459 4313 acre
1489 4261 1730 4327 transiit,

180 4349 336 4399 etnon
360 4356 456 4402 est.
486 4346 619 4402 Cum
646 4346 847 4402 dixeris
871 4347 1092 4403 verbum
1120 4347 1173 4402 in
1204 4349 1384 4404 animo
1414 4358 1535 4417 tuo,
1566 4360 1620 4407 et
1642 4366 1732 4407 so-

183 4439 328 4491 nuerit
353 4454 443 4509 per
466 4440 701 4510 linguam
730 4449 871 4494 tuam
892 4482 908 4506 ,
951 4439 1063 4495 redi
1110 4440 1176 4497 ad
1211 4442 1448 4499 animum
1476 4452 1651 4513 tuum,
1681 4455 1736 4500 et

182 4524 282 4580 vide
303 4531 413 4599 quia
448 4531 521 4587 ibi
554 4541 636 4587 est
664 4532 887 4587 verbum
920 4530 1062 4604 quod
1090 4532 1281 4590 fecisti.
1311 4534 1573 4608 Numquid
1599 4539 1736 4595 sicut

186 4620 348 4675 mansit
371 4622 420 4677 itt
444 4622 623 4681 animo
652 4632 768 4688 tuo,
802 4624 993 4679 mansit
1022 4626 1074 4679 in
1110 4625 1286 4697 lingua
1320 4628 1442 4682 tua?
1467 4629 1617 4698 Quod
1641 4646 1736 4686 so-

188 4706 279 4761 nuit
301 4723 385 4778 per
410 4713 638 4785 linguam
662 4725 805 4768 tuam
825 4755 840 4777 ,
870 4713 993 4770 fecit
1016 4714 1193 4786 lingua
1218 4731 1417 4774 sonans
1438 4761 1452 4783 ,
1478 4718 1605 4785 fecit
1622 4723 1735 4778 ani-

190 4816 286 4858 mus
303 4809 527 4880 cogitans
554 4825 574 4867 :
597 4809 692 4866 sed
719 4809 859 4881 quod
884 4812 1062 4866 sonuit
1084 4811 1262 4883 lingua
1283 4854 1299 4879 ,
1332 4816 1566 4881 transiit;
1593 4819 1733 4888 quod

192 4896 403 4963 cogitavit
427 4901 666 4967 animus,
698 4911 992 4972 permanet.
1031 4902 1142 4958 Hoc
1173 4919 1302 4975 ergo
1334 4905 1460 4962 fecit
1499 4923 1692 4979 corpus
1715 4952 1730 4977 ,

193 4989 304 5053 quod
326 4989 435 5046 fecit
458 4993 699 5057 animus;
727 4993 819 5047 sed
849 5008 953 5048 non
983 4994 1244 5050 similiter.
1274 4996 1422 5052 Fecit
1450 5000 1591 5053 enim
1617 5002 1735 5055 ani-

196 5093 291 5134 ntus
306 5086 431 5153 quod
462 5095 634 5142 teneat
659 5086 904 5150 animus;
932 5086 1057 5141 fecit
1081 5096 1257 5142 autem
1284 5090 1456 5158 lingua
1487 5092 1625 5162 quod
1651 5110 1737 5147 so-

199 5178 266 5219 unt
288 5212 299 5231 ,
326 5182 373 5226 ct
400 5191 487 5244 per
512 5192 690 5232 aerem
719 5190 899 5231 aurem
921 5176 1183 5232 verberat.
1208 5177 1469 5250 Numquid
1498 5184 1737 5252 sequeris

199 5260 420 5331 syllalrts,
447 5276 498 5323 et
532 5268 665 5323 facis
694 5278 751 5323 ut
780 5270 1064 5324 maneant?
1086 5269 1203 5324 Non
1238 5286 1367 5342 ergo
1394 5273 1471 5328 sic
1500 5273 1657 5330 Pater
1685 5284 1739 5332 et

205 5346 363 5419 Filius;
389 5359 472 5413 sed
500 5361 614 5416 lucc
640 5360 831 5417 eadem
863 5358 1019 5426 facit,
1059 5370 1114 5416 et
1138 5362 1380 5418 similiter
1407 5364 1547 5420 facit.
1575 5367 1631 5421 Si
1660 5368 1736 5423 fe-

201 5439 258 5494 cit
289 5444 409 5501 Deus
431 5453 618 5506 cadum
646 5452 786 5521 quod
828 5462 1039 5514 manet,
1076 5453 1175 5509 hoc
1203 5454 1325 5509 fecit
1360 5454 1526 5513 Filius
1543 5460 1735 5514 cmlum

202 5535 317 5599 ΨΜ
354 5551 533 5598 manet.
579 5542 637 5598 Si
665 5543 787 5597 fecit
820 5543 958 5597 Deus
981 5543 1138 5598 Pater
1165 5544 1434 5600 hominem
1464 5550 1551 5618 qui
1580 5554 1738 5607 mori-

205 5627 303 5691 tur,
348 5632 579 5689 eumdem
634 5633 799 5688 Filius
849 5633 1118 5690 hominem
1180 5633 1303 5691 fecit
1351 5638 1438 5707 qui
1491 5641 1732 5696 moritur.

209 5710 516 5792 Quacumque
568 5725 690 5780 fecit
732 5725 890 5780 Pater
938 5727 1170 5794 stantia,
1222 5728 1334 5783 haec
1382 5731 1505 5784 fecit
1554 5744 1607 5787 et
1648 5733 1734 5788 Fi-

210 5803 292 5864 lius
311 5815 517 5885 stantia;
547 5816 668 5888 quia
694 5818 935 5874 similiter
960 5819 1117 5876 fecit:
1151 5829 1204 5877 et
1242 5835 1591 5895 quaecumque
1614 5825 1735 5883 fecit

1291 360 1706 428 TRACTATUS
1744 360 1868 420 XX.
1906 362 2134 424 CAPUT
2169 366 2239 424 V.

3267 364 3411 426 {569

1833 476 1990 534 Pater
2034 482 2380 551 temporalia,
2431 481 2546 540 haec
2589 481 2777 540 eadem
2828 481 2954 540 fecit
2995 483 3165 541 Filius
3203 493 3413 558 tempo-

1830 571 1992 636 ralia;
2024 572 2145 642 quia
2176 588 2280 628 non
2318 572 2492 630 solum
2519 574 2630 645 ipsa
2661 575 2817 642 fecit,
2848 574 2942 632 sed
2970 585 3025 631 et
3050 578 3293 635 similiter
3334 581 3415 637 fc-

1829 665 1920 718 cit.
1954 664 2111 719 Pater
2127 666 2270 720 enim
2296 665 2419 722 fecit
2442 682 2537 738 per
2555 665 2749 723 Filium
2772 708 2786 733 ,
2812 666 2937 738 quia
2963 682 3059 738 per
3081 667 3311 725 Verbum
3336 670 3419 725 fe-

1830 755 1905 813 cit
1929 756 2086 813 Pater
2108 760 2308 813 omnia.

1904 850 1991 904 lt.
2023 850 2214 918 Quaere
2242 851 2293 906 in
2320 850 2476 906 Patre
2495 860 2552 907 et
2575 849 2710 906 Filio
2734 851 3126 922 separationem
3148 892 3164 919 ,
3196 866 3303 907 non
3339 853 3421 909 in-

1831 942 2016 995 venis:
2049 941 2143 997 sed
2174 942 2221 997 si
2258 943 2632 1010 assurrexisti,
2667 951 2791 998 tunc
2832 958 2936 998 non
2974 942 3214 1009 invenis;
3243 943 3288 999 si
3325 944 3422 999 ali-

1830 1033 1957 1103 quid
1982 1048 2142 1103 supra
2182 1045 2412 1091 meutem
2442 1045 2585 1090 tuam
2615 1036 2867 1107 tetigisti,
2899 1044 3025 1091 tunc
3057 1050 3164 1090 non
3192 1036 3418 1093 invenis.

1832 1123 1963 1179 Nam
1985 1125 2029 1179 si
2058 1128 2108 1179 in
2136 1126 2218 1180 bis
2246 1126 2477 1182 versaris
2498 1168 2514 1195 ,
2540 1143 2662 1198 qua:
2687 1128 2788 1183 sibi
2812 1141 2999 1183 errans
3023 1128 3234 1184 animus
3260 1127 3419 1195 facit;

1831 1229 1951 1270 cum
1980 1215 2299 1286 imaginibus
2338 1220 2441 1274 tuis
2481 1218 2749 1289 loqueris,
2790 1236 2897 1275 non
2921 1235 3043 1276 cum
3069 1218 3248 1278 Verbo
3280 1221 3418 1278 Dei:

1834 1306 2019 1363 fallunt
2048 1320 2098 1364 te
2127 1310 2381 1380 imagines
2403 1318 2527 1365 tum.
2546 1311 2888 1368 Transcende
2907 1321 2962 1368 et
2979 1326 3195 1383 corpus,
3218 1322 3272 1368 et
3290 1327 3422 1384 sape

1833 1400 2069 1455 animum
2111 1419 2123 1453 :
2166 1402 2481 1458 transcendc
2523 1412 2579 1457 et
2624 1403 2899 1471 animum,
2944 1411 2999 1459 et
3051 1418 3180 1473 sape
3227 1403 3418 1459 Deum.

1834 1493 1949 1551 Non
1974 1496 2143 1566 tangis
2172 1495 2336 1550 Deum
2356 1538 2370 1560 ,
2398 1495 2499 1550 nisi
2538 1506 2587 1551 et
2615 1496 2849 1551 animum
2882 1494 3195 1551 transieris:
3221 1503 3421 1566 quanto

1833 1588 2010 1644 minus
2035 1589 2204 1659 tangis
2224 1630 2236 1652 ,
2267 1589 2311 1643 si
2346 1589 2397 1644 in
2427 1604 2589 1645 carne
2609 1589 2907 1644 manseris?
2929 1587 3008 1643 illi
3047 1603 3175 1658 ergo
3206 1587 3296 1659 qui
3335 1603 3420 1643 sae

1833 1682 1983 1752 piunt
2026 1697 2271 1750 carnem,
2317 1699 2475 1753 quam
2537 1683 2692 1754 longe
2734 1691 2859 1738 sunt
2902 1697 2933 1736 a
2979 1680 3233 1752 sapiendo
3276 1680 3419 1753 quod

1835 1775 1974 1831 Deus
2001 1775 2116 1830 est?
2140 1775 2261 1846 quia
2289 1791 2395 1831 non
2424 1776 2492 1832 ibi
2511 1785 2725 1843 essent,
2752 1776 2912 1830 etiam
2938 1776 2983 1830 si
3006 1764 3240 1831 animum
3267 1789 3421 1844 sape-

1832 1876 1971 1923 rent.
2002 1867 2221 1923 Recedit
2248 1867 2408 1923 homo
2433 1867 2658 1923 multum
2686 1884 2715 1921 a
2750 1868 2859 1923 Deo
2886 1868 3097 1938 quando
3121 1869 3262 1935 sapit
3297 1881 3416 1922 car-

1833 1963 2043 2028 naliter,
2070 1972 2125 2016 et
2151 1962 2374 2017 multum
2412 1963 2632 2018 interest
2654 1962 2792 2018 inter
2817 1977 3035 2017 carnem
3061 1971 3118 2017 et
3140 1962 3375 2017 animum
3403 1979 3418 2017 :

1834 2056 1952 2125 plus
1979 2066 2152 2110 tamen
2183 2056 2402 2111 interest
2428 2056 2566 2110 inter
2591 2056 2828 2110 animum
2851 2064 2908 2110 et
2946 2055 3132 2110 Deum.
3163 2054 3242 2109 Tu
3283 2056 3329 2109 si
3368 2054 3419 2108 in

1833 2146 2013 2200 animo
2036 2161 2122 2212 es,
2153 2147 2203 2199 in
2232 2145 2410 2203 medio
2429 2161 2489 2202 es
2514 2164 2527 2201 :
2560 2146 2604 2201 si
2628 2145 2760 2200 infra
2800 2145 3031 2201 attendis
3049 2185 3064 2207 ,
3086 2160 3280 2214 corpus
3304 2152 3418 2200 est:

1834 2240 1878 2294 si
1926 2230 2086 2309 supra
2133 2239 2397 2306 attendis,
2440 2240 2581 2294 Deus
2622 2248 2723 2294 est.
2770 2239 2968 2294 Attolle
2998 2248 3049 2293 te
3091 2255 3121 2293 a
3159 2252 3420 2308 corpore,

1836 2331 1997 2386 transi
2023 2332 2183 2386 etiam
2207 2339 2277 2386 te.
2306 2331 2441 2387 Vide
2465 2332 2606 2386 enim
2632 2331 2756 2402 quid
2787 2330 2921 2386 dixit
2941 2330 3180 2385 Psaltnus
3200 2373 3213 2393 ,
3244 2338 3299 2383 et
3323 2329 3423 2385 ad-

1834 2422 2066 2477 moneris
2095 2421 2543 2492 quemadmodum
2579 2420 2867 2491 sapiendus
2898 2420 2969 2474 sit
3014 2420 3154 2475 Deus
3188 2438 3201 2473 :
3251 2418 3425 2473 Facta:

1833 2524 1951 2568 sunt
1969 2554 1985 2579 ,
2026 2513 2223 2583 inquit,
2254 2513 2378 2567 mihi
2407 2514 2647 2583 lacrymte
2680 2498 2812 2567 Antea:
2840 2528 2994 2581 panes
3030 2512 3114 2564 die
3144 2527 3204 2565 ac
3242 2518 3421 2575 nocte,

1834 2621 1949 2658 cum
1969 2605 2155 2658 dicitur
2181 2604 2305 2658 mihi
2333 2603 2572 2670 quotidie,
2599 2601 2697 2657 Ubi
2717 2613 2788 2658 est
2811 2602 2950 2657 Deus
2973 2604 3129 2659 tuus?
3149 2602 3424 2671 Tanquam

1838 2697 2032 2768 Pagani
2060 2695 2239 2751 dicant
2268 2713 2281 2748 :
2316 2695 2453 2750 Ecce
2473 2693 2545 2748 dii
2577 2695 2778 2760 nostri;
2811 2694 2950 2748 Deus
2974 2702 3150 2749 vester
3177 2693 3265 2748 ubi
3298 2693 3425 2748 est?

1835 2787 2136 2844 Ostendunt
2172 2788 2313 2842 enim
2354 2786 2427 2841 illi
2455 2786 2597 2857 quod
2635 2786 2872 2850 videtur;
2911 2799 3010 2840 nos
3033 2785 3257 2840 colimus
3280 2783 3424 2855 quod

1837 2896 1944 2936 non
1965 2879 2196 2937 videtur.
2230 2880 2295 2934 Et
2320 2884 2405 2934 cui
2432 2879 2810 2935 ostendamus?
2840 2878 3043 2934 homini
3070 2878 3158 2947 qui
3192 2892 3298 2932 non
3326 2880 3423 2931 ba-

1836 2974 1927 3029 bet
1954 2973 2095 3028 unde
2134 2972 2345 3027 videat?
2370 2971 2502 3026 Nam
2533 2972 2715 3041 utique
2740 2969 2784 3024 si
2811 2970 2909 3039 ipsi
2940 2968 3070 3024 deos
3094 2983 3221 3024 suos
3245 2967 3427 3023 vident

1834 3064 2042 3129 oculis;
2084 3063 2344 3118 habemus
2370 3070 2424 3116 et
2452 3076 2550 3116 nos
2571 3061 2706 3115 alios
2733 3061 2920 3115 oculos
2938 3100 2952 3125 ,
2984 3057 3127 3114 unde
3152 3057 3426 3115 videamus

1839 3158 2004 3213 Deum
2046 3165 2303 3210 nostrum.
2338 3152 2442 3223 Ipsi
2477 3154 2612 3209 oculi
2643 3152 2928 3207 mundaudi
2968 3159 3090 3206 sunt
3124 3165 3155 3204 a
3193 3151 3303 3206 Deo
3332 3164 3428 3205 no-

1835 3258 1983 3315 stro,
2015 3256 2075 3302 ut
2099 3247 2369 3302 videamus
2398 3246 2564 3300 Deum
2594 3252 2833 3300 nostrum
2865 3261 2877 3297 :
2909 3242 3053 3298 Beati
3076 3242 3218 3298 enim
3241 3241 3427 3296 mundo

1836 3343 2019 3409 corde,
2067 3342 2186 3413 quia
2218 3341 2316 3412 ipsi
2352 3337 2515 3394 Deum
2559 3338 2791 3393 videbunt
2823 3336 3036 3409 (Matth.
3068 3353 3120 3403 v,
3165 3340 3245 3405 8).
3289 3336 3427 3409 Ergo

1836 3447 1955 3488 cum
1997 3447 2054 3485 se
2080 3430 2452 3486 conturbatum
2500 3428 2753 3492 dixisset,
2784 3443 2904 3482 cum
2948 3427 3144 3482 dicitur
3183 3426 3257 3481 illi
3296 3441 3429 3497 quo-

1838 3524 1966 3580 tidie
1987 3566 1999 3589 ,
2036 3523 2135 3579 Ubi
2161 3534 2233 3579 est
2256 3522 2394 3577 Deus
2420 3524 2574 3576 tuus?
2606 3520 2730 3576 Htec
2753 3531 3057 3575 memoratus
3079 3536 3209 3587 sum,
3234 3520 3424 3601 inquit,

1836 3619 1954 3690 quia
1982 3618 2168 3672 dicitur
2195 3619 2319 3672 mihi
2344 3618 2592 3689 quotidie,
2623 3614 2721 3671 Ubi
2746 3626 2816 3670 est
2860 3614 2994 3669 Deus
3022 3615 3176 3668 tuus?
3197 3623 3251 3668 et

1786 3752 1789 3755 η
1837 3710 2024 3764 volens
2069 3708 2470 3779 apprehendere
2519 3707 2683 3762 Deum
2730 3722 2921 3773 suum,
2956 3705 3080 3759 Haec
3120 3714 3428 3759 memoratus

1836 3818 1970 3868 sum,
2017 3802 2212 3872 inquit,
2242 3812 2287 3855 et
2324 3800 2481 3869 e/fudi
2510 3816 2662 3871 super
2696 3815 2777 3854 me
2813 3799 3035 3853 animam
3069 3813 3232 3852 meam
3255 3795 3424 3867 (Psal.

1840 3909 1959 3959 xu,
1990 3894 2055 3957 4,
2086 3894 2163 3964 5).
2190 3893 2259 3949 Ut
2284 3908 2411 3963 ergo
2440 3894 2752 3962 attingerem
2783 3891 2949 3946 Deum
2980 3905 3179 3954 meum,
3219 3889 3287 3944 de
3322 3904 3429 3959 quo

1839 3985 1969 4040 mihi
1998 3985 2291 4050 dicebatur,
2329 3984 2428 4039 Ubi
2441 3994 2513 4039 est
2540 3984 2676 4038 Deus
2695 3984 2851 4038 tuus?
2876 3998 2983 4038 non
3009 3982 3170 4038 ell‘udi
3195 3982 3425 4035 animam

1840 4090 2012 4131 meam
2057 4090 2219 4145 super
2254 4090 2470 4131 carnem
2518 4088 2728 4138 meam,
2774 4074 2871 4130 sed
2917 4088 3078 4143 super
3119 4088 3249 4129 me:
3284 4082 3430 4128 tran-

1840 4169 2021 4225 scendi
2045 4184 2163 4236 me,
2182 4179 2238 4223 ut
2255 4169 2403 4225 illum
2423 4178 2716 4238 tangerem.
2737 4166 2827 4222 llle
2850 4167 2993 4222 enim
3023 4176 3101 4221 est
3119 4180 3281 4235 super
3304 4179 3424 4231 me,
3501 4233 3520 4245 _

1839 4263 1928 4333 qui
1952 4260 2077 4318 fecit
2103 4277 2189 4317 me
2215 4279 2228 4315 :
2260 4275 2418 4316 nemo
2437 4276 2558 4315 eum
2575 4260 2804 4330 attingit,
2822 4260 2919 4314 nisi
2935 4259 3024 4328 qui
3052 4257 3319 4313 transierit
3344 4271 3424 4312 se.

1911 4352 1999 4408 12.
2031 4353 2214 4422 Cogita
2251 4366 2479 4422 corpus;
2509 4350 2735 4406 mortale
2758 4359 2858 4413 est.
2887 4359 3156 4405 terrenum
3180 4356 3295 4413 est,
3324 4348 3429 4403 fra-

1838 4443 1946 4516 gile
1965 4457 2079 4511 est,
2109 4442 2454 4513 eorruptibile
2481 4450 2563 4499 est
2591 4461 2604 4496 :
2636 4442 2824 4512 abjice.
2855 4440 2961 4498 Sed
2985 4440 3120 4495 forte
3142 4455 3268 4495 caro
3296 4448 3430 4495 tem-

1842 4540 2039 4612 poralis
2064 4550 2160 4594 est.
2196 4539 2311 4594 Alia
2332 4554 2554 4610 corpora
2576 4539 2747 4608 cogita
2767 4579 2783 4603 ,
2812 4536 3049 4593 caelestia
3073 4549 3299 4604 corpora
3331 4549 3427 4590 co-

1839 4633 1981 4704 gita;
2013 4634 2248 4703 majora,
2289 4632 2530 4698 meliora,
2580 4629 2854 4700 splendida
2897 4637 3023 4684 sunt
3061 4644 3077 4683 :
3122 4626 3338 4681 attende
3375 4633 3431 4682 et

1841 4727 1953 4798 ipsa
1978 4770 1993 4791 ,
2020 4729 2303 4781 volvuntur
2321 4725 2387 4780 ab
2408 4727 2611 4779 oriente
2635 4722 2700 4777 ad
2727 4721 3056 4778 occidentem
3076 4759 3092 4785 ,
3120 4734 3227 4773 non
3253 4726 3426 4783 stant;

1845 4820 2091 4876 videntur
2116 4819 2311 4884 Oculis,
2349 4836 2451 4871 non
2495 4817 2667 4872 solum
2696 4814 2764 4869 ab
2790 4813 3039 4877 homine,
3082 4810 3177 4865 sed
3208 4810 3371 4865 etiam
3400 4827 3428 4864 a

1842 4926 2033 4982 pecore
2065 4928 2076 4961 :
2109 4909 2271 4963 transi
2299 4917 2353 4962 ct
2381 4908 2513 4978 ipsa.
2548 4907 2613 4961 Et
2642 4903 2929 4977 quomodo,
2964 4902 3168 4971 inquies
3188 4941 3203 4968 ,
3252 4909 3430 4957 trnus-

1841 5019 1907 5058 eo
1936 5002 2172 5057 caelestia
2195 5016 2440 5069 corpora,
2456 5015 2575 5054 cum
2605 4997 2820 5053 ambulo
2844 4997 2896 5051 in
2928 4994 3110 5050 terra?
3134 4993 3250 5049 Non
3270 5008 3431 5049 carne

1844 5097 2058 5159 transis,
2086 5093 2186 5151 scd
2217 5102 2412 5148 mente.
2437 5090 2623 5160 Abjice
2651 5098 2704 5144 et
2730 5089 2842 5158 ipsa
2872 5106 2886 5141 :
2914 5086 3158 5158 quamvis
3183 5086 3393 5141 luceant
3412 5126 3427 5149 ,

1843 5203 2063 5259 corpora
2116 5195 2270 5248 sunt;
2322 5184 2562 5255 quamvis
2602 5181 2672 5237 de
2720 5179 2861 5238 etelo
2907 5179 3174 5251 fulgeant,
3206 5191 3429 5246 corpora

1844 5290 1967 5335 sunt
2012 5279 2172 5345 Veni,
2214 5279 2462 5349 quoniam
2510 5276 2645 5331 forte
2688 5290 2795 5331 non
2831 5283 2885 5331 te
2917 5281 3075 5345 putas
3101 5272 3298 5328 habere
3323 5285 3429 5340 quo

1844 5390 1970 5439 eas,
2017 5389 2138 5428 cum
2182 5372 2489 5428 consideras
2529 5372 2629 5427 ista
2676 5371 2874 5426 omnia.
2917 5367 2986 5422 Et
3025 5368 3162 5423 ultra
3192 5363 3427 5420 cteiestia

1845 5482 2066 5537 corpora
2090 5481 2196 5536 quo
2221 5464 2391 5519 iturus
2415 5480 2553 5528 sum,
2585 5464 2791 5532 inquis,
2818 5473 2869 5517 ct
2899 5460 3022 5530 quid
3051 5466 3228 5513 mente
3252 5464 3426 5507 trans-

1845 5559 2017 5612 iturus
2074 5556 2231 5611 sum?
2259 5554 2622 5609 Consitlcrasti
2660 5554 2757 5608 ista
2792 5551 3011 5606 onmia?
3048 5545 3388 5602 Consideravi
3413 5586 3425 5605 ,
3468 5557 3503 5592 ι.

1846 5650 2036 5720 inquis.
2062 5648 2212 5706 Unde
2232 5646 2612 5703 considerasti?
2631 5645 2748 5714 Ipse
2766 5640 3131 5698 consideratur
3155 5645 3424 5707 appareat.

1845 5741 1961 5809 ipse
1988 5740 2129 5793 enim
2157 5739 2523 5794 consideratur
2557 5737 2777 5791 istorum
2805 5732 3039 5786 omnium
3058 5775 3070 5795 ,
3099 5729 3433 5786 discrimina-

1846 5837 1947 5896 ων,
1991 5831 2270 5886 distinctor
2292 5838 2343 5885 et
2371 5824 2762 5898 quodammodo
2803 5837 3073 5896 appensor
3098 5824 3152 5881 in
3182 5823 3316 5882 libra
3344 5835 3406 5878 sa
