3916 6370
138 391 258 451 1569

135 527 237 570 mus
275 507 411 565 enim
448 505 603 561 nobis
640 504 742 559 hoc
779 498 1008 571 superbe
1027 539 1041 563 ,
1083 498 1185 554 nisi
1230 497 1344 567 ipse
1384 495 1689 567 dignaretur

135 607 221 660 hoc
236 601 554 674 ptomittere,
579 596 668 668 qui
691 609 782 664 per
799 592 1096 663 apostolum
1118 588 1363 646 eumdem
1385 586 1513 641 dicit
1542 604 1555 641 :
1591 583 1692 639 Vos

131 707 279 752 autem
293 691 405 747 estis
424 706 613 759 corpus
630 685 815 744 Christi
843 694 891 739 ct
908 683 1128 738 membra
1154 679 1198 754 (1
1227 679 1346 736 Cor.
1379 694 1475 745 xu,
1503 676 1619 747 27).

191 788 239 843 9.
263 784 389 841 Cum
414 796 547 853 ergo
570 777 804 835 ostendit
832 775 990 831 Pater
1017 772 1272 829 membris
1289 768 1507 835 Christi,
1535 767 1691 823 Chri-

132 888 204 936 sto
237 875 477 932 ostendit.
507 873 597 929 Fit
633 869 901 943 quoddam
934 865 1249 922 miraculum
1280 878 1527 934 inaguum
1548 902 1565 927 ,
1597 859 1691 916 sed

131 983 283 1027 tamen
310 981 490 1023 verum
518 983 532 1020 :
561 962 860 1020 ostenditur
884 958 1098 1014 Christo
1122 956 1264 1029 quod
1290 962 1511 1011 noverat
1534 952 1692 1009 Chri-

129 1074 265 1127 stus,
292 1067 347 1115 et
365 1056 669 1112 ostenditur
703 1053 917 1109 Christo
959 1065 1055 1122 per
1093 1047 1383 1105 Christum.
1423 1045 1527 1099 Res
1558 1043 1693 1099 mira

129 1172 200 1214 est
219 1167 269 1212 et
286 1169 491 1224 magna,
513 1150 610 1207 sed
629 1149 902 1220 Scriptura
924 1145 1002 1201 sic
1025 1142 1278 1215 loquitur.
1302 1135 1693 1195 Contradicturi

130 1261 293 1302 sumus
318 1244 509 1300 divinis
538 1241 795 1312 eloquiis,
825 1248 881 1294 et
916 1253 1020 1292 non
1054 1234 1230 1305 potius
1259 1229 1609 1294 intellecturi,
1639 1237 1694 1284 et

131 1355 183 1393 ex
214 1338 369 1409 ipsius
390 1335 537 1391 dono
562 1336 613 1388 ei
647 1332 737 1403 qui
766 1330 985 1386 donavit
1005 1326 1202 1398 gratias
1226 1322 1430 1380 acturi?
1455 1320 1590 1389 Quid
1612 1328 1694 1375 est

131 1430 252 1503 quod
277 1428 418 1495 dixi,
443 1426 845 1481 demonstratur
874 1420 1085 1477 Christo
1115 1433 1210 1488 per
1245 1411 1559 1472 Christum?
1587 1410 1692 1467 De-

132 1529 429 1579 monstratur
456 1516 717 1574 membris
746 1530 842 1586 per
866 1522 1042 1583 caput.
1069 1511 1206 1566 Ecce
1226 1506 1347 1562 vide
1378 1509 1504 1564 illud
1527 1509 1579 1563 in
1602 1519 1652 1562 te
1676 1524 1690 1561 :

134 1629 251 1684 pone
270 1621 318 1667 te
343 1610 541 1667 clausis
567 1607 740 1665 oculis
764 1606 898 1661 velle
923 1602 1120 1674 aliquid
1144 1600 1362 1664 tollere;
1395 1602 1564 1656 nescit
1584 1615 1698 1655 ma-

130 1721 212 1759 nus
234 1718 335 1774 quo
371 1711 495 1766 eat,
526 1708 584 1756 et
624 1699 807 1769 utique
844 1711 1034 1751 manus
1075 1705 1162 1749 tua
1210 1693 1507 1748 membrum
1548 1701 1695 1746 tuum

130 1814 215 1861 est,
242 1813 342 1852 non
365 1796 508 1851 enim
540 1809 572 1847 a
601 1808 824 1862 corpore
856 1801 948 1846 tuo
977 1796 1221 1859 separata
1246 1796 1358 1848 est;
1389 1783 1538 1854 aperi
1566 1798 1695 1839 ocu-

129 1890 214 1955 los,
250 1887 389 1943 videt
406 1886 521 1957 jam
554 1899 749 1939 inaltus
775 1897 883 1953 quo
912 1890 1033 1947 eat,
1080 1880 1481 1935 demonstrante
1521 1876 1698 1944 capite

130 1978 399 2036 membrum
423 1984 674 2033 secutum
699 1984 805 2030 est.
844 1974 900 2030 Si
939 1987 1067 2043 ergo
1094 1972 1146 2027 in
1178 1981 1231 2028 te
1266 1969 1432 2039 potuit
1472 1966 1698 2022 inveniri

132 2074 220 2130 tale
253 2072 478 2144 aliquid,
515 2080 577 2125 ut
605 2084 800 2138 corpus
832 2078 977 2122 tuum
1005 2065 1314 2120 ostenderet
1339 2061 1548 2132 corpori
1585 2070 1695 2128 tuo,

130 2176 176 2224 et
200 2184 284 2239 per
321 2180 519 2237 corpus
566 2173 715 2219 tuutn
754 2162 1211 2217 demonstraretur
1246 2154 1446 2227 aliquid
1488 2153 1698 2222 corpori

134 2270 241 2326 tuo;
267 2260 370 2315 noli
398 2259 585 2313 mirari
612 2256 735 2327 quia
758 2255 958 2310 dictum
988 2259 1088 2315 est,
1119 2251 1516 2305 demonstratur
1540 2244 1697 2300 Chri-

134 2361 204 2406 sto
224 2366 310 2422 per
329 2349 627 2406 Christum.
662 2347 1000 2401 Demonstrat
1024 2345 1165 2399 enim
1196 2350 1355 2409 caput
1381 2350 1438 2395 ut
1464 2338 1699 2393 membra

134 2440 347 2505 videant,
375 2440 618 2495 etdocet
640 2446 800 2510 caput
827 2445 884 2490 ut
908 2435 1142 2490 membra
1170 2432 1376 2488 discant
1407 2448 1420 2484 :
1454 2446 1588 2485 unus
1618 2438 1701 2483 ta-

135 2549 239 2589 men
272 2532 426 2588 homo
449 2540 617 2601 caput
654 2538 710 2585 et
737 2527 993 2585 membra.
1024 2524 1203 2582 Noluit
1232 2542 1291 2580 se
1314 2538 1581 2595 separare.
1608 2521 1701 2575 sed

136 2625 350 2696 dignatus
374 2632 456 2679 est
483 2621 828 2694 agglutinari.
855 2619 1034 2690 Longe
1063 2634 1094 2672 a
1124 2617 1278 2672 nobis
1305 2624 1421 2671 erat
1440 2656 1455 2679 ,
1483 2623 1538 2669 et
1563 2613 1703 2668 mul-

139 2726 231 2772 tum
266 2717 415 2787 longe
446 2734 458 2767 :
487 2715 620 2786 quid
652 2722 760 2769 tam
790 2714 945 2782 longe
971 2752 982 2774 ,
1012 2725 1170 2780 quam
1197 2707 1467 2763 conditum
1493 2716 1544 2761 et
1573 2722 1703 2761 eon-

137 2807 295 2864 ditor?
335 2808 456 2879 quid
502 2818 612 2862 tam
657 2807 843 2875 longe,
889 2820 1044 2873 quam
1095 2803 1232 2856 Deus
1267 2811 1320 2855 et
1349 2798 1705 2868 homo?quitl

143 2909 232 2954 tam
252 2900 416 2971 longe,
442 2913 608 2969 (piam
632 2896 836 2965 justitia
858 2904 912 2949 et
935 2890 1222 2964 iniquitas?
1247 2891 1371 2961 quid
1398 2900 1502 2945 tam
1527 2891 1703 2960 longe,

138 3005 272 3059 quam
307 2992 585 3045 mteruitas
611 2997 666 3043 et
697 2984 1028 3041 mortalitas?
1058 2984 1196 3039 Ecce
1224 2998 1382 3052 quam
1416 2982 1568 3051 longe
1593 2989 1707 3035 erat

142 3079 345 3135 Verbum
386 3080 436 3134 in
496 3078 757 3150 principio
807 3077 946 3131 Deus
992 3075 1131 3145 apud
1162 3075 1360 3138 Deum,
1413 3089 1509 3145 per
1550 3089 1706 3143 quem

140 3172 257 3228 facta
291 3185 406 3228 sunt
437 3173 648 3230 onmia.
677 3168 955 3239 Quomodo
984 3183 1108 3236 ergo
1137 3168 1306 3223 lactus
1329 3176 1411 3222 est
1438 3182 1621 3237 prope,
1651 3174 1710 3221 ut

142 3276 271 3321 esset
299 3267 430 3340 quod
466 3282 601 3332 nos,
635 3274 689 3320 et
732 3280 829 3318 nos
874 3264 924 3318 in
955 3261 1085 3318 illo?
1127 3261 1343 3317 Verbum
1370 3276 1489 3316 caro
1517 3269 1709 3331 tactum

145 3368 228 3426 est,
246 3371 287 3413 et
305 3360 537 3415 habitavit
564 3360 617 3414 in
645 3358 786 3412 nobis
807 3356 983 3427 (Joan.
1025 3372 1065 3423 ι,
1098 3357 1208 3429 Η).

206 3450 279 3505 ll).
312 3451 415 3507 lloc
442 3467 577 3522 ergo
607 3458 692 3505 est
734 3449 889 3505 nobis
929 3448 1392 3503 demonstraturus
1426 3466 1439 3502 :
1470 3446 1571 3501 hoc
1608 3446 1706 3502 de-

148 3546 429 3599 monstravit
454 3529 737 3611 iliscipulis
756 3542 886 3605 suis,
914 3541 1004 3612 qui
1029 3556 1151 3595 eum
1179 3540 1229 3593 in
1255 3555 1416 3596 carne
1439 3540 1704 3595 viderunt.

147 3639 262 3708 Quid
286 3652 362 3697 est
385 3641 527 3696 hoc?
557 3640 705 3695 Sicut
737 3637 893 3692 Pater
917 3637 1124 3691 suscitat
1148 3645 1372 3690 mortuos
1390 3645 1437 3689 et
1461 3635 1709 3705 vivi/ient;

148 3730 207 3783 sic
228 3741 269 3784 et
290 3730 451 3786 Filius
477 3748 605 3801 quos
640 3731 745 3784 uult
770 3729 1005 3798 oioi/icat.
1037 3728 1254 3782 Aliosnc
1281 3727 1470 3789 Pater,
1501 3727 1710 3784 aliosne

151 3820 331 3879 Filius?
351 3823 510 3880 Certe
537 3823 716 3878 omnia
749 3838 844 3893 per
870 3823 1041 3892 ipsum
1072 3821 1207 3875 facta
1234 3828 1377 3876 sunt.
1411 3820 1547 3889 Quid
1573 3820 1708 3876 dici-

152 3928 268 3979 mus,
290 3916 473 3971 fratres
494 3915 634 3971 mei?
662 3915 918 3970 Lazarum
947 3912 1218 3968 suscitavit
1240 3912 1481 3968 Christus
1510 3931 1523 3967 :
1550 3928 1709 3984 quem

152 4015 386 4061 mortuum
412 4005 692 4063 suscitavit
718 4006 894 4070 Pater,
922 4014 975 4059 nt
1007 4004 1210 4059 videret
1241 4004 1485 4059 Christus
1518 4019 1710 4074 quem-

152 4094 404 4153 admodum
445 4099 707 4153 Lazarum
736 4096 1059 4151 suScitaret?
1104 4098 1185 4150 An
1218 4095 1430 4165 quando
1476 4096 1710 4150 resusci-

155 4189 263 4242 tavit
287 4189 534 4245 Lazarum
560 4189 835 4254 Christus,
863 4204 968 4242 nou
998 4203 1119 4242 eum
1151 4186 1485 4242 resuscitavit
1514 4186 1670 4241 Pater
1691 4229 1707 4251 ,

153 4287 199 4332 et
230 4282 333 4338 sine
356 4283 511 4339 Patre
541 4282 665 4337 fecit
707 4281 868 4336 Filius
896 4281 1079 4336 solus?
1108 4280 1287 4350 Legite
1325 4277 1491 4349 ipsam
1524 4280 1709 4335 lectio-

156 4387 278 4443 nem,
302 4385 355 4432 et
388 4378 564 4432 videte
600 4377 722 4445 quia
766 4376 975 4429 Patrem
1025 4374 1094 4428 ibi
1136 4375 1344 4429 invocat
1371 4383 1427 4428 ut
1470 4383 1713 4445 resurgat

157 4461 359 4522 Lazarus
378 4466 484 4540 (Id.
510 4484 590 4533 ιιι,
612 4466 826 4537 41-44).
850 4466 996 4521 Sicut
1018 4464 1196 4525 homo.
1228 4466 1433 4518 invocat
1459 4465 1668 4520 Patrem
1695 4483 1708 4519 :

157 4552 273 4611 sicut
296 4557 445 4623 Deus,
485 4559 610 4613 facit
636 4572 757 4612 eum
791 4556 963 4611 Patre.
999 4556 1136 4626 Ergo
1160 4563 1215 4609 et
1240 4554 1474 4611 Lazarus
1499 4557 1586 4626 qui
1628 4571 1714 4611 re-

158 4653 390 4717 surrexit,
416 4664 471 4708 et
496 4669 527 4707 a
557 4652 715 4708 Patre
742 4659 796 4705 et
831 4665 860 4703 a
888 4648 1023 4703 Filio
1061 4649 1341 4704 suscitatus
1364 4656 1448 4704 est
1492 4649 1545 4703 in
1571 4649 1713 4704 dono

159 4750 203 4796 et
221 4747 372 4812 gratia
406 4746 635 4817 Spiritus
664 4742 829 4799 sancti
855 4758 870 4806 ;
900 4750 954 4797 et
983 4740 1107 4795 illud
1143 4739 1384 4796 mirabile
1428 4755 1562 4810 opus
1591 4739 1712 4795 Tri-

163 4834 279 4890 nitas
299 4837 430 4894 fecit.
454 4837 569 4894 Non
591 4852 719 4908 ergo
739 4835 816 4890 sic
841 4834 1218 4904 intelligamus,
1248 4831 1394 4888 Sicut
1424 4830 1580 4887 Pater
1603 4850 1715 4888 sus-

163 4925 262 4979 titat
290 4941 502 4985 mortuos
537 4939 586 4985 et
623 4928 838 4999 rivi/ictu
858 4969 871 4991 ,
909 4927 980 4981 sic
1006 4935 1053 4979 et
1083 4923 1248 4979 Filius
1273 4942 1397 4997 quos
1421 4924 1524 4978 vult
1548 4925 1712 4994 viviﬁ-

165 5025 263 5084 cat,
290 5030 342 5076 ut
363 5023 489 5077 alios
514 5039 544 5076 τι
583 5021 739 5075 Patre
767 5016 1068 5074 resuscitari
1106 5025 1160 5071 et
1192 5016 1442 5070 vivificari
1465 5058 1478 5079 ,
1526 5017 1660 5070 alios
1683 5030 1713 5070 a

169 5102 281 5162 Filio
300 5113 650 5168 existimemus
683 5129 694 5163 :
724 5109 817 5166 sed
845 5109 1060 5164 eosdem
1081 5122 1214 5176 quos
1234 5106 1392 5161 Pater
1418 5108 1637 5162 suscitat
1662 5115 1717 5163 et

172 5199 402 5269 viviticat,
453 5207 599 5277 ipsos
641 5212 695 5259 ct
738 5201 903 5257 Filius
944 5200 1164 5255 suscitat
1206 5209 1261 5255 ct
1298 5201 1561 5267 vivificat;
1592 5201 1713 5271 quia

172 5294 315 5348 omnia
334 5315 413 5367 per
440 5299 604 5367 ipsum
630 5296 767 5366 facta
791 5304 941 5361 sunt,
981 5304 1026 5346 et
1049 5293 1158 5347 sine
1186 5292 1295 5361 ipso
1326 5295 1514 5364 factum
1540 5302 1611 5345 est
1638 5293 1717 5345 ni-

174 5381 249 5437 Ιιίι.
287 5386 338 5440 Et
365 5399 415 5445 ut
447 5387 754 5444 ostenderet
795 5385 993 5441 habere
1022 5399 1080 5439 se
1117 5384 1358 5453 quamvis
1380 5400 1408 5436 a
1439 5383 1593 5437 Patre
1616 5383 1714 5436 da-

175 5480 264 5530 lam
286 5478 300 5509 ¹
319 5521 333 5545 ,
358 5491 523 5537 tamen
556 5495 737 5551 parem
767 5486 1109 5548 potestatem,
1143 5476 1262 5530 ideo
1288 5476 1361 5529 ait
1381 5516 1397 5541 ,
1427 5475 1515 5530 Sic
1543 5484 1589 5530 et
1623 5473 1714 5527 Fi-

286 5600 340 5627 η

228 5657 322 5727 {ita
356 5667 455 5714 ttss.
488 5668 717 5727 quatuor.
744 5658 831 5709 Alii
863 5656 1032 5727 plures
1051 5669 1161 5707 cum
1186 5654 1399 5727 editione
1434 5654 1715 5727 Lovaniensi

177 5719 380 5792 Ῥίπην
409 5717 603 5792 (1φάτηὶ
622 5717 1106 5792 μψωωιε,
1132 5717 1488 5792 “PM/iam!"
1510 5723 1715 5792 W‘

178 5781 338 5865 ﬁnit
492 5778 595 5836 Αιιιζ
620 5783 733 5834 Bad.
757 5789 809 5835 et
827 5778 920 5833 Er.’
939 5781 1120 5845 legitur
1142 5778 1231 5838 sic,
1252 5778 1417 5831 datum
1440 5778 1596 5830 tioium
1620 5787 1715 5865 Pa:

176 5837 254 5891 σὺ
382 5837 397 5849 ,

1250 369 1663 432 τιιΑετΑτυε
1698 367 1844 427 xm.
1884 352 2116 429 cipur
2152 367 2220 427 v.

3243 377 3382 436 15⁸10

1802 488 1902 544 lius
1932 504 2059 557 quos
2095 489 2201 544 vult
2240 489 2493 559 uioiﬁcat,
2530 499 2588 547 ut
2624 492 2930 550 ostenderet
2965 493 3034 549 ibi
3065 494 3388 551 voluntatem

1800 595 1950 637 suam
1978 598 1993 635 :
2025 591 2079 638 et
2115 598 2185 638 ne
2225 583 2345 653 quis
2387 583 2628 650 diceret,
2677 584 2907 641 Suscitat
2950 586 3108 642 Pater
3153 595 3391 641 mortuos

1800 688 1897 745 per
1930 675 2123 730 Filium
2145 717 2162 744 ,
2192 676 2288 732 scd
2328 677 2417 732 ille
2456 686 2705 749 tanquam
2750 689 2969 749 potens,
3009 688 3259 750 tanquam
3289 692 3390 750 po-

1799 774 2043 822 testatem
2073 767 2312 836 habens,
2354 768 2455 824 iste
2494 777 2743 840 tanquam
2781 786 2847 825 ex
2884 770 3056 824 aliena
3085 778 3388 842 potestate,

1800 863 2049 928 tanquam
2074 859 2321 914 minister
2341 858 2464 915 facit
2482 860 2698 931 aliquid,
2723 862 2861 917 sicut
2878 862 3129 932 angelus;
3157 869 3379 931 potesta'

1799 955 1906 1004 tem
1931 949 2245 1020 significavit
2268 951 2357 1007 ubi
2376 952 2470 1018 ait,
2497 951 2587 1008 Sic
2613 963 2661 1009 et
2686 952 2853 1009 Filius
2874 972 2998 1026 quos
3020 955 3126 1009 uult
3149 955 3381 1024 viui/icat,

1798 1039 1912 1095 Non
1938 1042 2080 1097 enim
2104 1043 2219 1098 vult
2242 1042 2402 1100 Pater
2419 1045 2561 1101 aliud
2585 1061 2742 1117 quam
2776 1045 2975 1113 Filius;
3001 1046 3095 1103 sed
3121 1048 3259 1103 sicut
3285 1047 3387 1105 illis

1800 1146 1902 1186 una
1930 1132 2247 1202 substantia,
2273 1135 2351 1190 sic
2373 1144 2427 1191 et
2456 1150 2556 1190 una
2583 1137 2826 1193 voluntas
2853 1146 2955 1194 est.

1871 1224 1958 1279 ll.
1986 1225 2052 1279 Et
2080 1226 2169 1296 qui
2201 1236 2326 1281 sunt
2365 1225 2448 1282 isti
2492 1228 2690 1284 mortui
2729 1244 2862 1300 quos
2891 1229 3125 1286 vivificat
3152 1229 3309 1285 Pater
3332 1236 3390 1286 et

1801 1314 2010 1371 Filius?
2040 1316 2124 1371 An
2156 1318 2256 1387 ipsi
2282 1331 2407 1374 sunt
2426 1319 2493 1376 de
2517 1321 2708 1392 quibus
2737 1321 2990 1388 diximus,
3022 1322 3276 1390 Lazarus,
3306 1322 3391 1378 vel

1801 1407 1942 1463 ﬁlius
1968 1409 2109 1466 illius
2137 1409 2306 1466 vidua:
2333 1413 2351 1481 (
2374 1411 2500 1468 Luc.
2532 1430 2606 1468 vn
2627 1456 2642 1478 ,
2675 1415 2741 1470 l4
2761 1456 2775 1479 ,
2809 1415 2901 1485 15)
2923 1457 2940 1483 ,
2967 1417 3053 1474 vel
3081 1417 3186 1471 tilia
3216 1415 3392 1471 archi-

1799 1502 2051 1573 synagogi
2075 1500 2188 1571 (Id.
2211 1519 2325 1568 vm,
2348 1504 2438 1570 54,
2457 1505 2548 1576 55)
2567 1506 2591 1559 ?
2610 1506 2852 1561 novimus
2870 1510 3009 1562 enim
3033 1509 3163 1562 istos
3182 1523 3210 1560 a
3237 1506 3391 1563 Chri-
3479 1492 3494 1511 λ

1800 1603 1885 1646 διο
1912 1590 2140 1648 Domino
2169 1596 2473 1651 suscitatos.
2514 1596 2669 1651 Aliud
2699 1596 2894 1668 aliquid
2941 1598 3092 1653 nobis
3122 1597 3231 1652 vult
3255 1597 3389 1652 iusi-

1802 1699 2008 1749 nuare,
2058 1686 2507 1742 resurrectionem
2554 1687 2754 1742 scilicet
2809 1699 3135 1744 mortuorum
3164 1732 3180 1755 ,
3232 1704 3390 1758 quam

1801 1789 1993 1832 onmes
2018 1786 2426 1847 exspectamus;
2459 1794 2564 1832 non
2595 1777 2737 1833 illam
2763 1794 2920 1848 quam
2945 1777 3159 1848 quidam
3188 1778 3390 1834 habue-

1802 1876 1961 1934 runt,
1998 1877 2055 1922 ut
2092 1869 2375 1924 crederent
2398 1869 2597 1926 caeteri.
2646 1868 2956 1925 Resurrexit
2989 1870 3130 1925 enim
3164 1870 3393 1925 Lazarus

1804 1958 2115 2024 moriturus,
2147 1974 2485 2029 resurgemus
2516 1974 2612 2014 nos
2631 1974 2845 2030 semper
2870 1961 3077 2016 victuri.
3105 1960 3289 2015 Talem
3311 1976 3395 2016 rc-

1804 2050 2188 2104 surrectionem
2216 2050 2374 2105 Pater
2406 2051 2568 2117 facit,
2597 2067 2664 2105 an
2690 2052 2896 2107 Filius?
2939 2054 3052 2107 lmo
3086 2068 3213 2108 vero
3239 2053 3396 2109 Pater

1807 2137 1858 2193 in
1892 2138 1931 2193 F
1938 2140 2049 2194 ilio.
2080 2140 2220 2210 Ergo
2249 2141 2411 2195 Filius
2435 2182 2451 2208 ,
2480 2151 2535 2196 ct
2561 2142 2720 2197 Pater
2749 2143 2799 2197 in
2832 2143 2984 2197 Filio.
3022 2143 3173 2199 Unde
3203 2145 3398 2213 proba-

1806 2245 1926 2285 mus
1961 2232 2083 2302 quia
2124 2231 2192 2287 de
2217 2233 2315 2286 ista
2360 2232 2489 2288 dicit
2515 2232 2947 2289 resurrectione?
2974 2234 3107 2289 Cum
3143 2235 3393 2300 dixisset,

1806 2321 1954 2377 Sicut
1980 2323 2115 2376 enim
2149 2322 2307 2379 Pater
2329 2325 2534 2379 suscitat
2562 2336 2781 2380 mortuos
2800 2337 2846 2380 et
2875 2327 3111 2394 viviﬁcat,
3139 2328 3211 2382 sic
3234 2337 3280 2382 et
3310 2327 3399 2382 Fi-

1806 2413 1906 2468 lius
1930 2431 2057 2485 quos
2079 2414 2185 2469 vult
2221 2415 2478 2485 oioiﬁcat;
2506 2433 2574 2471 ne
2613 2417 3029 2488 intclligeremus
3072 2419 3213 2475 illam
3250 2436 3397 2475 mor-

1808 2512 2016 2558 tuorum
2038 2505 2479 2560 resurrectionem
2502 2521 2660 2576 quam
2688 2504 2812 2561 facit
2833 2508 2897 2561 ad
2922 2507 3261 2574 miraculum,
3290 2525 3399 2565 non

1806 2597 1875 2652 ad
1900 2597 2062 2651 vitam
2091 2607 2373 2662 aeternam,
2402 2607 2617 2653 secutus
2641 2590 2735 2665 ait,
2767 2598 2944 2668 Neque
2967 2601 3098 2654 enim
3127 2600 3283 2655 Pater
3302 2603 3396 2673 ju-

1808 2693 1942 2748 dicat
1966 2710 2263 2764 «laeuaque»:
2284 2735 2298 2756 ,
2326 2694 2414 2748 sed
2455 2711 2603 2748 autne
2624 2694 2871 2761 iudicium
2900 2694 3037 2749 dedit
3067 2694 3222 2750 Filio.
3262 2696 3399 2765 Quid

1811 2784 1911 2839 hoc
1951 2784 2080 2840 est?
2111 2786 2184 2841 De
2213 2795 2543 2840 mortuorum
2582 2787 2971 2842 resurrectione
3009 2786 3247 2854 dicebat,
3277 2790 3399 2859 quia

1809 2880 1936 2933 sicut
1959 2878 2116 2933 Pater
2134 2881 2341 2933 suscitat
2358 2888 2580 2933 mortuos
2600 2888 2647 2932 et
2670 2878 2903 2944 viuiﬁcat,
2928 2879 3001 2934 sic
3019 2889 3067 2933 et
3092 2877 3260 2936 Filius
3279 2898 3402 2950 quos

1811 2969 1914 3023 uult
1938 2970 2155 3044 oioiﬁcat
2179 2984 2199 3023 :
2219 2970 2359 3024 unde
2383 2970 2635 3024 continuo
2656 2978 2903 3040 tanquam
2934 2971 3191 3025 rationem
3218 2972 3402 3043 subje-

1811 3061 1886 3115 cit
1909 3061 1975 3114 de
1994 3060 2215 3130 judicio,
2244 3060 2448 3127 dicens,
2475 3059 2653 3131 Neque
2669 3062 2801 3113 enim
2830 3059 2981 3115 Pater
2994 3061 3194 3132 judicat
3220 3080 3400 3135 quem-

1812 3168 1982 3222 quam,
2014 3151 2102 3204 sed
2127 3167 2273 3204 omne
2290 3150 2547 3223 judicium
2577 3151 2714 3204 dedit
2744 3150 2906 3218 Filio,
2939 3151 3041 3207 nisi
3070 3153 3191 3223 quia
3217 3152 3285 3208 de
3311 3153 3403 3209 illa

1812 3243 2204 3300 resurrectione
2238 3253 2569 3300 mortuorqu
2598 3245 2835 3313 dixerat,
2862 3260 2982 3316 qua:
3021 3244 3196 3301 futura
3238 3257 3321 3302 est
3349 3247 3404 3302 in

1808 3335 2052 3406 judicio?

1887 3428 1974 3482 12.
2023 3426 2205 3499 Neque
2230 3429 2384 3491 enim,
2421 3426 2516 3492 ait,
2549 3426 2706 3482 Pater
2740 3428 2941 3500 judicat
2964 3444 3283 3499 quemquam,
3317 3430 3406 3484 sed

1813 3537 1960 3575 omne
1979 3520 2235 3591 judicium
2270 3519 2407 3573 dedit
2440 3518 2600 3573 Filio.
2629 3519 2793 3575 Paulo
2816 3530 2942 3575 ante
2972 3520 3288 3590 putabamus
3311 3519 3408 3574 ali-

1813 3614 1937 3685 quid
1959 3613 2137 3669 facere
2167 3613 2395 3678 Patrem,
2422 3612 2562 3683 quod
2584 3628 2692 3668 non
2712 3611 2839 3668 facit
2865 3612 3065 3678 Filius;
3090 3612 3303 3684 quando
3321 3612 3406 3669 di-

1814 3709 1966 3763 ccbat
1980 3751 1994 3773 ,
2020 3706 2178 3761 Pater
2203 3707 2338 3762 enim
2352 3705 2523 3778 diligit
2538 3702 2751 3772 Filium,
2774 3716 2819 3761 et
2844 3706 3012 3760 omnia
3029 3704 3339 3760 demonstrat
3360 3705 3408 3760 ei

1814 3815 1928 3869 qua:
1974 3800 2083 3870 ipse
2131 3798 2252 3869 facit
2294 3808 2591 3869 :tanquam
2634 3798 2794 3853 Pater
2837 3797 3089 3861 faciebat,
3138 3806 3193 3853 et
3235 3798 3408 3856 Filius

1814 3889 2050 3945 videbat.
2094 3888 2182 3944 Sic
2225 3897 2341 3944 erat
2382 3888 2675 3958 subrepens
2726 3889 2889 3944 menti
2935 3898 3135 3943 nostra:
3195 3889 3407 3944 intelle-

1814 3990 1932 4035 ctus
1960 3980 2207 4043 carnalis,
2238 3979 2386 4049 quasi
2416 3979 2572 4034 Pater
2592 3980 2791 4036 faceret
2826 3980 2967 4050 quod
2999 3980 3165 4036 Filius
3190 3996 3294 4036 non
3327 3979 3408 4035 fa-

1815 4080 1998 4137 ceret;
2039 4071 2203 4126 Filius
2232 4079 2410 4125 autem
2452 4071 2659 4126 videret
2700 4070 2906 4126 Patrem
2952 4073 3405 4127 demonstrantem

1816 4163 1958 4233 quod
1999 4162 2152 4218 ﬁeret
2183 4178 2216 4217 a
2243 4161 2420 4216 Patre.
2452 4161 2592 4233 Ergo
2626 4161 2773 4216 velut
2813 4162 2966 4216 Pater
3005 4161 3228 4215 faciebat
3264 4163 3406 4232 quod

1818 4254 1984 4309 Filius
2016 4268 2120 4308 non
2145 4251 2401 4315 faciebat;
2431 4252 2589 4306 modo
2604 4250 2714 4321 jam
2745 4251 2988 4306 videmus
3016 4250 3210 4321 aliquid
3234 4251 3407 4307 facere

1820 4346 2031 4413 Filium,
2062 4346 2202 4417 quod
2228 4360 2331 4400 non
2356 4343 2484 4400 facit
2506 4345 2678 4399 Pater.
2708 4344 2987 4413 Quomodo
3008 4361 3106 4399 nos
3136 4354 3329 4412 versat,
3353 4355 3408 4401 et

1821 4452 2053 4497 mentem
2097 4451 2331 4495 nostram
2377 4448 2692 4509 pertractat;
2723 4437 2825 4492 huc
2868 4446 3029 4508 atque
3073 4438 3194 4492 illuc
3224 4437 3404 4505 ducit,

1822 4549 1927 4587 uno
1947 4532 2123 4588 carnis
2148 4532 2267 4587 loco
2288 4545 2565 4585 remanere
2591 4544 2694 4584 non
2716 4528 2863 4597 sinit,
2888 4537 2945 4583 ut
2965 4528 3224 4584 versando
3249 4545 3405 4585 exer-

1820 4632 1957 4688 ceat,
1987 4622 2286 4680 exercendo
2317 4622 2554 4684 mundet,
2584 4620 2889 4676 mundando
2924 4635 3146 4686 capaces
3186 4620 3406 4687 reddat,

1819 4731 2045 4787 capaces
2088 4715 2252 4770 factos
2291 4713 2533 4785 impleat!
2569 4712 2706 4782 Quid
2734 4712 2801 4768 de
2834 4712 2988 4768 nobis
3017 4710 3214 4767 faciunt
3250 4712 3409 4767 verba

1820 4809 1973 4865 haec?
1996 4808 2121 4879 quid
2175 4805 2529 4878 loquebatur?
2549 4806 2676 4878 quid
2707 4806 2973 4875 loquitur?
2996 4805 3158 4860 Paulo
3184 4816 3306 4862 ante
3328 4807 3409 4861 di-

1820 4903 1973 4957 cebat
1995 4902 2116 4971 quia
2144 4898 2477 4955 demonstrat
2509 4897 2644 4952 Filio
2674 4897 2830 4951 Pater
2857 4896 3112 4967 quidquid
3139 4898 3290 4963 facit;
3326 4898 3406 4952 vi-

1820 4996 2008 5050 debam
2031 4994 2181 5064 quasi
2208 4992 2417 5046 Patrem
2442 4990 2738 5051 facientem,
2760 4988 2954 5043 Filium
2976 4996 3371 5059 exspectantem
3394 5009 3406 5045 :

1822 5088 1982 5144 modo
2006 5101 2190 5142 rursus
2216 5084 2372 5140 video
2398 5081 2587 5138 Filium
2621 5082 2935 5148 facientem,
2970 5082 3180 5139 Patrem
3218 5100 3405 5140 vacan-

1824 5189 1963 5245 tem;
1998 5176 2117 5232 Non
2139 5176 2268 5231 enim
2292 5174 2449 5230 Pater
2460 5174 2665 5245 judicat
2693 5190 3010 5245 quemquam,
3041 5174 3132 5229 sed
3157 5192 3302 5229 omne
3322 5177 3412 5246 ju-

1822 5272 2010 5325 dicium
2039 5268 2176 5321 dedit
2202 5265 2354 5320 Filio.
2375 5265 2598 5333 Quando
2621 5281 2747 5337 ergo
2768 5264 2928 5320 Filius
2948 5266 3280 5337 judicatnrus
3307 5277 3406 5329 est,

1824 5366 1981 5418 Pater
2004 5361 2211 5416 vacabit
2238 5369 2292 5413 et
2318 5374 2423 5412 non
2444 5357 2739 5427 iudieabit?
2759 5359 2895 5421 Quid
2918 5369 3000 5414 est
3027 5359 3157 5413 hoc?
3184 5356 3306 5426 quid
3331 5359 3410 5410 in-

1825 5455 2090 5528 tciligam?
2121 5453 2363 5517 Domine,
2388 5451 2514 5522 quid
2543 5451 2710 5506 dicis?
2730 5452 2958 5508 Verbum
2990 5452 3127 5505 Deus
3146 5466 3224 5514 es,
3249 5449 3409 5502 Ιιυιιιο

1823 5570 1962 5610 sum.
1992 5552 2134 5607 Dicis
2149 5551 2271 5621 quia
2300 5547 2456 5602 Pater
2476 5565 2576 5603 non
2592 5548 2793 5619 judicat
2818 5561 3133 5617 quemquam,
3156 5542 3243 5596 sed
3263 5559 3411 5597 omne

1817 5644 2071 5716 judicium
2096 5641 2234 5696 dedit
2258 5639 2432 5695 Filio?
2456 5639 2598 5710 Lego
2626 5638 2731 5693 alio
2759 5636 2875 5692 loco
2903 5645 2955 5691 te
2978 5634 3263 5700 dicentem,
3295 5632 3409 5706 Ego

1825 5754 1926 5794 non
1940 5736 2121 5809 judico
2145 5748 2475 5806 quemquam;
2504 5742 2574 5786 est
2599 5730 2683 5799 qui
2718 5736 2910 5801 quierat
2932 5737 2977 5782 et
3005 5727 3201 5798 judicet
3230 5726 3409 5801 (Joan.

1825 5851 1938 5901 vm,
1970 5831 2061 5897 15,
2088 5825 2214 5900 50):
2243 5827 2309 5883 de
2342 5842 2447 5896 quo
2470 5822 2624 5888 dicis,
2656 5820 2751 5877 Est
2782 5821 2869 5891 qui
2893 5828 3082 5905 quierat
3104 5828 3150 5875 et
3178 5817 3410 5891 iudicet,
