  <div class='ocr_page' id='page_1' title='image "/cluster/home/n/w/nwhite01/storage/ocr_20150623/35/uva.x000827104/139.png"; bbox 0 0 3916 6408; ppageno 0'>
   <div class='ocr_carea' id='block_1_1' title="bbox 586 362 726 423">
    <p class='ocr_par' dir='ltr' id='par_1_1' title="bbox 586 362 726 423">
     <span class='ocr_line' id='line_1_1' title="bbox 586 362 726 423; baseline 0.014 -2"><span class='ocrx_word' id='word_1_1' title='bbox 586 362 726 423; x_wconf 72' lang='grc'>1575</span> 
     </span>
    </p>
   </div>
   <div class='ocr_carea' id='block_1_2' title="bbox 582 469 2167 548">
    <p class='ocr_par' dir='ltr' id='par_1_2' title="bbox 582 469 2167 548">
     <span class='ocr_line' id='line_1_2' title="bbox 582 469 2167 548; baseline -0.007 -11"><span class='ocrx_word' id='word_1_2' title='bbox 582 489 696 536; x_wconf 92' lang='lat' dir='ltr'><strong>reat</strong></span> <span class='ocrx_word' id='word_1_3' title='bbox 719 475 967 535; x_wconf 86' lang='lat' dir='ltr'><strong>omnibus</strong></span> <span class='ocrx_word' id='word_1_4' title='bbox 994 473 1105 532; x_wconf 85' lang='lat' dir='ltr'><strong>suis</strong></span> <span class='ocrx_word' id='word_1_5' title='bbox 1139 481 1368 548; x_wconf 82' lang='lat' dir='ltr'><strong>purgato</strong></span> <span class='ocrx_word' id='word_1_6' title='bbox 1394 472 1556 530; x_wconf 91' lang='lat' dir='ltr'><strong>corde</strong></span> <span class='ocrx_word' id='word_1_7' title='bbox 1595 473 1998 539; x_wconf 88' lang='lat' dir='ltr'><strong>assistentibus,</strong></span> <span class='ocrx_word' id='word_1_8' title='bbox 2029 480 2084 530; x_wconf 90' lang='lat' dir='ltr'><strong>et</strong></span> <span class='ocrx_word' id='word_1_9' title='bbox 2110 469 2167 526; x_wconf 89' lang='lat' dir='ltr'><strong>in</strong></span> 
     </span>
    </p>
   </div>
   <div class='ocr_carea' id='block_1_3' title="bbox 579 564 2166 639">
    <p class='ocr_par' dir='ltr' id='par_1_3' title="bbox 579 564 2166 639">
     <span class='ocr_line' id='line_1_3' title="bbox 579 564 2166 639; baseline -0.005 -14"><span class='ocrx_word' id='word_1_10' title='bbox 579 584 803 639; x_wconf 89' lang='lat' dir='ltr'><strong>corpore</strong></span> <span class='ocrx_word' id='word_1_11' title='bbox 830 567 1114 624; x_wconf 75' lang='lat' dir='ltr'><strong>immortali</strong></span> <span class='ocrx_word' id='word_1_12' title='bbox 1135 567 1248 638; x_wconf 90' lang='lat' dir='ltr'><strong>jam</strong></span> <span class='ocrx_word' id='word_1_13' title='bbox 1288 580 1557 636; x_wconf 87' lang='lat' dir='ltr'><strong>nunquam</strong></span> <span class='ocrx_word' id='word_1_14' title='bbox 1580 565 1875 630; x_wconf 77' lang='lat' dir='ltr'><strong>morituris,</strong></span> <span class='ocrx_word' id='word_1_15' title='bbox 1903 564 2166 620; x_wconf 80' lang='lat' dir='ltr'><strong>mundatis</strong></span> 
     </span>
    </p>
   </div>
   <div class='ocr_carea' id='block_1_4' title="bbox 578 656 2164 728">
    <p class='ocr_par' dir='ltr' id='par_1_4' title="bbox 578 656 2164 728">
     <span class='ocr_line' id='line_1_4' title="bbox 578 656 2164 728; baseline -0.006 -10"><span class='ocrx_word' id='word_1_16' title='bbox 578 677 691 726; x_wconf 90' lang='lat' dir='ltr'><strong>eos,</strong></span> <span class='ocrx_word' id='word_1_17' title='bbox 723 672 778 717; x_wconf 90' lang='lat' dir='ltr'><strong>et</strong></span> <span class='ocrx_word' id='word_1_18' title='bbox 802 662 1105 717; x_wconf 89' lang='lat' dir='ltr'><strong>illuminans</strong></span> <span class='ocrx_word' id='word_1_19' title='bbox 1130 660 1392 726; x_wconf 73' lang='lat' dir='ltr'><strong>viventes,</strong></span> <span class='ocrx_word' id='word_1_20' title='bbox 1420 667 1476 715; x_wconf 90' lang='lat' dir='ltr'><strong>et</strong></span> <span class='ocrx_word' id='word_1_21' title='bbox 1503 657 1743 713; x_wconf 89' lang='lat' dir='ltr'><strong>videntes</strong></span> <span class='ocrx_word' id='word_1_22' title='bbox 1767 657 1908 728; x_wconf 91' lang='lat' dir='ltr'><strong>quod</strong></span> <span class='ocrx_word' id='word_1_23' title='bbox 1938 658 1991 711; x_wconf 88' lang='lat' dir='ltr'><strong>in</strong></span> <span class='ocrx_word' id='word_1_24' title='bbox 2017 656 2164 728; x_wconf 54' lang='lat' dir='ltr'><strong>prin-</strong></span> 
     </span>
    </p>
   </div>
   <div class='ocr_carea' id='block_1_5' title="bbox 574 749 2159 825">
    <p class='ocr_par' dir='ltr' id='par_1_5' title="bbox 574 749 2159 825">
     <span class='ocr_line' id='line_1_5' title="bbox 574 749 2159 825; baseline -0.003 -18"><span class='ocrx_word' id='word_1_25' title='bbox 574 754 707 825; x_wconf 84' lang='lat' dir='ltr'><strong>cipio</strong></span> <span class='ocrx_word' id='word_1_26' title='bbox 732 763 839 808; x_wconf 89' lang='lat' dir='ltr'><strong>erat</strong></span> <span class='ocrx_word' id='word_1_27' title='bbox 869 752 1086 808; x_wconf 77' lang='lat' dir='ltr'><strong>Verbum</strong></span> <span class='ocrx_word' id='word_1_28' title='bbox 1108 794 1125 820; x_wconf 94' lang='lat'><strong>,</strong></span> <span class='ocrx_word' id='word_1_29' title='bbox 1156 761 1206 809; x_wconf 82' lang='lat' dir='ltr'><strong>et</strong></span> <span class='ocrx_word' id='word_1_30' title='bbox 1246 750 1465 807; x_wconf 78' lang='lat' dir='ltr'><strong>Verbum</strong></span> <span class='ocrx_word' id='word_1_31' title='bbox 1492 760 1598 807; x_wconf 86' lang='lat' dir='ltr'><strong>erat</strong></span> <span class='ocrx_word' id='word_1_32' title='bbox 1624 751 1767 821; x_wconf 88' lang='lat' dir='ltr'><strong>apud</strong></span> <span class='ocrx_word' id='word_1_33' title='bbox 1791 750 1953 805; x_wconf 83' lang='lat' dir='ltr'><strong>Deum</strong></span> <span class='ocrx_word' id='word_1_34' title='bbox 1984 749 2159 822; x_wconf 83' lang='lat' dir='ltr'><strong>(Joan.</strong></span> 
     </span>
    </p>
   </div>
   <div class='ocr_carea' id='block_1_6' title="bbox 575 843 2159 916">
    <p class='ocr_par' dir='ltr' id='par_1_6' title="bbox 575 843 2159 916">
     <span class='ocr_line' id='line_1_6' title="bbox 575 843 2159 916; baseline -0.003 -16"><span class='ocrx_word' id='word_1_35' title='bbox 575 845 735 916; x_wconf 69' lang='lat'><strong>1,1).</strong></span> <span class='ocrx_word' id='word_1_36' title='bbox 767 843 918 900; x_wconf 81' lang='lat' dir='ltr'><strong>Nunc</strong></span> <span class='ocrx_word' id='word_1_37' title='bbox 961 859 1091 916; x_wconf 85' lang='lat' dir='ltr'><strong>ergo</strong></span> <span class='ocrx_word' id='word_1_38' title='bbox 1126 844 1217 915; x_wconf 87' lang='lat' dir='ltr'><strong>qui</strong></span> <span class='ocrx_word' id='word_1_39' title='bbox 1261 860 1446 899; x_wconf 90' lang='lat' dir='ltr'><strong>sumus</strong></span> <span class='ocrx_word' id='word_1_40' title='bbox 1487 843 1855 909; x_wconf 84' lang='lat' dir='ltr'><strong>attendamus,</strong></span> <span class='ocrx_word' id='word_1_41' title='bbox 1902 850 1958 898; x_wconf 92' lang='lat' dir='ltr'><strong>et</strong></span> <span class='ocrx_word' id='word_1_42' title='bbox 2003 857 2159 913; x_wconf 89' lang='lat' dir='ltr'><strong>quem</strong></span> 
     </span>
    </p>
   </div>
   <div class='ocr_carea' id='block_1_7' title="bbox 573 934 2160 1010">
    <p class='ocr_par' dir='ltr' id='par_1_7' title="bbox 573 934 2160 1010">
     <span class='ocr_line' id='line_1_7' title="bbox 573 934 2160 1010; baseline -0.003 -15"><span class='ocrx_word' id='word_1_43' title='bbox 573 941 851 996; x_wconf 83' lang='lat' dir='ltr'><strong>audiamus</strong></span> <span class='ocrx_word' id='word_1_44' title='bbox 878 940 1193 1010; x_wconf 73' lang='lat' dir='ltr'><strong>cogitemus.</strong></span> <span class='ocrx_word' id='word_1_45' title='bbox 1237 937 1377 993; x_wconf 87' lang='lat' dir='ltr'><strong>Deus</strong></span> <span class='ocrx_word' id='word_1_46' title='bbox 1400 945 1483 992; x_wconf 88' lang='lat' dir='ltr'><strong>est</strong></span> <span class='ocrx_word' id='word_1_47' title='bbox 1508 936 1754 992; x_wconf 86' lang='lat' dir='ltr'><strong>Christus</strong></span> <span class='ocrx_word' id='word_1_48' title='bbox 1777 978 1792 1002; x_wconf 95' lang='lat'><strong>,</strong></span> <span class='ocrx_word' id='word_1_49' title='bbox 1823 944 1877 990; x_wconf 92' lang='lat' dir='ltr'><strong>et</strong></span> <span class='ocrx_word' id='word_1_50' title='bbox 1897 952 2017 991; x_wconf 92' lang='lat' dir='ltr'><strong>cum</strong></span> <span class='ocrx_word' id='word_1_51' title='bbox 2064 934 2160 990; x_wconf 79' lang='lat' dir='ltr'><strong>ho-</strong></span> 
     </span>
    </p>
   </div>
   <div class='ocr_carea' id='block_1_8' title="bbox 572 1025 2157 1102">
    <p class='ocr_par' dir='ltr' id='par_1_8' title="bbox 572 1025 2157 1102">
     <span class='ocr_line' id='line_1_8' title="bbox 572 1025 2157 1102; baseline -0.006 -13"><span class='ocrx_word' id='word_1_52' title='bbox 572 1032 805 1089; x_wconf 92' lang='lat' dir='ltr'><strong>minibus</strong></span> <span class='ocrx_word' id='word_1_53' title='bbox 829 1032 1099 1102; x_wconf 83' lang='lat' dir='ltr'><strong>loquitur:</strong></span> <span class='ocrx_word' id='word_1_54' title='bbox 1128 1029 1246 1100; x_wconf 87' lang='lat' dir='ltr'><strong>capi</strong></span> <span class='ocrx_word' id='word_1_55' title='bbox 1267 1044 1327 1086; x_wconf 88' lang='lat' dir='ltr'><strong>se</strong></span> <span class='ocrx_word' id='word_1_56' title='bbox 1354 1029 1498 1094; x_wconf 83' lang='lat' dir='ltr'><strong>vult,</strong></span> <span class='ocrx_word' id='word_1_57' title='bbox 1523 1027 1680 1083; x_wconf 72' lang='lat' dir='ltr'><strong>faciat</strong></span> <span class='ocrx_word' id='word_1_58' title='bbox 1703 1043 1959 1098; x_wconf 89' lang='lat' dir='ltr'><strong>capaces;</strong></span> <span class='ocrx_word' id='word_1_59' title='bbox 1992 1025 2157 1081; x_wconf 90' lang='lat' dir='ltr'><strong>videri</strong></span> 
     </span>
    </p>
   </div>
   <div class='ocr_carea' id='block_1_9' title="bbox 569 1119 2158 1194">
    <p class='ocr_par' dir='ltr' id='par_1_9' title="bbox 569 1119 2158 1194">
     <span class='ocr_line' id='line_1_9' title="bbox 569 1119 2158 1194; baseline -0.006 -13"><span class='ocrx_word' id='word_1_60' title='bbox 569 1139 630 1181; x_wconf 85' lang='lat' dir='ltr'><strong>se</strong></span> <span class='ocrx_word' id='word_1_61' title='bbox 654 1124 798 1187; x_wconf 85' lang='lat' dir='ltr'><strong>vult,</strong></span> <span class='ocrx_word' id='word_1_62' title='bbox 840 1119 1045 1194; x_wconf 85' lang='lat' dir='ltr'><strong>aperiat</strong></span> <span class='ocrx_word' id='word_1_63' title='bbox 1069 1122 1273 1176; x_wconf 90' lang='lat' dir='ltr'><strong>oculos.</strong></span> <span class='ocrx_word' id='word_1_64' title='bbox 1305 1120 1420 1175; x_wconf 88' lang='lat' dir='ltr'><strong>Non</strong></span> <span class='ocrx_word' id='word_1_65' title='bbox 1450 1129 1627 1175; x_wconf 90' lang='lat' dir='ltr'><strong>tamen</strong></span> <span class='ocrx_word' id='word_1_66' title='bbox 1655 1120 1770 1174; x_wconf 85' lang='lat' dir='ltr'><strong>sine</strong></span> <span class='ocrx_word' id='word_1_67' title='bbox 1796 1134 1956 1174; x_wconf 88' lang='lat' dir='ltr'><strong>causa</strong></span> <span class='ocrx_word' id='word_1_68' title='bbox 1986 1119 2158 1189; x_wconf 88' lang='lat' dir='ltr'><strong>loqui-</strong></span> 
     </span>
    </p>
   </div>
   <div class='ocr_carea' id='block_1_10' title="bbox 567 1210 2150 1285">
    <p class='ocr_par' dir='ltr' id='par_1_10' title="bbox 567 1210 2150 1285">
     <span class='ocr_line' id='line_1_10' title="bbox 567 1210 2150 1285; baseline -0.005 -14"><span class='ocrx_word' id='word_1_69' title='bbox 567 1224 656 1272; x_wconf 87' lang='lat' dir='ltr'><strong>tur</strong></span> <span class='ocrx_word' id='word_1_70' title='bbox 681 1214 854 1280; x_wconf 89' lang='lat' dir='ltr'><strong>nobis,</strong></span> <span class='ocrx_word' id='word_1_71' title='bbox 885 1214 984 1269; x_wconf 89' lang='lat' dir='ltr'><strong>nisi</strong></span> <span class='ocrx_word' id='word_1_72' title='bbox 1033 1212 1157 1285; x_wconf 86' lang='lat' dir='ltr'><strong>quia</strong></span> <span class='ocrx_word' id='word_1_73' title='bbox 1190 1227 1372 1269; x_wconf 83' lang='lat' dir='ltr'><strong>verum</strong></span> <span class='ocrx_word' id='word_1_74' title='bbox 1397 1221 1482 1268; x_wconf 88' lang='lat' dir='ltr'><strong>est</strong></span> <span class='ocrx_word' id='word_1_75' title='bbox 1518 1212 1660 1283; x_wconf 91' lang='lat' dir='ltr'><strong>quod</strong></span> <span class='ocrx_word' id='word_1_76' title='bbox 1690 1211 1948 1281; x_wconf 82' lang='lat' dir='ltr'><strong>promittit</strong></span> <span class='ocrx_word' id='word_1_77' title='bbox 1976 1210 2150 1265; x_wconf 90' lang='lat' dir='ltr'><strong>nobis.</strong></span> 
     </span>
    </p>
   </div>
   <div class='ocr_carea' id='block_1_11' title="bbox 634 1304 2157 1377">
    <p class='ocr_par' dir='ltr' id='par_1_11' title="bbox 634 1304 2157 1377">
     <span class='ocr_line' id='line_1_11' title="bbox 634 1304 2157 1377; baseline -0.003 -15"><span class='ocrx_word' id='word_1_78' title='bbox 634 1307 689 1364; x_wconf 79' lang='grc'><strong>5.</strong></span> <span class='ocrx_word' id='word_1_79' title='bbox 734 1306 895 1362; x_wconf 80' lang='lat' dir='ltr'><strong>Verba</strong></span> <span class='ocrx_word' id='word_1_80' title='bbox 923 1322 1068 1372; x_wconf 85' lang='lat' dir='ltr'><strong>mea,</strong></span> <span class='ocrx_word' id='word_1_81' title='bbox 1100 1304 1304 1375; x_wconf 90' lang='lat' dir='ltr'><strong>inquit,</strong></span> <span class='ocrx_word' id='word_1_82' title='bbox 1335 1307 1418 1377; x_wconf 89' lang='lat' dir='ltr'><strong>qui</strong></span> <span class='ocrx_word' id='word_1_83' title='bbox 1440 1305 1612 1369; x_wconf 86' lang='lat' dir='ltr'><strong>audit,</strong></span> <span class='ocrx_word' id='word_1_84' title='bbox 1643 1314 1691 1359; x_wconf 90' lang='lat' dir='ltr'><strong>et</strong></span> <span class='ocrx_word' id='word_1_85' title='bbox 1718 1304 1875 1358; x_wconf 82' lang='lat' dir='ltr'><strong>credit</strong></span> <span class='ocrx_word' id='word_1_86' title='bbox 1902 1304 1945 1357; x_wconf 83' lang='lat' dir='ltr'><strong>ei</strong></span> <span class='ocrx_word' id='word_1_87' title='bbox 1968 1305 2051 1372; x_wconf 86' lang='lat' dir='ltr'><strong>qui</strong></span> <span class='ocrx_word' id='word_1_88' title='bbox 2078 1319 2157 1357; x_wconf 90' lang='lat' dir='ltr'><strong>me</strong></span> 
     </span>
    </p>
   </div>
   <div class='ocr_carea' id='block_1_12' title="bbox 562 1398 2149 1466">
    <p class='ocr_par' dir='ltr' id='par_1_12' title="bbox 562 1398 2149 1466">
     <span class='ocr_line' id='line_1_12' title="bbox 562 1398 2149 1466; baseline -0.003 -11"><span class='ocrx_word' id='word_1_89' title='bbox 562 1400 698 1455; x_wconf 85' lang='lat' dir='ltr'><strong>misit</strong></span> <span class='ocrx_word' id='word_1_90' title='bbox 714 1442 729 1464; x_wconf 94' lang='lat'><strong>,</strong></span> <span class='ocrx_word' id='word_1_91' title='bbox 762 1400 910 1455; x_wconf 82' lang='lat' dir='ltr'><strong>habet</strong></span> <span class='ocrx_word' id='word_1_92' title='bbox 937 1400 1091 1454; x_wconf 81' lang='lat' dir='ltr'><strong>uitam</strong></span> <span class='ocrx_word' id='word_1_93' title='bbox 1115 1410 1356 1455; x_wconf 64' lang='lat' dir='ltr'><strong>aeternam</strong></span> <span class='ocrx_word' id='word_1_94' title='bbox 1379 1440 1395 1465; x_wconf 95' lang='lat'><strong>,</strong></span> <span class='ocrx_word' id='word_1_95' title='bbox 1422 1408 1468 1453; x_wconf 88' lang='lat' dir='ltr'><strong>et</strong></span> <span class='ocrx_word' id='word_1_96' title='bbox 1492 1399 1546 1453; x_wconf 93' lang='lat' dir='ltr'><strong>in</strong></span> <span class='ocrx_word' id='word_1_97' title='bbox 1563 1398 1819 1466; x_wconf 81' lang='lat' dir='ltr'><strong>judicium</strong></span> <span class='ocrx_word' id='word_1_98' title='bbox 1845 1415 1944 1452; x_wconf 90' lang='lat' dir='ltr'><strong>non</strong></span> <span class='ocrx_word' id='word_1_99' title='bbox 1972 1400 2149 1465; x_wconf 82' lang='lat' dir='ltr'><strong>veniet,</strong></span> 
     </span>
    </p>
   </div>
   <div class='ocr_carea' id='block_1_13' title="bbox 560 1489 2151 1560">
    <p class='ocr_par' dir='ltr' id='par_1_13' title="bbox 560 1489 2151 1560">
     <span class='ocr_line' id='line_1_13' title="bbox 560 1489 2151 1560; baseline 0 -15"><span class='ocrx_word' id='word_1_100' title='bbox 560 1490 650 1545; x_wconf 83' lang='lat' dir='ltr'><strong>sed</strong></span> <span class='ocrx_word' id='word_1_101' title='bbox 674 1491 874 1545; x_wconf 74' lang='lat' dir='ltr'><strong>transiit</strong></span> <span class='ocrx_word' id='word_1_102' title='bbox 900 1507 935 1545; x_wconf 87' lang='lat' dir='ltr'><strong>a</strong></span> <span class='ocrx_word' id='word_1_103' title='bbox 971 1500 1130 1547; x_wconf 88' lang='lat' dir='ltr'><strong>morte</strong></span> <span class='ocrx_word' id='word_1_104' title='bbox 1166 1490 1234 1545; x_wconf 86' lang='lat' dir='ltr'><strong>ad</strong></span> <span class='ocrx_word' id='word_1_105' title='bbox 1275 1491 1448 1545; x_wconf 80' lang='lat' dir='ltr'><strong>vitam.</strong></span> <span class='ocrx_word' id='word_1_106' title='bbox 1492 1489 1592 1547; x_wconf 88' lang='lat' dir='ltr'><strong>Ubi</strong></span> <span class='ocrx_word' id='word_1_107' title='bbox 1615 1531 1630 1553; x_wconf 84' lang='lat'><strong><em>.</em></strong></span> <span class='ocrx_word' id='word_1_108' title='bbox 1658 1490 1871 1560; x_wconf 86' lang='lat' dir='ltr'><strong>quando</strong></span> <span class='ocrx_word' id='word_1_109' title='bbox 1909 1490 2151 1545; x_wconf 84' lang='lat' dir='ltr'><strong>venimus</strong></span> 
     </span>
    </p>
   </div>
   <div class='ocr_carea' id='block_1_14' title="bbox 561 1582 2147 1654">
    <p class='ocr_par' dir='ltr' id='par_1_14' title="bbox 561 1582 2147 1654">
     <span class='ocr_line' id='line_1_14' title="bbox 561 1582 2147 1654; baseline -0.003 -13"><span class='ocrx_word' id='word_1_110' title='bbox 561 1585 628 1641; x_wconf 92' lang='lat' dir='ltr'><strong>de</strong></span> <span class='ocrx_word' id='word_1_111' title='bbox 654 1595 826 1641; x_wconf 88' lang='lat' dir='ltr'><strong>morte</strong></span> <span class='ocrx_word' id='word_1_112' title='bbox 854 1584 920 1640; x_wconf 93' lang='lat' dir='ltr'><strong>ad</strong></span> <span class='ocrx_word' id='word_1_113' title='bbox 951 1585 1112 1640; x_wconf 90' lang='lat' dir='ltr'><strong>vitam</strong></span> <span class='ocrx_word' id='word_1_114' title='bbox 1133 1626 1147 1650; x_wconf 95' lang='lat'><strong>,</strong></span> <span class='ocrx_word' id='word_1_115' title='bbox 1178 1594 1234 1638; x_wconf 92' lang='lat' dir='ltr'><strong>ut</strong></span> <span class='ocrx_word' id='word_1_116' title='bbox 1259 1601 1364 1639; x_wconf 90' lang='lat' dir='ltr'><strong>non</strong></span> <span class='ocrx_word' id='word_1_117' title='bbox 1394 1585 1445 1637; x_wconf 92' lang='lat' dir='ltr'><strong>in</strong></span> <span class='ocrx_word' id='word_1_118' title='bbox 1470 1583 1727 1654; x_wconf 86' lang='lat' dir='ltr'><strong>judicium</strong></span> <span class='ocrx_word' id='word_1_119' title='bbox 1754 1583 2066 1637; x_wconf 89' lang='lat' dir='ltr'><strong>veniamus?</strong></span> <span class='ocrx_word' id='word_1_120' title='bbox 2091 1582 2147 1637; x_wconf 90' lang='lat' dir='ltr'><strong>In</strong></span> 
     </span>
    </p>
   </div>
   <div class='ocr_carea' id='block_1_15' title="bbox 560 1674 2147 1743">
    <p class='ocr_par' dir='ltr' id='par_1_15' title="bbox 560 1674 2147 1743">
     <span class='ocr_line' id='line_1_15' title="bbox 560 1674 2147 1743; baseline -0.003 -11"><span class='ocrx_word' id='word_1_121' title='bbox 560 1677 660 1732; x_wconf 89' lang='lat' dir='ltr'><strong>hac</strong></span> <span class='ocrx_word' id='word_1_122' title='bbox 690 1679 794 1732; x_wconf 86' lang='lat' dir='ltr'><strong>vita</strong></span> <span class='ocrx_word' id='word_1_123' title='bbox 827 1678 1080 1732; x_wconf 84' lang='lat' dir='ltr'><strong>transitur</strong></span> <span class='ocrx_word' id='word_1_124' title='bbox 1105 1693 1133 1730; x_wconf 91' lang='lat' dir='ltr'><strong>a</strong></span> <span class='ocrx_word' id='word_1_125' title='bbox 1167 1685 1338 1731; x_wconf 85' lang='lat' dir='ltr'><strong>morte</strong></span> <span class='ocrx_word' id='word_1_126' title='bbox 1364 1675 1430 1730; x_wconf 85' lang='lat' dir='ltr'><strong>ad</strong></span> <span class='ocrx_word' id='word_1_127' title='bbox 1465 1675 1660 1739; x_wconf 88' lang='lat' dir='ltr'><strong>vitam;</strong></span> <span class='ocrx_word' id='word_1_128' title='bbox 1690 1675 1741 1729; x_wconf 92' lang='lat' dir='ltr'><strong>in</strong></span> <span class='ocrx_word' id='word_1_129' title='bbox 1769 1674 1867 1729; x_wconf 88' lang='lat' dir='ltr'><strong>hac</strong></span> <span class='ocrx_word' id='word_1_130' title='bbox 1895 1674 1998 1729; x_wconf 88' lang='lat' dir='ltr'><strong>vita</strong></span> <span class='ocrx_word' id='word_1_131' title='bbox 2029 1690 2147 1743; x_wconf 69' lang='lat' dir='ltr'><strong>qua:</strong></span> 
     </span>
    </p>
   </div>
   <div class='ocr_carea' id='block_1_16' title="bbox 558 1767 2144 1833">
    <p class='ocr_par' dir='ltr' id='par_1_16' title="bbox 558 1767 2144 1833">
     <span class='ocr_line' id='line_1_16' title="bbox 558 1767 2144 1833; baseline -0.004 -8"><span class='ocrx_word' id='word_1_132' title='bbox 558 1772 799 1826; x_wconf 88' lang='lat' dir='ltr'><strong>nondmn</strong></span> <span class='ocrx_word' id='word_1_133' title='bbox 839 1780 923 1826; x_wconf 89' lang='lat' dir='ltr'><strong>est</strong></span> <span class='ocrx_word' id='word_1_134' title='bbox 946 1770 1087 1833; x_wconf 89' lang='lat' dir='ltr'><strong>vita,</strong></span> <span class='ocrx_word' id='word_1_135' title='bbox 1126 1769 1249 1823; x_wconf 91' lang='lat' dir='ltr'><strong>hinc</strong></span> <span class='ocrx_word' id='word_1_136' title='bbox 1290 1769 1543 1822; x_wconf 82' lang='lat' dir='ltr'><strong>transitur</strong></span> <span class='ocrx_word' id='word_1_137' title='bbox 1578 1782 1608 1821; x_wconf 90' lang='lat' dir='ltr'><strong>a</strong></span> <span class='ocrx_word' id='word_1_138' title='bbox 1637 1777 1810 1823; x_wconf 91' lang='lat' dir='ltr'><strong>morte</strong></span> <span class='ocrx_word' id='word_1_139' title='bbox 1851 1767 1920 1822; x_wconf 92' lang='lat' dir='ltr'><strong>ad</strong></span> <span class='ocrx_word' id='word_1_140' title='bbox 1959 1768 2144 1822; x_wconf 86' lang='lat' dir='ltr'><strong>vitam.</strong></span> 
     </span>
    </p>
   </div>
   <div class='ocr_carea' id='block_1_17' title="bbox 557 1858 2147 1931">
    <p class='ocr_par' dir='ltr' id='par_1_17' title="bbox 557 1858 2147 1931">
     <span class='ocr_line' id='line_1_17' title="bbox 557 1858 2147 1931; baseline -0.002 -16"><span class='ocrx_word' id='word_1_141' title='bbox 557 1863 687 1931; x_wconf 86' lang='lat' dir='ltr'><strong>Quis</strong></span> <span class='ocrx_word' id='word_1_142' title='bbox 710 1872 794 1917; x_wconf 87' lang='lat' dir='ltr'><strong>est</strong></span> <span class='ocrx_word' id='word_1_143' title='bbox 821 1861 907 1916; x_wconf 91' lang='lat' dir='ltr'><strong>ille</strong></span> <span class='ocrx_word' id='word_1_144' title='bbox 933 1859 1225 1915; x_wconf 83' lang='lat' dir='ltr'><strong>transitus?</strong></span> <span class='ocrx_word' id='word_1_145' title='bbox 1256 1858 1354 1925; x_wconf 82' lang='lat' dir='ltr'><strong>Qui</strong></span> <span class='ocrx_word' id='word_1_146' title='bbox 1379 1860 1524 1912; x_wconf 85' lang='lat' dir='ltr'><strong>audit</strong></span> <span class='ocrx_word' id='word_1_147' title='bbox 1553 1859 1699 1913; x_wconf 83' lang='lat' dir='ltr'><strong>uerba</strong></span> <span class='ocrx_word' id='word_1_148' title='bbox 1726 1875 1836 1913; x_wconf 86' lang='lat' dir='ltr'><strong>mea</strong></span> <span class='ocrx_word' id='word_1_149' title='bbox 1856 1900 1873 1925; x_wconf 94' lang='lat'><strong>,</strong></span> <span class='ocrx_word' id='word_1_150' title='bbox 1900 1858 2066 1923; x_wconf 83' lang='lat' dir='ltr'><strong>dixit,</strong></span> <span class='ocrx_word' id='word_1_151' title='bbox 2099 1868 2147 1912; x_wconf 87' lang='lat' dir='ltr'><strong>et</strong></span> 
     </span>
    </p>
   </div>
   <div class='ocr_carea' id='block_1_18' title="bbox 557 1950 2140 2023">
    <p class='ocr_par' dir='ltr' id='par_1_18' title="bbox 557 1950 2140 2023">
     <span class='ocr_line' id='line_1_18' title="bbox 557 1950 2140 2023; baseline -0.001 -16"><span class='ocrx_word' id='word_1_152' title='bbox 557 1953 715 2007; x_wconf 83' lang='lat' dir='ltr'><strong>credit</strong></span> <span class='ocrx_word' id='word_1_153' title='bbox 739 1954 785 2007; x_wconf 87' lang='lat' dir='ltr'><strong>ei</strong></span> <span class='ocrx_word' id='word_1_154' title='bbox 809 1954 895 2023; x_wconf 91' lang='lat' dir='ltr'><strong>qui</strong></span> <span class='ocrx_word' id='word_1_155' title='bbox 922 1953 1053 2006; x_wconf 83' lang='lat' dir='ltr'><strong>misit</strong></span> <span class='ocrx_word' id='word_1_156' title='bbox 1081 1967 1176 2005; x_wconf 88' lang='lat' dir='ltr'><strong>me.</strong></span> <span class='ocrx_word' id='word_1_157' title='bbox 1206 1950 1439 2006; x_wconf 88' lang='lat' dir='ltr'><strong>Servans</strong></span> <span class='ocrx_word' id='word_1_158' title='bbox 1468 1950 1565 2006; x_wconf 89' lang='lat' dir='ltr'><strong>ista</strong></span> <span class='ocrx_word' id='word_1_159' title='bbox 1595 1950 1772 2006; x_wconf 88' lang='lat' dir='ltr'><strong>credis</strong></span> <span class='ocrx_word' id='word_1_160' title='bbox 1794 1991 1811 2018; x_wconf 93' lang='lat'><strong>,</strong></span> <span class='ocrx_word' id='word_1_161' title='bbox 1842 1961 1897 2006; x_wconf 92' lang='lat' dir='ltr'><strong>et</strong></span> <span class='ocrx_word' id='word_1_162' title='bbox 1928 1951 2140 2006; x_wconf 87' lang='lat' dir='ltr'><strong>transis.</strong></span> 
     </span>
    </p>
   </div>
   <div class='ocr_carea' id='block_1_19' title="bbox 558 2042 2142 2113">
    <p class='ocr_par' dir='ltr' id='par_1_19' title="bbox 558 2042 2142 2113">
     <span class='ocr_line' id='line_1_19' title="bbox 558 2042 2142 2113; baseline -0.003 -13"><span class='ocrx_word' id='word_1_163' title='bbox 558 2044 625 2100; x_wconf 86' lang='lat' dir='ltr'><strong>Et</strong></span> <span class='ocrx_word' id='word_1_164' title='bbox 651 2055 733 2099; x_wconf 91' lang='lat' dir='ltr'><strong>est</strong></span> <span class='ocrx_word' id='word_1_165' title='bbox 758 2044 845 2113; x_wconf 92' lang='lat' dir='ltr'><strong>qui</strong></span> <span class='ocrx_word' id='word_1_166' title='bbox 881 2043 1072 2100; x_wconf 89' lang='lat' dir='ltr'><strong>stando</strong></span> <span class='ocrx_word' id='word_1_167' title='bbox 1101 2042 1331 2098; x_wconf 85' lang='lat' dir='ltr'><strong>transit?</strong></span> <span class='ocrx_word' id='word_1_168' title='bbox 1370 2042 1534 2097; x_wconf 78' lang='lat' dir='ltr'><strong>Plane</strong></span> <span class='ocrx_word' id='word_1_169' title='bbox 1562 2053 1680 2097; x_wconf 68' lang='lat' dir='ltr'><strong>esu</strong></span> <span class='ocrx_word' id='word_1_170' title='bbox 1712 2050 1816 2096; x_wconf 89' lang='lat' dir='ltr'><strong>stat</strong></span> <span class='ocrx_word' id='word_1_171' title='bbox 1839 2043 1983 2097; x_wconf 90' lang='lat' dir='ltr'><strong>enim</strong></span> <span class='ocrx_word' id='word_1_172' title='bbox 2017 2056 2142 2098; x_wconf 90' lang='lat' dir='ltr'><strong>cor-</strong></span> 
     </span>
    </p>
   </div>
   <div class='ocr_carea' id='block_1_20' title="bbox 555 2135 2142 2209">
    <p class='ocr_par' dir='ltr' id='par_1_20' title="bbox 555 2135 2142 2209">
     <span class='ocr_line' id='line_1_20' title="bbox 555 2135 2142 2209; baseline -0.001 -17"><span class='ocrx_word' id='word_1_173' title='bbox 555 2152 683 2209; x_wconf 86' lang='lat' dir='ltr'><strong>pore</strong></span> <span class='ocrx_word' id='word_1_174' title='bbox 700 2179 714 2202; x_wconf 94' lang='lat'><strong>,</strong></span> <span class='ocrx_word' id='word_1_175' title='bbox 748 2140 937 2193; x_wconf 88' lang='lat' dir='ltr'><strong>transit</strong></span> <span class='ocrx_word' id='word_1_176' title='bbox 964 2145 1161 2192; x_wconf 84' lang='lat' dir='ltr'><strong>mente.</strong></span> <span class='ocrx_word' id='word_1_177' title='bbox 1188 2135 1286 2193; x_wconf 89' lang='lat' dir='ltr'><strong>Ubi</strong></span> <span class='ocrx_word' id='word_1_178' title='bbox 1312 2144 1461 2201; x_wconf 85' lang='lat' dir='ltr'><strong>erat,</strong></span> <span class='ocrx_word' id='word_1_179' title='bbox 1488 2135 1628 2191; x_wconf 88' lang='lat' dir='ltr'><strong>unde</strong></span> <span class='ocrx_word' id='word_1_180' title='bbox 1656 2136 1933 2199; x_wconf 86' lang='lat' dir='ltr'><strong>transiret,</strong></span> <span class='ocrx_word' id='word_1_181' title='bbox 1957 2145 2011 2190; x_wconf 90' lang='lat' dir='ltr'><strong>et</strong></span> <span class='ocrx_word' id='word_1_182' title='bbox 2034 2150 2142 2206; x_wconf 90' lang='lat' dir='ltr'><strong>quo</strong></span> 
     </span>
    </p>
   </div>
   <div class='ocr_carea' id='block_1_21' title="bbox 553 2228 2139 2286">
    <p class='ocr_par' dir='ltr' id='par_1_21' title="bbox 553 2228 2139 2286">
     <span class='ocr_line' id='line_1_21' title="bbox 553 2228 2139 2286; baseline -0.002 -1"><span class='ocrx_word' id='word_1_183' title='bbox 553 2230 783 2285; x_wconf 80' lang='lat' dir='ltr'><strong>transit?</strong></span> <span class='ocrx_word' id='word_1_184' title='bbox 812 2230 1024 2286; x_wconf 88' lang='lat' dir='ltr'><strong>Transit</strong></span> <span class='ocrx_word' id='word_1_185' title='bbox 1048 2245 1080 2284; x_wconf 84' lang='lat' dir='ltr'><strong>a</strong></span> <span class='ocrx_word' id='word_1_186' title='bbox 1106 2238 1280 2285; x_wconf 86' lang='lat' dir='ltr'><strong>morte</strong></span> <span class='ocrx_word' id='word_1_187' title='bbox 1302 2231 1370 2283; x_wconf 85' lang='lat' dir='ltr'><strong>ad</strong></span> <span class='ocrx_word' id='word_1_188' title='bbox 1400 2229 1583 2284; x_wconf 91' lang='lat' dir='ltr'><strong>vitam.</strong></span> <span class='ocrx_word' id='word_1_189' title='bbox 1614 2228 1748 2284; x_wconf 82' lang='lat' dir='ltr'><strong>Vide</strong></span> <span class='ocrx_word' id='word_1_190' title='bbox 1772 2244 1934 2283; x_wconf 90' lang='lat' dir='ltr'><strong>unum</strong></span> <span class='ocrx_word' id='word_1_191' title='bbox 1966 2228 2139 2282; x_wconf 88' lang='lat' dir='ltr'><strong>homi-</strong></span> 
     </span>
    </p>
   </div>
   <div class='ocr_carea' id='block_1_22' title="bbox 551 2317 2130 2392">
    <p class='ocr_par' dir='ltr' id='par_1_22' title="bbox 551 2317 2130 2392">
     <span class='ocr_line' id='line_1_22' title="bbox 551 2317 2130 2392; baseline -0.002 -16"><span class='ocrx_word' id='word_1_192' title='bbox 551 2337 675 2377; x_wconf 88' lang='lat' dir='ltr'><strong>nem</strong></span> <span class='ocrx_word' id='word_1_193' title='bbox 702 2331 927 2376; x_wconf 87' lang='lat' dir='ltr'><strong>stantem</strong></span> <span class='ocrx_word' id='word_1_194' title='bbox 946 2362 962 2387; x_wconf 94' lang='lat'><strong>,</strong></span> <span class='ocrx_word' id='word_1_195' title='bbox 993 2320 1044 2375; x_wconf 93' lang='lat' dir='ltr'><strong>in</strong></span> <span class='ocrx_word' id='word_1_196' title='bbox 1069 2335 1177 2392; x_wconf 88' lang='lat' dir='ltr'><strong>quo</strong></span> <span class='ocrx_word' id='word_1_197' title='bbox 1208 2329 1396 2391; x_wconf 79' lang='lat' dir='ltr'><strong>agatur</strong></span> <span class='ocrx_word' id='word_1_198' title='bbox 1424 2328 1593 2375; x_wconf 88' lang='lat' dir='ltr'><strong>totum</strong></span> <span class='ocrx_word' id='word_1_199' title='bbox 1618 2318 1722 2375; x_wconf 89' lang='lat' dir='ltr'><strong>hoc</strong></span> <span class='ocrx_word' id='word_1_200' title='bbox 1747 2317 1891 2389; x_wconf 90' lang='lat' dir='ltr'><strong>quod</strong></span> <span class='ocrx_word' id='word_1_201' title='bbox 1913 2319 2130 2374; x_wconf 90' lang='lat' dir='ltr'><strong>dicitur.</strong></span> 
     </span>
    </p>
   </div>
   <div class='ocr_carea' id='block_1_23' title="bbox 547 2411 2133 2480">
    <p class='ocr_par' dir='ltr' id='par_1_23' title="bbox 547 2411 2133 2480">
     <span class='ocr_line' id='line_1_23' title="bbox 547 2411 2133 2480; baseline -0.004 -10"><span class='ocrx_word' id='word_1_202' title='bbox 547 2414 697 2480; x_wconf 86' lang='lat' dir='ltr'><strong>Stat,</strong></span> <span class='ocrx_word' id='word_1_203' title='bbox 738 2415 918 2479; x_wconf 84' lang='lat' dir='ltr'><strong>audit;</strong></span> <span class='ocrx_word' id='word_1_204' title='bbox 966 2413 1103 2469; x_wconf 83' lang='lat' dir='ltr'><strong>forte</strong></span> <span class='ocrx_word' id='word_1_205' title='bbox 1146 2429 1251 2470; x_wconf 90' lang='lat' dir='ltr'><strong>non</strong></span> <span class='ocrx_word' id='word_1_206' title='bbox 1294 2412 1584 2476; x_wconf 89' lang='lat' dir='ltr'><strong>credebat,</strong></span> <span class='ocrx_word' id='word_1_207' title='bbox 1616 2411 1882 2468; x_wconf 89' lang='lat' dir='ltr'><strong>audiendo</strong></span> <span class='ocrx_word' id='word_1_208' title='bbox 1925 2411 2133 2466; x_wconf 88' lang='lat' dir='ltr'><strong>credit:</strong></span> 
     </span>
    </p>
   </div>
   <div class='ocr_carea' id='block_1_24' title="bbox 549 2504 2133 2577">
    <p class='ocr_par' dir='ltr' id='par_1_24' title="bbox 549 2504 2133 2577">
     <span class='ocr_line' id='line_1_24' title="bbox 549 2504 2133 2577; baseline 0 -17"><span class='ocrx_word' id='word_1_209' title='bbox 549 2505 707 2577; x_wconf 87' lang='lat' dir='ltr'><strong>paulo</strong></span> <span class='ocrx_word' id='word_1_210' title='bbox 736 2515 854 2563; x_wconf 73' lang='lat' dir='ltr'><strong>ante</strong></span> <span class='ocrx_word' id='word_1_211' title='bbox 893 2520 998 2560; x_wconf 91' lang='lat' dir='ltr'><strong>non</strong></span> <span class='ocrx_word' id='word_1_212' title='bbox 1028 2505 1313 2573; x_wconf 88' lang='lat' dir='ltr'><strong>credebat,</strong></span> <span class='ocrx_word' id='word_1_213' title='bbox 1344 2504 1503 2560; x_wconf 92' lang='lat' dir='ltr'><strong>modo</strong></span> <span class='ocrx_word' id='word_1_214' title='bbox 1532 2504 1743 2571; x_wconf 89' lang='lat' dir='ltr'><strong>credit;</strong></span> <span class='ocrx_word' id='word_1_215' title='bbox 1774 2505 1925 2577; x_wconf 84' lang='lat' dir='ltr'><strong>quasi</strong></span> <span class='ocrx_word' id='word_1_216' title='bbox 1950 2504 2017 2560; x_wconf 87' lang='lat' dir='ltr'><strong>de</strong></span> <span class='ocrx_word' id='word_1_217' title='bbox 2045 2521 2133 2560; x_wconf 89' lang='lat' dir='ltr'><strong>re-</strong></span> 
     </span>
    </p>
   </div>
   <div class='ocr_carea' id='block_1_25' title="bbox 545 2595 2133 2670">
    <p class='ocr_par' dir='ltr' id='par_1_25' title="bbox 545 2595 2133 2670">
     <span class='ocr_line' id='line_1_25' title="bbox 545 2595 2133 2670; baseline -0.002 -18"><span class='ocrx_word' id='word_1_218' title='bbox 545 2597 701 2670; x_wconf 83' lang='lat' dir='ltr'><strong>gione</strong></span> <span class='ocrx_word' id='word_1_219' title='bbox 727 2596 1056 2653; x_wconf 79' lang='lat' dir='ltr'><strong>inﬁdelitatis</strong></span> <span class='ocrx_word' id='word_1_220' title='bbox 1093 2597 1158 2652; x_wconf 88' lang='lat' dir='ltr'><strong>ad</strong></span> <span class='ocrx_word' id='word_1_221' title='bbox 1204 2597 1476 2668; x_wconf 75' lang='lat' dir='ltr'><strong>regionem</strong></span> <span class='ocrx_word' id='word_1_222' title='bbox 1509 2596 1628 2651; x_wconf 88' lang='lat' dir='ltr'><strong>lidei</strong></span> <span class='ocrx_word' id='word_1_223' title='bbox 1655 2596 1935 2651; x_wconf 77' lang='lat' dir='ltr'><strong>transitum</strong></span> <span class='ocrx_word' id='word_1_224' title='bbox 1966 2595 2094 2650; x_wconf 81' lang='lat' dir='ltr'><strong>fecit</strong></span> <span class='ocrx_word' id='word_1_225' title='bbox 2116 2636 2133 2661; x_wconf 96' lang='lat'><strong>,</strong></span> 
     </span>
    </p>
   </div>
   <div class='ocr_carea' id='block_1_26' title="bbox 544 2687 2129 2760">
    <p class='ocr_par' dir='ltr' id='par_1_26' title="bbox 544 2687 2129 2760">
     <span class='ocr_line' id='line_1_26' title="bbox 544 2687 2129 2760; baseline -0.003 -15"><span class='ocrx_word' id='word_1_226' title='bbox 544 2698 690 2745; x_wconf 90' lang='lat' dir='ltr'><strong>moto</strong></span> <span class='ocrx_word' id='word_1_227' title='bbox 717 2690 907 2756; x_wconf 87' lang='lat' dir='ltr'><strong>corde,</strong></span> <span class='ocrx_word' id='word_1_228' title='bbox 939 2705 1041 2744; x_wconf 91' lang='lat' dir='ltr'><strong>non</strong></span> <span class='ocrx_word' id='word_1_229' title='bbox 1084 2699 1231 2743; x_wconf 89' lang='lat' dir='ltr'><strong>moto</strong></span> <span class='ocrx_word' id='word_1_230' title='bbox 1277 2703 1537 2760; x_wconf 90' lang='lat' dir='ltr'><strong>corpore,</strong></span> <span class='ocrx_word' id='word_1_231' title='bbox 1569 2696 1713 2743; x_wconf 91' lang='lat' dir='ltr'><strong>moto</strong></span> <span class='ocrx_word' id='word_1_232' title='bbox 1756 2687 1808 2742; x_wconf 92' lang='lat' dir='ltr'><strong>in</strong></span> <span class='ocrx_word' id='word_1_233' title='bbox 1857 2688 2048 2744; x_wconf 89' lang='lat' dir='ltr'><strong>melius</strong></span> <span class='ocrx_word' id='word_1_234' title='bbox 2071 2688 2129 2741; x_wconf 68' lang='grc' dir='ltr'><strong>ιε</strong></span> 
     </span>
    </p>
   </div>
   <div class='ocr_carea' id='block_1_27' title="bbox 541 2778 2131 2851">
    <p class='ocr_par' dir='ltr' id='par_1_27' title="bbox 541 2778 2131 2851">
     <span class='ocr_line' id='line_1_27' title="bbox 541 2778 2131 2851; baseline 0 -17"><span class='ocrx_word' id='word_1_235' title='bbox 541 2781 661 2851; x_wconf 85' lang='lat' dir='ltr'><strong>quia</strong></span> <span class='ocrx_word' id='word_1_236' title='bbox 704 2780 892 2836; x_wconf 83' lang='lat' dir='ltr'><strong>iterum</strong></span> <span class='ocrx_word' id='word_1_237' title='bbox 920 2780 1009 2851; x_wconf 91' lang='lat' dir='ltr'><strong>qui</strong></span> <span class='ocrx_word' id='word_1_238' title='bbox 1057 2779 1313 2835; x_wconf 76' lang='lat' dir='ltr'><strong>deserunt</strong></span> <span class='ocrx_word' id='word_1_239' title='bbox 1339 2779 1496 2835; x_wconf 86' lang='lat' dir='ltr'><strong>ﬁdem</strong></span> <span class='ocrx_word' id='word_1_240' title='bbox 1522 2819 1537 2844; x_wconf 91' lang='lat'><strong>,</strong></span> <span class='ocrx_word' id='word_1_241' title='bbox 1572 2788 1853 2835; x_wconf 89' lang='lat' dir='ltr'><strong>moventur</strong></span> <span class='ocrx_word' id='word_1_242' title='bbox 1897 2778 1947 2832; x_wconf 88' lang='lat' dir='ltr'><strong>in</strong></span> <span class='ocrx_word' id='word_1_243' title='bbox 1979 2778 2131 2834; x_wconf 82' lang='lat' dir='ltr'><strong>dete~</strong></span> 
     </span>
    </p>
   </div>
   <div class='ocr_carea' id='block_1_28' title="bbox 541 2870 2132 2942">
    <p class='ocr_par' dir='ltr' id='par_1_28' title="bbox 541 2870 2132 2942">
     <span class='ocr_line' id='line_1_28' title="bbox 541 2870 2132 2942; baseline 0 -16"><span class='ocrx_word' id='word_1_244' title='bbox 541 2871 672 2927; x_wconf 85' lang='lat' dir='ltr'><strong>rius.</strong></span> <span class='ocrx_word' id='word_1_245' title='bbox 703 2872 839 2927; x_wconf 82' lang='lat' dir='ltr'><strong>Ecce</strong></span> <span class='ocrx_word' id='word_1_246' title='bbox 865 2873 917 2927; x_wconf 91' lang='lat' dir='ltr'><strong>iu</strong></span> <span class='ocrx_word' id='word_1_247' title='bbox 950 2872 1051 2926; x_wconf 88' lang='lat' dir='ltr'><strong>hac</strong></span> <span class='ocrx_word' id='word_1_248' title='bbox 1072 2872 1180 2926; x_wconf 92' lang='lat' dir='ltr'><strong>vita</strong></span> <span class='ocrx_word' id='word_1_249' title='bbox 1201 2912 1217 2936; x_wconf 94' lang='lat'><strong>,</strong></span> <span class='ocrx_word' id='word_1_250' title='bbox 1263 2886 1403 2942; x_wconf 72' lang='lat' dir='ltr'><strong>quae,</strong></span> <span class='ocrx_word' id='word_1_251' title='bbox 1435 2879 1576 2926; x_wconf 82' lang='lat' dir='ltr'><strong>sicut</strong></span> <span class='ocrx_word' id='word_1_252' title='bbox 1600 2870 1710 2925; x_wconf 77' lang='lat' dir='ltr'><strong>disi</strong></span> <span class='ocrx_word' id='word_1_253' title='bbox 1730 2913 1745 2937; x_wconf 96' lang='lat'><strong>,</strong></span> <span class='ocrx_word' id='word_1_254' title='bbox 1778 2871 2015 2926; x_wconf 90' lang='lat' dir='ltr'><strong>nondum</strong></span> <span class='ocrx_word' id='word_1_255' title='bbox 2048 2880 2132 2926; x_wconf 86' lang='lat' dir='ltr'><strong>est</strong></span> 
     </span>
    </p>
   </div>
   <div class='ocr_carea' id='block_1_29' title="bbox 541 2961 2127 3033">
    <p class='ocr_par' dir='ltr' id='par_1_29' title="bbox 541 2961 2127 3033">
     <span class='ocr_line' id='line_1_29' title="bbox 541 2961 2127 3033; baseline 0.001 -17"><span class='ocrx_word' id='word_1_256' title='bbox 541 2962 648 3018; x_wconf 89' lang='lat' dir='ltr'><strong>vita</strong></span> <span class='ocrx_word' id='word_1_257' title='bbox 674 3006 688 3030; x_wconf 90' lang='lat'><strong>,</strong></span> <span class='ocrx_word' id='word_1_258' title='bbox 719 2964 974 3018; x_wconf 80' lang='lat' dir='ltr'><strong>transitur</strong></span> <span class='ocrx_word' id='word_1_259' title='bbox 998 2978 1027 3016; x_wconf 89' lang='lat' dir='ltr'><strong>a</strong></span> <span class='ocrx_word' id='word_1_260' title='bbox 1060 2972 1231 3019; x_wconf 84' lang='lat' dir='ltr'><strong>morte</strong></span> <span class='ocrx_word' id='word_1_261' title='bbox 1254 2961 1322 3016; x_wconf 94' lang='lat' dir='ltr'><strong>ad</strong></span> <span class='ocrx_word' id='word_1_262' title='bbox 1348 2962 1509 3017; x_wconf 88' lang='lat' dir='ltr'><strong>vitam</strong></span> <span class='ocrx_word' id='word_1_263' title='bbox 1535 3002 1550 3027; x_wconf 95' lang='lat'><strong>,</strong></span> <span class='ocrx_word' id='word_1_264' title='bbox 1585 2970 1638 3016; x_wconf 91' lang='lat' dir='ltr'><strong>ut</strong></span> <span class='ocrx_word' id='word_1_265' title='bbox 1662 2963 1711 3016; x_wconf 91' lang='lat' dir='ltr'><strong>in</strong></span> <span class='ocrx_word' id='word_1_266' title='bbox 1739 2962 1995 3033; x_wconf 87' lang='lat' dir='ltr'><strong>judicium</strong></span> <span class='ocrx_word' id='word_1_267' title='bbox 2023 2979 2127 3017; x_wconf 90' lang='lat' dir='ltr'><strong>notl</strong></span> 
     </span>
    </p>
   </div>
   <div class='ocr_carea' id='block_1_30' title="bbox 540 3055 2127 3126">
    <p class='ocr_par' dir='ltr' id='par_1_30' title="bbox 540 3055 2127 3126">
     <span class='ocr_line' id='line_1_30' title="bbox 540 3055 2127 3126; baseline 0 -13"><span class='ocrx_word' id='word_1_268' title='bbox 540 3058 799 3113; x_wconf 87' lang='lat' dir='ltr'><strong>veniatur.</strong></span> <span class='ocrx_word' id='word_1_269' title='bbox 826 3056 1002 3124; x_wconf 90' lang='lat' dir='ltr'><strong>Quare</strong></span> <span class='ocrx_word' id='word_1_270' title='bbox 1029 3065 1205 3110; x_wconf 91' lang='lat' dir='ltr'><strong>autem</strong></span> <span class='ocrx_word' id='word_1_271' title='bbox 1235 3055 1344 3110; x_wconf 82' lang='lat' dir='ltr'><strong>dixi</strong></span> <span class='ocrx_word' id='word_1_272' title='bbox 1375 3055 1497 3126; x_wconf 83' lang='lat' dir='ltr'><strong>quia</strong></span> <span class='ocrx_word' id='word_1_273' title='bbox 1524 3055 1756 3110; x_wconf 89' lang='lat' dir='ltr'><strong>nondum</strong></span> <span class='ocrx_word' id='word_1_274' title='bbox 1787 3065 1871 3111; x_wconf 88' lang='lat' dir='ltr'><strong>est</strong></span> <span class='ocrx_word' id='word_1_275' title='bbox 1899 3059 2040 3112; x_wconf 86' lang='lat' dir='ltr'><strong>vita?</strong></span> <span class='ocrx_word' id='word_1_276' title='bbox 2070 3057 2127 3113; x_wconf 88' lang='lat' dir='ltr'><strong>Si</strong></span> 
     </span>
    </p>
   </div>
   <div class='ocr_carea' id='block_1_31' title="bbox 538 3148 2127 3215">
    <p class='ocr_par' dir='ltr' id='par_1_31' title="bbox 538 3148 2127 3215">
     <span class='ocr_line' id='line_1_31' title="bbox 538 3148 2127 3215; baseline 0.001 -12"><span class='ocrx_word' id='word_1_277' title='bbox 538 3152 643 3204; x_wconf 84' lang='lat' dir='ltr'><strong>vita</strong></span> <span class='ocrx_word' id='word_1_278' title='bbox 671 3159 815 3204; x_wconf 84' lang='lat' dir='ltr'><strong>esset</strong></span> <span class='ocrx_word' id='word_1_279' title='bbox 845 3149 941 3203; x_wconf 87' lang='lat' dir='ltr'><strong>ista</strong></span> <span class='ocrx_word' id='word_1_280' title='bbox 962 3188 977 3213; x_wconf 94' lang='lat'><strong>,</strong></span> <span class='ocrx_word' id='word_1_281' title='bbox 1010 3164 1115 3203; x_wconf 90' lang='lat' dir='ltr'><strong>non</strong></span> <span class='ocrx_word' id='word_1_282' title='bbox 1144 3148 1346 3204; x_wconf 80' lang='lat' dir='ltr'><strong>diceret</strong></span> <span class='ocrx_word' id='word_1_283' title='bbox 1384 3148 1637 3203; x_wconf 87' lang='lat' dir='ltr'><strong>Dominus</strong></span> <span class='ocrx_word' id='word_1_284' title='bbox 1673 3148 1917 3215; x_wconf 89' lang='lat' dir='ltr'><strong>cuidam,</strong></span> <span class='ocrx_word' id='word_1_285' title='bbox 1949 3151 2010 3205; x_wconf 80' lang='lat' dir='ltr'><strong>Si</strong></span> <span class='ocrx_word' id='word_1_286' title='bbox 2054 3151 2127 3206; x_wconf 85' lang='lat' dir='ltr'><strong>vis</strong></span> 
     </span>
    </p>
   </div>
   <div class='ocr_carea' id='block_1_32' title="bbox 537 3240 2122 3314">
    <p class='ocr_par' dir='ltr' id='par_1_32' title="bbox 537 3240 2122 3314">
     <span class='ocr_line' id='line_1_32' title="bbox 537 3240 2122 3314; baseline -0.001 -15"><span class='ocrx_word' id='word_1_287' title='bbox 537 3245 704 3299; x_wconf 68' lang='lat' dir='ltr'><strong>venire</strong></span> <span class='ocrx_word' id='word_1_288' title='bbox 727 3242 795 3296; x_wconf 88' lang='lat' dir='ltr'><strong>ad</strong></span> <span class='ocrx_word' id='word_1_289' title='bbox 822 3242 975 3297; x_wconf 78' lang='lat' dir='ltr'><strong>vitam</strong></span> <span class='ocrx_word' id='word_1_290' title='bbox 995 3281 1011 3307; x_wconf 93' lang='lat'><strong>,</strong></span> <span class='ocrx_word' id='word_1_291' title='bbox 1035 3258 1177 3296; x_wconf 80' lang='lat' dir='ltr'><strong>serua</strong></span> <span class='ocrx_word' id='word_1_292' title='bbox 1203 3240 1444 3295; x_wconf 88' lang='lat' dir='ltr'><strong>mandata</strong></span> <span class='ocrx_word' id='word_1_293' title='bbox 1470 3240 1681 3314; x_wconf 76' lang='lat' dir='ltr'><strong>(Matth.</strong></span> <span class='ocrx_word' id='word_1_294' title='bbox 1709 3258 1826 3305; x_wconf 70' lang='lat' dir='ltr'><strong>XIX,</strong></span> <span class='ocrx_word' id='word_1_295' title='bbox 1870 3244 1974 3313; x_wconf 75' lang='lat' dir='ltr'><strong>l7).</strong></span> <span class='ocrx_word' id='word_1_296' title='bbox 2008 3242 2122 3298; x_wconf 80' lang='lat' dir='ltr'><strong>Non</strong></span> 
     </span>
    </p>
   </div>
   <div class='ocr_carea' id='block_1_33' title="bbox 536 3332 2122 3401">
    <p class='ocr_par' dir='ltr' id='par_1_33' title="bbox 536 3332 2122 3401">
     <span class='ocr_line' id='line_1_33' title="bbox 536 3332 2122 3401; baseline -0.001 -10"><span class='ocrx_word' id='word_1_297' title='bbox 536 3335 681 3391; x_wconf 83' lang='lat' dir='ltr'><strong>enim</strong></span> <span class='ocrx_word' id='word_1_298' title='bbox 711 3336 784 3388; x_wconf 89' lang='lat' dir='ltr'><strong>ait</strong></span> <span class='ocrx_word' id='word_1_299' title='bbox 812 3334 886 3388; x_wconf 91' lang='lat' dir='ltr'><strong>illi</strong></span> <span class='ocrx_word' id='word_1_300' title='bbox 906 3375 921 3398; x_wconf 93' lang='lat'><strong>,</strong></span> <span class='ocrx_word' id='word_1_301' title='bbox 941 3332 1009 3389; x_wconf 80' lang='lat' dir='ltr'><strong>Si</strong></span> <span class='ocrx_word' id='word_1_302' title='bbox 1039 3333 1118 3388; x_wconf 86' lang='lat' dir='ltr'><strong>vis</strong></span> <span class='ocrx_word' id='word_1_303' title='bbox 1159 3334 1341 3388; x_wconf 89' lang='lat' dir='ltr'><strong>venire</strong></span> <span class='ocrx_word' id='word_1_304' title='bbox 1364 3333 1431 3389; x_wconf 91' lang='lat' dir='ltr'><strong>ad</strong></span> <span class='ocrx_word' id='word_1_305' title='bbox 1469 3335 1629 3389; x_wconf 88' lang='lat' dir='ltr'><strong>vitam</strong></span> <span class='ocrx_word' id='word_1_306' title='bbox 1676 3344 1929 3389; x_wconf 72' lang='lat' dir='ltr'><strong>aeternam</strong></span> <span class='ocrx_word' id='word_1_307' title='bbox 1959 3352 1973 3401; x_wconf 93' lang='lat'><strong>;</strong></span> <span class='ocrx_word' id='word_1_308' title='bbox 2017 3350 2122 3390; x_wconf 87' lang='lat' dir='ltr'><strong>non</strong></span> 
     </span>
    </p>
   </div>
   <div class='ocr_carea' id='block_1_34' title="bbox 538 3424 2122 3496">
    <p class='ocr_par' dir='ltr' id='par_1_34' title="bbox 538 3424 2122 3496">
     <span class='ocr_line' id='line_1_34' title="bbox 538 3424 2122 3496; baseline 0.001 -15"><span class='ocrx_word' id='word_1_309' title='bbox 538 3426 742 3481; x_wconf 85' lang='lat' dir='ltr'><strong>addidit</strong></span> <span class='ocrx_word' id='word_1_310' title='bbox 768 3434 1023 3480; x_wconf 85' lang='lat' dir='ltr'><strong>:cternam</strong></span> <span class='ocrx_word' id='word_1_311' title='bbox 1046 3467 1060 3490; x_wconf 93' lang='lat'><strong>,</strong></span> <span class='ocrx_word' id='word_1_312' title='bbox 1090 3425 1185 3481; x_wconf 87' lang='lat' dir='ltr'><strong>sed</strong></span> <span class='ocrx_word' id='word_1_313' title='bbox 1216 3434 1418 3479; x_wconf 86' lang='lat' dir='ltr'><strong>tantum</strong></span> <span class='ocrx_word' id='word_1_314' title='bbox 1446 3424 1616 3492; x_wconf 77' lang='lat' dir='ltr'><strong>dixit,</strong></span> <span class='ocrx_word' id='word_1_315' title='bbox 1648 3426 1821 3480; x_wconf 74' lang='lat' dir='ltr'><strong>vitam.</strong></span> <span class='ocrx_word' id='word_1_316' title='bbox 1856 3426 1995 3496; x_wconf 81' lang='lat' dir='ltr'><strong>Ergo</strong></span> <span class='ocrx_word' id='word_1_317' title='bbox 2021 3427 2122 3483; x_wconf 76' lang='lat' dir='ltr'><strong>ista</strong></span> 
     </span>
    </p>
   </div>
   <div class='ocr_carea' id='block_1_35' title="bbox 533 3515 2121 3587">
    <p class='ocr_par' dir='ltr' id='par_1_35' title="bbox 533 3515 2121 3587">
     <span class='ocr_line' id='line_1_35' title="bbox 533 3515 2121 3587; baseline 0.001 -14"><span class='ocrx_word' id='word_1_318' title='bbox 533 3533 636 3574; x_wconf 88' lang='lat' dir='ltr'><strong>uec</strong></span> <span class='ocrx_word' id='word_1_319' title='bbox 661 3519 762 3576; x_wconf 82' lang='lat' dir='ltr'><strong>vita</strong></span> <span class='ocrx_word' id='word_1_320' title='bbox 792 3515 1113 3573; x_wconf 87' lang='lat' dir='ltr'><strong>nominanda</strong></span> <span class='ocrx_word' id='word_1_321' title='bbox 1139 3526 1241 3584; x_wconf 87' lang='lat' dir='ltr'><strong>est,</strong></span> <span class='ocrx_word' id='word_1_322' title='bbox 1272 3517 1394 3587; x_wconf 88' lang='lat' dir='ltr'><strong>quia</strong></span> <span class='ocrx_word' id='word_1_323' title='bbox 1435 3534 1538 3571; x_wconf 87' lang='lat' dir='ltr'><strong>non</strong></span> <span class='ocrx_word' id='word_1_324' title='bbox 1565 3528 1646 3571; x_wconf 88' lang='lat' dir='ltr'><strong>est</strong></span> <span class='ocrx_word' id='word_1_325' title='bbox 1671 3533 1794 3573; x_wconf 90' lang='lat' dir='ltr'><strong>vera</strong></span> <span class='ocrx_word' id='word_1_326' title='bbox 1836 3520 1962 3573; x_wconf 89' lang='lat' dir='ltr'><strong>vita.</strong></span> <span class='ocrx_word' id='word_1_327' title='bbox 1991 3520 2121 3587; x_wconf 67' lang='lat' dir='ltr'><strong>Quae</strong></span> 
     </span>
    </p>
   </div>
   <div class='ocr_carea' id='block_1_36' title="bbox 534 3609 2118 3683">
    <p class='ocr_par' dir='ltr' id='par_1_36' title="bbox 534 3609 2118 3683">
     <span class='ocr_line' id='line_1_36' title="bbox 534 3609 2118 3683; baseline 0.002 -17"><span class='ocrx_word' id='word_1_328' title='bbox 534 3620 618 3666; x_wconf 73' lang='grc' dir='ltr'><strong>εει</strong></span> <span class='ocrx_word' id='word_1_329' title='bbox 645 3626 767 3665; x_wconf 87' lang='lat' dir='ltr'><strong>vera</strong></span> <span class='ocrx_word' id='word_1_330' title='bbox 800 3610 933 3675; x_wconf 88' lang='lat' dir='ltr'><strong>vita,</strong></span> <span class='ocrx_word' id='word_1_331' title='bbox 958 3609 1056 3665; x_wconf 90' lang='lat' dir='ltr'><strong>nisi</strong></span> <span class='ocrx_word' id='word_1_332' title='bbox 1082 3623 1200 3678; x_wconf 69' lang='lat' dir='ltr'><strong>qua:</strong></span> <span class='ocrx_word' id='word_1_333' title='bbox 1229 3617 1307 3665; x_wconf 88' lang='lat' dir='ltr'><strong>est</strong></span> <span class='ocrx_word' id='word_1_334' title='bbox 1335 3620 1534 3665; x_wconf 82' lang='lat' dir='ltr'><strong>:eterna</strong></span> <span class='ocrx_word' id='word_1_335' title='bbox 1560 3610 1708 3664; x_wconf 88' lang='lat' dir='ltr'><strong>vita?</strong></span> <span class='ocrx_word' id='word_1_336' title='bbox 1734 3611 1871 3666; x_wconf 84' lang='lat' dir='ltr'><strong>Audi</strong></span> <span class='ocrx_word' id='word_1_337' title='bbox 1893 3615 2118 3683; x_wconf 84' lang='lat' dir='ltr'><strong>Aposto-</strong></span> 
     </span>
    </p>
   </div>
   <div class='ocr_carea' id='block_1_37' title="bbox 534 3694 2118 3776">
    <p class='ocr_par' dir='ltr' id='par_1_37' title="bbox 534 3694 2118 3776">
     <span class='ocr_line' id='line_1_37' title="bbox 534 3694 2118 3776; baseline 0.003 -19"><span class='ocrx_word' id='word_1_338' title='bbox 534 3694 644 3757; x_wconf 55' lang='lat' dir='ltr'><strong>l&#39;um</strong></span> <span class='ocrx_word' id='word_1_339' title='bbox 667 3702 932 3757; x_wconf 88' lang='lat' dir='ltr'><strong>dicentem</strong></span> <span class='ocrx_word' id='word_1_340' title='bbox 958 3700 1024 3755; x_wconf 86' lang='lat' dir='ltr'><strong>ad</strong></span> <span class='ocrx_word' id='word_1_341' title='bbox 1050 3700 1388 3756; x_wconf 87' lang='lat' dir='ltr'><strong>Timotheum</strong></span> <span class='ocrx_word' id='word_1_342' title='bbox 1413 3720 1426 3754; x_wconf 88' lang='lat'><strong>:</strong></span> <span class='ocrx_word' id='word_1_343' title='bbox 1465 3700 1692 3773; x_wconf 75' lang='lat' dir='ltr'><strong>Prwcipe</strong></span> <span class='ocrx_word' id='word_1_344' title='bbox 1715 3704 1945 3760; x_wconf 84' lang='lat' dir='ltr'><strong>diuitibus</strong></span> <span class='ocrx_word' id='word_1_345' title='bbox 1964 3706 2118 3776; x_wconf 84' lang='lat' dir='ltr'><strong>hujus</strong></span> 
     </span>
    </p>
   </div>
   <div class='ocr_carea' id='block_1_38' title="bbox 531 3792 2118 3863">
    <p class='ocr_par' dir='ltr' id='par_1_38' title="bbox 531 3792 2118 3863">
     <span class='ocr_line' id='line_1_38' title="bbox 531 3792 2118 3863; baseline 0.003 -16"><span class='ocrx_word' id='word_1_346' title='bbox 531 3792 704 3847; x_wconf 68' lang='lat' dir='ltr'><strong>seaculi</strong></span> <span class='ocrx_word' id='word_1_347' title='bbox 720 3830 739 3859; x_wconf 89' lang='lat'><strong>,</strong></span> <span class='ocrx_word' id='word_1_348' title='bbox 768 3808 871 3846; x_wconf 90' lang='lat' dir='ltr'><strong>non</strong></span> <span class='ocrx_word' id='word_1_349' title='bbox 912 3792 1125 3862; x_wconf 85' lang='lat' dir='ltr'><strong>superbe</strong></span> <span class='ocrx_word' id='word_1_350' title='bbox 1161 3807 1337 3861; x_wconf 84' lang='lat' dir='ltr'><strong>sapere</strong></span> <span class='ocrx_word' id='word_1_351' title='bbox 1353 3833 1367 3856; x_wconf 92' lang='lat'><strong>,</strong></span> <span class='ocrx_word' id='word_1_352' title='bbox 1402 3808 1559 3862; x_wconf 86' lang='lat' dir='ltr'><strong>neque</strong></span> <span class='ocrx_word' id='word_1_353' title='bbox 1598 3809 1803 3863; x_wconf 85' lang='lat' dir='ltr'><strong>sperare</strong></span> <span class='ocrx_word' id='word_1_354' title='bbox 1843 3795 1895 3849; x_wconf 87' lang='lat' dir='ltr'><strong>in</strong></span> <span class='ocrx_word' id='word_1_355' title='bbox 1929 3796 2118 3851; x_wconf 87' lang='lat' dir='ltr'><strong>incerto</strong></span> 
     </span>
    </p>
   </div>
   <div class='ocr_carea' id='block_1_39' title="bbox 531 3881 2118 3956">
    <p class='ocr_par' dir='ltr' id='par_1_39' title="bbox 531 3881 2118 3956">
     <span class='ocr_line' id='line_1_39' title="bbox 531 3881 2118 3956; baseline 0.003 -18"><span class='ocrx_word' id='word_1_356' title='bbox 531 3883 859 3949; x_wconf 79' lang='lat' dir='ltr'><strong>diuitiarum;</strong></span> <span class='ocrx_word' id='word_1_357' title='bbox 895 3882 985 3937; x_wconf 86' lang='lat' dir='ltr'><strong>sed</strong></span> <span class='ocrx_word' id='word_1_358' title='bbox 1010 3883 1063 3936; x_wconf 88' lang='lat' dir='ltr'><strong>in</strong></span> <span class='ocrx_word' id='word_1_359' title='bbox 1105 3881 1212 3936; x_wconf 88' lang='lat' dir='ltr'><strong>Deo</strong></span> <span class='ocrx_word' id='word_1_360' title='bbox 1237 3882 1366 3946; x_wconf 81' lang='lat' dir='ltr'><strong>uiuo,</strong></span> <span class='ocrx_word' id='word_1_361' title='bbox 1409 3884 1494 3954; x_wconf 86' lang='lat' dir='ltr'><strong>qui</strong></span> <span class='ocrx_word' id='word_1_362' title='bbox 1531 3894 1737 3956; x_wconf 76' lang='lat' dir='ltr'><strong>priestat</strong></span> <span class='ocrx_word' id='word_1_363' title='bbox 1765 3887 1905 3940; x_wconf 88' lang='lat' dir='ltr'><strong>nobis</strong></span> <span class='ocrx_word' id='word_1_364' title='bbox 1947 3888 2118 3942; x_wconf 85' lang='lat' dir='ltr'><strong>omnia</strong></span> 
     </span>
    </p>
   </div>
   <div class='ocr_carea' id='block_1_40' title="bbox 530 3974 2115 4047">
    <p class='ocr_par' dir='ltr' id='par_1_40' title="bbox 530 3974 2115 4047">
     <span class='ocr_line' id='line_1_40' title="bbox 530 3974 2115 4047; baseline 0.002 -17"><span class='ocrx_word' id='word_1_365' title='bbox 530 3975 847 4030; x_wconf 82' lang='lat' dir='ltr'><strong>abundanter</strong></span> <span class='ocrx_word' id='word_1_366' title='bbox 868 3974 938 4029; x_wconf 86' lang='lat' dir='ltr'><strong>ad</strong></span> <span class='ocrx_word' id='word_1_367' title='bbox 973 3974 1245 4044; x_wconf 77' lang='lat' dir='ltr'><strong>fruendum</strong></span> <span class='ocrx_word' id='word_1_368' title='bbox 1266 3990 1285 4029; x_wconf 91' lang='lat'><strong>:</strong></span> <span class='ocrx_word' id='word_1_369' title='bbox 1330 3974 1453 4029; x_wconf 82' lang='lat' dir='ltr'><strong>bene</strong></span> <span class='ocrx_word' id='word_1_370' title='bbox 1478 3976 1668 4047; x_wconf 84' lang='lat' dir='ltr'><strong>faciant</strong></span> <span class='ocrx_word' id='word_1_371' title='bbox 1691 4017 1705 4042; x_wconf 93' lang='lat'><strong>,</strong></span> <span class='ocrx_word' id='word_1_372' title='bbox 1740 3976 1916 4032; x_wconf 77' lang='lat' dir='ltr'><strong>divites</strong></span> <span class='ocrx_word' id='word_1_373' title='bbox 1933 3979 2033 4032; x_wconf 90' lang='lat' dir='ltr'><strong>sint</strong></span> <span class='ocrx_word' id='word_1_374' title='bbox 2062 3979 2115 4033; x_wconf 88' lang='lat' dir='ltr'><strong>in</strong></span> 
     </span>
    </p>
   </div>
   <div class='ocr_carea' id='block_1_41' title="bbox 529 4066 2113 4142">
    <p class='ocr_par' dir='ltr' id='par_1_41' title="bbox 529 4066 2113 4142">
     <span class='ocr_line' id='line_1_41' title="bbox 529 4066 2113 4142; baseline 0.002 -19"><span class='ocrx_word' id='word_1_375' title='bbox 529 4066 761 4140; x_wconf 85' lang='lat' dir='ltr'><strong>aperibus</strong></span> <span class='ocrx_word' id='word_1_376' title='bbox 801 4066 973 4132; x_wconf 87' lang='lat' dir='ltr'><strong>bonis,</strong></span> <span class='ocrx_word' id='word_1_377' title='bbox 1019 4067 1169 4138; x_wconf 70' lang='lat' dir='ltr'><strong>facile</strong></span> <span class='ocrx_word' id='word_1_378' title='bbox 1197 4067 1450 4129; x_wconf 85' lang='lat' dir='ltr'><strong>tribuant,</strong></span> <span class='ocrx_word' id='word_1_379' title='bbox 1501 4070 1882 4124; x_wconf 83' lang='lat' dir='ltr'><strong>communicent.</strong></span> <span class='ocrx_word' id='word_1_380' title='bbox 1916 4070 2113 4142; x_wconf 88' lang='lat' dir='ltr'><strong>thuid</strong></span> 
     </span>
    </p>
   </div>
   <div class='ocr_carea' id='block_1_42' title="bbox 526 4160 2133 4233">
    <p class='ocr_par' dir='ltr' id='par_1_42' title="bbox 526 4160 2133 4233">
     <span class='ocr_line' id='line_1_42' title="bbox 526 4160 2133 4233; baseline 0.001 -16"><span class='ocrx_word' id='word_1_381' title='bbox 526 4161 676 4219; x_wconf 83' lang='lat' dir='ltr'><strong>hoc?</strong></span> <span class='ocrx_word' id='word_1_382' title='bbox 719 4161 854 4217; x_wconf 84' lang='lat' dir='ltr'><strong>Audi</strong></span> <span class='ocrx_word' id='word_1_383' title='bbox 891 4162 1035 4232; x_wconf 89' lang='lat' dir='ltr'><strong>quod</strong></span> <span class='ocrx_word' id='word_1_384' title='bbox 1072 4161 1353 4232; x_wconf 88' lang='lat' dir='ltr'><strong>sequitur:</strong></span> <span class='ocrx_word' id='word_1_385' title='bbox 1403 4160 1759 4217; x_wconf 80' lang='lat' dir='ltr'><strong>Thesaurizent</strong></span> <span class='ocrx_word' id='word_1_386' title='bbox 1797 4163 1890 4218; x_wconf 84' lang='lat' dir='ltr'><strong>sibi</strong></span> <span class='ocrx_word' id='word_1_387' title='bbox 1920 4165 2133 4233; x_wconf 76' lang='lat' dir='ltr'><strong>funda-‘</strong></span> 
     </span>
    </p>
   </div>
   <div class='ocr_carea' id='block_1_43' title="bbox 527 4254 2111 4324">
    <p class='ocr_par' dir='ltr' id='par_1_43' title="bbox 527 4254 2111 4324">
     <span class='ocr_line' id='line_1_43' title="bbox 527 4254 2111 4324; baseline 0.001 -16"><span class='ocrx_word' id='word_1_388' title='bbox 527 4265 750 4311; x_wconf 88' lang='lat' dir='ltr'><strong>mentum</strong></span> <span class='ocrx_word' id='word_1_389' title='bbox 792 4255 973 4309; x_wconf 88' lang='lat' dir='ltr'><strong>bonunt</strong></span> <span class='ocrx_word' id='word_1_390' title='bbox 1015 4254 1068 4308; x_wconf 90' lang='lat' dir='ltr'><strong>in</strong></span> <span class='ocrx_word' id='word_1_391' title='bbox 1116 4254 1376 4323; x_wconf 79' lang='lat' dir='ltr'><strong>futurum,</strong></span> <span class='ocrx_word' id='word_1_392' title='bbox 1423 4265 1477 4307; x_wconf 89' lang='lat' dir='ltr'><strong>ut</strong></span> <span class='ocrx_word' id='word_1_393' title='bbox 1522 4255 1903 4324; x_wconf 84' lang='lat' dir='ltr'><strong>apprehendant</strong></span> <span class='ocrx_word' id='word_1_394' title='bbox 1948 4272 2111 4310; x_wconf 85' lang='lat' dir='ltr'><strong>veram</strong></span> 
     </span>
    </p>
   </div>
   <div class='ocr_carea' id='block_1_44' title="bbox 524 4345 2113 4418">
    <p class='ocr_par' dir='ltr' id='par_1_44' title="bbox 524 4345 2113 4418">
     <span class='ocr_line' id='line_1_44' title="bbox 524 4345 2113 4418; baseline 0.001 -16"><span class='ocrx_word' id='word_1_395' title='bbox 524 4348 678 4402; x_wconf 79' lang='lat' dir='ltr'><strong>vitam</strong></span> <span class='ocrx_word' id='word_1_396' title='bbox 708 4346 769 4418; x_wconf 92' lang='lat' dir='ltr'><strong>(l</strong></span> <span class='ocrx_word' id='word_1_397' title='bbox 794 4345 925 4401; x_wconf 88' lang='lat' dir='ltr'><strong>Tim.</strong></span> <span class='ocrx_word' id='word_1_398' title='bbox 956 4363 1041 4413; x_wconf 83' lang='lat' dir='ltr'><strong>vr,</strong></span> <span class='ocrx_word' id='word_1_399' title='bbox 1067 4347 1233 4402; x_wconf 85' lang='lat' dir='ltr'><strong>l7-l9</strong></span> <span class='ocrx_word' id='word_1_400' title='bbox 1255 4347 1297 4417; x_wconf 93' lang='lat'><strong>).</strong></span> <span class='ocrx_word' id='word_1_401' title='bbox 1324 4346 1378 4401; x_wconf 90' lang='lat' dir='ltr'><strong>Si</strong></span> <span class='ocrx_word' id='word_1_402' title='bbox 1404 4346 1601 4402; x_wconf 79' lang='lat' dir='ltr'><strong>debent</strong></span> <span class='ocrx_word' id='word_1_403' title='bbox 1622 4348 1720 4402; x_wconf 85' lang='lat' dir='ltr'><strong>sibi</strong></span> <span class='ocrx_word' id='word_1_404' title='bbox 1753 4349 2113 4405; x_wconf 81' lang='lat' dir='ltr'><strong>thesaurizare</strong></span> 
     </span>
    </p>
   </div>
   <div class='ocr_carea' id='block_1_45' title="bbox 525 4437 2112 4508">
    <p class='ocr_par' dir='ltr' id='par_1_45' title="bbox 525 4437 2112 4508">
     <span class='ocr_line' id='line_1_45' title="bbox 525 4437 2112 4508; baseline 0.003 -17"><span class='ocrx_word' id='word_1_405' title='bbox 525 4438 926 4492; x_wconf 79' lang='lat' dir='ltr'><strong>fundamentum</strong></span> <span class='ocrx_word' id='word_1_406' title='bbox 975 4437 1170 4491; x_wconf 89' lang='lat' dir='ltr'><strong>bonum</strong></span> <span class='ocrx_word' id='word_1_407' title='bbox 1203 4437 1254 4491; x_wconf 91' lang='lat' dir='ltr'><strong>in</strong></span> <span class='ocrx_word' id='word_1_408' title='bbox 1302 4438 1569 4502; x_wconf 76' lang='lat' dir='ltr'><strong>futurum,</strong></span> <span class='ocrx_word' id='word_1_409' title='bbox 1604 4447 1661 4491; x_wconf 92' lang='lat' dir='ltr'><strong>ut</strong></span> <span class='ocrx_word' id='word_1_410' title='bbox 1711 4439 2112 4508; x_wconf 84' lang='lat' dir='ltr'><strong>apprehendant</strong></span> 
     </span>
    </p>
   </div>
   <div class='ocr_carea' id='block_1_46' title="bbox 524 4528 2108 4600">
    <p class='ocr_par' dir='ltr' id='par_1_46' title="bbox 524 4528 2108 4600">
     <span class='ocr_line' id='line_1_46' title="bbox 524 4528 2108 4600; baseline 0.002 -18"><span class='ocrx_word' id='word_1_411' title='bbox 524 4546 705 4587; x_wconf 87' lang='lat' dir='ltr'><strong>veram</strong></span> <span class='ocrx_word' id='word_1_412' title='bbox 732 4529 922 4596; x_wconf 90' lang='lat' dir='ltr'><strong>vitam;</strong></span> <span class='ocrx_word' id='word_1_413' title='bbox 967 4529 1206 4599; x_wconf 83' lang='lat' dir='ltr'><strong>profecto</strong></span> <span class='ocrx_word' id='word_1_414' title='bbox 1237 4529 1334 4582; x_wconf 87' lang='lat' dir='ltr'><strong>ista</strong></span> <span class='ocrx_word' id='word_1_415' title='bbox 1372 4528 1424 4582; x_wconf 92' lang='lat' dir='ltr'><strong>in</strong></span> <span class='ocrx_word' id='word_1_416' title='bbox 1465 4545 1568 4600; x_wconf 88' lang='lat' dir='ltr'><strong>qua</strong></span> <span class='ocrx_word' id='word_1_417' title='bbox 1608 4539 1791 4595; x_wconf 82' lang='lat' dir='ltr'><strong>erant,</strong></span> <span class='ocrx_word' id='word_1_418' title='bbox 1842 4530 1973 4585; x_wconf 83' lang='lat' dir='ltr'><strong>falsa</strong></span> <span class='ocrx_word' id='word_1_419' title='bbox 2002 4532 2108 4586; x_wconf 91' lang='lat' dir='ltr'><strong>vita</strong></span> 
     </span>
    </p>
   </div>
   <div class='ocr_carea' id='block_1_47' title="bbox 524 4618 2110 4691">
    <p class='ocr_par' dir='ltr' id='par_1_47' title="bbox 524 4618 2110 4691">
     <span class='ocr_line' id='line_1_47' title="bbox 524 4618 2110 4691; baseline -0.001 -14"><span class='ocrx_word' id='word_1_420' title='bbox 524 4630 625 4677; x_wconf 88' lang='lat' dir='ltr'><strong>est.</strong></span> <span class='ocrx_word' id='word_1_421' title='bbox 667 4618 800 4675; x_wconf 87' lang='lat' dir='ltr'><strong>Nam</strong></span> <span class='ocrx_word' id='word_1_422' title='bbox 846 4619 1025 4689; x_wconf 88' lang='lat' dir='ltr'><strong>utquid</strong></span> <span class='ocrx_word' id='word_1_423' title='bbox 1057 4619 1188 4674; x_wconf 89' lang='lat' dir='ltr'><strong>velis</strong></span> <span class='ocrx_word' id='word_1_424' title='bbox 1229 4618 1632 4688; x_wconf 86' lang='lat' dir='ltr'><strong>apprehendere</strong></span> <span class='ocrx_word' id='word_1_425' title='bbox 1678 4636 1886 4683; x_wconf 80' lang='lat' dir='ltr'><strong>veram,</strong></span> <span class='ocrx_word' id='word_1_426' title='bbox 1914 4621 1959 4675; x_wconf 86' lang='lat' dir='ltr'><strong>si</strong></span> <span class='ocrx_word' id='word_1_427' title='bbox 1996 4621 2110 4691; x_wconf 87' lang='lat' dir='ltr'><strong>jam</strong></span> 
     </span>
    </p>
   </div>
   <div class='ocr_carea' id='block_1_48' title="bbox 522 4709 2106 4782">
    <p class='ocr_par' dir='ltr' id='par_1_48' title="bbox 522 4709 2106 4782">
     <span class='ocr_line' id='line_1_48' title="bbox 522 4709 2106 4782; baseline 0.002 -14"><span class='ocrx_word' id='word_1_428' title='bbox 522 4722 676 4769; x_wconf 88' lang='lat' dir='ltr'><strong>tenes</strong></span> <span class='ocrx_word' id='word_1_429' title='bbox 699 4711 914 4767; x_wconf 87' lang='lat' dir='ltr'><strong>veram?</strong></span> <span class='ocrx_word' id='word_1_430' title='bbox 956 4709 1414 4782; x_wconf 88' lang='lat' dir='ltr'><strong>Apprcheudenda</strong></span> <span class='ocrx_word' id='word_1_431' title='bbox 1453 4719 1535 4765; x_wconf 88' lang='lat' dir='ltr'><strong>est</strong></span> <span class='ocrx_word' id='word_1_432' title='bbox 1579 4711 1739 4765; x_wconf 86' lang='lat' dir='ltr'><strong>vera?</strong></span> <span class='ocrx_word' id='word_1_433' title='bbox 1776 4712 2106 4782; x_wconf 80' lang='lat' dir='ltr'><strong>migrandum</strong></span> 
     </span>
    </p>
   </div>
   <div class='ocr_carea' id='block_1_49' title="bbox 497 4802 2104 4877">
    <p class='ocr_par' dir='ltr' id='par_1_49' title="bbox 497 4802 2104 4877">
     <span class='ocr_line' id='line_1_49' title="bbox 497 4802 2104 4877; baseline 0.001 -15"><span class='ocrx_word' id='word_1_434' title='bbox 497 4813 605 4871; x_wconf 58' lang='lat' dir='ltr'><strong>{est</strong></span> <span class='ocrx_word' id='word_1_435' title='bbox 628 4820 660 4860; x_wconf 92' lang='lat' dir='ltr'><strong>a</strong></span> <span class='ocrx_word' id='word_1_436' title='bbox 691 4804 840 4859; x_wconf 77' lang='lat' dir='ltr'><strong>falsa.</strong></span> <span class='ocrx_word' id='word_1_437' title='bbox 871 4804 939 4859; x_wconf 83' lang='lat' dir='ltr'><strong>Et</strong></span> <span class='ocrx_word' id='word_1_438' title='bbox 979 4819 1081 4877; x_wconf 89' lang='lat' dir='ltr'><strong>qua</strong></span> <span class='ocrx_word' id='word_1_439' title='bbox 1111 4802 1484 4875; x_wconf 79' lang='lat' dir='ltr'><strong>migrandum?</strong></span> <span class='ocrx_word' id='word_1_440' title='bbox 1523 4804 1670 4874; x_wconf 87' lang='lat' dir='ltr'><strong>quo?</strong></span> <span class='ocrx_word' id='word_1_441' title='bbox 1700 4804 1864 4869; x_wconf 79' lang='lat' dir='ltr'><strong>Audi,</strong></span> <span class='ocrx_word' id='word_1_442' title='bbox 1909 4807 2104 4875; x_wconf 88' lang='lat' dir='ltr'><strong>crede;</strong></span> 
     </span>
    </p>
   </div>
   <div class='ocr_carea' id='block_1_50' title="bbox 526 4894 2104 4967">
    <p class='ocr_par' dir='ltr' id='par_1_50' title="bbox 526 4894 2104 4967">
     <span class='ocr_line' id='line_1_50' title="bbox 526 4894 2104 4967; baseline 0.004 -17"><span class='ocrx_word' id='word_1_443' title='bbox 526 4909 566 4950; x_wconf 73' lang='grc' dir='ltr'><strong>ιι</strong></span> <span class='ocrx_word' id='word_1_444' title='bbox 603 4896 882 4952; x_wconf 89' lang='lat' dir='ltr'><strong>transitum</strong></span> <span class='ocrx_word' id='word_1_445' title='bbox 913 4894 1045 4952; x_wconf 81' lang='lat' dir='ltr'><strong>facis</strong></span> <span class='ocrx_word' id='word_1_446' title='bbox 1072 4911 1103 4950; x_wconf 90' lang='lat' dir='ltr'><strong>a</strong></span> <span class='ocrx_word' id='word_1_447' title='bbox 1133 4904 1305 4951; x_wconf 90' lang='lat' dir='ltr'><strong>morte</strong></span> <span class='ocrx_word' id='word_1_448' title='bbox 1345 4895 1412 4951; x_wconf 91' lang='lat' dir='ltr'><strong>ad</strong></span> <span class='ocrx_word' id='word_1_449' title='bbox 1443 4896 1634 4963; x_wconf 86' lang='lat' dir='ltr'><strong>vitam,</strong></span> <span class='ocrx_word' id='word_1_450' title='bbox 1672 4904 1725 4952; x_wconf 88' lang='lat' dir='ltr'><strong>et</strong></span> <span class='ocrx_word' id='word_1_451' title='bbox 1768 4898 1817 4951; x_wconf 92' lang='lat' dir='ltr'><strong>iu</strong></span> <span class='ocrx_word' id='word_1_452' title='bbox 1847 4898 2104 4967; x_wconf 87' lang='lat' dir='ltr'><strong>judicium</strong></span> 
     </span>
    </p>
   </div>
   <div class='ocr_carea' id='block_1_51' title="bbox 540 5005 829 5045">
    <p class='ocr_par' dir='ltr' id='par_1_51' title="bbox 540 5005 829 5045">
     <span class='ocr_line' id='line_1_51' title="bbox 540 5005 829 5045; baseline 0.007 -4"><span class='ocrx_word' id='word_1_453' title='bbox 540 5007 622 5045; x_wconf 54' lang='lat' dir='ltr'><strong>un</strong></span> <span class='ocrx_word' id='word_1_454' title='bbox 659 5005 829 5045; x_wconf 74' lang='grc' dir='ltr'><strong>νθιιιε.</strong></span> 
     </span>
    </p>
   </div>
   <div class='ocr_carea' id='block_1_52' title="bbox 510 4961 2105 5156">
    <p class='ocr_par' dir='ltr' id='par_1_52' title="bbox 510 4961 2105 5156">
     <span class='ocr_line' id='line_1_52' title="bbox 540 5005 829 5045; baseline -0.007 0"><span class='ocrx_word' id='word_1_455' title='bbox 540 5007 622 5045; x_wconf 47' lang='lat' dir='ltr'><strong>an</strong></span> <span class='ocrx_word' id='word_1_456' title='bbox 659 5005 829 5045; x_wconf 84' lang='lat' dir='ltr'><strong>venis.</strong></span> 
     </span>
     <span class='ocr_line' id='line_1_53' title="bbox 510 4961 2105 5156; baseline 0.003 -21"><span class='ocrx_word' id='word_1_457' title='bbox 510 4961 526 5061; x_wconf 58' lang='lat'><strong><em>’</em></strong></span> <span class='ocrx_word' id='word_1_458' title='bbox 583 5082 637 5135; x_wconf 75' lang='lat'><strong>4.</strong></span> <span class='ocrx_word' id='word_1_459' title='bbox 687 5079 825 5148; x_wconf 87' lang='lat' dir='ltr'><strong>Quid</strong></span> <span class='ocrx_word' id='word_1_460' title='bbox 854 5078 1087 5145; x_wconf 89' lang='lat' dir='ltr'><strong>esthoc,</strong></span> <span class='ocrx_word' id='word_1_461' title='bbox 1114 5079 1179 5137; x_wconf 85' lang='lat' dir='ltr'><strong>Et</strong></span> <span class='ocrx_word' id='word_1_462' title='bbox 1201 5079 1251 5133; x_wconf 90' lang='lat' dir='ltr'><strong>in</strong></span> <span class='ocrx_word' id='word_1_463' title='bbox 1268 5078 1525 5148; x_wconf 89' lang='lat' dir='ltr'><strong>judicium</strong></span> <span class='ocrx_word' id='word_1_464' title='bbox 1553 5096 1656 5134; x_wconf 86' lang='lat' dir='ltr'><strong>non</strong></span> <span class='ocrx_word' id='word_1_465' title='bbox 1681 5080 1870 5137; x_wconf 87' lang='lat' dir='ltr'><strong>venis?</strong></span> <span class='ocrx_word' id='word_1_466' title='bbox 1892 5082 1960 5138; x_wconf 86' lang='lat' dir='ltr'><strong>Et</strong></span> <span class='ocrx_word' id='word_1_467' title='bbox 1986 5086 2105 5156; x_wconf 90' lang='lat' dir='ltr'><strong>quis</strong></span> 
     </span>
    </p>
   </div>
   <div class='ocr_carea' id='block_1_53' title="bbox 516 5170 2106 5244">
    <p class='ocr_par' dir='ltr' id='par_1_53' title="bbox 516 5170 2106 5244">
     <span class='ocr_line' id='line_1_54' title="bbox 516 5170 2106 5244; baseline 0.005 -21"><span class='ocrx_word' id='word_1_468' title='bbox 516 5170 634 5225; x_wconf 80' lang='lat' dir='ltr'><strong>meli</strong></span> <span class='ocrx_word' id='word_1_469' title='bbox 647 5186 710 5226; x_wconf 92' lang='lat' dir='ltr'><strong>or</strong></span> <span class='ocrx_word' id='word_1_470' title='bbox 734 5171 839 5227; x_wconf 91' lang='lat' dir='ltr'><strong>erit</strong></span> <span class='ocrx_word' id='word_1_471' title='bbox 865 5171 1028 5226; x_wconf 89' lang='lat' dir='ltr'><strong>Paulo</strong></span> <span class='ocrx_word' id='word_1_472' title='bbox 1054 5171 1295 5242; x_wconf 86' lang='lat' dir='ltr'><strong>apostolo</strong></span> <span class='ocrx_word' id='word_1_473' title='bbox 1315 5213 1328 5235; x_wconf 92' lang='lat'><strong>,</strong></span> <span class='ocrx_word' id='word_1_474' title='bbox 1357 5172 1444 5241; x_wconf 89' lang='lat' dir='ltr'><strong>qui</strong></span> <span class='ocrx_word' id='word_1_475' title='bbox 1470 5172 1543 5226; x_wconf 90' lang='lat' dir='ltr'><strong>ait</strong></span> <span class='ocrx_word' id='word_1_476' title='bbox 1569 5191 1581 5227; x_wconf 93' lang='lat'><strong>:</strong></span> <span class='ocrx_word' id='word_1_477' title='bbox 1614 5172 1821 5244; x_wconf 77' lang='lat' dir='ltr'><strong>Oportet</strong></span> <span class='ocrx_word' id='word_1_478' title='bbox 1849 5193 1940 5231; x_wconf 82' lang='lat' dir='ltr'><strong>nos</strong></span> <span class='ocrx_word' id='word_1_479' title='bbox 1961 5178 2106 5231; x_wconf 75' lang='lat' dir='ltr'><strong>exhi-</strong></span> 
     </span>
    </p>
   </div>
   <div class='ocr_carea' id='block_1_54' title="bbox 513 5263 2101 5337">
    <p class='ocr_par' dir='ltr' id='par_1_54' title="bbox 513 5263 2101 5337">
     <span class='ocr_line' id='line_1_55' title="bbox 513 5263 2101 5337; baseline 0.003 -18"><span class='ocrx_word' id='word_1_480' title='bbox 513 5263 613 5319; x_wconf 79' lang='lat' dir='ltr'><strong>beri</strong></span> <span class='ocrx_word' id='word_1_481' title='bbox 650 5280 823 5318; x_wconf 87' lang='lat' dir='ltr'><strong>omnes</strong></span> <span class='ocrx_word' id='word_1_482' title='bbox 858 5274 974 5317; x_wconf 86' lang='lat' dir='ltr'><strong>ante</strong></span> <span class='ocrx_word' id='word_1_483' title='bbox 997 5264 1217 5317; x_wconf 85' lang='lat' dir='ltr'><strong>tribunal</strong></span> <span class='ocrx_word' id='word_1_484' title='bbox 1246 5263 1466 5328; x_wconf 81' lang='lat' dir='ltr'><strong>Christi,</strong></span> <span class='ocrx_word' id='word_1_485' title='bbox 1496 5273 1551 5319; x_wconf 87' lang='lat' dir='ltr'><strong>ut</strong></span> <span class='ocrx_word' id='word_1_486' title='bbox 1578 5265 1680 5319; x_wconf 85' lang='lat' dir='ltr'><strong>illic</strong></span> <span class='ocrx_word' id='word_1_487' title='bbox 1708 5268 1915 5337; x_wconf 79' lang='lat' dir='ltr'><strong>recipiat</strong></span> <span class='ocrx_word' id='word_1_488' title='bbox 1944 5285 2101 5324; x_wconf 86' lang='lat' dir='ltr'><strong>unus-</strong></span> 
     </span>
    </p>
   </div>
   <div class='ocr_carea' id='block_1_55' title="bbox 505 5356 2101 5427">
    <p class='ocr_par' dir='ltr' id='par_1_55' title="bbox 505 5356 2101 5427">
     <span class='ocr_line' id='line_1_56' title="bbox 505 5356 2101 5427; baseline 0.004 -19"><span class='ocrx_word' id='word_1_489' title='bbox 505 5357 591 5425; x_wconf 68' lang='lat' dir='ltr'><strong>qui</strong></span> <span class='ocrx_word' id='word_1_490' title='bbox 606 5372 728 5426; x_wconf 88' lang='lat' dir='ltr'><strong>sque</strong></span> <span class='ocrx_word' id='word_1_491' title='bbox 759 5372 872 5426; x_wconf 75' lang='lat' dir='ltr'><strong>qua:</strong></span> <span class='ocrx_word' id='word_1_492' title='bbox 899 5372 989 5425; x_wconf 86' lang='lat' dir='ltr'><strong>per</strong></span> <span class='ocrx_word' id='word_1_493' title='bbox 1011 5372 1191 5425; x_wconf 84' lang='lat' dir='ltr'><strong>corpus</strong></span> <span class='ocrx_word' id='word_1_494' title='bbox 1213 5356 1361 5427; x_wconf 81' lang='lat' dir='ltr'><strong>gessit</strong></span> <span class='ocrx_word' id='word_1_495' title='bbox 1385 5400 1398 5417; x_wconf 87' lang='lat'><strong>,</strong></span> <span class='ocrx_word' id='word_1_496' title='bbox 1431 5359 1533 5412; x_wconf 87' lang='lat' dir='ltr'><strong>sire</strong></span> <span class='ocrx_word' id='word_1_497' title='bbox 1566 5358 1751 5413; x_wconf 88' lang='lat' dir='ltr'><strong>bonum</strong></span> <span class='ocrx_word' id='word_1_498' title='bbox 1776 5362 1876 5414; x_wconf 85' lang='lat' dir='ltr'><strong>sive</strong></span> <span class='ocrx_word' id='word_1_499' title='bbox 1913 5361 2101 5415; x_wconf 91' lang='lat' dir='ltr'><strong>malum</strong></span> 
     </span>
    </p>
   </div>
   <div class='ocr_carea' id='block_1_56' title="bbox 508 5447 2103 5521">
    <p class='ocr_par' dir='ltr' id='par_1_56' title="bbox 508 5447 2103 5521">
     <span class='ocr_line' id='line_1_57' title="bbox 508 5447 2103 5521; baseline 0.003 -17"><span class='ocrx_word' id='word_1_500' title='bbox 508 5448 571 5519; x_wconf 67' lang='lat' dir='ltr'><strong>(ll</strong></span> <span class='ocrx_word' id='word_1_501' title='bbox 609 5447 729 5505; x_wconf 87' lang='lat' dir='ltr'><strong>Cor.</strong></span> <span class='ocrx_word' id='word_1_502' title='bbox 758 5465 821 5513; x_wconf 81' lang='grc' dir='ltr'><strong>ν,</strong></span> <span class='ocrx_word' id='word_1_503' title='bbox 854 5447 991 5520; x_wconf 74' lang='lat'><strong>10)?</strong></span> <span class='ocrx_word' id='word_1_504' title='bbox 1032 5448 1227 5503; x_wconf 87' lang='lat' dir='ltr'><strong>Paulus</strong></span> <span class='ocrx_word' id='word_1_505' title='bbox 1272 5448 1429 5513; x_wconf 89' lang='lat' dir='ltr'><strong>dicit,</strong></span> <span class='ocrx_word' id='word_1_506' title='bbox 1485 5448 1693 5521; x_wconf 83' lang='lat' dir='ltr'><strong>Oportet</strong></span> <span class='ocrx_word' id='word_1_507' title='bbox 1740 5468 1830 5506; x_wconf 86' lang='lat' dir='ltr'><strong>nos</strong></span> <span class='ocrx_word' id='word_1_508' title='bbox 1878 5451 2103 5508; x_wconf 71' lang='lat' dir='ltr'><strong>exhiberi</strong></span> 
     </span>
    </p>
   </div>
   <div class='ocr_carea' id='block_1_57' title="bbox 506 5539 2097 5614">
    <p class='ocr_par' dir='ltr' id='par_1_57' title="bbox 506 5539 2097 5614">
     <span class='ocr_line' id='line_1_58' title="bbox 506 5539 2097 5614; baseline 0.004 -20"><span class='ocrx_word' id='word_1_509' title='bbox 506 5558 686 5596; x_wconf 85' lang='lat' dir='ltr'><strong>omnes</strong></span> <span class='ocrx_word' id='word_1_510' title='bbox 706 5551 824 5595; x_wconf 86' lang='lat' dir='ltr'><strong>ante</strong></span> <span class='ocrx_word' id='word_1_511' title='bbox 862 5540 1081 5595; x_wconf 83' lang='lat' dir='ltr'><strong>tribunal</strong></span> <span class='ocrx_word' id='word_1_512' title='bbox 1108 5539 1337 5604; x_wconf 83' lang='lat' dir='ltr'><strong>Christi;</strong></span> <span class='ocrx_word' id='word_1_513' title='bbox 1365 5551 1419 5597; x_wconf 89' lang='lat' dir='ltr'><strong>et</strong></span> <span class='ocrx_word' id='word_1_514' title='bbox 1454 5550 1509 5595; x_wconf 90' lang='lat' dir='ltr'><strong>tu</strong></span> <span class='ocrx_word' id='word_1_515' title='bbox 1540 5542 1631 5597; x_wconf 89' lang='lat' dir='ltr'><strong>tibi</strong></span> <span class='ocrx_word' id='word_1_516' title='bbox 1671 5543 1835 5599; x_wconf 84' lang='lat' dir='ltr'><strong>audes</strong></span> <span class='ocrx_word' id='word_1_517' title='bbox 1876 5544 2097 5614; x_wconf 87' lang='lat' dir='ltr'><strong>promit-</strong></span> 
     </span>
    </p>
   </div>
   <div class='ocr_carea' id='block_1_58' title="bbox 579 5696 2097 5774">
    <p class='ocr_par' dir='ltr' id='par_1_58' title="bbox 579 5696 2097 5774">
     <span class='ocr_line' id='line_1_59' title="bbox 579 5696 2097 5774; baseline 0.001 0"><span class='ocrx_word' id='word_1_518' title='bbox 579 5696 738 5774; x_wconf 52' lang='lat' dir='ltr'><strong>tet?“</strong></span> <span class='ocrx_word' id='word_1_519' title='bbox 758 5712 772 5774; x_wconf 67' lang='grc' dir='ltr'>ξ</span> <span class='ocrx_word' id='word_1_520' title='bbox 792 5696 1073 5774; x_wconf 47' lang='lat' dir='ltr'><strong>arma!!!&quot;</strong></span> <span class='ocrx_word' id='word_1_521' title='bbox 1089 5698 1374 5774; x_wconf 46' lang='lat' dir='ltr'><strong>recitem</strong></span> <span class='ocrx_word' id='word_1_522' title='bbox 1394 5701 1576 5774; x_wconf 68' lang='grc' dir='ltr'><strong>ςονάίδν</strong></span> <span class='ocrx_word' id='word_1_523' title='bbox 1597 5714 1692 5774; x_wconf 65' lang='lat' dir='ltr'><strong>non</strong></span> <span class='ocrx_word' id='word_1_524' title='bbox 1712 5712 1844 5756; x_wconf 81' lang='grc' dir='ltr'><strong>ηιοειι</strong></span> <span class='ocrx_word' id='word_1_525' title='bbox 1864 5709 2097 5774; x_wconf 68' lang='lat' dir='ltr'><strong>carpam.</strong></span> 
     </span>
    </p>
   </div>
   <div class='ocr_carea' id='block_1_59' title="bbox 517 5757 2101 5873">
    <p class='ocr_par' dir='ltr' id='par_1_59' title="bbox 517 5757 2101 5873">
     <span class='ocr_line' id='line_1_60' title="bbox 517 5757 2101 5873; baseline 0.012 -65"><span class='ocrx_word' id='word_1_526' title='bbox 517 5757 916 5873; x_wconf 43' lang='lat' dir='ltr'><strong>wwwtius.</strong></span> <span class='ocrx_word' id='word_1_527' title='bbox 934 5767 988 5811; x_wconf 80' lang='grc' dir='ltr'><strong>Αι</strong></span> <span class='ocrx_word' id='word_1_528' title='bbox 1010 5757 1134 5816; x_wconf 59' lang='lat' dir='ltr'><strong>uss.</strong></span> <span class='ocrx_word' id='word_1_529' title='bbox 1156 5764 1282 5812; x_wconf 85' lang='lat' dir='ltr'><strong>moto</strong></span> <span class='ocrx_word' id='word_1_530' title='bbox 1297 5760 1461 5838; x_wconf 85' lang='lat' dir='ltr'><strong>corde,</strong></span> <span class='ocrx_word' id='word_1_531' title='bbox 1481 5757 1575 5816; x_wconf 79' lang='lat' dir='ltr'><strong>non</strong></span> <span class='ocrx_word' id='word_1_532' title='bbox 1595 5772 1720 5817; x_wconf 85' lang='lat' dir='ltr'><strong>moto</strong></span> <span class='ocrx_word' id='word_1_533' title='bbox 1740 5757 2101 5831; x_wconf 73' lang='lat' dir='ltr'><strong>corpore,r</strong></span> 
     </span>
    </p>
   </div>
   <div class='ocr_carea' id='block_1_60' title="bbox 1528 350 2911 427">
    <p class='ocr_par' dir='ltr' id='par_1_60' title="bbox 1528 350 2911 427">
     <span class='ocr_line' id='line_1_61' title="bbox 1528 350 2911 427; baseline 0.009 -16"><span class='ocrx_word' id='word_1_534' title='bbox 1528 355 1597 415; x_wconf 82' lang='lat' dir='ltr'><strong>IN</strong></span> <span class='ocrx_word' id='word_1_535' title='bbox 1621 350 1902 414; x_wconf 79' lang='lat' dir='ltr'><strong>JOANNIS</strong></span> <span class='ocrx_word' id='word_1_536' title='bbox 1929 350 2398 427; x_wconf 75' lang='lat' dir='ltr'><strong>EVANGELIUM,</strong></span> <span class='ocrx_word' id='word_1_537' title='bbox 2438 359 2498 418; x_wconf 88' lang='lat' dir='ltr'><strong>S.</strong></span> <span class='ocrx_word' id='word_1_538' title='bbox 2541 362 2911 425; x_wconf 80' lang='lat' dir='ltr'><strong>AUGUSTlNl</strong></span> 
     </span>
    </p>
   </div>
   <div class='ocr_carea' id='block_1_61' title="bbox 2741 250 2803 258">
    <p class='ocr_par' dir='ltr' id='par_1_61' title="bbox 2741 250 2803 258">
     <span class='ocr_line' id='line_1_62' title="bbox 2741 250 2803 258; baseline -0.016 -1"><span class='ocrx_word' id='word_1_539' title='bbox 2741 250 2803 258; x_wconf 61' lang='grc' dir='ltr'><strong>..ι-</strong></span> 
     </span>
    </p>
   </div>
   <div class='ocr_carea' id='block_1_62' title="bbox 3657 392 3757 453">
    <p class='ocr_par' dir='ltr' id='par_1_62' title="bbox 3657 392 3757 453">
     <span class='ocr_line' id='line_1_63' title="bbox 3657 392 3757 453; baseline 0.05 -5"><span class='ocrx_word' id='word_1_540' title='bbox 3657 392 3757 453; x_wconf 64' lang='grc'><strong>1516</strong></span> 
     </span>
    </p>
   </div>
   <div class='ocr_carea' id='block_1_63' title="bbox 2270 480 3759 575">
    <p class='ocr_par' dir='ltr' id='par_1_63' title="bbox 2270 480 3759 575">
     <span class='ocr_line' id='line_1_64' title="bbox 2270 480 3759 575; baseline 0.022 -47"><span class='ocrx_word' id='word_1_541' title='bbox 2270 482 2386 530; x_wconf 90' lang='lat' dir='ltr'><strong>tere</strong></span> <span class='ocrx_word' id='word_1_542' title='bbox 2409 481 2529 575; x_wconf 75' lang='lat' dir='ltr'><strong>quia</strong></span> <span class='ocrx_word' id='word_1_543' title='bbox 2552 481 2623 575; x_wconf 75' lang='lat' dir='ltr'><strong>in</strong></span> <span class='ocrx_word' id='word_1_544' title='bbox 2662 480 2920 552; x_wconf 91' lang='lat' dir='ltr'><strong>judicium</strong></span> <span class='ocrx_word' id='word_1_545' title='bbox 2950 501 3053 541; x_wconf 90' lang='lat' dir='ltr'><strong>non</strong></span> <span class='ocrx_word' id='word_1_546' title='bbox 3083 488 3296 559; x_wconf 90' lang='lat' dir='ltr'><strong>venies,</strong></span> <span class='ocrx_word' id='word_1_547' title='bbox 3328 494 3493 567; x_wconf 81' lang='lat' dir='ltr'><strong>Absit,</strong></span> <span class='ocrx_word' id='word_1_548' title='bbox 3518 500 3689 575; x_wconf 83' lang='lat' dir='ltr'><strong>inquis,</strong></span> <span class='ocrx_word' id='word_1_549' title='bbox 3717 522 3759 568; x_wconf 72' lang='lat' dir='ltr'><strong>ut</strong></span> 
     </span>
    </p>
   </div>
   <div class='ocr_carea' id='block_1_64' title="bbox 2270 571 3755 665">
    <p class='ocr_par' dir='ltr' id='par_1_64' title="bbox 2270 571 3755 665">
     <span class='ocr_line' id='line_1_65' title="bbox 2270 571 3755 665; baseline 0.017 -45"><span class='ocrx_word' id='word_1_550' title='bbox 2270 582 2369 639; x_wconf 85' lang='lat' dir='ltr'><strong>ego</strong></span> <span class='ocrx_word' id='word_1_551' title='bbox 2388 571 2521 665; x_wconf 78' lang='lat' dir='ltr'><strong>mihi</strong></span> <span class='ocrx_word' id='word_1_552' title='bbox 2551 572 2651 628; x_wconf 90' lang='lat' dir='ltr'><strong>hoc</strong></span> <span class='ocrx_word' id='word_1_553' title='bbox 2680 576 2988 644; x_wconf 83' lang='lat' dir='ltr'><strong>promittere</strong></span> <span class='ocrx_word' id='word_1_554' title='bbox 3013 581 3235 637; x_wconf 84' lang='lat' dir='ltr'><strong>audeam</strong></span> <span class='ocrx_word' id='word_1_555' title='bbox 3269 602 3281 638; x_wconf 91' lang='lat'><strong>:</strong></span> <span class='ocrx_word' id='word_1_556' title='bbox 3312 587 3400 643; x_wconf 83' lang='lat' dir='ltr'><strong>sed</strong></span> <span class='ocrx_word' id='word_1_557' title='bbox 3427 571 3755 665; x_wconf 30' lang='lat' dir='ltr'><strong>credo—proluit.</strong></span> 
     </span>
    </p>
   </div>
   <div class='ocr_carea' id='block_1_65' title="bbox 2271 663 3758 756">
    <p class='ocr_par' dir='ltr' id='par_1_65' title="bbox 2271 663 3758 756">
     <span class='ocr_line' id='line_1_66' title="bbox 2271 663 3758 756; baseline 0.023 -41"><span class='ocrx_word' id='word_1_558' title='bbox 2271 664 2419 717; x_wconf 84' lang='lat' dir='ltr'><strong>lenti.</strong></span> <span class='ocrx_word' id='word_1_559' title='bbox 2451 663 2694 722; x_wconf 76' lang='lat' dir='ltr'><strong>Salvator</strong></span> <span class='ocrx_word' id='word_1_560' title='bbox 2717 669 2948 739; x_wconf 89' lang='lat' dir='ltr'><strong>loquitur</strong></span> <span class='ocrx_word' id='word_1_561' title='bbox 2969 712 2984 737; x_wconf 89' lang='lat'><strong>,</strong></span> <span class='ocrx_word' id='word_1_562' title='bbox 3024 672 3224 730; x_wconf 80' lang='lat' dir='ltr'><strong>Veritas</strong></span> <span class='ocrx_word' id='word_1_563' title='bbox 3251 678 3527 750; x_wconf 86' lang='lat' dir='ltr'><strong>pollicetur,</strong></span> <span class='ocrx_word' id='word_1_564' title='bbox 3555 663 3646 756; x_wconf 78' lang='lat' dir='ltr'><strong>ipse</strong></span> <span class='ocrx_word' id='word_1_565' title='bbox 3662 691 3758 749; x_wconf 79' lang='lat' dir='ltr'><strong>dixit</strong></span> 
     </span>
    </p>
   </div>
   <div class='ocr_carea' id='block_1_66' title="bbox 2269 756 3755 851">
    <p class='ocr_par' dir='ltr' id='par_1_66' title="bbox 2269 756 3755 851">
     <span class='ocr_line' id='line_1_67' title="bbox 2269 756 3755 851; baseline 0.019 -43"><span class='ocrx_word' id='word_1_566' title='bbox 2269 756 2397 851; x_wconf 78' lang='lat' dir='ltr'><strong>mihi</strong></span> <span class='ocrx_word' id='word_1_567' title='bbox 2423 798 2436 821; x_wconf 92' lang='lat'><strong>,</strong></span> <span class='ocrx_word' id='word_1_568' title='bbox 2472 757 2571 824; x_wconf 86' lang='lat' dir='ltr'><strong>Qui</strong></span> <span class='ocrx_word' id='word_1_569' title='bbox 2592 761 2734 815; x_wconf 82' lang='lat' dir='ltr'><strong>audit</strong></span> <span class='ocrx_word' id='word_1_570' title='bbox 2759 763 2904 816; x_wconf 81' lang='lat' dir='ltr'><strong>verba</strong></span> <span class='ocrx_word' id='word_1_571' title='bbox 2932 781 3074 833; x_wconf 90' lang='lat' dir='ltr'><strong>mea,</strong></span> <span class='ocrx_word' id='word_1_572' title='bbox 3116 777 3162 820; x_wconf 90' lang='lat' dir='ltr'><strong>et</strong></span> <span class='ocrx_word' id='word_1_573' title='bbox 3190 768 3343 823; x_wconf 88' lang='lat' dir='ltr'><strong>credit</strong></span> <span class='ocrx_word' id='word_1_574' title='bbox 3364 772 3410 825; x_wconf 90' lang='lat' dir='ltr'><strong>ei</strong></span> <span class='ocrx_word' id='word_1_575' title='bbox 3446 775 3525 845; x_wconf 84' lang='lat' dir='ltr'><strong>qui</strong></span> <span class='ocrx_word' id='word_1_576' title='bbox 3547 794 3611 832; x_wconf 83' lang='lat' dir='ltr'><strong>me</strong></span> <span class='ocrx_word' id='word_1_577' title='bbox 3631 782 3755 851; x_wconf 81' lang='lat' dir='ltr'><strong>misit,</strong></span> 
     </span>
    </p>
   </div>
   <div class='ocr_carea' id='block_1_67' title="bbox 2267 846 3756 931">
    <p class='ocr_par' dir='ltr' id='par_1_67' title="bbox 2267 846 3756 931">
     <span class='ocr_line' id='line_1_68' title="bbox 2267 846 3756 931; baseline 0.02 -35"><span class='ocrx_word' id='word_1_578' title='bbox 2267 846 2411 899; x_wconf 87' lang='lat' dir='ltr'><strong>habet</strong></span> <span class='ocrx_word' id='word_1_579' title='bbox 2442 848 2592 901; x_wconf 82' lang='lat' dir='ltr'><strong>vitam</strong></span> <span class='ocrx_word' id='word_1_580' title='bbox 2615 860 2853 905; x_wconf 79' lang='lat' dir='ltr'><strong>wternam</strong></span> <span class='ocrx_word' id='word_1_581' title='bbox 2875 895 2889 918; x_wconf 93' lang='lat'><strong>,</strong></span> <span class='ocrx_word' id='word_1_582' title='bbox 2915 862 2960 907; x_wconf 91' lang='lat' dir='ltr'><strong>et</strong></span> <span class='ocrx_word' id='word_1_583' title='bbox 2985 857 3249 911; x_wconf 85' lang='lat' dir='ltr'><strong>transitum</strong></span> <span class='ocrx_word' id='word_1_584' title='bbox 3276 862 3393 931; x_wconf 79' lang='lat' dir='ltr'><strong>facit</strong></span> <span class='ocrx_word' id='word_1_585' title='bbox 3414 862 3472 917; x_wconf 84' lang='lat' dir='ltr'><strong>de</strong></span> <span class='ocrx_word' id='word_1_586' title='bbox 3494 877 3628 923; x_wconf 83' lang='lat' dir='ltr'><strong>morte</strong></span> <span class='ocrx_word' id='word_1_587' title='bbox 3644 870 3685 924; x_wconf 80' lang='lat' dir='ltr'><strong>in</strong></span> <span class='ocrx_word' id='word_1_588' title='bbox 3701 846 3756 926; x_wconf 49' lang='lat' dir='ltr'><strong>ei;</strong></span> 
     </span>
    </p>
   </div>
   <div class='ocr_carea' id='block_1_68' title="bbox 2266 934 3755 1024">
    <p class='ocr_par' dir='ltr' id='par_1_68' title="bbox 2266 934 3755 1024">
     <span class='ocr_line' id='line_1_69' title="bbox 2266 934 3755 1024; baseline 0.016 -34"><span class='ocrx_word' id='word_1_589' title='bbox 2266 947 2369 991; x_wconf 89' lang='lat' dir='ltr'><strong>tam</strong></span> <span class='ocrx_word' id='word_1_590' title='bbox 2386 980 2399 1002; x_wconf 95' lang='lat'><strong>,</strong></span> <span class='ocrx_word' id='word_1_591' title='bbox 2429 949 2473 993; x_wconf 86' lang='lat' dir='ltr'><strong>et</strong></span> <span class='ocrx_word' id='word_1_592' title='bbox 2501 942 2553 994; x_wconf 92' lang='lat' dir='ltr'><strong>in</strong></span> <span class='ocrx_word' id='word_1_593' title='bbox 2571 942 2824 1011; x_wconf 85' lang='lat' dir='ltr'><strong>judicium</strong></span> <span class='ocrx_word' id='word_1_594' title='bbox 2849 962 2949 999; x_wconf 88' lang='lat' dir='ltr'><strong>non</strong></span> <span class='ocrx_word' id='word_1_595' title='bbox 2979 949 3156 1004; x_wconf 78' lang='lat' dir='ltr'><strong>veniet.</strong></span> <span class='ocrx_word' id='word_1_596' title='bbox 3187 934 3299 1022; x_wconf 73' lang='lat' dir='ltr'><strong>Ego</strong></span> <span class='ocrx_word' id='word_1_597' title='bbox 3326 968 3446 1024; x_wconf 85' lang='lat' dir='ltr'><strong>ergo</strong></span> <span class='ocrx_word' id='word_1_598' title='bbox 3467 958 3622 1014; x_wconf 87' lang='lat' dir='ltr'><strong>audivi</strong></span> <span class='ocrx_word' id='word_1_599' title='bbox 3642 965 3755 1020; x_wconf 68' lang='lat' dir='ltr'><strong>verba</strong></span> 
     </span>
    </p>
   </div>
   <div class='ocr_carea' id='block_1_69' title="bbox 2265 1029 3759 1115">
    <p class='ocr_par' dir='ltr' id='par_1_69' title="bbox 2265 1029 3759 1115">
     <span class='ocr_line' id='line_1_70' title="bbox 2265 1029 3759 1115; baseline 0.018 -32"><span class='ocrx_word' id='word_1_600' title='bbox 2265 1029 2473 1084; x_wconf 84' lang='lat' dir='ltr'><strong>Domini</strong></span> <span class='ocrx_word' id='word_1_601' title='bbox 2503 1033 2627 1099; x_wconf 87' lang='lat' dir='ltr'><strong>mei,</strong></span> <span class='ocrx_word' id='word_1_602' title='bbox 2657 1035 2855 1090; x_wconf 85' lang='lat' dir='ltr'><strong>credidi</strong></span> <span class='ocrx_word' id='word_1_603' title='bbox 2880 1053 2895 1101; x_wconf 88' lang='lat'><strong>;</strong></span> <span class='ocrx_word' id='word_1_604' title='bbox 2918 1038 3026 1107; x_wconf 86' lang='lat' dir='ltr'><strong>jam</strong></span> <span class='ocrx_word' id='word_1_605' title='bbox 3059 1040 3284 1097; x_wconf 85' lang='lat' dir='ltr'><strong>inlidelis</strong></span> <span class='ocrx_word' id='word_1_606' title='bbox 3303 1059 3419 1099; x_wconf 91' lang='lat' dir='ltr'><strong>cum</strong></span> <span class='ocrx_word' id='word_1_607' title='bbox 3445 1061 3615 1115; x_wconf 89' lang='lat' dir='ltr'><strong>essem,</strong></span> <span class='ocrx_word' id='word_1_608' title='bbox 3637 1052 3759 1111; x_wconf 81' lang='lat' dir='ltr'><strong>iactus</strong></span> 
     </span>
    </p>
   </div>
   <div class='ocr_carea' id='block_1_70' title="bbox 2262 1121 3759 1201">
    <p class='ocr_par' dir='ltr' id='par_1_70' title="bbox 2262 1121 3759 1201">
     <span class='ocr_line' id='line_1_71' title="bbox 2262 1121 3759 1201; baseline 0.017 -28"><span class='ocrx_word' id='word_1_609' title='bbox 2262 1135 2381 1174; x_wconf 92' lang='lat' dir='ltr'><strong>sum</strong></span> <span class='ocrx_word' id='word_1_610' title='bbox 2410 1121 2579 1177; x_wconf 88' lang='lat' dir='ltr'><strong>lidclis</strong></span> <span class='ocrx_word' id='word_1_611' title='bbox 2603 1140 2616 1176; x_wconf 85' lang='lat'><strong>:</strong></span> <span class='ocrx_word' id='word_1_612' title='bbox 2647 1124 2786 1181; x_wconf 87' lang='lat' dir='ltr'><strong>sicut</strong></span> <span class='ocrx_word' id='word_1_613' title='bbox 2812 1143 2898 1182; x_wconf 89' lang='lat' dir='ltr'><strong>me</strong></span> <span class='ocrx_word' id='word_1_614' title='bbox 2927 1131 3163 1196; x_wconf 89' lang='lat' dir='ltr'><strong>monuit,</strong></span> <span class='ocrx_word' id='word_1_615' title='bbox 3194 1135 3372 1189; x_wconf 86' lang='lat' dir='ltr'><strong>transii</strong></span> <span class='ocrx_word' id='word_1_616' title='bbox 3408 1151 3436 1189; x_wconf 88' lang='lat' dir='ltr'><strong>a</strong></span> <span class='ocrx_word' id='word_1_617' title='bbox 3465 1149 3613 1194; x_wconf 85' lang='lat' dir='ltr'><strong>morte</strong></span> <span class='ocrx_word' id='word_1_618' title='bbox 3630 1141 3684 1197; x_wconf 83' lang='lat' dir='ltr'><strong>ad</strong></span> <span class='ocrx_word' id='word_1_619' title='bbox 3703 1133 3759 1201; x_wconf 81' lang='lat' dir='ltr'><strong>vi-</strong></span> 
     </span>
    </p>
   </div>
   <div class='ocr_carea' id='block_1_71' title="bbox 2262 1213 3758 1301">
    <p class='ocr_par' dir='ltr' id='par_1_71' title="bbox 2262 1213 3758 1301">
     <span class='ocr_line' id='line_1_72' title="bbox 2262 1213 3758 1301; baseline 0.018 -37"><span class='ocrx_word' id='word_1_620' title='bbox 2262 1220 2389 1277; x_wconf 90' lang='lat' dir='ltr'><strong>tam,</strong></span> <span class='ocrx_word' id='word_1_621' title='bbox 2417 1213 2482 1267; x_wconf 90' lang='lat' dir='ltr'><strong>ad</strong></span> <span class='ocrx_word' id='word_1_622' title='bbox 2501 1214 2757 1284; x_wconf 86' lang='lat' dir='ltr'><strong>judicium</strong></span> <span class='ocrx_word' id='word_1_623' title='bbox 2786 1234 2890 1273; x_wconf 90' lang='lat' dir='ltr'><strong>non</strong></span> <span class='ocrx_word' id='word_1_624' title='bbox 2915 1220 3111 1287; x_wconf 87' lang='lat' dir='ltr'><strong>venio;</strong></span> <span class='ocrx_word' id='word_1_625' title='bbox 3139 1239 3245 1279; x_wconf 89' lang='lat' dir='ltr'><strong>non</strong></span> <span class='ocrx_word' id='word_1_626' title='bbox 3266 1231 3644 1298; x_wconf 69' lang='lat' dir='ltr'><strong>praesumptione</strong></span> <span class='ocrx_word' id='word_1_627' title='bbox 3661 1249 3758 1301; x_wconf 79' lang='lat' dir='ltr'><strong>mea,</strong></span> 
     </span>
    </p>
   </div>
   <div class='ocr_carea' id='block_1_72' title="bbox 2258 1306 3759 1382">
    <p class='ocr_par' dir='ltr' id='par_1_72' title="bbox 2258 1306 3759 1382">
     <span class='ocr_line' id='line_1_73' title="bbox 2258 1306 3759 1382; baseline 0.014 -21"><span class='ocrx_word' id='word_1_628' title='bbox 2258 1306 2352 1361; x_wconf 88' lang='lat' dir='ltr'><strong>sed</strong></span> <span class='ocrx_word' id='word_1_629' title='bbox 2379 1307 2542 1377; x_wconf 89' lang='lat' dir='ltr'><strong>ipsius</strong></span> <span class='ocrx_word' id='word_1_630' title='bbox 2564 1311 2933 1379; x_wconf 86' lang='lat' dir='ltr'><strong>promissione.</strong></span> <span class='ocrx_word' id='word_1_631' title='bbox 2959 1313 3151 1370; x_wconf 88' lang='lat' dir='ltr'><strong>Paulus</strong></span> <span class='ocrx_word' id='word_1_632' title='bbox 3173 1326 3347 1373; x_wconf 89' lang='lat' dir='ltr'><strong>autem</strong></span> <span class='ocrx_word' id='word_1_633' title='bbox 3362 1331 3535 1376; x_wconf 82' lang='lat' dir='ltr'><strong>cmitra</strong></span> <span class='ocrx_word' id='word_1_634' title='bbox 3552 1322 3759 1382; x_wconf 84' lang='lat' dir='ltr'><strong>Christum</strong></span> 
     </span>
    </p>
   </div>
   <div class='ocr_carea' id='block_1_73' title="bbox 2257 1395 3759 1481">
    <p class='ocr_par' dir='ltr' id='par_1_73' title="bbox 2257 1395 3759 1481">
     <span class='ocr_line' id='line_1_74' title="bbox 2257 1395 3759 1481; baseline 0.014 -31"><span class='ocrx_word' id='word_1_635' title='bbox 2257 1395 2494 1467; x_wconf 84' lang='lat' dir='ltr'><strong>loquitur</strong></span> <span class='ocrx_word' id='word_1_636' title='bbox 2512 1440 2527 1463; x_wconf 92' lang='lat'><strong>,</strong></span> <span class='ocrx_word' id='word_1_637' title='bbox 2558 1414 2746 1455; x_wconf 88' lang='lat' dir='ltr'><strong>servus</strong></span> <span class='ocrx_word' id='word_1_638' title='bbox 2769 1414 2954 1458; x_wconf 87' lang='lat' dir='ltr'><strong>contra</strong></span> <span class='ocrx_word' id='word_1_639' title='bbox 2983 1404 3263 1462; x_wconf 91' lang='lat' dir='ltr'><strong>Dominum</strong></span> <span class='ocrx_word' id='word_1_640' title='bbox 3282 1450 3299 1474; x_wconf 93' lang='lat'><strong>,</strong></span> <span class='ocrx_word' id='word_1_641' title='bbox 3329 1408 3597 1481; x_wconf 85' lang='lat' dir='ltr'><strong>discipulus</strong></span> <span class='ocrx_word' id='word_1_642' title='bbox 3626 1427 3759 1471; x_wconf 77' lang='lat' dir='ltr'><strong>contra</strong></span> 
     </span>
    </p>
   </div>
   <div class='ocr_carea' id='block_1_74' title="bbox 2256 1489 3760 1566">
    <p class='ocr_par' dir='ltr' id='par_1_74' title="bbox 2256 1489 3760 1566">
     <span class='ocr_line' id='line_1_75' title="bbox 2256 1489 3760 1566; baseline 0.016 -26"><span class='ocrx_word' id='word_1_643' title='bbox 2256 1489 2596 1559; x_wconf 82' lang='lat' dir='ltr'><strong>magistrum,</strong></span> <span class='ocrx_word' id='word_1_644' title='bbox 2628 1491 2789 1548; x_wconf 88' lang='lat' dir='ltr'><strong>homo</strong></span> <span class='ocrx_word' id='word_1_645' title='bbox 2813 1504 2996 1550; x_wconf 87' lang='lat' dir='ltr'><strong>contra</strong></span> <span class='ocrx_word' id='word_1_646' title='bbox 3033 1497 3218 1566; x_wconf 91' lang='lat' dir='ltr'><strong>Deum,</strong></span> <span class='ocrx_word' id='word_1_647' title='bbox 3251 1509 3306 1555; x_wconf 90' lang='lat' dir='ltr'><strong>ut</strong></span> <span class='ocrx_word' id='word_1_648' title='bbox 3328 1515 3444 1556; x_wconf 90' lang='lat' dir='ltr'><strong>cum</strong></span> <span class='ocrx_word' id='word_1_649' title='bbox 3468 1503 3684 1562; x_wconf 77' lang='lat' dir='ltr'><strong>Dominus</strong></span> <span class='ocrx_word' id='word_1_650' title='bbox 3702 1508 3760 1563; x_wconf 82' lang='lat' dir='ltr'><strong>tli-</strong></span> 
     </span>
    </p>
   </div>
   <div class='ocr_carea' id='block_1_75' title="bbox 2253 1582 3755 1663">
    <p class='ocr_par' dir='ltr' id='par_1_75' title="bbox 2253 1582 3755 1663">
     <span class='ocr_line' id='line_1_76' title="bbox 2253 1582 3755 1663; baseline 0.013 -29"><span class='ocrx_word' id='word_1_651' title='bbox 2253 1589 2340 1634; x_wconf 89' lang='lat' dir='ltr'><strong>cat</strong></span> <span class='ocrx_word' id='word_1_652' title='bbox 2366 1582 2488 1651; x_wconf 91' lang='lat' dir='ltr'><strong>quia</strong></span> <span class='ocrx_word' id='word_1_653' title='bbox 2512 1584 2599 1652; x_wconf 88' lang='lat' dir='ltr'><strong>qui</strong></span> <span class='ocrx_word' id='word_1_654' title='bbox 2625 1586 2768 1640; x_wconf 86' lang='lat' dir='ltr'><strong>audit</strong></span> <span class='ocrx_word' id='word_1_655' title='bbox 2813 1597 2860 1641; x_wconf 88' lang='lat' dir='ltr'><strong>et</strong></span> <span class='ocrx_word' id='word_1_656' title='bbox 2888 1588 3077 1656; x_wconf 85' lang='lat' dir='ltr'><strong>credit,</strong></span> <span class='ocrx_word' id='word_1_657' title='bbox 3103 1592 3282 1646; x_wconf 87' lang='lat' dir='ltr'><strong>transit</strong></span> <span class='ocrx_word' id='word_1_658' title='bbox 3309 1609 3343 1646; x_wconf 90' lang='lat' dir='ltr'><strong>a</strong></span> <span class='ocrx_word' id='word_1_659' title='bbox 3365 1605 3514 1649; x_wconf 87' lang='lat' dir='ltr'><strong>morte</strong></span> <span class='ocrx_word' id='word_1_660' title='bbox 3537 1596 3597 1649; x_wconf 88' lang='lat' dir='ltr'><strong>ad</strong></span> <span class='ocrx_word' id='word_1_661' title='bbox 3616 1599 3755 1663; x_wconf 76' lang='lat' dir='ltr'><strong>vitam,</strong></span> 
     </span>
    </p>
   </div>
   <div class='ocr_carea' id='block_1_76' title="bbox 2252 1672 3759 1756">
    <p class='ocr_par' dir='ltr' id='par_1_76' title="bbox 2252 1672 3759 1756">
     <span class='ocr_line' id='line_1_77' title="bbox 2252 1672 3759 1756; baseline 0.012 -30"><span class='ocrx_word' id='word_1_662' title='bbox 2252 1672 2374 1726; x_wconf 86' lang='lat' dir='ltr'><strong>etin</strong></span> <span class='ocrx_word' id='word_1_663' title='bbox 2394 1673 2650 1744; x_wconf 83' lang='lat' dir='ltr'><strong>judicium</strong></span> <span class='ocrx_word' id='word_1_664' title='bbox 2680 1693 2778 1731; x_wconf 87' lang='lat' dir='ltr'><strong>non</strong></span> <span class='ocrx_word' id='word_1_665' title='bbox 2809 1680 2983 1737; x_wconf 73' lang='lat' dir='ltr'><strong>vrniet.</strong></span> <span class='ocrx_word' id='word_1_666' title='bbox 3013 1679 3152 1735; x_wconf 82' lang='lat' dir='ltr'><strong>dicat</strong></span> <span class='ocrx_word' id='word_1_667' title='bbox 3173 1684 3470 1750; x_wconf 71' lang='lat' dir='ltr'><strong>Apostolus,</strong></span> <span class='ocrx_word' id='word_1_668' title='bbox 3499 1682 3675 1756; x_wconf 85' lang='lat' dir='ltr'><strong>Oportet</strong></span> <span class='ocrx_word' id='word_1_669' title='bbox 3697 1706 3759 1744; x_wconf 75' lang='lat' dir='ltr'><strong>nos</strong></span> 
     </span>
    </p>
   </div>
   <div class='ocr_carea' id='block_1_77' title="bbox 2250 1765 3759 1846">
    <p class='ocr_par' dir='ltr' id='par_1_77' title="bbox 2250 1765 3759 1846">
     <span class='ocr_line' id='line_1_78' title="bbox 2250 1765 3759 1846; baseline 0.012 -29"><span class='ocrx_word' id='word_1_670' title='bbox 2250 1780 2422 1818; x_wconf 87' lang='lat' dir='ltr'><strong>omnes</strong></span> <span class='ocrx_word' id='word_1_671' title='bbox 2446 1765 2666 1820; x_wconf 75' lang='lat' dir='ltr'><strong>exhiberi</strong></span> <span class='ocrx_word' id='word_1_672' title='bbox 2690 1778 2807 1822; x_wconf 88' lang='lat' dir='ltr'><strong>ante</strong></span> <span class='ocrx_word' id='word_1_673' title='bbox 2828 1769 3046 1823; x_wconf 87' lang='lat' dir='ltr'><strong>tribunal</strong></span> <span class='ocrx_word' id='word_1_674' title='bbox 3068 1768 3282 1826; x_wconf 84' lang='lat' dir='ltr'><strong>Christi?</strong></span> <span class='ocrx_word' id='word_1_675' title='bbox 3304 1774 3405 1829; x_wconf 88' lang='lat' dir='ltr'><strong>Aut</strong></span> <span class='ocrx_word' id='word_1_676' title='bbox 3428 1775 3470 1829; x_wconf 90' lang='lat' dir='ltr'><strong>si</strong></span> <span class='ocrx_word' id='word_1_677' title='bbox 3491 1777 3550 1831; x_wconf 90' lang='lat' dir='ltr'><strong>ad</strong></span> <span class='ocrx_word' id='word_1_678' title='bbox 3564 1778 3759 1846; x_wconf 86' lang='lat' dir='ltr'><strong>judicium</strong></span> 
     </span>
    </p>
   </div>
   <div class='ocr_carea' id='block_1_78' title="bbox 2250 1857 3758 1938">
    <p class='ocr_par' dir='ltr' id='par_1_78' title="bbox 2250 1857 3758 1938">
     <span class='ocr_line' id='line_1_79' title="bbox 2250 1857 3758 1938; baseline 0.011 -31"><span class='ocrx_word' id='word_1_679' title='bbox 2250 1870 2356 1908; x_wconf 88' lang='lat' dir='ltr'><strong>non</strong></span> <span class='ocrx_word' id='word_1_680' title='bbox 2387 1857 2527 1910; x_wconf 79' lang='lat' dir='ltr'><strong>venit</strong></span> <span class='ocrx_word' id='word_1_681' title='bbox 2553 1857 2643 1927; x_wconf 87' lang='lat' dir='ltr'><strong>qui</strong></span> <span class='ocrx_word' id='word_1_682' title='bbox 2669 1858 2735 1912; x_wconf 89' lang='lat' dir='ltr'><strong>ad</strong></span> <span class='ocrx_word' id='word_1_683' title='bbox 2767 1858 2993 1914; x_wconf 88' lang='lat' dir='ltr'><strong>tribunal</strong></span> <span class='ocrx_word' id='word_1_684' title='bbox 3022 1861 3336 1931; x_wconf 74' lang='lat' dir='ltr'><strong>exhibetur,</strong></span> <span class='ocrx_word' id='word_1_685' title='bbox 3360 1867 3531 1921; x_wconf 89' lang='lat' dir='ltr'><strong>nescio</strong></span> <span class='ocrx_word' id='word_1_686' title='bbox 3553 1870 3758 1938; x_wconf 85' lang='lat' dir='ltr'><strong>quomodo</strong></span> 
     </span>
    </p>
   </div>
   <div class='ocr_carea' id='block_1_79' title="bbox 2251 1944 2559 2016">
    <p class='ocr_par' dir='ltr' id='par_1_79' title="bbox 2251 1944 2559 2016">
     <span class='ocr_line' id='line_1_80' title="bbox 2251 1944 2559 2016; baseline 0.003 -18"><span class='ocrx_word' id='word_1_687' title='bbox 2251 1944 2559 2016; x_wconf 82' lang='lat' dir='ltr'><strong>intelligam.</strong></span> 
     </span>
    </p>
   </div>
   <div class='ocr_carea' id='block_1_80' title="bbox 2319 2037 3760 2119">
    <p class='ocr_par' dir='ltr' id='par_1_80' title="bbox 2319 2037 3760 2119">
     <span class='ocr_line' id='line_1_81' title="bbox 2319 2037 3760 2119; baseline 0.008 -27"><span class='ocrx_word' id='word_1_688' title='bbox 2319 2037 2372 2092; x_wconf 86' lang='lat'><strong>5.</strong></span> <span class='ocrx_word' id='word_1_689' title='bbox 2415 2037 2636 2093; x_wconf 81' lang='lat' dir='ltr'><strong>Revelat</strong></span> <span class='ocrx_word' id='word_1_690' title='bbox 2679 2054 2808 2110; x_wconf 82' lang='lat' dir='ltr'><strong>ergo</strong></span> <span class='ocrx_word' id='word_1_691' title='bbox 2866 2041 3119 2097; x_wconf 85' lang='lat' dir='ltr'><strong>Dominus</strong></span> <span class='ocrx_word' id='word_1_692' title='bbox 3170 2043 3312 2100; x_wconf 92' lang='lat' dir='ltr'><strong>Deus</strong></span> <span class='ocrx_word' id='word_1_693' title='bbox 3365 2057 3567 2114; x_wconf 88' lang='lat' dir='ltr'><strong>noster,</strong></span> <span class='ocrx_word' id='word_1_694' title='bbox 3611 2058 3657 2103; x_wconf 84' lang='lat' dir='ltr'><strong>et</strong></span> <span class='ocrx_word' id='word_1_695' title='bbox 3697 2066 3760 2119; x_wconf 86' lang='lat' dir='ltr'><strong>per</strong></span> 
     </span>
    </p>
   </div>
   <div class='ocr_carea' id='block_1_81' title="bbox 2247 2126 3759 2211">
    <p class='ocr_par' dir='ltr' id='par_1_81' title="bbox 2247 2126 3759 2211">
     <span class='ocr_line' id='line_1_82' title="bbox 2247 2126 3759 2211; baseline 0.009 -29"><span class='ocrx_word' id='word_1_696' title='bbox 2247 2126 2549 2197; x_wconf 86' lang='lat' dir='ltr'><strong>Scripturas</strong></span> <span class='ocrx_word' id='word_1_697' title='bbox 2593 2146 2717 2184; x_wconf 78' lang='lat' dir='ltr'><strong>suas</strong></span> <span class='ocrx_word' id='word_1_698' title='bbox 2744 2131 2996 2188; x_wconf 87' lang='lat' dir='ltr'><strong>admonet</strong></span> <span class='ocrx_word' id='word_1_699' title='bbox 3033 2150 3129 2188; x_wconf 92' lang='lat' dir='ltr'><strong>nos</strong></span> <span class='ocrx_word' id='word_1_700' title='bbox 3166 2137 3433 2206; x_wconf 87' lang='lat' dir='ltr'><strong>quomodo</strong></span> <span class='ocrx_word' id='word_1_701' title='bbox 3466 2139 3759 2211; x_wconf 84' lang='lat' dir='ltr'><strong>intelligatur,</strong></span> 
     </span>
    </p>
   </div>
   <div class='ocr_carea' id='block_1_82' title="bbox 2244 2218 3758 2300">
    <p class='ocr_par' dir='ltr' id='par_1_82' title="bbox 2244 2218 3758 2300">
     <span class='ocr_line' id='line_1_83' title="bbox 2244 2218 3758 2300; baseline 0.009 -29"><span class='ocrx_word' id='word_1_702' title='bbox 2244 2218 2457 2288; x_wconf 87' lang='lat' dir='ltr'><strong>quando</strong></span> <span class='ocrx_word' id='word_1_703' title='bbox 2489 2219 2684 2275; x_wconf 88' lang='lat' dir='ltr'><strong>dicitur</strong></span> <span class='ocrx_word' id='word_1_704' title='bbox 2708 2221 2991 2291; x_wconf 89' lang='lat' dir='ltr'><strong>judicium.</strong></span> <span class='ocrx_word' id='word_1_705' title='bbox 3040 2224 3238 2281; x_wconf 88' lang='lat' dir='ltr'><strong>Hortor</strong></span> <span class='ocrx_word' id='word_1_706' title='bbox 3274 2243 3403 2300; x_wconf 81' lang='lat' dir='ltr'><strong>ergo</strong></span> <span class='ocrx_word' id='word_1_707' title='bbox 3430 2238 3482 2282; x_wconf 94' lang='lat' dir='ltr'><strong>ut</strong></span> <span class='ocrx_word' id='word_1_708' title='bbox 3514 2231 3758 2287; x_wconf 57' lang='lat' dir='ltr'><strong>attendatis.</strong></span> 
     </span>
    </p>
   </div>
   <div class='ocr_carea' id='block_1_83' title="bbox 2244 2310 3759 2391">
    <p class='ocr_par' dir='ltr' id='par_1_83' title="bbox 2244 2310 3759 2391">
     <span class='ocr_line' id='line_1_84' title="bbox 2244 2310 3759 2391; baseline 0.009 -27"><span class='ocrx_word' id='word_1_709' title='bbox 2244 2310 2541 2380; x_wconf 85' lang='lat' dir='ltr'><strong>Aliquando</strong></span> <span class='ocrx_word' id='word_1_710' title='bbox 2557 2312 2815 2380; x_wconf 69' lang='lat' dir='ltr'><strong>judicium</strong></span> <span class='ocrx_word' id='word_1_711' title='bbox 2839 2329 2992 2384; x_wconf 77' lang='lat' dir='ltr'><strong>ptena</strong></span> <span class='ocrx_word' id='word_1_712' title='bbox 3015 2315 3215 2372; x_wconf 80' lang='lat' dir='ltr'><strong>dicitur</strong></span> <span class='ocrx_word' id='word_1_713' title='bbox 3239 2337 3254 2372; x_wconf 89' lang='lat'><strong>:</strong></span> <span class='ocrx_word' id='word_1_714' title='bbox 3281 2320 3759 2391; x_wconf 81' lang='lat' dir='ltr'><strong>aliquandojudicinnt</strong></span> 
     </span>
    </p>
   </div>
   <div class='ocr_carea' id='block_1_84' title="bbox 2241 2399 3759 2483">
    <p class='ocr_par' dir='ltr' id='par_1_84' title="bbox 2241 2399 3759 2483">
     <span class='ocr_line' id='line_1_85' title="bbox 2241 2399 3759 2483; baseline 0.009 -29"><span class='ocrx_word' id='word_1_715' title='bbox 2241 2399 2626 2457; x_wconf 89' lang='lat' dir='ltr'><strong>discriminatio</strong></span> <span class='ocrx_word' id='word_1_716' title='bbox 2668 2405 2880 2460; x_wconf 88' lang='lat' dir='ltr'><strong>dicitur.</strong></span> <span class='ocrx_word' id='word_1_717' title='bbox 2931 2405 3235 2463; x_wconf 89' lang='lat' dir='ltr'><strong>Secundum</strong></span> <span class='ocrx_word' id='word_1_718' title='bbox 3281 2410 3425 2464; x_wconf 89' lang='lat' dir='ltr'><strong>illmn</strong></span> <span class='ocrx_word' id='word_1_719' title='bbox 3460 2412 3652 2466; x_wconf 85' lang='lat' dir='ltr'><strong>modum</strong></span> <span class='ocrx_word' id='word_1_720' title='bbox 3685 2428 3759 2483; x_wconf 88' lang='lat' dir='ltr'><strong>quo</strong></span> 
     </span>
    </p>
   </div>
   <div class='ocr_carea' id='block_1_85' title="bbox 2239 2491 3761 2570">
    <p class='ocr_par' dir='ltr' id='par_1_85' title="bbox 2239 2491 3761 2570">
     <span class='ocr_line' id='line_1_86' title="bbox 2239 2491 3761 2570; baseline 0.008 -24"><span class='ocrx_word' id='word_1_721' title='bbox 2239 2491 2434 2547; x_wconf 76' lang='lat' dir='ltr'><strong>dicitur</strong></span> <span class='ocrx_word' id='word_1_722' title='bbox 2452 2493 2708 2563; x_wconf 87' lang='lat' dir='ltr'><strong>judicium</strong></span> <span class='ocrx_word' id='word_1_723' title='bbox 2730 2496 3133 2565; x_wconf 84' lang='lat' dir='ltr'><strong>discriminatio,</strong></span> <span class='ocrx_word' id='word_1_724' title='bbox 3162 2510 3362 2570; x_wconf 88' lang='lat' dir='ltr'><strong>oportet</strong></span> <span class='ocrx_word' id='word_1_725' title='bbox 3386 2518 3474 2556; x_wconf 87' lang='lat' dir='ltr'><strong>nos</strong></span> <span class='ocrx_word' id='word_1_726' title='bbox 3493 2519 3644 2557; x_wconf 84' lang='lat' dir='ltr'><strong>omnes</strong></span> <span class='ocrx_word' id='word_1_727' title='bbox 3657 2504 3761 2557; x_wconf 70' lang='lat' dir='ltr'><strong>estti-</strong></span> 
     </span>
    </p>
   </div>
   <div class='ocr_carea' id='block_1_86' title="bbox 2238 2585 3760 2664">
    <p class='ocr_par' dir='ltr' id='par_1_86' title="bbox 2238 2585 3760 2664">
     <span class='ocr_line' id='line_1_87' title="bbox 2238 2585 3760 2664; baseline 0.007 -26"><span class='ocrx_word' id='word_1_728' title='bbox 2238 2585 2341 2639; x_wconf 88' lang='lat' dir='ltr'><strong>beri</strong></span> <span class='ocrx_word' id='word_1_729' title='bbox 2368 2595 2486 2640; x_wconf 88' lang='lat' dir='ltr'><strong>ante</strong></span> <span class='ocrx_word' id='word_1_730' title='bbox 2523 2588 2744 2641; x_wconf 82' lang='lat' dir='ltr'><strong>tribunal</strong></span> <span class='ocrx_word' id='word_1_731' title='bbox 2782 2588 3006 2657; x_wconf 85' lang='lat' dir='ltr'><strong>Christi,</strong></span> <span class='ocrx_word' id='word_1_732' title='bbox 3048 2600 3102 2644; x_wconf 86' lang='lat' dir='ltr'><strong>ut</strong></span> <span class='ocrx_word' id='word_1_733' title='bbox 3136 2592 3243 2645; x_wconf 85' lang='lat' dir='ltr'><strong>illic</strong></span> <span class='ocrx_word' id='word_1_734' title='bbox 3291 2594 3497 2664; x_wconf 85' lang='lat' dir='ltr'><strong>recipiat</strong></span> <span class='ocrx_word' id='word_1_735' title='bbox 3523 2594 3660 2649; x_wconf 88' lang='lat' dir='ltr'><strong>homo</strong></span> <span class='ocrx_word' id='word_1_736' title='bbox 3680 2610 3760 2664; x_wconf 72' lang='lat' dir='ltr'><strong>qua</strong></span> 
     </span>
    </p>
   </div>
   <div class='ocr_carea' id='block_1_87' title="bbox 2236 2679 3762 2754">
    <p class='ocr_par' dir='ltr' id='par_1_87' title="bbox 2236 2679 3762 2754">
     <span class='ocr_line' id='line_1_88' title="bbox 2236 2679 3762 2754; baseline 0.007 -24"><span class='ocrx_word' id='word_1_737' title='bbox 2236 2692 2328 2748; x_wconf 83' lang='lat' dir='ltr'><strong>per</strong></span> <span class='ocrx_word' id='word_1_738' title='bbox 2371 2692 2552 2748; x_wconf 86' lang='lat' dir='ltr'><strong>corpus</strong></span> <span class='ocrx_word' id='word_1_739' title='bbox 2588 2679 2772 2750; x_wconf 80' lang='lat' dir='ltr'><strong>gessit,</strong></span> <span class='ocrx_word' id='word_1_740' title='bbox 2800 2682 2903 2734; x_wconf 86' lang='lat' dir='ltr'><strong>sive</strong></span> <span class='ocrx_word' id='word_1_741' title='bbox 2953 2683 3137 2736; x_wconf 89' lang='lat' dir='ltr'><strong>bonum</strong></span> <span class='ocrx_word' id='word_1_742' title='bbox 3182 2683 3286 2736; x_wconf 83' lang='lat' dir='ltr'><strong>sive</strong></span> <span class='ocrx_word' id='word_1_743' title='bbox 3331 2684 3555 2739; x_wconf 89' lang='lat' dir='ltr'><strong>ntalum:</strong></span> <span class='ocrx_word' id='word_1_744' title='bbox 3580 2684 3672 2754; x_wconf 75' lang='lat' dir='ltr'><strong>ipsa</strong></span> <span class='ocrx_word' id='word_1_745' title='bbox 3704 2694 3762 2739; x_wconf 83' lang='lat' dir='ltr'><strong>est</strong></span> 
     </span>
    </p>
   </div>
   <div class='ocr_carea' id='block_1_88' title="bbox 2235 2770 3760 2840">
    <p class='ocr_par' dir='ltr' id='par_1_88' title="bbox 2235 2770 3760 2840">
     <span class='ocr_line' id='line_1_89' title="bbox 2235 2770 3760 2840; baseline 0.003 -16"><span class='ocrx_word' id='word_1_746' title='bbox 2235 2770 2376 2824; x_wconf 89' lang='lat' dir='ltr'><strong>enim</strong></span> <span class='ocrx_word' id='word_1_747' title='bbox 2401 2770 2807 2837; x_wconf 89' lang='lat' dir='ltr'><strong>discriminatio,</strong></span> <span class='ocrx_word' id='word_1_748' title='bbox 2833 2780 2887 2827; x_wconf 91' lang='lat' dir='ltr'><strong>ut</strong></span> <span class='ocrx_word' id='word_1_749' title='bbox 2916 2772 3071 2828; x_wconf 88' lang='lat' dir='ltr'><strong>bonis</strong></span> <span class='ocrx_word' id='word_1_750' title='bbox 3101 2774 3239 2829; x_wconf 89' lang='lat' dir='ltr'><strong>bona</strong></span> <span class='ocrx_word' id='word_1_751' title='bbox 3261 2817 3275 2840; x_wconf 95' lang='lat'><strong>,</strong></span> <span class='ocrx_word' id='word_1_752' title='bbox 3307 2776 3461 2832; x_wconf 89' lang='lat' dir='ltr'><strong>malis</strong></span> <span class='ocrx_word' id='word_1_753' title='bbox 3487 2778 3607 2831; x_wconf 87' lang='lat' dir='ltr'><strong>mala</strong></span> <span class='ocrx_word' id='word_1_754' title='bbox 3628 2777 3760 2830; x_wconf 88' lang='lat' dir='ltr'><strong>distri-</strong></span> 
     </span>
    </p>
   </div>
   <div class='ocr_carea' id='block_1_89' title="bbox 2233 2861 3761 2940">
    <p class='ocr_par' dir='ltr' id='par_1_89' title="bbox 2233 2861 3761 2940">
     <span class='ocr_line' id='line_1_90' title="bbox 2233 2861 3761 2940; baseline 0.004 -23"><span class='ocrx_word' id='word_1_755' title='bbox 2233 2861 2480 2917; x_wconf 86' lang='lat' dir='ltr'><strong>buantur.</strong></span> <span class='ocrx_word' id='word_1_756' title='bbox 2511 2861 2643 2917; x_wconf 83' lang='lat' dir='ltr'><strong>Nam</strong></span> <span class='ocrx_word' id='word_1_757' title='bbox 2683 2865 2725 2917; x_wconf 91' lang='lat' dir='ltr'><strong>si</strong></span> <span class='ocrx_word' id='word_1_758' title='bbox 2765 2864 3024 2933; x_wconf 90' lang='lat' dir='ltr'><strong>judicium</strong></span> <span class='ocrx_word' id='word_1_759' title='bbox 3054 2880 3270 2936; x_wconf 87' lang='lat' dir='ltr'><strong>semper</strong></span> <span class='ocrx_word' id='word_1_760' title='bbox 3308 2868 3359 2923; x_wconf 90' lang='lat' dir='ltr'><strong>in</strong></span> <span class='ocrx_word' id='word_1_761' title='bbox 3393 2870 3528 2924; x_wconf 84' lang='lat' dir='ltr'><strong>malo</strong></span> <span class='ocrx_word' id='word_1_762' title='bbox 3552 2870 3761 2940; x_wconf 78' lang='lat' dir='ltr'><strong>accipere-</strong></span> 
     </span>
    </p>
   </div>
   <div class='ocr_carea' id='block_1_90' title="bbox 2235 2955 3761 3026">
    <p class='ocr_par' dir='ltr' id='par_1_90' title="bbox 2235 2955 3761 3026">
     <span class='ocr_line' id='line_1_91' title="bbox 2235 2955 3761 3026; baseline 0.003 -18"><span class='ocrx_word' id='word_1_763' title='bbox 2235 2962 2321 3008; x_wconf 87' lang='lat' dir='ltr'><strong>tur</strong></span> <span class='ocrx_word' id='word_1_764' title='bbox 2343 2994 2360 3019; x_wconf 94' lang='lat'><strong>,</strong></span> <span class='ocrx_word' id='word_1_765' title='bbox 2392 2970 2494 3010; x_wconf 89' lang='lat' dir='ltr'><strong>non</strong></span> <span class='ocrx_word' id='word_1_766' title='bbox 2536 2955 2740 3011; x_wconf 85' lang='lat' dir='ltr'><strong>diceret</strong></span> <span class='ocrx_word' id='word_1_767' title='bbox 2769 2957 3009 3013; x_wconf 83' lang='lat' dir='ltr'><strong>Psalmus</strong></span> <span class='ocrx_word' id='word_1_768' title='bbox 3027 2999 3040 3023; x_wconf 91' lang='lat'><strong>,</strong></span> <span class='ocrx_word' id='word_1_769' title='bbox 3067 2958 3259 3012; x_wconf 83' lang='lat' dir='ltr'><strong>Judica</strong></span> <span class='ocrx_word' id='word_1_770' title='bbox 3307 2978 3387 3015; x_wconf 86' lang='lat' dir='ltr'><strong>me</strong></span> <span class='ocrx_word' id='word_1_771' title='bbox 3406 3003 3421 3026; x_wconf 94' lang='lat'><strong>,</strong></span> <span class='ocrx_word' id='word_1_772' title='bbox 3466 2960 3609 3015; x_wconf 84' lang='lat' dir='ltr'><strong>Deus.</strong></span> <span class='ocrx_word' id='word_1_773' title='bbox 3644 2959 3761 3016; x_wconf 81' lang='lat' dir='ltr'><strong>Audit</strong></span> 
     </span>
    </p>
   </div>
   <div class='ocr_carea' id='block_1_91' title="bbox 2232 3048 3759 3120">
    <p class='ocr_par' dir='ltr' id='par_1_91' title="bbox 2232 3048 3759 3120">
     <span class='ocr_line' id='line_1_92' title="bbox 2232 3048 3759 3120; baseline 0.002 -19"><span class='ocrx_word' id='word_1_774' title='bbox 2232 3049 2369 3103; x_wconf 82' lang='lat' dir='ltr'><strong>forte</strong></span> <span class='ocrx_word' id='word_1_775' title='bbox 2393 3049 2585 3120; x_wconf 89' lang='lat' dir='ltr'><strong>aliquis</strong></span> <span class='ocrx_word' id='word_1_776' title='bbox 2613 3049 2909 3116; x_wconf 87' lang='lat' dir='ltr'><strong>dicentem,</strong></span> <span class='ocrx_word' id='word_1_777' title='bbox 2939 3048 3128 3105; x_wconf 72' lang='lat' dir='ltr'><strong>Indica</strong></span> <span class='ocrx_word' id='word_1_778' title='bbox 3154 3068 3263 3118; x_wconf 88' lang='lat' dir='ltr'><strong>me,</strong></span> <span class='ocrx_word' id='word_1_779' title='bbox 3302 3051 3466 3119; x_wconf 88' lang='lat' dir='ltr'><strong>Deus,</strong></span> <span class='ocrx_word' id='word_1_780' title='bbox 3501 3062 3551 3107; x_wconf 84' lang='lat' dir='ltr'><strong>et</strong></span> <span class='ocrx_word' id='word_1_781' title='bbox 3573 3055 3759 3107; x_wconf 86' lang='lat' dir='ltr'><strong>miratur.</strong></span> 
     </span>
    </p>
   </div>
   <div class='ocr_carea' id='block_1_92' title="bbox 2229 3139 3762 3211">
    <p class='ocr_par' dir='ltr' id='par_1_92' title="bbox 2229 3139 3762 3211">
     <span class='ocr_line' id='line_1_93' title="bbox 2229 3139 3762 3211; baseline 0.001 -15"><span class='ocrx_word' id='word_1_782' title='bbox 2229 3139 2378 3196; x_wconf 51' lang='lat' dir='ltr'><strong>Solet</strong></span> <span class='ocrx_word' id='word_1_783' title='bbox 2414 3142 2553 3195; x_wconf 90' lang='lat' dir='ltr'><strong>enim</strong></span> <span class='ocrx_word' id='word_1_784' title='bbox 2578 3140 2745 3195; x_wconf 88' lang='lat' dir='ltr'><strong>homo</strong></span> <span class='ocrx_word' id='word_1_785' title='bbox 2770 3141 2978 3207; x_wconf 87' lang='lat' dir='ltr'><strong>dicere,</strong></span> <span class='ocrx_word' id='word_1_786' title='bbox 3011 3142 3251 3211; x_wconf 82' lang='lat' dir='ltr'><strong>Ignoscat</strong></span> <span class='ocrx_word' id='word_1_787' title='bbox 3288 3144 3419 3198; x_wconf 79' lang='lat' dir='ltr'><strong>inihi</strong></span> <span class='ocrx_word' id='word_1_788' title='bbox 3453 3145 3610 3209; x_wconf 72' lang='lat' dir='ltr'><strong>Deus;</strong></span> <span class='ocrx_word' id='word_1_789' title='bbox 3638 3144 3762 3198; x_wconf 81' lang='lat' dir='ltr'><strong>Parce</strong></span> 
     </span>
    </p>
   </div>
   <div class='ocr_carea' id='block_1_93' title="bbox 2229 3234 3761 3306">
    <p class='ocr_par' dir='ltr' id='par_1_93' title="bbox 2229 3234 3761 3306">
     <span class='ocr_line' id='line_1_94' title="bbox 2229 3234 3761 3306; baseline 0 -18"><span class='ocrx_word' id='word_1_790' title='bbox 2229 3234 2390 3300; x_wconf 89' lang='lat' dir='ltr'><strong>mihi,</strong></span> <span class='ocrx_word' id='word_1_791' title='bbox 2423 3235 2559 3289; x_wconf 90' lang='lat' dir='ltr'><strong>Deus</strong></span> <span class='ocrx_word' id='word_1_792' title='bbox 2583 3253 2596 3289; x_wconf 87' lang='lat'><strong>:</strong></span> <span class='ocrx_word' id='word_1_793' title='bbox 2643 3235 2762 3306; x_wconf 88' lang='lat' dir='ltr'><strong>quis</strong></span> <span class='ocrx_word' id='word_1_794' title='bbox 2783 3235 2976 3304; x_wconf 90' lang='lat' dir='ltr'><strong>estqui</strong></span> <span class='ocrx_word' id='word_1_795' title='bbox 3002 3234 3172 3301; x_wconf 87' lang='lat' dir='ltr'><strong>dicat,</strong></span> <span class='ocrx_word' id='word_1_796' title='bbox 3196 3234 3392 3290; x_wconf 73' lang='lat' dir='ltr'><strong>Indica</strong></span> <span class='ocrx_word' id='word_1_797' title='bbox 3414 3254 3491 3290; x_wconf 88' lang='lat' dir='ltr'><strong>me</strong></span> <span class='ocrx_word' id='word_1_798' title='bbox 3506 3278 3520 3301; x_wconf 92' lang='lat'><strong>,</strong></span> <span class='ocrx_word' id='word_1_799' title='bbox 3546 3236 3659 3289; x_wconf 83' lang='lat' dir='ltr'><strong>Deus</strong></span> <span class='ocrx_word' id='word_1_800' title='bbox 3678 3236 3698 3288; x_wconf 82' lang='lat'><strong>.’</strong></span> <span class='ocrx_word' id='word_1_801' title='bbox 3720 3235 3761 3289; x_wconf 76' lang='lat' dir='ltr'><strong>Et</strong></span> 
     </span>
    </p>
   </div>
   <div class='ocr_carea' id='block_1_94' title="bbox 2226 3326 3761 3397">
    <p class='ocr_par' dir='ltr' id='par_1_94' title="bbox 2226 3326 3761 3397">
     <span class='ocr_line' id='line_1_95' title="bbox 2226 3326 3761 3397; baseline -0.001 -16"><span class='ocrx_word' id='word_1_802' title='bbox 2226 3326 2511 3397; x_wconf 90' lang='lat' dir='ltr'><strong>aliquando</strong></span> <span class='ocrx_word' id='word_1_803' title='bbox 2540 3326 2590 3380; x_wconf 89' lang='lat' dir='ltr'><strong>in</strong></span> <span class='ocrx_word' id='word_1_804' title='bbox 2614 3326 2827 3381; x_wconf 87' lang='lat' dir='ltr'><strong>Psalmo</strong></span> <span class='ocrx_word' id='word_1_805' title='bbox 2861 3341 3046 3381; x_wconf 81' lang='lat' dir='ltr'><strong>versus</strong></span> <span class='ocrx_word' id='word_1_806' title='bbox 3074 3326 3185 3396; x_wconf 85' lang='lat' dir='ltr'><strong>ipse</strong></span> <span class='ocrx_word' id='word_1_807' title='bbox 3217 3326 3266 3381; x_wconf 91' lang='lat' dir='ltr'><strong>in</strong></span> <span class='ocrx_word' id='word_1_808' title='bbox 3295 3328 3628 3397; x_wconf 87' lang='lat' dir='ltr'><strong>diapsalmale</strong></span> <span class='ocrx_word' id='word_1_809' title='bbox 3646 3327 3761 3396; x_wconf 87' lang='lat' dir='ltr'><strong>poni-</strong></span> 
     </span>
    </p>
   </div>
   <div class='ocr_carea' id='block_1_95' title="bbox 2226 3415 3760 3489">
    <p class='ocr_par' dir='ltr' id='par_1_95' title="bbox 2226 3415 3760 3489">
     <span class='ocr_line' id='line_1_96' title="bbox 2226 3415 3760 3489; baseline -0.001 -16"><span class='ocrx_word' id='word_1_810' title='bbox 2226 3427 2347 3483; x_wconf 91' lang='lat' dir='ltr'><strong>tur,</strong></span> <span class='ocrx_word' id='word_1_811' title='bbox 2379 3419 2469 3488; x_wconf 91' lang='lat' dir='ltr'><strong>qui</strong></span> <span class='ocrx_word' id='word_1_812' title='bbox 2498 3416 2793 3488; x_wconf 72' lang='lat' dir='ltr'><strong>pracbeatur</strong></span> <span class='ocrx_word' id='word_1_813' title='bbox 2820 3432 2849 3469; x_wconf 89' lang='lat' dir='ltr'><strong>a</strong></span> <span class='ocrx_word' id='word_1_814' title='bbox 2880 3415 3079 3471; x_wconf 80' lang='lat' dir='ltr'><strong>lectore</strong></span> <span class='ocrx_word' id='word_1_815' title='bbox 3099 3458 3114 3483; x_wconf 96' lang='lat'><strong>,</strong></span> <span class='ocrx_word' id='word_1_816' title='bbox 3145 3427 3199 3472; x_wconf 91' lang='lat' dir='ltr'><strong>et</strong></span> <span class='ocrx_word' id='word_1_817' title='bbox 3239 3419 3616 3489; x_wconf 78' lang='lat' dir='ltr'><strong>respondeatur</strong></span> <span class='ocrx_word' id='word_1_818' title='bbox 3643 3433 3668 3473; x_wconf 88' lang='lat' dir='ltr'><strong>a</strong></span> <span class='ocrx_word' id='word_1_819' title='bbox 3691 3430 3760 3485; x_wconf 85' lang='lat' dir='ltr'><strong>po-</strong></span> 
     </span>
    </p>
   </div>
   <div class='ocr_carea' id='block_1_96' title="bbox 2226 3509 3761 3582">
    <p class='ocr_par' dir='ltr' id='par_1_96' title="bbox 2226 3509 3761 3582">
     <span class='ocr_line' id='line_1_97' title="bbox 2226 3509 3761 3582; baseline 0.001 -19"><span class='ocrx_word' id='word_1_820' title='bbox 2226 3510 2370 3580; x_wconf 91' lang='lat' dir='ltr'><strong>pulo.</strong></span> <span class='ocrx_word' id='word_1_821' title='bbox 2401 3510 2516 3565; x_wconf 87' lang='lat' dir='ltr'><strong>Non</strong></span> <span class='ocrx_word' id='word_1_822' title='bbox 2542 3509 2678 3566; x_wconf 79' lang='lat' dir='ltr'><strong>forte</strong></span> <span class='ocrx_word' id='word_1_823' title='bbox 2696 3510 2854 3565; x_wconf 90' lang='lat' dir='ltr'><strong>alicui</strong></span> <span class='ocrx_word' id='word_1_824' title='bbox 2878 3525 2973 3566; x_wconf 91' lang='lat' dir='ltr'><strong>cor</strong></span> <span class='ocrx_word' id='word_1_825' title='bbox 2996 3512 3312 3582; x_wconf 83' lang='lat' dir='ltr'><strong>percutitur,</strong></span> <span class='ocrx_word' id='word_1_826' title='bbox 3341 3524 3397 3569; x_wconf 89' lang='lat' dir='ltr'><strong>et</strong></span> <span class='ocrx_word' id='word_1_827' title='bbox 3426 3515 3568 3571; x_wconf 89' lang='lat' dir='ltr'><strong>timet</strong></span> <span class='ocrx_word' id='word_1_828' title='bbox 3589 3521 3761 3569; x_wconf 79' lang='lat' dir='ltr'><strong>caiitarc</strong></span> 
     </span>
    </p>
   </div>
   <div class='ocr_carea' id='block_1_97' title="bbox 2226 3603 3762 3672">
    <p class='ocr_par' dir='ltr' id='par_1_97' title="bbox 2226 3603 3762 3672">
     <span class='ocr_line' id='line_1_98' title="bbox 2226 3603 3762 3672; baseline 0.001 -15"><span class='ocrx_word' id='word_1_829' title='bbox 2226 3604 2336 3657; x_wconf 87' lang='lat' dir='ltr'><strong>Deo</strong></span> <span class='ocrx_word' id='word_1_830' title='bbox 2378 3614 2432 3658; x_wconf 89' lang='lat' dir='ltr'><strong>et</strong></span> <span class='ocrx_word' id='word_1_831' title='bbox 2457 3605 2665 3670; x_wconf 86' lang='lat' dir='ltr'><strong>dicere,</strong></span> <span class='ocrx_word' id='word_1_832' title='bbox 2707 3603 2898 3658; x_wconf 87' lang='lat' dir='ltr'><strong>Judica</strong></span> <span class='ocrx_word' id='word_1_833' title='bbox 2934 3621 3045 3672; x_wconf 88' lang='lat' dir='ltr'><strong>me,</strong></span> <span class='ocrx_word' id='word_1_834' title='bbox 3099 3604 3272 3660; x_wconf 85' lang='lat' dir='ltr'><strong>Deus?</strong></span> <span class='ocrx_word' id='word_1_835' title='bbox 3320 3608 3386 3662; x_wconf 87' lang='lat' dir='ltr'><strong>Et</strong></span> <span class='ocrx_word' id='word_1_836' title='bbox 3422 3618 3587 3663; x_wconf 81' lang='lat' dir='ltr'><strong>tamen</strong></span> <span class='ocrx_word' id='word_1_837' title='bbox 3624 3614 3762 3663; x_wconf 76' lang='lat' dir='ltr'><strong>cantu</strong></span> 
     </span>
    </p>
   </div>
   <div class='ocr_carea' id='block_1_98' title="bbox 2223 3697 3762 3773">
    <p class='ocr_par' dir='ltr' id='par_1_98' title="bbox 2223 3697 3762 3773">
     <span class='ocr_line' id='line_1_99' title="bbox 2223 3697 3762 3773; baseline 0 -22"><span class='ocrx_word' id='word_1_838' title='bbox 2223 3698 2449 3767; x_wconf 88' lang='lat' dir='ltr'><strong>populus</strong></span> <span class='ocrx_word' id='word_1_839' title='bbox 2470 3697 2696 3753; x_wconf 82' lang='lat' dir='ltr'><strong>credens</strong></span> <span class='ocrx_word' id='word_1_840' title='bbox 2716 3740 2729 3765; x_wconf 95' lang='lat'><strong>,</strong></span> <span class='ocrx_word' id='word_1_841' title='bbox 2760 3714 2857 3753; x_wconf 89' lang='lat' dir='ltr'><strong>nec</strong></span> <span class='ocrx_word' id='word_1_842' title='bbox 2885 3707 3032 3768; x_wconf 85' lang='lat' dir='ltr'><strong>putat</strong></span> <span class='ocrx_word' id='word_1_843' title='bbox 3057 3713 3116 3754; x_wconf 91' lang='lat' dir='ltr'><strong>se</strong></span> <span class='ocrx_word' id='word_1_844' title='bbox 3138 3700 3275 3754; x_wconf 89' lang='lat' dir='ltr'><strong>male</strong></span> <span class='ocrx_word' id='word_1_845' title='bbox 3305 3712 3491 3772; x_wconf 82' lang='lat' dir='ltr'><strong>aptare</strong></span> <span class='ocrx_word' id='word_1_846' title='bbox 3513 3701 3638 3773; x_wconf 88' lang='lat' dir='ltr'><strong>quod</strong></span> <span class='ocrx_word' id='word_1_847' title='bbox 3658 3697 3762 3755; x_wconf 88' lang='lat' dir='ltr'><strong>didi-</strong></span> 
     </span>
    </p>
   </div>
   <div class='ocr_carea' id='block_1_99' title="bbox 2222 3789 3761 3864">
    <p class='ocr_par' dir='ltr' id='par_1_99' title="bbox 2222 3789 3761 3864">
     <span class='ocr_line' id='line_1_100' title="bbox 2222 3789 3761 3864; baseline 0.001 -23"><span class='ocrx_word' id='word_1_848' title='bbox 2222 3789 2293 3842; x_wconf 91' lang='lat' dir='ltr'><strong>cit</strong></span> <span class='ocrx_word' id='word_1_849' title='bbox 2335 3803 2363 3841; x_wconf 89' lang='lat' dir='ltr'><strong>a</strong></span> <span class='ocrx_word' id='word_1_850' title='bbox 2405 3790 2578 3843; x_wconf 84' lang='lat' dir='ltr'><strong>divina</strong></span> <span class='ocrx_word' id='word_1_851' title='bbox 2612 3791 2839 3844; x_wconf 88' lang='lat' dir='ltr'><strong>lectione</strong></span> <span class='ocrx_word' id='word_1_852' title='bbox 2885 3800 2983 3845; x_wconf 92' lang='lat' dir='ltr'><strong>:et</strong></span> <span class='ocrx_word' id='word_1_853' title='bbox 3025 3790 3287 3860; x_wconf 87' lang='lat' dir='ltr'><strong>siparum</strong></span> <span class='ocrx_word' id='word_1_854' title='bbox 3341 3790 3761 3864; x_wconf 80' lang='lat' dir='ltr'><strong>intelligit,crcdit</strong></span> 
     </span>
    </p>
   </div>
   <div class='ocr_carea' id='block_1_100' title="bbox 2221 3880 3760 3962">
    <p class='ocr_par' dir='ltr' id='par_1_100' title="bbox 2221 3880 3760 3962">
     <span class='ocr_line' id='line_1_101' title="bbox 2221 3880 3760 3962; baseline 0.008 -29"><span class='ocrx_word' id='word_1_855' title='bbox 2221 3880 2417 3950; x_wconf 86' lang='lat' dir='ltr'><strong>aliquid</strong></span> <span class='ocrx_word' id='word_1_856' title='bbox 2445 3882 2569 3938; x_wconf 90' lang='lat' dir='ltr'><strong>boni</strong></span> <span class='ocrx_word' id='word_1_857' title='bbox 2595 3900 2716 3941; x_wconf 83' lang='lat' dir='ltr'><strong>esse</strong></span> <span class='ocrx_word' id='word_1_858' title='bbox 2741 3888 2882 3958; x_wconf 90' lang='lat' dir='ltr'><strong>quod</strong></span> <span class='ocrx_word' id='word_1_859' title='bbox 2909 3897 3106 3944; x_wconf 87' lang='lat' dir='ltr'><strong>cantat.</strong></span> <span class='ocrx_word' id='word_1_860' title='bbox 3138 3889 3203 3944; x_wconf 86' lang='lat' dir='ltr'><strong>Et</strong></span> <span class='ocrx_word' id='word_1_861' title='bbox 3233 3899 3416 3947; x_wconf 87' lang='lat' dir='ltr'><strong>tamen</strong></span> <span class='ocrx_word' id='word_1_862' title='bbox 3443 3903 3494 3946; x_wconf 86' lang='lat' dir='ltr'><strong>et</strong></span> <span class='ocrx_word' id='word_1_863' title='bbox 3523 3893 3624 3962; x_wconf 84' lang='lat' dir='ltr'><strong>ipse</strong></span> <span class='ocrx_word' id='word_1_864' title='bbox 3650 3885 3760 3945; x_wconf 78' lang='lat' dir='ltr'><strong>Psal-</strong></span> 
     </span>
    </p>
   </div>
   <div class='ocr_carea' id='block_1_101' title="bbox 2221 3974 3759 4039">
    <p class='ocr_par' dir='ltr' id='par_1_101' title="bbox 2221 3974 3759 4039">
     <span class='ocr_line' id='line_1_102' title="bbox 2221 3974 3759 4039; baseline 0.003 -12"><span class='ocrx_word' id='word_1_865' title='bbox 2221 3988 2341 4028; x_wconf 90' lang='lat' dir='ltr'><strong>mus</strong></span> <span class='ocrx_word' id='word_1_866' title='bbox 2375 3990 2479 4029; x_wconf 89' lang='lat' dir='ltr'><strong>non</strong></span> <span class='ocrx_word' id='word_1_867' title='bbox 2518 3974 2716 4032; x_wconf 75' lang='lat' dir='ltr'><strong>dimisit</strong></span> <span class='ocrx_word' id='word_1_868' title='bbox 2761 3978 3027 4034; x_wconf 89' lang='lat' dir='ltr'><strong>hominem</strong></span> <span class='ocrx_word' id='word_1_869' title='bbox 3072 3982 3186 4035; x_wconf 90' lang='lat' dir='ltr'><strong>sine</strong></span> <span class='ocrx_word' id='word_1_870' title='bbox 3232 3982 3527 4039; x_wconf 85' lang='lat' dir='ltr'><strong>intellectu.</strong></span> <span class='ocrx_word' id='word_1_871' title='bbox 3578 3985 3759 4039; x_wconf 82' lang='lat' dir='ltr'><strong>Secutus</strong></span> 
     </span>
    </p>
   </div>
   <div class='ocr_carea' id='block_1_102' title="bbox 2218 4068 3758 4148">
    <p class='ocr_par' dir='ltr' id='par_1_102' title="bbox 2218 4068 3758 4148">
     <span class='ocr_line' id='line_1_103' title="bbox 2218 4068 3758 4148; baseline 0.003 -27"><span class='ocrx_word' id='word_1_872' title='bbox 2218 4068 2396 4133; x_wconf 87' lang='lat' dir='ltr'><strong>enim,</strong></span> <span class='ocrx_word' id='word_1_873' title='bbox 2442 4069 2616 4124; x_wconf 86' lang='lat' dir='ltr'><strong>verbis</strong></span> <span class='ocrx_word' id='word_1_874' title='bbox 2659 4072 3038 4139; x_wconf 88' lang='lat' dir='ltr'><strong>posterioribus</strong></span> <span class='ocrx_word' id='word_1_875' title='bbox 3064 4075 3300 4130; x_wconf 88' lang='lat' dir='ltr'><strong>ostendit</strong></span> <span class='ocrx_word' id='word_1_876' title='bbox 3349 4079 3505 4148; x_wconf 81' lang='lat' dir='ltr'><strong>quale</strong></span> <span class='ocrx_word' id='word_1_877' title='bbox 3547 4075 3758 4147; x_wconf 86' lang='lat' dir='ltr'><strong>judicium</strong></span> 
     </span>
    </p>
   </div>
   <div class='ocr_carea' id='block_1_103' title="bbox 2218 4158 3755 4233">
    <p class='ocr_par' dir='ltr' id='par_1_103' title="bbox 2218 4158 3755 4233">
     <span class='ocr_line' id='line_1_104' title="bbox 2218 4158 3755 4233; baseline 0.001 -20"><span class='ocrx_word' id='word_1_878' title='bbox 2218 4158 2457 4223; x_wconf 86' lang='lat' dir='ltr'><strong>diceret;</strong></span> <span class='ocrx_word' id='word_1_879' title='bbox 2486 4160 2606 4229; x_wconf 87' lang='lat' dir='ltr'><strong>quia</strong></span> <span class='ocrx_word' id='word_1_880' title='bbox 2637 4176 2739 4215; x_wconf 92' lang='lat' dir='ltr'><strong>non</strong></span> <span class='ocrx_word' id='word_1_881' title='bbox 2780 4173 2860 4216; x_wconf 87' lang='lat' dir='ltr'><strong>est</strong></span> <span class='ocrx_word' id='word_1_882' title='bbox 2894 4163 3250 4220; x_wconf 87' lang='lat' dir='ltr'><strong>damnationis</strong></span> <span class='ocrx_word' id='word_1_883' title='bbox 3270 4209 3286 4233; x_wconf 91' lang='lat'><strong>,</strong></span> <span class='ocrx_word' id='word_1_884' title='bbox 3320 4169 3416 4223; x_wconf 76' lang='lat' dir='ltr'><strong>sed</strong></span> <span class='ocrx_word' id='word_1_885' title='bbox 3447 4164 3755 4224; x_wconf 68' lang='lat' dir='ltr'><strong>discretionis.</strong></span> 
     </span>
    </p>
   </div>
   <div class='ocr_carea' id='block_1_104' title="bbox 2218 4250 3756 4327">
    <p class='ocr_par' dir='ltr' id='par_1_104' title="bbox 2218 4250 3756 4327">
     <span class='ocr_line' id='line_1_105' title="bbox 2218 4250 3756 4327; baseline 0.002 -21"><span class='ocrx_word' id='word_1_886' title='bbox 2218 4253 2307 4306; x_wconf 86' lang='lat' dir='ltr'><strong>Ait</strong></span> <span class='ocrx_word' id='word_1_887' title='bbox 2346 4251 2524 4316; x_wconf 89' lang='lat' dir='ltr'><strong>enim,</strong></span> <span class='ocrx_word' id='word_1_888' title='bbox 2563 4250 2748 4306; x_wconf 84' lang='lat' dir='ltr'><strong>Judica</strong></span> <span class='ocrx_word' id='word_1_889' title='bbox 2791 4271 2902 4318; x_wconf 89' lang='lat' dir='ltr'><strong>me,</strong></span> <span class='ocrx_word' id='word_1_890' title='bbox 2948 4254 3100 4310; x_wconf 85' lang='lat' dir='ltr'><strong>Deus.</strong></span> <span class='ocrx_word' id='word_1_891' title='bbox 3144 4258 3278 4323; x_wconf 86' lang='lat' dir='ltr'><strong>Quid</strong></span> <span class='ocrx_word' id='word_1_892' title='bbox 3313 4272 3432 4327; x_wconf 85' lang='lat' dir='ltr'><strong>est,</strong></span> <span class='ocrx_word' id='word_1_893' title='bbox 3480 4259 3756 4319; x_wconf 78' lang='lat' dir='ltr'><strong>Judicuute,</strong></span> 
     </span>
    </p>
   </div>
   <div class='ocr_carea' id='block_1_105' title="bbox 2220 4341 3755 4422">
    <p class='ocr_par' dir='ltr' id='par_1_105' title="bbox 2220 4341 3755 4422">
     <span class='ocr_line' id='line_1_106' title="bbox 2220 4341 3755 4422; baseline 0.003 -27"><span class='ocrx_word' id='word_1_894' title='bbox 2220 4341 2401 4396; x_wconf 85' lang='lat' dir='ltr'><strong>Deus?</strong></span> <span class='ocrx_word' id='word_1_895' title='bbox 2429 4342 2493 4396; x_wconf 86' lang='lat' dir='ltr'><strong>Et</strong></span> <span class='ocrx_word' id='word_1_896' title='bbox 2536 4344 2760 4398; x_wconf 83' lang='lat' dir='ltr'><strong>discerne</strong></span> <span class='ocrx_word' id='word_1_897' title='bbox 2784 4362 2990 4401; x_wconf 88' lang='lat' dir='ltr'><strong>causam</strong></span> <span class='ocrx_word' id='word_1_898' title='bbox 3032 4365 3190 4403; x_wconf 88' lang='lat' dir='ltr'><strong>meam</strong></span> <span class='ocrx_word' id='word_1_899' title='bbox 3218 4368 3247 4403; x_wconf 91' lang='lat' dir='ltr'><strong>a</strong></span> <span class='ocrx_word' id='word_1_900' title='bbox 3289 4363 3437 4422; x_wconf 82' lang='lat' dir='ltr'><strong>gente</strong></span> <span class='ocrx_word' id='word_1_901' title='bbox 3474 4370 3568 4407; x_wconf 89' lang='lat' dir='ltr'><strong>non</strong></span> <span class='ocrx_word' id='word_1_902' title='bbox 3602 4357 3755 4405; x_wconf 83' lang='lat' dir='ltr'><strong>sancta.</strong></span> 
     </span>
    </p>
   </div>
   <div class='ocr_carea' id='block_1_106' title="bbox 2217 4435 3757 4518">
    <p class='ocr_par' dir='ltr' id='par_1_106' title="bbox 2217 4435 3757 4518">
     <span class='ocr_line' id='line_1_107' title="bbox 2217 4435 3757 4518; baseline 0.006 -30"><span class='ocrx_word' id='word_1_903' title='bbox 2217 4435 2357 4505; x_wconf 80' lang='lat' dir='ltr'><strong>Ergo</strong></span> <span class='ocrx_word' id='word_1_904' title='bbox 2384 4437 2671 4491; x_wconf 86' lang='lat' dir='ltr'><strong>secundum</strong></span> <span class='ocrx_word' id='word_1_905' title='bbox 2699 4438 2799 4494; x_wconf 88' lang='lat' dir='ltr'><strong>hoc</strong></span> <span class='ocrx_word' id='word_1_906' title='bbox 2818 4439 3075 4509; x_wconf 85' lang='lat' dir='ltr'><strong>judicium</strong></span> <span class='ocrx_word' id='word_1_907' title='bbox 3100 4443 3464 4510; x_wconf 84' lang='lat' dir='ltr'><strong>discretionis,</strong></span> <span class='ocrx_word' id='word_1_908' title='bbox 3498 4455 3670 4518; x_wconf 79' lang='lat' dir='ltr'><strong>Oportet</strong></span> <span class='ocrx_word' id='word_1_909' title='bbox 3688 4460 3757 4498; x_wconf 78' lang='lat' dir='ltr'><strong>uas</strong></span> 
     </span>
    </p>
   </div>
   <div class='ocr_carea' id='block_1_107' title="bbox 2216 4527 3759 4607">
    <p class='ocr_par' dir='ltr' id='par_1_107' title="bbox 2216 4527 3759 4607">
     <span class='ocr_line' id='line_1_108' title="bbox 2216 4527 3759 4607; baseline 0.007 -29"><span class='ocrx_word' id='word_1_910' title='bbox 2216 4542 2387 4580; x_wconf 88' lang='lat' dir='ltr'><strong>onmes</strong></span> <span class='ocrx_word' id='word_1_911' title='bbox 2417 4527 2635 4582; x_wconf 74' lang='lat' dir='ltr'><strong>exhiberi</strong></span> <span class='ocrx_word' id='word_1_912' title='bbox 2676 4540 2790 4584; x_wconf 83' lang='lat' dir='ltr'><strong>ante</strong></span> <span class='ocrx_word' id='word_1_913' title='bbox 2829 4532 3048 4587; x_wconf 89' lang='lat' dir='ltr'><strong>tribunal</strong></span> <span class='ocrx_word' id='word_1_914' title='bbox 3074 4533 3280 4588; x_wconf 71' lang='lat' dir='ltr'><strong>Christi.</strong></span> <span class='ocrx_word' id='word_1_915' title='bbox 3333 4538 3624 4593; x_wconf 70' lang='lat' dir='ltr'><strong>Secundum</strong></span> <span class='ocrx_word' id='word_1_916' title='bbox 3647 4534 3759 4607; x_wconf 84' lang='lat' dir='ltr'><strong>judi-</strong></span> 
     </span>
    </p>
   </div>
   <div class='ocr_carea' id='block_1_108' title="bbox 2213 4618 3754 4697">
    <p class='ocr_par' dir='ltr' id='par_1_108' title="bbox 2213 4618 3754 4697">
     <span class='ocr_line' id='line_1_109' title="bbox 2213 4618 3754 4697; baseline 0.004 -24"><span class='ocrx_word' id='word_1_917' title='bbox 2213 4618 2353 4673; x_wconf 90' lang='lat' dir='ltr'><strong>cium</strong></span> <span class='ocrx_word' id='word_1_918' title='bbox 2378 4629 2552 4675; x_wconf 86' lang='lat' dir='ltr'><strong>aulcm</strong></span> <span class='ocrx_word' id='word_1_919' title='bbox 2583 4621 2955 4690; x_wconf 80' lang='lat' dir='ltr'><strong>damnationis,</strong></span> <span class='ocrx_word' id='word_1_920' title='bbox 2984 4625 3083 4691; x_wconf 84' lang='lat' dir='ltr'><strong>Qui</strong></span> <span class='ocrx_word' id='word_1_921' title='bbox 3106 4628 3246 4681; x_wconf 86' lang='lat' dir='ltr'><strong>audit</strong></span> <span class='ocrx_word' id='word_1_922' title='bbox 3272 4631 3424 4684; x_wconf 78' lang='lat' dir='ltr'><strong>verba</strong></span> <span class='ocrx_word' id='word_1_923' title='bbox 3453 4649 3577 4696; x_wconf 80' lang='lat' dir='ltr'><strong>mea,</strong></span> <span class='ocrx_word' id='word_1_924' title='bbox 3604 4627 3754 4697; x_wconf 83' lang='lat' dir='ltr'><strong>inquit,</strong></span> 
     </span>
    </p>
   </div>
   <div class='ocr_carea' id='block_1_109' title="bbox 2213 4712 3755 4786">
    <p class='ocr_par' dir='ltr' id='par_1_109' title="bbox 2213 4712 3755 4786">
     <span class='ocr_line' id='line_1_110' title="bbox 2213 4712 3755 4786; baseline 0.004 -22"><span class='ocrx_word' id='word_1_925' title='bbox 2213 4720 2259 4765; x_wconf 88' lang='lat' dir='ltr'><strong>et</strong></span> <span class='ocrx_word' id='word_1_926' title='bbox 2302 4712 2456 4766; x_wconf 87' lang='lat' dir='ltr'><strong>credit</strong></span> <span class='ocrx_word' id='word_1_927' title='bbox 2484 4712 2529 4766; x_wconf 91' lang='lat' dir='ltr'><strong>ei</strong></span> <span class='ocrx_word' id='word_1_928' title='bbox 2563 4713 2647 4783; x_wconf 84' lang='lat' dir='ltr'><strong>qui</strong></span> <span class='ocrx_word' id='word_1_929' title='bbox 2683 4716 2812 4768; x_wconf 81' lang='lat' dir='ltr'><strong>misit</strong></span> <span class='ocrx_word' id='word_1_930' title='bbox 2857 4733 2965 4781; x_wconf 87' lang='lat' dir='ltr'><strong>me,</strong></span> <span class='ocrx_word' id='word_1_931' title='bbox 2997 4717 3140 4771; x_wconf 82' lang='lat' dir='ltr'><strong>habet</strong></span> <span class='ocrx_word' id='word_1_932' title='bbox 3184 4721 3336 4774; x_wconf 67' lang='lat' dir='ltr'><strong>vitam</strong></span> <span class='ocrx_word' id='word_1_933' title='bbox 3364 4734 3629 4786; x_wconf 77' lang='lat' dir='ltr'><strong>wternant,</strong></span> <span class='ocrx_word' id='word_1_934' title='bbox 3657 4728 3695 4772; x_wconf 87' lang='lat' dir='ltr'><strong>et</strong></span> <span class='ocrx_word' id='word_1_935' title='bbox 3717 4716 3755 4769; x_wconf 74' lang='lat' dir='ltr'><strong>is</strong></span> 
     </span>
    </p>
   </div>
   <div class='ocr_carea' id='block_1_110' title="bbox 2201 4803 3756 4882">
    <p class='ocr_par' dir='ltr' id='par_1_110' title="bbox 2201 4803 3756 4882">
     <span class='ocr_line' id='line_1_111' title="bbox 2201 4803 3756 4882; baseline 0.003 -26"><span class='ocrx_word' id='word_1_936' title='bbox 2201 4803 2455 4873; x_wconf 85' lang='lat' dir='ltr'><strong>judicium</strong></span> <span class='ocrx_word' id='word_1_937' title='bbox 2484 4821 2585 4858; x_wconf 89' lang='lat' dir='ltr'><strong>non</strong></span> <span class='ocrx_word' id='word_1_938' title='bbox 2612 4807 2767 4858; x_wconf 81' lang='lat' dir='ltr'><strong>veniet</strong></span> <span class='ocrx_word' id='word_1_939' title='bbox 2790 4848 2804 4872; x_wconf 93' lang='lat'><strong>,</strong></span> <span class='ocrx_word' id='word_1_940' title='bbox 2832 4808 2921 4860; x_wconf 85' lang='lat' dir='ltr'><strong>sed</strong></span> <span class='ocrx_word' id='word_1_941' title='bbox 2944 4809 3211 4863; x_wconf 86' lang='lat' dir='ltr'><strong>transitum</strong></span> <span class='ocrx_word' id='word_1_942' title='bbox 3238 4812 3363 4882; x_wconf 78' lang='lat' dir='ltr'><strong>facit</strong></span> <span class='ocrx_word' id='word_1_943' title='bbox 3389 4830 3422 4866; x_wconf 90' lang='lat' dir='ltr'><strong>a</strong></span> <span class='ocrx_word' id='word_1_944' title='bbox 3447 4824 3599 4867; x_wconf 88' lang='lat' dir='ltr'><strong>morte</strong></span> <span class='ocrx_word' id='word_1_945' title='bbox 3619 4810 3679 4864; x_wconf 87' lang='lat' dir='ltr'><strong>ad</strong></span> <span class='ocrx_word' id='word_1_946' title='bbox 3701 4807 3756 4861; x_wconf 78' lang='lat' dir='ltr'><strong>ri-</strong></span> 
     </span>
    </p>
   </div>
   <div class='ocr_carea' id='block_1_111' title="bbox 2212 4893 3757 4967">
    <p class='ocr_par' dir='ltr' id='par_1_111' title="bbox 2212 4893 3757 4967">
     <span class='ocr_line' id='line_1_112' title="bbox 2212 4893 3757 4967; baseline 0.003 -20"><span class='ocrx_word' id='word_1_947' title='bbox 2212 4903 2333 4947; x_wconf 88' lang='lat' dir='ltr'><strong>tant.</strong></span> <span class='ocrx_word' id='word_1_948' title='bbox 2377 4893 2511 4961; x_wconf 84' lang='lat' dir='ltr'><strong>Quid</strong></span> <span class='ocrx_word' id='word_1_949' title='bbox 2556 4905 2672 4962; x_wconf 84' lang='lat' dir='ltr'><strong>est,</strong></span> <span class='ocrx_word' id='word_1_950' title='bbox 2718 4896 2771 4949; x_wconf 90' lang='lat' dir='ltr'><strong>iu</strong></span> <span class='ocrx_word' id='word_1_951' title='bbox 2796 4897 3048 4967; x_wconf 83' lang='lat' dir='ltr'><strong>judicium</strong></span> <span class='ocrx_word' id='word_1_952' title='bbox 3095 4916 3195 4954; x_wconf 86' lang='lat' dir='ltr'><strong>non</strong></span> <span class='ocrx_word' id='word_1_953' title='bbox 3238 4902 3442 4957; x_wconf 80' lang='lat' dir='ltr'><strong>veniet?</strong></span> <span class='ocrx_word' id='word_1_954' title='bbox 3476 4903 3530 4958; x_wconf 89' lang='lat' dir='ltr'><strong>lu</strong></span> <span class='ocrx_word' id='word_1_955' title='bbox 3576 4902 3757 4957; x_wconf 79' lang='lat' dir='ltr'><strong>damna-</strong></span> 
     </span>
    </p>
   </div>
   <div class='ocr_carea' id='block_1_112' title="bbox 2212 4985 3755 5064">
    <p class='ocr_par' dir='ltr' id='par_1_112' title="bbox 2212 4985 3755 5064">
     <span class='ocr_line' id='line_1_113' title="bbox 2212 4985 3755 5064; baseline 0.006 -26"><span class='ocrx_word' id='word_1_956' title='bbox 2212 4985 2410 5038; x_wconf 88' lang='lat' dir='ltr'><strong>tionem</strong></span> <span class='ocrx_word' id='word_1_957' title='bbox 2462 5001 2566 5038; x_wconf 87' lang='lat' dir='ltr'><strong>nou</strong></span> <span class='ocrx_word' id='word_1_958' title='bbox 2620 4985 2814 5041; x_wconf 70' lang='lat' dir='ltr'><strong>veniet.</strong></span> <span class='ocrx_word' id='word_1_959' title='bbox 2870 4987 3165 5046; x_wconf 88' lang='lat' dir='ltr'><strong>Probemus</strong></span> <span class='ocrx_word' id='word_1_960' title='bbox 3212 4990 3280 5047; x_wconf 89' lang='lat' dir='ltr'><strong>de</strong></span> <span class='ocrx_word' id='word_1_961' title='bbox 3329 4992 3617 5064; x_wconf 86' lang='lat' dir='ltr'><strong>Scripturis</strong></span> <span class='ocrx_word' id='word_1_962' title='bbox 3662 4990 3755 5061; x_wconf 73' lang='lat' dir='ltr'><strong>quia</strong></span> 
     </span>
    </p>
   </div>
   <div class='ocr_carea' id='block_1_113' title="bbox 2209 5074 3756 5157">
    <p class='ocr_par' dir='ltr' id='par_1_113' title="bbox 2209 5074 3756 5157">
     <span class='ocr_line' id='line_1_114' title="bbox 2209 5074 3756 5157; baseline 0.001 -26"><span class='ocrx_word' id='word_1_963' title='bbox 2209 5076 2407 5131; x_wconf 90' lang='lat' dir='ltr'><strong>dictum</strong></span> <span class='ocrx_word' id='word_1_964' title='bbox 2436 5084 2516 5131; x_wconf 90' lang='lat' dir='ltr'><strong>est</strong></span> <span class='ocrx_word' id='word_1_965' title='bbox 2539 5074 2796 5146; x_wconf 76' lang='lat' dir='ltr'><strong>judicium</strong></span> <span class='ocrx_word' id='word_1_966' title='bbox 2824 5079 2908 5133; x_wconf 87' lang='lat' dir='ltr'><strong>ubi</strong></span> <span class='ocrx_word' id='word_1_967' title='bbox 2936 5095 3090 5149; x_wconf 64' lang='lat' dir='ltr'><strong>poena</strong></span> <span class='ocrx_word' id='word_1_968' title='bbox 3119 5082 3465 5154; x_wconf 76' lang='lat' dir='ltr'><strong>intelligitur:</strong></span> <span class='ocrx_word' id='word_1_969' title='bbox 3495 5094 3756 5157; x_wconf 86' lang='lat' dir='ltr'><strong>quanquam</strong></span> 
     </span>
    </p>
   </div>
   <div class='ocr_carea' id='block_1_114' title="bbox 2210 5167 3757 5249">
    <p class='ocr_par' dir='ltr' id='par_1_114' title="bbox 2210 5167 3757 5249">
     <span class='ocr_line' id='line_1_115' title="bbox 2210 5167 3757 5249; baseline 0.003 -29"><span class='ocrx_word' id='word_1_970' title='bbox 2210 5176 2263 5220; x_wconf 86' lang='lat' dir='ltr'><strong>et</strong></span> <span class='ocrx_word' id='word_1_971' title='bbox 2292 5167 2341 5220; x_wconf 91' lang='lat' dir='ltr'><strong>in</strong></span> <span class='ocrx_word' id='word_1_972' title='bbox 2372 5167 2470 5221; x_wconf 92' lang='lat' dir='ltr'><strong>hac</strong></span> <span class='ocrx_word' id='word_1_973' title='bbox 2497 5169 2606 5236; x_wconf 87' lang='lat' dir='ltr'><strong>ipsa</strong></span> <span class='ocrx_word' id='word_1_974' title='bbox 2638 5170 2861 5226; x_wconf 83' lang='lat' dir='ltr'><strong>lectione</strong></span> <span class='ocrx_word' id='word_1_975' title='bbox 2889 5174 3043 5241; x_wconf 91' lang='lat' dir='ltr'><strong>paulo</strong></span> <span class='ocrx_word' id='word_1_976' title='bbox 3069 5182 3191 5245; x_wconf 83' lang='lat' dir='ltr'><strong>post</strong></span> <span class='ocrx_word' id='word_1_977' title='bbox 3216 5175 3446 5233; x_wconf 85' lang='lat' dir='ltr'><strong>audietis</strong></span> <span class='ocrx_word' id='word_1_978' title='bbox 3479 5179 3641 5249; x_wconf 82' lang='lat' dir='ltr'><strong>ipsum</strong></span> <span class='ocrx_word' id='word_1_979' title='bbox 3662 5186 3757 5227; x_wconf 87' lang='lat' dir='ltr'><strong>vcr-</strong></span> 
     </span>
    </p>
   </div>
   <div class='ocr_carea' id='block_1_115' title="bbox 2211 5257 3754 5337">
    <p class='ocr_par' dir='ltr' id='par_1_115' title="bbox 2211 5257 3754 5337">
     <span class='ocr_line' id='line_1_116' title="bbox 2211 5257 3754 5337; baseline 0.01 -27"><span class='ocrx_word' id='word_1_980' title='bbox 2211 5258 2330 5311; x_wconf 67' lang='lat' dir='ltr'><strong>laun</strong></span> <span class='ocrx_word' id='word_1_981' title='bbox 2347 5257 2532 5328; x_wconf 88' lang='lat' dir='ltr'><strong>judicii</strong></span> <span class='ocrx_word' id='word_1_982' title='bbox 2558 5276 2662 5315; x_wconf 90' lang='lat' dir='ltr'><strong>non</strong></span> <span class='ocrx_word' id='word_1_983' title='bbox 2690 5264 2920 5331; x_wconf 90' lang='lat' dir='ltr'><strong>positum</strong></span> <span class='ocrx_word' id='word_1_984' title='bbox 2948 5265 3048 5320; x_wconf 88' lang='lat' dir='ltr'><strong>nisi</strong></span> <span class='ocrx_word' id='word_1_985' title='bbox 3072 5282 3167 5337; x_wconf 89' lang='lat' dir='ltr'><strong>pro</strong></span> <span class='ocrx_word' id='word_1_986' title='bbox 3191 5267 3534 5326; x_wconf 83' lang='lat' dir='ltr'><strong>damnatione</strong></span> <span class='ocrx_word' id='word_1_987' title='bbox 3556 5281 3606 5324; x_wconf 83' lang='lat' dir='ltr'><strong>et</strong></span> <span class='ocrx_word' id='word_1_988' title='bbox 3629 5278 3754 5337; x_wconf 64' lang='lat' dir='ltr'><strong>ptem</strong></span> 
     </span>
    </p>
   </div>
   <div class='ocr_carea' id='block_1_116' title="bbox 2207 5348 3755 5431">
    <p class='ocr_par' dir='ltr' id='par_1_116' title="bbox 2207 5348 3755 5431">
     <span class='ocr_line' id='line_1_117' title="bbox 2207 5348 3755 5431; baseline 0.011 -30"><span class='ocrx_word' id='word_1_989' title='bbox 2207 5348 2416 5422; x_wconf 72' lang='lat' dir='ltr'><strong>(Infra,</strong></span> <span class='ocrx_word' id='word_1_990' title='bbox 2444 5367 2497 5404; x_wconf 92' lang='lat' dir='ltr'><strong>n.</strong></span> <span class='ocrx_word' id='word_1_991' title='bbox 2530 5352 2642 5424; x_wconf 79' lang='grc'><strong>15).</strong></span> <span class='ocrx_word' id='word_1_992' title='bbox 2675 5352 2872 5409; x_wconf 87' lang='lat' dir='ltr'><strong>Tamen</strong></span> <span class='ocrx_word' id='word_1_993' title='bbox 2904 5357 3188 5426; x_wconf 84' lang='lat' dir='ltr'><strong>Apostolus</strong></span> <span class='ocrx_word' id='word_1_994' title='bbox 3214 5357 3344 5414; x_wconf 89' lang='lat' dir='ltr'><strong>dicit</strong></span> <span class='ocrx_word' id='word_1_995' title='bbox 3371 5361 3598 5431; x_wconf 83' lang='lat' dir='ltr'><strong>quodam</strong></span> <span class='ocrx_word' id='word_1_996' title='bbox 3626 5359 3755 5418; x_wconf 69' lang='lat' dir='ltr'><strong>locu.</strong></span> 
     </span>
    </p>
   </div>
   <div class='ocr_carea' id='block_1_117' title="bbox 2205 5441 3757 5519">
    <p class='ocr_par' dir='ltr' id='par_1_117' title="bbox 2205 5441 3757 5519">
     <span class='ocr_line' id='line_1_118' title="bbox 2205 5441 3757 5519; baseline 0.001 -23"><span class='ocrx_word' id='word_1_997' title='bbox 2205 5441 2447 5498; x_wconf 83' lang='lat' dir='ltr'><strong>scribens</strong></span> <span class='ocrx_word' id='word_1_998' title='bbox 2470 5443 2537 5498; x_wconf 92' lang='lat' dir='ltr'><strong>ad</strong></span> <span class='ocrx_word' id='word_1_999' title='bbox 2564 5458 2660 5499; x_wconf 84' lang='lat' dir='ltr'><strong>eos</strong></span> <span class='ocrx_word' id='word_1_1000' title='bbox 2684 5447 2771 5516; x_wconf 90' lang='lat' dir='ltr'><strong>qui</strong></span> <span class='ocrx_word' id='word_1_1001' title='bbox 2801 5445 3008 5517; x_wconf 90' lang='lat' dir='ltr'><strong>Corpus</strong></span> <span class='ocrx_word' id='word_1_1002' title='bbox 3038 5450 3177 5518; x_wconf 89' lang='lat' dir='ltr'><strong>quod</strong></span> <span class='ocrx_word' id='word_1_1003' title='bbox 3210 5451 3397 5507; x_wconf 78' lang='lat' dir='ltr'><strong>ﬁdeles</strong></span> <span class='ocrx_word' id='word_1_1004' title='bbox 3423 5455 3616 5519; x_wconf 87' lang='lat' dir='ltr'><strong>nostis,</strong></span> <span class='ocrx_word' id='word_1_1005' title='bbox 3644 5446 3757 5503; x_wconf 81' lang='lat' dir='ltr'><strong>male</strong></span> 
     </span>
    </p>
   </div>
   <div class='ocr_carea' id='block_1_118' title="bbox 2204 5536 3755 5612">
    <p class='ocr_par' dir='ltr' id='par_1_118' title="bbox 2204 5536 3755 5612">
     <span class='ocr_line' id='line_1_119' title="bbox 2204 5536 3755 5612; baseline 0.003 -22"><span class='ocrx_word' id='word_1_1006' title='bbox 2204 5536 2537 5597; x_wconf 86' lang='lat' dir='ltr'><strong>tractabant:</strong></span> <span class='ocrx_word' id='word_1_1007' title='bbox 2584 5548 2638 5593; x_wconf 91' lang='lat' dir='ltr'><strong>et</strong></span> <span class='ocrx_word' id='word_1_1008' title='bbox 2669 5548 2881 5609; x_wconf 88' lang='lat' dir='ltr'><strong>propter</strong></span> <span class='ocrx_word' id='word_1_1009' title='bbox 2908 5542 3048 5612; x_wconf 92' lang='lat' dir='ltr'><strong>quod</strong></span> <span class='ocrx_word' id='word_1_1010' title='bbox 3079 5543 3217 5599; x_wconf 89' lang='lat' dir='ltr'><strong>male</strong></span> <span class='ocrx_word' id='word_1_1011' title='bbox 3249 5547 3545 5600; x_wconf 85' lang='lat' dir='ltr'><strong>tractabant</strong></span> <span class='ocrx_word' id='word_1_1012' title='bbox 3566 5588 3582 5612; x_wconf 92' lang='lat'><strong>,</strong></span> <span class='ocrx_word' id='word_1_1013' title='bbox 3614 5538 3755 5598; x_wconf 77' lang='lat' dir='ltr'><strong>corri-</strong></span> 
     </span>
    </p>
   </div>
   <div class='ocr_carea' id='block_1_119' title="bbox 2206 5627 3758 5706">
    <p class='ocr_par' dir='ltr' id='par_1_119' title="bbox 2206 5627 3758 5706">
     <span class='ocr_line' id='line_1_120' title="bbox 2206 5627 3758 5706; baseline 0.005 -24"><span class='ocrx_word' id='word_1_1014' title='bbox 2206 5627 2488 5698; x_wconf 87' lang='lat' dir='ltr'><strong>piebantur</strong></span> <span class='ocrx_word' id='word_1_1015' title='bbox 2523 5627 2731 5700; x_wconf 81' lang='lat' dir='ltr'><strong>ﬂagello</strong></span> <span class='ocrx_word' id='word_1_1016' title='bbox 2755 5630 3009 5689; x_wconf 89' lang='lat' dir='ltr'><strong>Domini:</strong></span> <span class='ocrx_word' id='word_1_1017' title='bbox 3048 5636 3123 5691; x_wconf 90' lang='lat' dir='ltr'><strong>ait</strong></span> <span class='ocrx_word' id='word_1_1018' title='bbox 3158 5638 3298 5694; x_wconf 81' lang='lat' dir='ltr'><strong>etiim</strong></span> <span class='ocrx_word' id='word_1_1019' title='bbox 3339 5638 3444 5693; x_wconf 89' lang='lat' dir='ltr'><strong>illis</strong></span> <span class='ocrx_word' id='word_1_1020' title='bbox 3465 5678 3480 5701; x_wconf 89' lang='lat'><strong>,</strong></span> <span class='ocrx_word' id='word_1_1021' title='bbox 3511 5637 3758 5706; x_wconf 70' lang='lat' dir='ltr'><strong>Propterea</strong></span> 
     </span>
    </p>
   </div>
   <div class='ocr_carea' id='block_1_120' title="bbox 2204 5721 3761 5801">
    <p class='ocr_par' dir='ltr' id='par_1_120' title="bbox 2204 5721 3761 5801">
     <span class='ocr_line' id='line_1_121' title="bbox 2204 5721 3761 5801; baseline 0.008 -26"><span class='ocrx_word' id='word_1_1022' title='bbox 2204 5721 2351 5776; x_wconf 87' lang='lat' dir='ltr'><strong>multi</strong></span> <span class='ocrx_word' id='word_1_1023' title='bbox 2377 5723 2429 5777; x_wconf 91' lang='lat' dir='ltr'><strong>in</strong></span> <span class='ocrx_word' id='word_1_1024' title='bbox 2460 5724 2593 5778; x_wconf 71' lang='lat' dir='ltr'><strong>vobis</strong></span> <span class='ocrx_word' id='word_1_1025' title='bbox 2631 5724 2821 5794; x_wconf 84' lang='lat' dir='ltr'><strong>in/irmi</strong></span> <span class='ocrx_word' id='word_1_1026' title='bbox 2849 5736 2893 5781; x_wconf 89' lang='lat' dir='ltr'><strong>et</strong></span> <span class='ocrx_word' id='word_1_1027' title='bbox 2918 5731 3092 5799; x_wconf 71' lang='lat' dir='ltr'><strong>aegroti</strong></span> <span class='ocrx_word' id='word_1_1028' title='bbox 3114 5731 3367 5786; x_wconf 82' lang='lat' dir='ltr'><strong>dormiunt</strong></span> <span class='ocrx_word' id='word_1_1029' title='bbox 3409 5730 3693 5801; x_wconf 62' lang='lat' dir='ltr'><strong>rupium</strong></span> <span class='ocrx_word' id='word_1_1030' title='bbox 3728 5728 3761 5778; x_wconf 81' lang='grc' dir='ltr'><strong>¹ο</strong></span> 
     </span>
    </p>
   </div>
   <div class='ocr_carea' id='block_1_121' title="bbox 2267 5836 3753 5910">
    <p class='ocr_par' dir='ltr' id='par_1_121' title="bbox 2267 5836 3753 5910">
     <span class='ocr_line' id='line_1_122' title="bbox 2267 5836 3753 5910; baseline -0.015 5"><span class='ocrx_word' id='word_1_1031' title='bbox 2267 5836 3753 5910; x_wconf 50' lang='grc' dir='ltr'><strong>¹⁴¹οοπωθεοοαίοωιιιοθιιμωψοειοιυωεεμηοηειεωοάκ</strong></span> 
     </span>
    </p>
   </div>
  </div>
