3916 6370
165 347 284 411 1577
811 360 859 391 κθ
892 368 928 376 "

161 462 293 520 ltulti
319 459 456 518 enim
484 466 762 530 propterea
800 457 962 514 etiam
991 457 1373 515 moriebantur.
1400 460 1472 516 Et
1503 469 1718 518 secutus

159 565 262 624 est,
289 553 349 612 Si
369 553 500 609 enim
527 568 621 608 nos
644 552 778 622 ipsos
791 551 1174 624 judicaremus,
1205 568 1238 606 a
1266 551 1483 608 Domino
1507 570 1608 609 non
1622 555 1718 627 ju-

159 651 456 704 dicarenntr:
498 646 605 701 hoc
640 653 756 712 est,
789 644 835 701 si
880 658 978 700 nos
1022 645 1168 715 ipsos
1213 644 1640 715 corriperemus,
1686 662 1718 701 a

156 743 358 801 Domino
394 754 499 796 non
526 739 940 809 corriperemur.
966 735 1095 795 Cum
1115 738 1411 810 judicamur
1443 747 1606 794 autem
1630 779 1646 804 ,
1685 755 1718 793 a

156 837 356 893 Domino
396 833 702 905 corripimur
725 875 740 900 ,
787 848 851 886 ne
887 848 1002 886 cum
1043 832 1139 886 hoe
1183 831 1372 886 mundo
1423 832 1718 886 damnemur

154 930 192 1001 (l
213 928 319 987 Cor.
348 942 398 984 xt
421 969 437 994 ,
463 925 682 999 50-32).
729 925 864 982 Sunt
891 941 1021 996 ergo
1062 925 1351 982 secundum
1377 941 1588 996 ptenam
1626 925 1718 996 qui

149 1023 426 1094 judicantur
451 1020 540 1075 hic
561 1060 579 1085 ,
613 1027 669 1074 ut
698 1025 944 1090 pareatur
968 1017 1074 1072 illis
1099 1016 1168 1073 ibi
1193 1033 1207 1083 ;
1238 1025 1362 1072 sunt
1382 1017 1573 1088 quibus
1593 1032 1716 1087 par-

151 1114 273 1172 citur
295 1113 392 1179 hic,
420 1121 480 1167 ut
503 1111 864 1167 abundantius
885 1119 1228 1182 torqueantur
1255 1110 1326 1165 ibi
1351 1129 1364 1165 :
1395 1119 1520 1167 sunt
1539 1118 1714 1166 autem

149 1208 322 1282 quibus
356 1205 747 1262 distribuuntur
771 1204 900 1275 ipsa:
925 1219 1097 1275 poema
1122 1205 1236 1260 sine
1265 1203 1476 1276 ﬂagello
1521 1219 1712 1275 (incuss,

149 1299 186 1354 si
213 1297 406 1370 ﬂagello
429 1296 526 1352 Dei
565 1297 790 1352 correcti
820 1311 926 1352 non
966 1295 1162 1352 fuerint
1189 1314 1203 1364 ;
1236 1303 1292 1351 ut
1314 1312 1435 1352 cum
1464 1295 1551 1352 hic
1589 1312 1718 1352 con-

150 1392 440 1463 tempserint
467 1400 678 1462 patrem
706 1390 1099 1458 verberantem,
1129 1390 1200 1446 ibi
1228 1391 1461 1447 sentiant
1481 1389 1714 1460 judicem

147 1485 451 1558 punientem.
480 1482 628 1555 Ergo
647 1493 732 1539 est
750 1482 1007 1552 judicium
1033 1498 1138 1554 quo
1161 1481 1424 1538 missurus
1443 1490 1526 1538 est
1549 1483 1712 1550 Deus,

147 1579 194 1635 id
218 1590 293 1635 est
314 1577 479 1634 Filius
503 1577 640 1644 Dei,
670 1577 721 1632 in
749 1576 855 1633 ﬁne
883 1575 1149 1632 diabolum
1173 1584 1226 1632 et
1253 1577 1469 1647 angelos
1498 1574 1636 1644 ejus,
1664 1583 1718 1631 et

147 1685 312 1727 omnes
348 1669 598 1727 inﬁdeles
625 1679 680 1725 et
709 1669 902 1740 impios
926 1683 1048 1724 cum
1077 1683 1142 1724 eo
1167 1685 1180 1722 :
1227 1668 1294 1723 ad
1325 1667 1428 1724 hoc
1457 1667 1713 1738 judicium

148 1777 237 1816 non
278 1761 484 1828 veniet,
541 1760 638 1832 qui
689 1757 849 1816 modo
904 1757 1128 1814 credens
1183 1758 1460 1814 transitum
1512 1757 1637 1813 facit
1685 1774 1714 1812 a

149 1862 299 1908 morte
319 1851 384 1906 ad
406 1852 598 1906 vitam.

209 1946 257 2001 6.
294 1946 500 2002 Etenim
528 1955 849 2018 ne-putares
876 1945 1142 2002 credendo
1173 1955 1224 2002 te
1257 1961 1362 2002 non
1401 1947 1712 2003 moriturum

149 2038 414 2094 secundum
449 2053 698 2105 carnem,
742 2046 797 2093 et
836 2039 1145 2110 accipiendo
1189 2039 1472 2094 carnaliter
1509 2039 1715 2095 diceres

150 2129 246 2197 tibi,
275 2130 521 2185 Dominus
560 2146 713 2185 meus
755 2131 886 2184 mihi
914 2130 1066 2195 dixit,
1103 2130 1201 2197 Qui
1237 2131 1380 2185 audit
1406 2133 1555 2186 verba
1580 2148 1713 2199 mea,

147 2229 186 2274 et
198 2223 340 2276 credit
363 2223 408 2276 ei
425 2223 515 2293 qui
539 2223 678 2277 misit
703 2239 801 2290 me,
831 2223 1031 2278 transiit
1054 2239 1086 2276 a
1107 2233 1270 2278 morte
1288 2223 1356 2278 ad
1380 2224 1530 2279 vitam
1550 2240 1570 2288 ;
1590 2241 1717 2296 ergo

151 2329 233 2384 ego
269 2313 483 2381 credidi,
535 2330 646 2371 non
685 2330 802 2370 sum
857 2315 1187 2373 moriturus:
1218 2319 1357 2372 scias
1397 2326 1448 2374 te
1488 2327 1715 2373 mortem

151 2419 286 2475 quam
325 2405 486 2462 debes
517 2406 785 2477 supplicio
823 2407 1018 2473 Adam,
1050 2410 1440 2479 persoluturum
1469 2429 1481 2465 :
1511 2411 1718 2482 accepit

152 2495 269 2550 enim
297 2497 399 2564 ille,
441 2498 494 2552 in
521 2513 632 2568 quo
661 2507 784 2553 tunc
812 2513 1000 2556 omnes
1029 2499 1245 2566 fuimus,
1291 2500 1456 2555 Morte
1491 2503 1719 2558 morieris

153 2583 282 2652 (Gen.
306 2602 358 2651 ιι,
384 2586 508 2659 l7);
567 2603 667 2644 nec
711 2597 885 2659 potest
921 2592 1164 2646 evacuari
1212 2591 1389 2648 divina
1429 2595 1714 2651 sententia.

154 2677 240 2732 Sed
265 2695 378 2735 cum
413 2680 745 2750 persolveris
784 2691 1011 2738 mortem
1040 2684 1236 2739 veteris
1262 2684 1716 2754 hominis,-susci-

153 2770 292 2839 pieris
315 2772 364 2827 in
377 2773 550 2828 vitam
571 2784 825 2828 :eternam
845 2776 969 2830 novi
988 2775 1238 2841 hominis,
1265 2785 1318 2832 et
1345 2779 1622 2834 transitum
1642 2781 1718 2834 ia-

150 2861 450 2920 ciesamorte
461 2863 541 2919 ad
559 2864 742 2919 vitam.
759 2865 914 2920 Modo
939 2864 1147 2920 interim
1167 2866 1248 2920 l'ac
1265 2869 1543 2924 transitum
1573 2871 1713 2927 vitae.

151 2951 257 3020 Qua:
267 2964 341 3010 est
357 2955 462 3010 vita
486 2954 606 3011 tua?
622 2955 781 3011 Fides
799 2974 810 3010 :
825 2955 1005 3011 Justus
1019 2973 1081 3011 ea:
1092 2958 1196 3026 ﬁde
1214 2958 1329 3013 vivit
1343 2959 1562 3030 (Ilabac.
1578 2977 1635 3029 ll,
1651 2963 1714 3030 4;

153 3044 279 3100 Rom.
299 3063 336 3113 ι,
363 3049 502 3120 17).
529 3046 774 3105 [nﬁdeles
823 3049 984 3120 quid?
1013 3050 1199 3106 Μοιιυί
1234 3062 1375 3108 sunt.
1408 3052 1549 3109 Inter
1588 3055 1718 3110 tales

154 3147 360 3196 mortuos
385 3148 506 3195 erat
532 3139 622 3195 ille
645 3155 892 3210 corpore,
924 3141 991 3196 de
1015 3157 1119 3211 quo
1142 3141 1270 3197 dicit
1299 3143 1553 3198 Dominus
1581 3161 1595 3199 :
1619 3144 1718 3198 Di-

155 3227 274 3282 mitte
296 3239 534 3296 mortuos,
572 3231 818 3300 sepeliant
839 3241 1064 3286 mortuos
1084 3248 1203 3287 suos
1228 3232 1438 3304 (Matth.
1461 3250 1572 3301 vm,
1597 3235 1713 3306 22).

160 3319 285 3390 Ergo
309 3331 357 3377 et
387 3324 438 3379 in
475 3324 573 3379 hac
601 3324 707 3378 vita
749 3333 872 3378 sunt
913 3325 1128 3390 mortui,
1168 3334 1289 3381 sunt
1319 3327 1442 3393 vivi,
1473 3337 1527 3383 et
1565 3330 1716 3400 quasi

160 3425 324 3469 omnes
344 3414 540 3470 vivunt.
566 3415 668 3484 Qui
697 3423 822 3470 sunt
843 3417 1076 3470 mortui?
1104 3416 1202 3483 Qui
1229 3432 1331 3472 non
1355 3418 1713 3474 crediderunt.

160 3503 245 3572 Qui
276 3517 388 3563 sunt
415 3508 566 3564 vivi?
591 3508 692 3575 Qui
721 3507 1081 3564 crediderunt.
1113 3509 1248 3578 Quid
1269 3510 1464 3566 dicitur
1493 3513 1717 3568 mortuis

163 3595 216 3652 ab
239 3599 513 3670 Apostolo?
540 3600 726 3671 Surge,
755 3601 840 3670 qui
860 3599 1068 3656 dormis.
1093 3600 1199 3656 Sed
1229 3617 1495 3669 somnum,
1523 3602 1713 3673 inquit,

164 3689 289 3759 dixit,
310 3710 405 3749 non
431 3702 681 3749 mortem.
705 3692 842 3748 Audi
865 3695 1169 3765 sequentia:
1192 3694 1375 3766 Surge,
1399 3697 1481 3766 qui
1504 3695 1714 3764 dormis,

167 3791 203 3835 et
218 3799 408 3858 exsurge
444 3802 477 3839 a
496 3785 729 3840 mortuis.
760 3785 827 3839 Et
859 3786 1007 3855 quasi
1027 3785 1248 3853 diceret,
1277 3787 1393 3854 Quo
1417 3788 1542 3843 ibo?
1563 3787 1631 3842 Et
1655 3788 1718 3843 il-

167 3873 392 3933 luminabit
421 3887 470 3934 te
492 3877 725 3934 Christus
754 3873 972 3949 (Ephes.
997 3894 1048 3944 ν,
1082 3878 1194 3950 id).
1218 3878 1336 3935 Jam
1364 3897 1484 3936 cum
1519 3889 1569 3937 te
1593 3896 1714 3938 cre-

166 3966 344 4027 dentem
364 3972 743 4029 illuminaverit
759 3971 1020 4038 Christus,
1049 3974 1326 4029 transitum
1346 3975 1474 4031 lacis
1493 3991 1523 4030 a
1546 3985 1720 4034 morte

166 4060 220 4116 ad
239 4063 381 4121 vitam
411 4084 432 4126 ε,
451 4081 608 4122 mane
635 4066 688 4120 in
713 4080 778 4122 eo
811 4080 918 4138 quo
953 4067 1208 4134 transisti,
1231 4077 1284 4124 et
1305 4083 1412 4123 non
1443 4069 1625 4125 venies
1649 4069 1717 4125 ad

166 4147 401 4218 judicium.

225 4243 268 4296 7.
301 4245 528 4318 Exponit
581 4246 712 4303 illud
749 4246 859 4318 jam
904 4247 1055 4318 ipse,
1103 4255 1155 4305 et
1196 4249 1433 4320 sequitur
1471 4267 1485 4304 :
1517 4249 1712 4320 Amen,

168 4353 288 4396 amen
311 4344 417 4399 dico
434 4344 587 4398 vobis.
615 4341 694 4399 Ne
714 4343 848 4399 forte
869 4343 992 4414 quia
1012 4342 1160 4410 dixit,
1191 4345 1389 4399 transiit
1412 4362 1444 4398 a
1468 4354 1630 4401 morte
1646 4344 1718 4401 ad

168 4434 311 4504 vitam,
331 4438 684 4510 intelligamus
705 4437 808 4494 hoc
829 4438 882 4493 in
908 4437 1082 4494 futura
1104 4439 1516 4509 resurrectione,
1535 4449 1716 4498 osten-

170 4523 272 4584 dere
293 4531 468 4588 volens
505 4530 774 4603 quomodo
809 4531 999 4587 transit
1030 4533 1118 4602 qui
1147 4531 1344 4598 credit;
1387 4543 1441 4590 et
1466 4534 1568 4591 hoc
1596 4550 1717 4592 esse

173 4621 362 4679 tramite
378 4623 442 4679 de
461 4633 634 4680 morte
662 4623 729 4679 ad
758 4624 942 4692 vitam,
977 4623 1203 4680 transire
1228 4627 1293 4678 ab
1321 4625 1632 4683 inﬁdelitate
1647 4626 1716 4682 ad

173 4707 323 4778 tidem,
350 4714 414 4770 ab
433 4715 688 4786 injustitia
719 4715 784 4770 ad
801 4714 1082 4785 justitiam,
1114 4731 1144 4770 a
1175 4715 1420 4786 superbia
1447 4716 1510 4772 ad
1542 4717 1716 4772 humi-

174 4797 360 4873 litatem,
411 4807 479 4865 ab
517 4807 639 4864 odio
686 4807 752 4862 ad
800 4807 1117 4864 charitatem
1147 4826 1159 4862 :
1191 4824 1332 4864 nunc
1379 4810 1474 4878 ait,
1531 4811 1710 4880 Amen,

176 4906 292 4951 amen
327 4900 431 4954 dico
470 4899 626 4968 vobis,
654 4899 773 4971 quia
801 4901 930 4954 venit
959 4900 976 4930 ί
1007 4899 1152 4968 hora,
1198 4912 1243 4954 et
1279 4918 1410 4956 nunc
1445 4911 1539 4956 est.
1577 4902 1715 4970 Quid

178 4985 468 5047 evidentius?
512 4991 629 5047 1am
678 5002 822 5048 certe
867 4993 1074 5063 aperuit
1113 4993 1253 5064 quod
1311 4994 1540 5062 dicebat,
1592 4998 1715 5069 quia

177 5077 307 5136 modo
329 5080 380 5138 ﬁt
405 5099 509 5156 quo
528 5100 626 5140 nos
651 5083 896 5140 Christus
922 5084 1186 5140 hortatur.
1227 5084 1373 5141 Venit
1404 5087 1547 5142 hora.
1584 5087 1716 5157 Quae

179 5165 313 5228 horat
338 5175 397 5231 Et
424 5193 557 5233 nunc
588 5185 682 5244 est,
710 5178 911 5247 quando
949 5177 1133 5232 mortui
1159 5177 1363 5233 audient
1389 5195 1556 5234 vocem
1588 5181 1717 5236 Filii

182 5255 273 5327 Dei,
301 5274 341 5320 et
360 5270 438 5340 qui
460 5268 713 5325 audierint
738 5269 914 5324 vivent.
947 5268 1062 5323 Jam
1099 5267 1166 5324 de
1192 5267 1276 5324 his
1306 5271 1528 5326 mortuis
1554 5271 1716 5328 locuti

183 5360 345 5413 Sumne.
366 5359 499 5428 Quid
520 5370 789 5431 putamus,
818 5359 1010 5415 fratres
1038 5359 1176 5414 mei?
1206 5359 1258 5414 in
1288 5359 1388 5416 ista
1418 5361 1571 5416 turba
1597 5379 1717 5434 quae

1261 345 1667 406 TRAC’I‘ATUS
1704 333 1871 406 xx".
1911 349 2138 410 CAPUT
2179 354 2242 410 ν.

2709 423 2718 433 ί
2744 402 2768 408 ⁷⁵
2924 385 3076 436 νημεῖέ)
3098 425 3107 433 ,

2721 424 2734 441 ν
2765 426 2770 434 ’
2968 432 3075 459 ἔσβη..
3097 449 3108 459 ι
3129 444 3166 459 ηιμ

1826 463 2116 520 secundum
2144 479 2323 522 veram
2357 465 2518 524 ﬁdem
2558 457 2738 542 agunt,
2763 473 2948 531 vivunt
2985 446 3270 538 et‘mdrtui
3298 499 3408 541 non

1826 563 1988 610 sunt:
2015 557 2105 627 qui
2131 567 2308 614 autem
2346 560 2429 615 vel
2463 577 2569 616 non
2595 563 2838 633 credunt,
2865 569 2950 625 vel
2977 571 3113 628 sicut
3134 574 3408 636 daemones

1825 646 2070 716 credunt,
2114 658 2402 710 trementes
2433 652 2635 726 (Jacobi
2663 673 2720 725 ιι,
2754 659 2841 733 19)
2891 670 2946 718 ει
2975 665 3112 722 male
3139 667 3404 740 viventes,
3434 665 3449 725 τ.

1826 736 2014 794 Filium
2059 741 2155 798 Dei
2193 744 2508 804 conﬁtentes
2539 759 2596 805 et
2633 749 2944 810 charitatem
2988 772 3094 813 non
3129 736 3407 829 habentes,

1826 833 2018 888 mortui
2047 835 2222 903 potius
2247 836 2533 908 deputandi
2558 853 2704 897 sunt.
2733 845 2802 899 Et
2828 853 3006 904 tamen
3036 850 3209 922 agitur
3231 854 3407 912 adhuc
3441 862 3453 872 '

1825 920 1955 979 hora
1986 925 2108 981 ista.
2137 927 2252 984 Non
2292 931 2434 988 enim
2469 932 2597 990 hora
2625 935 2694 990 de
2727 952 2830 1009 qua
2872 939 3079 997 locutus
3116 954 3201 1001 est
3228 947 3409 1003 Domi-

1824 1031 1946 1084 nus,
1975 1035 2075 1073 una
2103 1022 2205 1076 erit
2232 1023 2365 1080 hora
2398 1025 2466 1083 de
2495 1027 2773 1086 duodecim
2804 1032 2948 1088 horis
2975 1037 3130 1093 unius
3166 1037 3292 1094 diei.
3327 1041 3410 1098 Ex

1823 1122 1929 1177 quo
1975 1110 2179 1168 locutus
2227 1124 2309 1171 est
2359 1132 2526 1188 usque
2573 1120 2640 1176 ad
2696 1121 2798 1178 hoc
2846 1134 3084 1197 tempus,
3139 1139 3195 1186 et
3237 1146 3410 1205 usque

1823 1198 1890 1254 ad
1917 1199 2078 1257 ﬁnem
2117 1207 2316 1274 saeculi,
2353 1208 2464 1278 ipsa
2501 1227 2605 1267 una
2647 1213 2776 1270 hora
2817 1218 3007 1288 agitur,
3047 1220 3116 1278 de
3149 1239 3252 1295 qua
3278 1198 3411 1284 dicit

1825 1287 1877 1343 in
1917 1290 2153 1362 Epistola
2191 1312 2285 1353 sua
2323 1299 2574 1371 Joannes,
2618 1304 2818 1377 Filioli,
2860 1287 3135 1369 novissima
3165 1287 3303 1374 hora
3335 1330 3413 1378 est

1824 1381 1867 1452 (l
1895 1383 2052 1440 Joan.
2095 1404 2163 1455 ιι,
2200 1389 2311 1464 18).
2351 1393 2492 1465 Ergo
2544 1412 2684 1453 nunc
2725 1410 2826 1455 est.
2871 1403 2971 1470 Qui
3020 1407 3166 1476 vivit,
3221 1411 3404 1468 vivat:

1823 1477 1912 1546 qui
1951 1490 2194 1537 mortuus
2233 1494 2369 1552 erat,
2401 1487 2574 1552 vivat;
2597 1491 2774 1547 audiat
2810 1510 2996 1552 vocem
3027 1498 3146 1555 Filii
3177 1502 3273 1558 Dei
3316 1507 3409 1576 qui

1823 1576 2068 1624 mortuus
2087 1571 2318 1642 jacebat,
2356 1589 2556 1650 surgat,
2597 1590 2651 1636 et
2676 1583 2836 1640 vivat.
2867 1587 3122 1645 Clamavit
3149 1571 3409 1653 Dominus

1821 1659 1890 1714 ad
1915 1663 2217 1731 sepulcrum
2244 1666 2452 1738 Lazari,
2475 1679 2528 1726 et
2550 1674 2930 1742 quatriduanus
2956 1691 3196 1738 mortuus
3223 1701 3407 1743 resur-

1822 1751 1980 1807 rexit.
2009 1753 2110 1822 Qui
2135 1758 2370 1826 putebat,
2403 1760 2455 1816 in
2485 1777 2643 1820 auras
2673 1769 2966 1838 processit;
3007 1776 3244 1844 sepultus
3269 1789 3406 1848 erat,

1822 1841 1955 1914 lapis
1972 1851 2338 1920 superpositus
2359 1863 2494 1921 erat,
2513 1871 2613 1912 vox
2638 1857 2927 1918 Salvatoris
2951 1841 3138 1937 irrupit
3157 1868 3409 1928 duritiam

1823 1933 2049 2004 lapidis:
2079 1949 2131 1995 et
2159 1956 2253 1997 cor
2286 1951 2434 2001 tuum
2476 1947 2546 2002 ita
2589 1949 2781 2008 durum
2811 1964 2912 2022 est,
2947 1967 3005 2013 ut
3046 1933 3282 2017 nondum
3312 1964 3408 2019 illa

1821 2041 1924 2082 vox
1952 2029 2128 2087 divina
2170 2044 2220 2090 te
2248 2041 2494 2109 rumpat!
2529 2041 2699 2112 Surge
2728 2047 2782 2101 in
2811 2049 2972 2105 corde
3019 2059 3131 2119 tuo,
3173 2056 3407 2126 procede

1821 2116 1889 2173 de
1921 2123 2166 2191 sepulcro
2195 2135 2305 2182 tuo.
2344 2129 2556 2188 Etenim
2595 2145 2838 2194 mortuus
2872 2139 2924 2196 in
2963 2116 3126 2201 corde
3169 2116 3262 2204 iuo
3292 2157 3410 2206 tan-

1821 2225 1978 2282 quam
2005 2214 2060 2269 in
2085 2219 2330 2288 sepulcro
2341 2222 2578 2293 jacebas,
2602 2236 2656 2283 et
2678 2238 2927 2302 tanquam
2953 2250 3082 2292 saxo
3107 2241 3261 2296 mala:
3281 2257 3410 2300 con-

1822 2305 2116 2363 suetudinis
2157 2313 2484 2380 gravabaris.
2531 2316 2719 2390 Surge,
2761 2331 2816 2378 et
2851 2327 3101 2394 procede.
3133 2331 3270 2400 Quid
3302 2345 3406 2404 est,

1822 2393 2010 2468 Surge,
2039 2407 2094 2454 et
2117 2404 2384 2470 procede?
2407 2405 2598 2478 Crede,
2619 2420 2675 2467 et
2692 2393 2969 2473 conﬁtere.
2998 2420 3098 2489 Qui
3122 2393 3264 2482 enim
3285 2393 3409 2486 ere-'-

1821 2487 1972 2555 didit,
2022 2493 2286 2561 surrexit;
2314 2497 2402 2566 qui
2431 2502 2730 2571 conﬁtetur,
2763 2487 3045 2577 processit.
3083 2514 3258 2580 Quare
3284 2534 3413 2588 pro-

1822 2580 2047 2638 cessisse
2071 2583 2300 2642 diximus
2324 2589 2697 2649 conﬁtentem?
2723 2595 2855 2662 Quia
2875 2609 3159 2672 antequam
3178 2580 3405 2665 conﬁte-

1821 2680 1989 2740 retur,
2019 2677 2256 2734 occultus
2291 2690 2434 2748 erat;
2461 2698 2580 2740 cum
2623 2696 2799 2744 autem
2827 2692 3132 2765 conﬁtetur,
3167 2702 3411 2768 procedit

1822 2760 1892 2819 de
1925 2767 2164 2825 tenebris
2206 2772 2272 2826 ad
2301 2772 2494 2830 lucem.
2527 2778 2593 2833 Et
2615 2794 2734 2836 eum
2774 2784 3049 2842 confessus
3073 2760 3250 2859 fuerit,
3279 2795 3408 2864 quid

1821 2853 2018 2913 dicitur
2057 2861 2357 2920 ministris?
2396 2868 2545 2934 Quod
2581 2869 2779 2929 dictant
2814 2885 2898 2932 est
2923 2878 2989 2933 ad
3015 2879 3171 2937 funus
3195 2853 3404 2954 Lazari,

1824 2946 2018 3006 Solvite
2055 2953 2220 3024 illum,
2266 2959 2481 3015 et‘sinite
2515 2963 2654 3019 abire
2687 2964 2862 3038 (loan.
2895 2986 2971 3038 χι,
3009 2973 3225 3049 5844).
3265 2946 3410 3046 Quo;

1823 3044 2023 3099 modo?
2053 3047 2262 3104 Dictum
2291 3061 2374 3108 est
2399 3055 2656 3113 ministris
2681 3060 2971 3131 Apostolis,
3008 3064 3135 3131 Qua:
3161 3044 3407 3127 solveritis

1823 3135 2050 3206 interra,
2081 3141 2246 3198 soluta
2272 3155 2414 3202 erunt
2436 3157 2482 3202 et
2509 3150 2563 3203 in
2589 3152 2712 3207 cwlo
2735 3153 2946 3223 (Matth.
2971 3173 3116 3227 xvnt,
3150 3161 3264 3235 18).

1895 3228 1947 3284 8.
2001 3229 2143 3288 Venit
2167 3235 2313 3306 hora,
2337 3249 2384 3292 et
2403 3256 2536 3296 nunc
2551 3253 2645 3310 est,
2671 3247 2872 3315 quando
2893 3253 3077 3307 mortui
3095 3228 3299 3311 audient
3319 3273 3408 3314 vo-

1822 3333 1930 3372 cent
1958 3318 2085 3375 Filii
2113 3323 2227 3391 Dei,
2253 3336 2298 3380 et
2322 3331 2408 3399 qui
2430 3331 2678 3388 audierint
2700 3338 2870 3393 vivent.
2911 3340 3065 3398 Unde
3089 3345 3308 3403 vivent?
3329 3351 3408 3407 De

1823 3411 1958 3468 vita.
1992 3415 2067 3470 De
2097 3433 2198 3488 qua
2225 3420 2369 3476 vita?
2408 3425 2484 3479 De
2518 3425 2751 3484 Christo.
2797 3430 2946 3488 Unde
2971 3436 3257 3504 probamus
3283 3443 3408 3512 quia

1821 3499 1890 3558 de
1913 3504 2017 3560 vita
2056 3506 2301 3566 Christo?
2329 3512 2440 3583 Ego
2480 3533 2611 3584 sum,
2643 3519 2830 3590 inquit,
2874 3499 2986 3590 via,’
3010 3529 3190 3584 veritas
3228 3541 3274 3585 et
3301 3499 3412 3588 vita

1823 3592 2004 3666 (Joan.
2028 3615 2142 3667 μιν,
2177 3599 2253 3673 ὑ).
2285 3604 2571 3665 Ambulare
2597 3610 2713 3666 vis?
2752 3629 2840 3683 ego
2869 3631 2980 3670 sum
3003 3618 3102 3673 via.
3135 3621 3268 3678 Falli
3297 3640 3408 3681 non

1821 3685 1942 3742 vis?
1969 3706 2058 3761 ego
2087 3708 2200 3747 sum
2230 3696 2430 3753 veritas.
2459 3699 2588 3757 Mori
2611 3718 2715 3757 non
2748 3705 2860 3760 vis?
2897 3723 2986 3779 ego
3009 3727 3122 3764 sum
3147 3713 3266 3768 vita.
3294 3715 3408 3773 Hoc

1823 3775 1954 3833 dicit
1981 3779 2072 3835 tibi
2095 3782 2338 3842 Salvator
2359 3795 2478 3845 tuus
2503 3808 2516 3844 :
2543 3791 2661 3848 Non
2688 3804 2771 3850 est
2794 3812 2901 3866 quo
2923 3775 3037 3867 eas,
3065 3802 3168 3858 nisi
3193 3805 3260 3860 ad
3287 3823 3406 3876 me;

1824 3883 1930 3924 non
1973 3881 2054 3927 est
2080 3889 2183 3944 qua
2223 3891 2336 3944 eas,
2377 3881 2478 3936 nisi
2507 3897 2603 3953 per
2639 3901 2743 3942 me.
2790 3887 2940 3945 Nune
2982 3907 3109 3964 ergo
3137 3895 3236 3952 ista
3275 3899 3407 3956 hora

1821 3959 2014 4030 agitur,
2043 3962 2144 4019 hoc
2173 3973 2227 4020 et
2258 3969 2432 4040 agitur
2469 3973 2644 4043 plane,
2673 3985 2728 4031 et
2752 3979 2968 4037 omnino
3002 3959 3106 4039 nan
3141 3997 3405 4046 cessatur.

1823 4051 2059 4124 Surgunt
2097 4056 2341 4117 homines
2369 4063 2459 4132 qui
2497 4069 2688 4123 mortui
2715 4081 2885 4138 erant,
2918 4083 3195 4132 transeunt
3226 4080 3293 4136 ad
3322 4083 3405 4137 vi-

1825 4152 1959 4213 tam,
1981 4146 2047 4202 ad
2072 4163 2257 4206 vocem
2287 4152 2408 4208 Filii
2425 4155 2520 4211 Dei
2547 4158 2749 4229 vivunt,
2772 4161 2841 4218 de
2864 4163 2974 4231 illo,
3003 4182 3408 4236 perseverantes

1822 4233 1881 4290 in
1910 4233 2014 4292 ﬁde
2038 4239 2223 4309 ipsius.
2266 4241 2437 4301 Habet
2465 4248 2606 4304 enim
2635 4250 2800 4310 Filius
2830 4233 3018 4324 vitam,
3056 4259 3196 4317 unde
3223 4263 3406 4322 vivant

1821 4327 2106 4386 credentes
2134 4331 2311 4389 habet.

1893 4419 1947 4475 9.
1990 4420 2058 4476 Et
2089 4425 2354 4508 quomodo
2395 4427 2595 4486 habet?
2636 4433 2783 4492 Sicut
2827 4437 2987 4497 habet
3038 4443 3214 4503 Pater.
3263 4449 3404 4509 Audi

1820 4508 1994 4579 ipsum
2016 4511 2300 4587 dicentem,
2326 4518 2470 4575 Sicut
2487 4524 2618 4578 enim
2639 4526 2796 4583 Pater
2809 4530 2952 4586 habet
2972 4535 3123 4592 vitam
3146 4539 3200 4594 in
3225 4555 3406 4601 semet-

1823 4602 1956 4674 ipso,
1988 4606 2058 4660 sic
2083 4608 2220 4663 dedit
2256 4619 2301 4664 et
2338 4610 2476 4670 Filio
2500 4616 2651 4672 vitam
2671 4619 2851 4679 habere
2878 4625 2931 4680 in
2957 4631 3242 4703 semetipso.
3270 4635 3410 4695 Fra-

1822 4704 1953 4765 tres,
1983 4707 2042 4754 ut
2079 4702 2266 4771 potero
2291 4703 2483 4762 dicam.
2513 4708 2640 4766 Haec
2667 4721 2792 4768 sunt
2818 4717 2959 4773 enim
2989 4710 3075 4777 illa
3102 4702 3259 4782 verba
3285 4744 3408 4800 quae

1821 4805 2042 4862 parvum
2061 4793 2382 4852 intellectum
2405 4801 2735 4870 perturbant.
2753 4805 2927 4872 Quare
2942 4810 3222 4881 addidit,in
3233 4793 3406 4876 serite:-

1821 4883 1970 4954 ipso?
1995 4884 2273 4944 Sufficeret
2299 4898 2355 4944 ut
2376 4889 2594 4960 diceret,
2624 4893 2767 4950 Sicut
2796 4900 2928 4955 enint
2962 4901 3121 4960 Pater
3163 4909 3307 4966 habet
3335 4915 3408 4968 vi-

1824 4981 1946 5042 tam,
1973 4975 2044 5030 sic
2070 4976 2206 5032 dedit
2235 4989 2280 5033 et
2305 4980 2442 5036 Filio
2469 4983 2648 5039 habere
2677 4988 2848 5043 vitam.
2878 4992 3112 5064 Addidit,
3144 4999 3197 5054 in
3229 5016 3410 5060 semet-

1820 5069 1932 5141 ipso
1954 5086 1974 5123 :
2001 5069 2161 5127 habet
2203 5073 2343 5129 enim
2386 5075 2437 5130 in
2462 5080 2748 5150 semetipso
2772 5081 2928 5140 Pater
2955 5087 3140 5159 vitam,
3171 5091 3331 5152 habet
3358 5114 3413 5173 ει

1823 5160 1988 5217 Filius
2016 5162 2068 5217 in
2096 5163 2402 5236 semetipso.
2453 5169 2667 5240 Aliquid
2697 5172 2991 5248 intelligere
3019 5197 3117 5239 nos
3142 5187 3324 5258 voluit,
3357 5160 3414 5246 in

1823 5265 1903 5307 eo
1917 5253 2055 5323 quod
2101 5255 2195 5323 ait,
2227 5256 2280 5310 in
2308 5261 2590 5330 semetipso.
2637 5262 2705 5317 Et
2734 5265 2821 5322 hic
2859 5281 3124 5330 secretum
3163 5277 3219 5333 in
3245 5253 3412 5336 verbo

1822 5344 1926 5402 hoc
1951 5345 2191 5405 Clausum
2232 5360 2353 5407 est:
2383 5354 2642 5423 pulsetur,
2675 5367 2731 5413 ut
2762 5364 3049 5432 aperiatur.
3081 5369 3125 5422 0
3163 5372 3410 5440 Domine,

3442 518 3450 530 ο

3434 665 3442 697 l

183 5454 251 5500 me
269 5451 415 5521 audit,
454 5453 655 5510 nulline
678 5461 802 5509 sunt
828 5452 1059 5508 mortui?
1102 5436 1200 5520 Qui
1228 5453 1368 5510 enim
1412 5454 1637 5510 credunt
1662 5464 1716 5513 et
1766 5488 1781 5501 ο
1825 5438 1951 5509 quid
1977 5448 2058 5496 θεῖ
2082 5441 2222 5512 (Ιαοά
2251 5443 2472 5500 duis“?
2511 5447 2579 5503 Ῑη
2617 5454 2904 5524 “medim,
2933 5473 3098 5528 quam
3121 5460 3412 5519 addidiSli?

291 5563 423 5620 im
446 5583 459 5596 .
491 5569 580 5621 sed
600 5567 789 5620 iduma-
833 5566 1133 5634 δηῃῖείεηιω,
1156 5571 1262 5621 sive
1284 5569 1437 5622 mum.
1825 5530 2036 5587 Etenim
2064 5532 2258 5591 Paulus
2278 5540 2548 5607 apostolus
2573 5558 2733 5613 quem
2760 5547 2937 5604 vivere
2968 5549 3155 5618 fecisti,
3182 5569 3287 5610 non
3316 5538 3420 5611 ha;
3454 5593 3483 5634 ﬁ

324 5629 339 5634 _
439 5609 456 5633 9
689 5607 864 5634 κη’-
986 5633 993 5634 ,
1322 5632 1332 5634 μ
1827 5621 2071 5634 ..μμ
2181 5626 2387 5634 -----
2509 5632 2517 5634 .

180 5557 459 5654 “ﬁdenter;
491 5569 580 5621 sed
600 5567 806 5629 ichanoi,
833 5566 1133 5680 {yid-entes,
1156 5571 1262 5621 sive
1284 5569 1437 5644 multi.
1650 5634 1661 5645 θ

181 5680 250 5704 ,Μ
266 5629 306 5704 [tt
324 5629 409 5704 hac
429 5645 556 5704 voce
567 5630 797 5704 versiculi
873 5652 880 5656 -
904 5667 918 5691 ,
949 5645 1216 5704 “5.11qu
1249 5632 1462 5704 codicem
1483 5645 1715 5704 repertas

1825 5557 2036 5587 DlCllllll
2065 5557 2258 5591 rutilus
2278 5557 2548 5607 apOSIOIUS
2573 5558 2733 5613 quem
2760 5557 2937 5604 vtvere
2968 5557 3155 5618 fecisti,
3182 5569 3287 5610 non
3316 5557 3415 5611 ha-
3461 5593 3483 5625 ς

1827 5621 1986 5678 bebat
2005 5623 2204 5682 vitam?
2225 5626 2481 5697 Habebat,
2506 5632 2693 5704 inquit.
2717 5637 2981 5704 Quantum
3004 5639 3245 5701 homines
3271 5662 3412 5704 mor-
3451 5619 3490 5668 ’⁵³

1259 5680 1296 5682 η
1599 5680 1718 5686 --π
1741 5680 1770 5695 ν
2135 5680 2162 5681 η
2187 5680 2195 5682 ν
2227 5680 2481 5697 mw,
2506 5680 2693 5704 --.η-η.
2721 5680 2981 5704 unum...
3004 5680 3245 5701 ..νμηηςσ
3271 5680 3412 5704 mw-

181 5680 252 5754 ψ
270 5687 348 5752 ira
368 5680 750 5764 ώήαθέωω
775 5707 787 5742 ³
814 5680 923 5742 “an;
945 5693 1256 5766 βδίιίνθωδδ
1283 5692 1400 5742 alias
1419 5693 1619 5778 l-‘apem’
1642 5708 1720 5747 ³³⁸⁸
1753 5749 1755 5752 ‹
1829 5716 1905 5772 ιιιί
1923 5725 1983 5772 ιιι
2003 5719 2344 5788 reviviseant,
2367 5732 2422 5778 et
2447 5724 2513 5778 ad
2534 5728 2752 5781 verbum
2782 5736 2928 5785 tuum
2953 5732 3220 5793 credendo
3240 5747 3415 5797 transs

183 5751 259 5795 Μ
278 5751 428 5797 :alias.
613 5763 686 5797 sic
709 5763 874 5797 nostra
901 5762 1043 5797 etiam
1067 5770 1113 5797 ιιι
1160 5754 1220 5797 98
1242 5768 1370 5797 vers-
1399 5755 1616 5797 mttsdam
1636 5771 1718 5797 αι-

183 5751 259 5795 πίει
278 5751 295 5810 ξ
303 5751 428 5815 alias,
450 5755 588 5805 venit.
613 5756 686 5804 sic
709 5763 875 5816 postea
901 5756 1043 5804 etiam
1067 5757 1116 5804 in
1160 5754 1220 5804 28
1242 5768 1371 5804 vers.
1399 5751 1617 5816 ejusdem
1636 5771 1715 5810 ca-

183 5804 272 5866 m:
289 5813 319 5863 5
338 5818 522 5866 Joannis
552 5829 724 5866 vocem
745 5817 900 5876 istam,
939 5817 1265 5868 inconstanter
1302 5823 1594 5881 permutant.
1698 5893 1706 5894 ί

1831 5751 1905 5772 tu.
1926 5751 1983 5772 ut
2003 5751 2344 5788 .cnuawm,
2367 5751 2422 5778 ut
2447 5751 2513 5778 au
2538 5751 2752 5781 vcruum
2783 5751 2928 5785 tuum
2953 5751 3220 5793 credendo
3240 5751 3413 5797 trans-a

1828 5819 1952 5868 eant
1984 5828 1996 5868 :
2026 5828 2148 5872 cum
2187 5814 2510 5888 transierint,
2555 5833 2662 5874 non
2711 5819 2765 5874 in
2810 5829 2864 5877 te
2905 5822 3175 5886 habebunt
3218 5830 3413 5894 vitam?

383 5895 602 5958 Ssxcr.
659 5900 935 5959 AEGUST.
985 5900 1084 5960 lll.
1674 5929 1715 5992 1}.

2605 5909 3053 5998 (Cinqttantej
