3916 6354
441 289 579 349 1579

440 402 753 467 Habebunt;
777 413 898 454 nam
917 406 970 453 et
989 411 1088 469 ego
1112 395 1270 468 paulo
1300 405 1422 451 ante
1442 396 1572 463 dixi,
1600 394 1699 461 Qui
1719 395 1860 454 audit
1880 395 2028 450 verba

441 513 574 564 mea,
615 503 661 550 ct
686 492 841 548 credit
878 491 923 544 ei
960 489 1046 561 qui
1085 504 1164 542 me
1205 489 1358 554 misit,
1403 486 1550 543 habet
1578 488 1730 543 vitam
1766 497 2024 544 wternam.

443 592 588 661 Ergo
630 589 706 645 illi
733 586 823 658 qui
867 585 920 639 in
964 592 1016 638 te
1060 581 1302 648 credunt,
1347 580 1543 636 habent
1585 581 1790 637 vitam:
1823 591 1877 637 et
1924 597 2028 638 non

444 685 646 751 dixisti,
677 682 730 736 in
772 675 1090 748 semetipsis.
1119 673 1250 730 Cum
1286 683 1464 730 autem
1501 673 1568 729 de
1595 673 1751 732 Patre
1779 674 2026 746 loquere-

443 781 538 847 ris,
572 777 716 833 Sicut
735 771 894 826 Pater
917 767 1064 822 habet
1089 766 1240 821 vitam
1265 767 1318 820 in
1355 765 1620 837 semetipso
1643 782 1661 820 :
1684 782 1883 831 rursus,
1908 781 2031 822 cum

444 876 513 932 de
533 883 584 930 te
613 863 929 940 loquereris,
957 861 1158 927 dixisti,
1185 859 1256 914 sic
1281 869 1327 914 et
1350 857 1484 914 Filio
1511 859 1647 914 dedit
1676 859 1858 914 habere
1878 859 2034 914 vitam

443 970 498 1024 in
518 962 800 1033 semetipso.
820 957 969 1014 Sicut
994 953 1171 1019 habet,
1194 953 1273 1008 sic
1301 951 1446 1007 dedit
1468 951 1684 1008 habere.
1709 950 1808 1008 Ubi
1839 950 2034 1007 habet?

446 1061 515 1117 In
544 1055 827 1127 semetipso.
867 1049 970 1107 Ubi
991 1047 1136 1105 dedit
1159 1046 1396 1102 habere?
1426 1043 1491 1099 In
1525 1045 1806 1116 semetipso.
1840 1042 2035 1098 Paulus

446 1151 537 1207 ubi
565 1145 760 1204 habet?
787 1142 905 1200 Non
925 1141 978 1195 in
1000 1138 1305 1208 semetipso,
1333 1135 1425 1190 sed
1456 1135 1506 1190 in
1527 1134 1758 1190 Christo.
1789 1134 1868 1189 Tu
1901 1133 2034 1188 fide-

447 1245 515 1301 lis
540 1242 629 1298 ubi
669 1236 873 1295 habes?
900 1233 1016 1290 Non
1046 1232 1098 1287 in
1129 1229 1429 1301 temetipso,
1461 1228 1558 1284 sed
1599 1228 1650 1282 in
1680 1225 1910 1284 Christo.
1950 1226 2035 1281 Vi-

450 1339 675 1394 deamus
718 1331 762 1387 si
796 1330 898 1384 hoc
925 1325 1054 1383 dicit
1087 1322 1411 1393 Apostolus:
1453 1319 1577 1374 Vivo
1601 1329 1769 1374 autem
1785 1320 1901 1390 jam
1934 1334 2036 1373 non

452 1445 566 1502 ego,
597 1425 714 1481 vivit
738 1438 852 1479 vero
874 1421 928 1475 in
955 1435 1036 1473 me
1072 1415 1300 1472 Christus
1326 1411 1518 1486 (Galat.
1543 1428 1600 1479 ιι,
1623 1411 1736 1484 ΞΟ).
1778 1410 1897 1466 Vita
1940 1425 2039 1466 no-

451 1530 561 1579 stra
583 1527 831 1591 tanquam
858 1520 1062 1578 nostra,
1090 1508 1140 1564 id
1165 1517 1267 1574 est,
1298 1507 1367 1562 de
1391 1506 1664 1561 voluntate
1693 1504 1906 1576 pr0pria
1939 1519 2037 1558 no-

450 1624 584 1684 stra,
621 1628 730 1669 non
754 1609 857 1666 erit
883 1606 984 1662 nisi
1015 1603 1172 1670 mala,
1203 1600 1490 1672 peccatrix,
1534 1598 1711 1670 iniqua
1737 1616 1750 1652 :
1775 1599 1884 1654 vita
1911 1612 2040 1654 vero

452 1710 590 1765 bona
619 1703 688 1759 de
711 1702 820 1756 Deo
860 1698 913 1753 'm
942 1695 1096 1751 nobis
1122 1701 1223 1761 est,
1256 1707 1362 1747 non
1403 1706 1434 1746 a
1471 1690 1654 1757 nobis;
1683 1705 1714 1744 a
1748 1689 1859 1744 Deo
1887 1690 2042 1746 nobis

453 1799 629 1861 datur,
657 1808 761 1849 non
788 1806 818 1845 a
844 1788 1017 1843 nobis.
1050 1783 1294 1840 Christus
1324 1791 1500 1838 autem
1544 1781 1597 1836 in
1626 1781 1914 1853 semetipso
1944 1780 2041 1836 ha-

451 1891 543 1948 bet
566 1888 730 1943 vitam
772 1882 909 1937 sicut
939 1879 1116 1943 Pater,
1159 1875 1282 1946 quia
1313 1873 1546 1930 Verbum
1589 1872 1706 1929 Dei.
1739 1872 1853 1928 Non
1883 1870 2044 1927 modo

453 1981 596 2040 male
627 1976 778 2042 vivit,
806 1983 860 2029 et
888 1969 1050 2027 modo
1093 1968 1232 2023 bene
1269 1966 1400 2021 vivit
1427 1984 1439 2020 :
1466 1965 1626 2020 homo
1652 1972 1851 2032 autem,
1881 1962 2042 2018 modo

451 2073 617 2138 male,
646 2066 807 2124 modo
831 2065 986 2120 bene.
1019 2059 1121 2128 Qui
1141 2058 1282 2113 male
1303 2057 1533 2124 vivebat,
1563 2056 1614 2110 in
1639 2055 1744 2110 vita
1763 2069 1857 2110 sua
1884 2059 2039 2108 erat:

452 2165 545 2237 qui
565 2163 704 2219 bene
725 2157 874 2222 vivit,
904 2153 970 2209 ad
998 2152 1161 2206 vitam
1186 2147 1386 2204 Christi
1418 2145 1643 2202 transiit.
1675 2143 1946 2213 Particeps
1964 2141 2044 2237 fa-

460 2231 578 2316 ctus
604 2255 746 2320 vitaz,
781 2265 889 2306 non
927 2261 1048 2303 eras
1071 2241 1212 2314 quod
1238 2239 1508 2312 accepisti,
1554 2247 1607 2294 et
1635 2253 1753 2292 eras
1782 2235 1871 2306 qui
1899 2231 2043 2288 acci-

454 2364 613 2424 peres
640 2365 654 2400 :
685 2343 853 2401 Filius
892 2348 1068 2396 autem
1110 2334 1205 2391 Dei
1255 2349 1360 2388 non
1392 2330 1542 2403 quasi
1586 2329 1757 2399 primo
1796 2326 1890 2423 fuit
1928 2327 2045 2381 sine

456 2417 586 2508 vita,
618 2449 671 2497 et
715 2435 920 2505 accepit
941 2431 1125 2486 vitam.
1162 2427 1220 2485 Si
1257 2426 1402 2482 enim
1446 2424 1525 2480 sic
1573 2424 1716 2478 illam
1756 2417 2042 2491 acciperet,

455 2551 568 2594 non
583 2546 700 2590 eam
721 2529 944 2586 haberet
964 2525 1016 2579 in
1035 2520 1344 2590 semetipso.
1363 2516 1500 2584 Quid
1517 2523 1598 2572 est
1618 2514 1778 2580 enim,
1802 2514 1854 2566 in
1871 2518 2043 2567 semet-

456 2628 612 2701 ipso?
638 2624 709 2681 Ut
732 2625 846 2694 ipsa
873 2619 979 2674 vita
1001 2615 1115 2686 ipse
1141 2620 1300 2668 esset.

529 2720 618 2776 {0.
661 2715 849 2771 Adhuc
873 2708 1013 2766 aliud
1040 2706 1248 2777 planius
1274 2703 1498 2756 fortasse
1525 2699 1718 2754 dicam.
1749 2697 2044 2752 Lucernam

457 2813 681 2886 quisque
701 2801 940 2863 accendit
963 2819 976 2856 :
994 2795 1220 2866 exempli
1233 2794 1421 2866 gratia,
1440 2792 1655 2886 lucerna
1683 2789 1759 2861 (a)
1779 2788 1862 2886 illa

459 2879 575 2960 tum
599 2879 840 2973 pertinet
881 2892 948 2948 ad
978 2887 1305 2945 flammulam
1331 2900 1452 2955 qua:
1494 2883 1564 2937 ibi
1603 2882 1761 2946 lucet,
1797 2879 1930 2951 ignis
1957 2879 2049 2935 ille

457 2971 626 3053 habet
661 2992 834 3046 lucem
881 2986 932 3039 in
977 2979 1299 3048 semetipso;
1350 2973 1487 3030 oculi
1525 2982 1702 3028 autem
1735 2971 1810 3025 tui
1849 2971 1936 3041 qui
1965 2971 2048 3023 lu-

464 3102 628 3146 cerna
657 3084 879 3138 absente
917 3073 1164 3146 iacebant
1199 3078 1253 3124 et
1287 3067 1418 3122 nihil
1438 3065 1705 3126 videbant,
1729 3064 1839 3133 jam
1866 3071 1919 3116 et
1948 3060 2049 3132 ipsi

461 3179 668 3237 habent
688 3174 880 3234 lucem,
912 3166 1006 3222 sed
1035 3179 1142 3218 non
1170 3162 1222 3216 in
1253 3157 1574 3227 semetipsis.
1596 3153 1828 3210 Proinde
1856 3154 1901 3208 si
1937 3169 1995 3208 se
2017 3167 2051 3208 a

462 3275 684 3328 lucerna
713 3259 1022 3323 averterint,
1061 3253 1438 3315 tenebrantur;
1481 3249 1527 3303 si
1570 3262 1629 3302 se
1668 3244 2048 3309 converterint,

466 3359 859 3420 illuminantur.
898 3351 966 3404 At
991 3361 1118 3403 vero
1146 3345 1234 3399 ille
1270 3343 1405 3412 ignis
1444 3337 1694 3411 quamdiu
1725 3345 1826 3404 est,
1869 3337 2048 3391 lucet:

465 3455 513 3510 si
538 3447 772 3506 volueris
813 3442 885 3498 illi
919 3441 1092 3494 lucem
1123 3434 1331 3498 tollere,
1378 3429 1534 3484 simul
1564 3436 1617 3484 et
1643 3429 1813 3498 ipsum
1841 3427 2050 3480 exstin-

466 3546 620 3619 guis;
653 3556 776 3597 nam
823 3536 939 3592 sine
973 3533 1093 3587 luce
1132 3543 1236 3584 nou
1263 3533 1437 3597 potest
1481 3537 1779 3578 remanere.
1825 3519 1933 3576 Sed
1965 3520 2054 3575 lux

466 3613 714 3696 Christus
752 3621 1196 3694 inexstinguibilis
1237 3627 1292 3674 et
1318 3625 1615 3672 coaeternus
1643 3613 1807 3678 Patri,
1842 3625 2056 3682 semper

469 3730 725 3794 candens,
753 3736 964 3792 semper
983 3718 1189 3781 lucens,
1213 3726 1428 3784 semper
1452 3709 1663 3765 fervens
1687 3726 1701 3762 :
1729 3723 1850 3763 nam
1877 3707 1920 3764 si
1947 3722 2054 3762 non

471 3826 727 3884 ferveret,
755 3811 1010 3885 numquid
1035 3809 1298 3865 diceretur
1323 3806 1374 3860 in
1405 3802 1639 3868 Psalmo,
1674 3798 1782 3855 Nec
1807 3809 1878 3856 est
1901 3800 1986 3872 qui
2005 3816 2057 3855 se

476 3913 752 3973 abscondat
781 3925 812 3962 a
836 3906 1004 3961 calore
1030 3902 1140 3974 ejus
1170 3896 1340 3969 (Psal.
1377 3911 1530 3961 xvm,
1548 3890 1642 3965 7)?
1668 3892 1746 3948 Tu
1787 3901 1962 3948 autem
2003 3891 2055 3946 in

471 4016 696 4082 peccato
723 4013 814 4058 tuo
838 3995 1057 4068 frigidus
1076 4005 1214 4055 eras,
1245 3986 1568 4045 converteris
1596 3993 1655 4041 ut
1682 3983 1950 4041 fervescas
1975 4004 1987 4040 :
2012 3985 2057 4041 si

480 4078 790 4162 recesseris,
822 4086 1081 4160 frigescis.
1114 4082 1171 4138 ιιι
1204 4088 1420 4152 peccato
1454 4087 1546 4133 tuo
1578 4078 1889 4134 tenebrosus
1915 4092 2056 4145 eras,

475 4187 804 4250 converteris
817 4190 872 4239 ut
886 4174 1199 4236 illumineris
1220 4192 1231 4226 :
1250 4172 1294 4228 si
1311 4170 1563 4227 averteris
1580 4179 1650 4234 te,
1669 4168 2056 4224 obscuraberis.

475 4283 711 4343 Proinde
731 4278 852 4351 quia
869 4276 920 4330 in
935 4283 986 4328 te
1002 4269 1236 4327 tenebra:
1248 4283 1386 4332 eras,
1406 4280 1526 4320 cum
1540 4264 1941 4327 illumiuaberis,
1958 4278 2061 4318 non

480 4380 588 4435 eris
604 4378 805 4438 lumen,
821 4366 1061 4440 quamvis
1077 4363 1152 4418 sis
1167 4361 1222 4415 in
1247 4359 1466 4413 lumine.
1485 4357 1575 4412 Ait
1589 4357 1728 4411 enim
1746 4357 2059 4426 Apostolus:

479 4468 676 4527 Fuistis
712 4459 981 4532 aliquando
1009 4453 1250 4517 tenebrae;
1276 4467 1408 4504 nunc
1436 4459 1602 4504 autem
1632 4449 1720 4503 (ua:
1750 4449 1804 4502 in
1847 4448 2065 4504 Domino

479 4561 703 4637 (Ephes.
723 4555 869 4623 v,8).
888 4550 1019 4605 Cum
1036 4547 1273 4609 dixisset,
1297 4559 1430 4637 nunc
1455 4552 1622 4596 autem
1643 4541 1996 4610 lux:addidit,
2016 4543 2070 4596 in

485 4635 725 4715 Domino.
747 4649 872 4704 inte
887 4659 1013 4714 ergo
1037 4639 1289 4704 tenebrae,
1314 4637 1402 4690 tua:
1415 4636 1466 4690 in
1483 4635 1718 4689 Domino.
1739 4635 1850 4689 Lux
1871 4635 2068 4706 quare?

487 4737 1033 4818 Quiaparticipatione
1046 4731 1177 4786 lucis
1191 4729 1330 4785 illius
1344 4728 1431 4782 lux
1446 4742 1520 4782 es.
1539 4726 1595 4782 Si
1607 4735 1780 4782 autem
1794 4743 1823 4781 a
1838 4727 1955 4783 luce
1966 4744 2070 4799 qua

487 4836 827 4905 illuminat-is,
856 4826 1162 4892 recesseris,
1187 4823 1253 4878 ad
1276 4820 1521 4877 tenebras
1539 4829 1653 4874 tuas
1675 4819 1832 4876 redis.
1856 4819 1973 4875 Non
1995 4820 2078 4877 sic.

486 4934 751 4999 Christus,
765 4943 868 4983 non
882 4924 958 4980 sic
969 4919 1200 4978 Verbum
1214 4917 1328 4972 Dei.
1342 4913 1446 4971 Sed
1459 4912 1758 4986 quomodo?
1771 4914 1913 4968 Sicut
1925 4912 2074 4968 habet

491 5029 650 5084 Pater
667 5024 818 5079 vitam
831 5021 888 5074 in
903 5014 1183 5086 semetipso,
1205 5011 1275 5064 sic
1291 5007 1426 5064 dedit
1437 5015 1484 5061 et
1505 5004 1642 5060 Filio
1659 5005 1838 5060 habere
1857 5007 2004 5059 vitam
2020 5007 2074 5060 in

492 5116 762 5187 sentetipso
780 5128 801 5167 :
815 5119 874 5166 ut
899 5124 1002 5164 non
1021 5101 1420 5177 participatione
1438 5098 1598 5165 vivat,
1615 5097 1707 5153 sed
1728 5097 2075 5152 incommuta-

493 5208 674 5269 biliter
688 5205 860 5268 vivat;
880 5209 935 5256 et
971 5196 1189 5253 omnino
1211 5194 1322 5264 ipse
1353 5193 1458 5246 vita
1487 5191 1574 5245 sit.
1600 5190 1689 5245 Sic
1709 5189 1844 5244 dedit
1868 5199 1912 5244 et
1937 5188 2074 5244 Filio

493 5302 674 5362 habere
691 5297 866 5354 vitam.
887 5291 1035 5348 Sicut
1049 5287 1225 5349 habet,
1239 5285 1317 5340 sic
1335 5282 1501 5338 dedit.
1523 5280 1658 5350 Quid
1673 5281 1926 5337 interest?
1942 5281 2075 5349 Quia

490 5399 581 5454 ille
598 5391 765 5460 dedit,
792 5387 892 5444 iste
908 5380 1133 5451 accepit.
1155 5373 1418 5446 Numquid
1436 5373 1544 5444 jam
1566 5383 1678 5429 erat
1694 5373 1903 5444 quando
1924 5389 2077 5430 acce-

489 5487 610 5560 pit?
645 5476 911 5553 Numquid
940 5470 1278 5542 intelligimus
1307 5466 1572 5522 Christum
1600 5465 1878 5538 aliquando
1917 5465 2082 5523 fuisse

557 5645 633 5707 tu)
655 5629 1362 5707 sumo
1674 5641 1735 5707 es
1754 5628 1812 5678 ad
1834 5629 2082 5707 lussmsm

495 5691 700 5764 diﬁs'se,’
713 5691 824 5754 cum
833 5712 952 5757 eum
969 5691 1134 5764 ιωῖιριι
1149 5691 1580 5764 mstatehabuerit,
1593 5691 1740 5764 utier
1753 5701 2084 5764 xxi-srmon-

501 5755 628 5828 ᾖ
649 5755 889 5816 lauandi
909 5755 1128 5823 martyris
1148 5755 1436 5807 celebritate
1470 5755 1772 5820 pronuntiato
1796 5756 2054 5819 colligitur.

1613 5908 1647 5920 ν,
1667 5907 1669 5909 ,

1359 274 1426 334 1N
1459 275 1740 342 JOANNIS
1780 273 2249 344 EVANGEUUM,
2293 277 2351 332 S.
2392 271 2764 333 AUGUSTINI

3612 257 3737 329 £580

2135 417 2251 472 sine
2275 417 2412 482 luce,
2439 431 2562 472 cum
2584 416 2696 486 ipse
2715 415 2785 472 sit
2808 414 3073 485 Sapientia
3099 412 3317 476 Patris,
3338 412 3413 470 de
3432 426 3538 484 qua
3557 413 3736 472 dictum

2137 515 2239 575 est,
2262 507 2465 564 Candor
2494 517 2567 562 est
2593 507 2721 562 lacis
2743 504 3111 580 wternawap.
3137 519 3248 572 vn,
3280 503 3384 573 36)
3400 503 3427 559 τ
3453 503 3594 576 Ergo
3613 508 3738 577 quod

2138 599 2349 666 dicitur,
2377 599 2516 656 dedit
2541 597 2701 666 Filio,
2731 597 2834 654 tale
2857 605 2942 654 est
2964 611 3030 652 ac
3063 596 3109 652 si
3135 595 3457 660 diceretur,
3485 598 3662 666 genuit
3684 598 3738 652 ιι-

2141 690 2269 746 lium
2295 709 2307 746 :
2332 690 2636 762 generando
2659 690 2804 750 enim
2829 688 3000 748 dedit.
3019 687 3322 757 Quomodo
3341 686 3498 744 dedit
3520 695 3582 743 ut
3596 700 3740 754 esset,

2140 784 2220 841 sic
2236 783 2383 841 dedit
2406 792 2464 840 ut
2492 785 2600 840 vita
2620 791 2784 850 esset,
2810 791 2864 839 et
2887 783 2966 839 sic
2988 783 3136 840 dedit
3159 792 3228 838 ut
3257 783 3320 837 in
3335 781 3636 852 semetipso
3655 787 3744 838 vita

2142 875 2446 945 esset.Quid
2459 885 2562 945 est,
2582 875 2636 932 in
2649 875 2937 945 semetipso
2957 875 3065 931 vita
3077 873 3268 932 esset?
3281 873 3412 928 Non
3427 872 3643 930 aliunde
3656 877 3747 931 vita

2144 967 2422 1039 indigeret,
2447 969 2542 1025 sed
2570 969 2684 1038 ipse
2712 976 2853 1023 esset
2875 965 3151 1037 plenitudo
3173 966 3338 1032 vitae,
3363 963 3518 1020 unde
3542 965 3748 1026 creden-

2145 1068 2225 1116 tes
2252 1061 2338 1116 alii
2357 1061 2593 1116 viverent
2614 1061 2740 1116 dum
2762 1058 3021 1116 viverent.
3049 1058 3207 1114 Dedit
3232 1071 3378 1128 ergo
3397 1055 3479 1112 illi
3501 1056 3676 1114 habere
3690 1058 3749 1112 si-

2147 1153 2323 1208 tamin
2351 1155 2613 1224 semetipso
2637 1168 2655 1208 :
2678 1151 2826 1210 dedit
2841 1159 3087 1222 tanquam
3118 1151 3251 1207 cui?
3279 1149 3574 1220 Tanquam
3595 1149 3751 1207 Verbo

2146 1259 2266 1312 suo,
2295 1254 2544 1316 tanquam
2573 1246 2622 1300 ei
2641 1244 2734 1316 qui
2760 1245 2812 1298 in
2834 1243 3085 1314 principio
3115 1251 3230 1296 erat
3273 1238 3534 1308 Verbum,
3565 1250 3611 1296 et
3643 1239 3751 1298 Ver-

2147 1335 2263 1390 bum
2293 1346 2399 1391 erat
2418 1337 2555 1408 apud
2584 1334 2768 1390 Deum.

2221 1428 2310 1483 11.
2354 1426 2552 1484 Deinde
2591 1427 2712 1497 quia
2760 1424 2920 1480 homo
2946 1422 3151 1490 iactus,
3202 1422 3347 1493 quid
3376 1420 3752 1490 .iliideditiﬁt

2151 1527 2444 1590 potestatem
2481 1518 2617 1572 dedit
2656 1518 2699 1571 ei
2735 1515 2989 1587 judicium
3054 1519 3259 1584 facere,
3331 1513 3585 1584 quoniam
3623 1513 3750 1582 ﬁlias

2151 1611 2369 1666 hominis
2395 1619 2484 1665 est.
2512 1607 2986 1678 Secundum.un
3028 1605 3195 1661 Filius
3233 1606 3334 1662 Dei
3363 1613 3491 1670 est,
3525 1604 3750 1659 sicutha-

2150 1703 2229 1757 bet
2261 1701 2418 1757 Pater
2456 1702 2608 1756 vitam
2640 1704 2695 1756 in
2726 1701 2991 1771 semetipso
3013 1741 3029 1766 ,
3053 1701 3125 1754 sic
3163 1708 3214 1752 et
3256 1698 3411 1753 dedit
3449 1695 3591 1753 Filio
3615 1699 3750 1752 vitam

2152 1795 2335 1848 habere
2359 1795 2413 1847 in
2440 1794 2703 1864 semetipso
2737 1811 2749 1844 :
2784 1791 3074 1848 secundum
3097 1799 3288 1846 autem
3324 1788 3481 1862 quod
3509 1789 3645 1846 ﬁlius
3662 1788 3749 1845 bo-

2151 1887 2311 1942 minis
2336 1896 2436 1952 est,
2483 1895 2776 1957 potestatem
2798 1883 2933 1940 dedit
2962 1885 3006 1938 ei
3036 1883 3309 1955 judicium
3351 1882 3604 1955 faciendi.
3651 1881 3748 1938 Hoc

2153 1989 2237 2036 est
2264 1979 2406 2049 quod
2433 1978 2688 2034 hesterno
2713 1977 2800 2032 die
2829 1976 3048 2047 exposui
3086 1973 3366 2032 Charitati
3388 1981 3621 2042 vestrae,
3646 1973 3750 2046 quis

2154 2075 2206 2128 in
2229 2073 2429 2144 judicio
2446 2071 2606 2127 homo
2630 2070 2914 2134 videbitur,
2934 2070 3074 2125 Deus
3095 2077 3287 2124 autem
3312 2082 3428 2124 non
3448 2066 3709 2124 videbitur
3731 2083 3744 2119 :

2154 2164 2248 2220 sed
2287 2173 2408 2234 post
2436 2163 2693 2235 judicium
2718 2161 2982 2218 videbitur
3013 2160 3153 2215 Deus
3179 2159 3254 2216 ab
3301 2159 3394 2216 liis
3421 2159 3519 2231 qui
3545 2157 3750 2214 vicerint

2155 2258 2207 2313 in
2231 2255 2464 2327 judicio;
2508 2257 2575 2311 ab
2613 2256 2792 2326 impiis
2830 2265 3008 2310 autem
3052 2269 3157 2309 non
3185 2252 3477 2309 videbitur
3513 2251 3749 2323 DeusUn

2154 2348 2401 2420 superiori
2430 2345 2717 2419 Tractatu).
2744 2345 2877 2414 Quia
2915 2359 3046 2416 ergo
3090 2344 3260 2400 homo
3291 2343 3572 2402 videbitur
3607 2342 3747 2412 injuo

2155 2439 2296 2494 dicio
2347 2439 2514 2494 forma
2537 2438 2624 2493 illa
2645 2478 2659 2501 ,
2691 2452 2795 2508 qua
2821 2437 2899 2492 sic
2931 2436 3111 2491 veniet
3135 2435 3284 2490 sicut
3326 2435 3606 2500 ascendit,
3639 2434 3740 2490 ideo

2154 2544 2315 2600 supra
2339 2529 2546 2585 dixerat
2577 2547 2589 2582 :
2621 2527 2778 2582 Pater
2798 2543 2903 2582 non
2913 2527 3116 2598 judicat
3137 2543 3458 2598 quemquam
3473 2565 3492 2592 ,
3515 2525 3603 2579 sed
3623 2539 3749 2587 omns

2147 2621 2402 2694 judicium
2430 2619 2568 2675 dedit
2611 2617 2750 2674 Filio
2779 2617 2960 2692 (Joan.
2987 2633 3042 2682 v,
3068 2616 3186 2689 22.)
3223 2617 3349 2673 Hoc
3391 2619 3558 2672 etiam
3584 2617 3633 2672 in
3660 2617 3746 2672 ista

2156 2712 2275 2767 loco
2303 2710 2521 2782 repetit,
2564 2725 2685 2766 cum
2734 2708 2901 2775 dicit,
2933 2706 3002 2762 Et
3029 2717 3338 2779 potestatem
3381 2708 3523 2762 dedit
3557 2707 3602 2760 ei
3617 2706 3746 2776 judi-

2157 2803 2289 2858 cium
2327 2803 2580 2875 faciendi,
2617 2803 2856 2873 quoniam
2891 2803 3028 2872 ﬁlius
3071 2802 3296 2856 lautumiis
3341 2810 3443 2856 est.
3498 2799 3744 2868 Tanquam

2157 2899 2368 2954 diceres
2423 2906 2512 2962 tu,
2569 2894 2879 2951 Potestatem
2929 2894 3066 2952 dedit
3109 2896 3154 2948 ei
3196 2895 3470 2965 judicium
3515 2891 3745 2962 faciendi,

2158 2989 2355 3063 quare?
2403 2987 2628 3057 Quando
2672 3002 2780 3042 non
2823 2986 3009 3042 habuit
3053 2989 3212 3042 istam
3269 2993 3595 3056 potestatem
3616 2981 3739 3052 judi-

2159 3080 2298 3135 cium
2331 3077 2595 3142 faciendi?
2623 3077 2848 3146 Quando
2887 3077 2943 3132 in
2981 3076 3232 3148 principio
3279 3086 3394 3131 erat
3433 3073 3672 3139 Verbum,
3697 3081 3740 3128 st

2173 3167 2391 3224 Verbum
2451 3178 2557 3222 erat
2617 3167 2756 3239 apud
2808 3165 3008 3234 Deum,
3061 3176 3108 3221 et
3154 3165 3297 3224 Deus
3330 3177 3446 3220 erat
3529 3163 3738 3228 Verbum,

2166 3260 2380 3334 quando
2405 3260 2574 3315 omnia
2587 3275 2675 3330 per
2691 3260 2857 3330 ipsum
2869 3261 3003 3330 facta
3015 3269 3131 3314 sunt
3155 3258 3265 3331 (Id.
3286 3277 3325 3325 ι,
3359 3261 3411 3326 1,
3433 3257 3492 3330 5)
3513 3253 3742 3327 numquid

2173 3367 2280 3406 non
2328 3349 2556 3406 habebat
2599 3357 2914 3419 potestatem
2949 3349 3208 3417 judicium
3255 3346 3738 3406 faciendi?de

2164 3443 2394 3499 cundum
2413 3442 2515 3497 hoc
2529 3442 2670 3508 dico,
2692 3440 2999 3497 Potestatem
3023 3441 3159 3496 dedit
3176 3442 3222 3495 ei
3230 3442 3500 3513 judicium
3526 3436 3740 3514 faciendi.

2172 3537 2291 3606 quia
2319 3536 2456 3604 ﬁlius
2485 3534 2704 3588 hominis
2723 3544 2830 3589 est:
2849 3533 3140 3590 secundum
3169 3534 3270 3589 hoc
3305 3533 3738 3603 accepitpotesta—

2165 3640 2271 3683 tem
2297 3626 2588 3698 iudicandi,
2616 3627 2732 3698 quia
2761 3626 2896 3695 [ilius
2927 3625 3140 3680 hominis
3165 3634 3258 3681 est.
3317 3625 3456 3681 Nam
3477 3621 3738 3680 secundum

2164 3719 2303 3793 quod
2327 3721 2420 3775 Dei
2450 3719 2615 3774 Filius
2643 3728 2745 3784 est,
2776 3733 2986 3789 semper
3013 3718 3198 3774 habuit
3233 3719 3382 3776 hanc
3423 3722 3734 3788 potestatem.

2173 3811 2394 3880 Accepit
2410 3811 2498 3880 qui
2520 3809 2804 3866 cruciﬁxus
2820 3819 2918 3866 est.
2943 3810 3042 3876 Qui
3065 3809 3158 3866 iuit
3174 3810 3227 3865 in
3239 3820 3446 3874 morte,
3459 3807 3600 3863 estin
3617 3803 3735 3858 vita:

2194 3902 2424 3958 Verbum
2455 3900 2549 3956 Dei
2580 3916 2846 3972 nunquam
2873 3901 2924 3954 iu
2954 3909 3144 3968 morte,
3174 3916 3394 3972 semper
3419 3901 3474 3956 in
3497 3901 3614 3954 vita.

2244 3997 2332 4050 12.
2390 3994 2505 4050 Jam
2536 4008 2664 4064 ergo
2707 3993 2775 4047 de
2822 3995 3216 4049 resurrectione
3253 3994 3400 4050 forte
3438 3991 3622 4064 aliquis
3651 4002 3732 4042 uo-

2175 4098 2346 4145 strum
2388 4088 2599 4144 dicebat
2629 4105 2641 4140 :
2673 4086 2812 4142 Ecce
2847 4088 3268 4152 resurreximus;
3317 4088 3411 4159 qui
3439 4084 3586 4142 audit
3614 4079 3731 4136 Curi

2170 4190 2310 4236 stum
2327 4220 2342 4246 ,
2366 4179 2454 4250 qui
2477 4178 2667 4246 credit,
2690 4187 2744 4233 et
2766 4177 2952 4232 transit
2970 4177 3038 4232 de
3067 4187 3238 4234 morte
3264 4179 3336 4233 ad
3355 4179 3584 4233 vitamet
3599 4174 3644 4228 in
3659 4170 3728 4240 ju-

2171 4272 2363 4328 dicium
2409 4287 2514 4326 non
2550 4271 2760 4336 veniet;
2794 4271 2936 4325 venit
2964 4271 3128 4336 hora,
3157 4279 3212 4326 et
3255 4287 3406 4328 nunc
3443 4278 3542 4334 est,
3571 4275 3622 4322 ιιι
3654 4261 3730 4334 qui

2172 4364 2322 4419 audit
2366 4378 2548 4419 vocem
2581 4362 2698 4417 Filii
2727 4360 2842 4430 Dei,
2869 4363 3046 4427 vivat;
3079 4373 3322 4420 mortuus
3347 4373 3498 4429 erat,
3523 4356 3726 4421 audivit,

2179 4468 2306 4509 ecce
2334 4452 2560 4524 resurgit
2589 4471 2601 4506 :
2633 4452 2757 4524 quid
2789 4461 2871 4509 est
2890 4453 3033 4524 quod
3059 4453 3250 4510 dicitur
3302 4464 3488 4527 postea
3517 4461 3725 4510 resurre‘

2175 4545 2281 4600 ctio
2310 4543 2522 4599 futura?
2550 4544 2715 4600 Parce
2747 4545 2875 4612 tibi,
2909 4545 3017 4600 noli
3041 4547 3379 4617 praecipitare
3407 4541 3721 4603 sententiain.

2177 4652 2245 4694 ne
2299 4652 2487 4708 pergas
2531 4645 2652 4708 post
2695 4638 2857 4692 illam.
2902 4636 2998 4692 Est
3025 4639 3244 4710 quidem
3286 4639 3390 4697 ista
3441 4631 3726 4695 resurrectio

2177 4745 2296 4801 qua:
2321 4727 2378 4783 fit
2404 4745 2546 4784 nunc
2574 4746 2589 4787 :
2619 4729 2815 4783 mortui
2844 4737 3000 4784 erant
3049 4728 3290 4786 infideles
3311 4772 3326 4798 ,
3364 4727 3549 4786 mortui
3595 4727 3723 4780 erant

2178 4821 2376 4893 iniqui;
2410 4822 2591 4878 vivunt
2615 4821 2779 4892 justi,
2813 4831 3092 4878 transeunt
3141 4839 3170 4876 a
3219 4833 3392 4880 morte
3435 4812 3722 4877 infidelitatis

2179 4915 2246 4971 ad
2300 4915 2460 4970 vitam
2505 4914 2626 4971 fidei
2653 4931 2668 4969 :
2694 4915 2788 4970 sed
2840 4915 2950 4970 noli
2994 4915 3116 4970 inde
3156 4917 3382 4974 credere
3421 4915 3607 4970 nullam
3655 4905 3718 4960 ftl'

2180 5016 2352 5064 turam
2396 5017 2578 5079 postea
2623 5008 3070 5065 resurrectionem
3116 5012 3383 5081 corporis,
3416 5007 3568 5066 crede
3608 5002 3721 5060 fum-

2181 5115 2294 5156 ram
2319 5108 2372 5155 et
2408 5099 2848 5156 resurrectionem
2873 5101 3132 5172 corporis.
3165 5102 3302 5160 Audi
3343 5102 3478 5157 enim
3507 5094 3618 5170 quid
3651 5104 3738 5160 sed,

2183 5201 2372 5264 quatur
2395 5201 2515 5262 post
2532 5193 2959 5249 commendatam
2985 5196 3432 5252 resurrectionem
3457 5194 3598 5248 istam
3619 5195 3716 5254 quae

2183 5287 2240 5342 fit
2268 5303 2360 5358 per
2387 5286 2567 5352 iidem,
2597 5303 2664 5342 ne
2688 5287 2807 5358 quis
2832 5296 3042 5358 putaret
3070 5288 3224 5344 istam
3253 5290 3424 5344 solam.
3446 5297 3570 5345 esse,
3592 5274 3714 5334 ειίιν

2183 5379 2384 5435 cideret
2403 5379 2454 5434 in
2483 5379 2627 5434 illam
2656 5379 3080 5451 desperationem
3119 5390 3171 5435 et
3197 5395 3430 5436 errorem
3459 5370 3712 5430 hominum

2185 5472 2274 5542 qui
2321 5471 2689 5542 pervertebant
2729 5470 2953 5526 aliorum
2993 5486 3213 5538 sensus,
3282 5471 3488 5525 dicentes
3523 5468 3708 5517 resurre-

2186 5566 2400 5620 ctionem
2416 5565 2530 5636 jam
2556 5565 2744 5637 factum
2773 5579 2912 5632 esse,
2962 5563 3030 5619 de
3072 5563 3262 5634 quibus
3290 5563 3414 5620 dicit
3440 5549 3710 5628 Apostolus.

2188 5655 2258 5712 Et
2329 5657 2483 5726 [idem
2533 5655 2870 5728 quorumdam
2921 5666 3206 5728 penatum
3249 5659 3268 5728 (
3287 5657 3330 5711 ll
3379 5654 3498 5710 Tm.
3537 5662 3585 5709 tl.
3620 5637 3707 5705 1³)·

2193 5748 2368 5806 Credo
2393 5749 2536 5806 enim
2570 5751 2692 5822 quia
2715 5749 2836 5807 talia
2868 5749 3030 5807 verba
3054 5749 3156 5807 illis
3184 5750 3458 5809 dicebant:
3485 5742 3608 5801 Εωε
3623 5732 3712 5794 ΩΨ
