3916 6368
170 316 287 385 1581

164 444 324 501 minus
348 438 434 497 ubi
459 440 566 507 ait,
597 437 665 494 Et
693 437 777 508 qui
798 436 955 491 credit
983 436 1036 491 in
1058 450 1136 488 me
1154 474 1169 500 ,
1198 432 1397 489 transiit
1420 448 1453 486 a
1476 436 1637 485 morte
1657 428 1723 482 ad

170 540 304 593 vitam
320 550 341 598 ;
358 531 464 604 jam
494 529 634 587 facta
660 536 744 587 est
776 527 1098 585 resurrectio
1127 526 1179 580 in
1203 523 1505 580 hominibus
1550 520 1725 576 ﬁdeli-

164 627 252 687 bus
276 625 359 697 qui
376 624 588 682 fuerant
616 622 863 679 inﬁdeles
889 639 903 679 :
933 619 1200 693 quomodo
1224 619 1389 675 altera
1415 616 1611 672 dicitur
1635 629 1723 671 re-

163 719 436 783 surrectio?
459 717 672 776 Gratias
690 716 915 773 Domino
938 713 1051 771 Deo
1083 720 1296 777 nostro;
1350 709 1498 766 fulcit
1529 715 1723 764 nutan-

164 827 263 881 tes.
287 813 460 885 dirigit
497 809 843 873 btesitantes,
885 805 1166 863 confirmat
1211 802 1538 859 dubitantes.
1586 797 1725 854 Audi

160 906 270 981 quid
288 903 545 977 sequitur,
569 902 695 974 quia
719 916 827 957 non
854 898 1018 955 habes
1042 896 1184 953 unde
1217 894 1313 951 tibi
1353 893 1515 949 facias
1542 890 1724 962 caligi-

160 1016 267 1057 nem
305 996 505 1055 mortis.
538 995 596 1051 Si
629 991 924 1058 credidisti,
954 998 1122 1046 totum
1150 987 1330 1043 crede.
1359 984 1496 1055 Quid
1527 991 1717 1049 totum,

157 1089 348 1164 inquis,
389 1085 593 1144 credo?
646 1083 783 1143 Audi
821 1082 947 1154 quid
975 1081 1141 1138 dicit:
1172 1077 1346 1134 Nolite
1388 1076 1564 1131 mirari
1589 1075 1721 1142 hoc,

156 1183 264 1257 quia
312 1178 453 1238 dedit
501 1185 823 1249 potestatem
876 1174 1015 1230 Filio
1037 1171 1262 1235 faciendi
1303 1167 1587 1240 judicii.ln
1616 1166 1722 1257 fine

154 1255 289 1337 dico,
326 1269 416 1325 ait.
446 1265 732 1336 Quomodo
759 1265 811 1321 in
862 1263 999 1320 line?
1030 1261 1207 1318 Nolite
1233 1259 1407 1315 mirari
1452 1259 1544 1313 hoc
1562 1275 1581 1325 ;
1605 1255 1723 1326 quia

153 1363 268 1418 venit
285 1362 427 1415 hora.
458 1358 557 1413 ilic
591 1374 697 1412 non
725 1356 879 1422 dixit,
902 1364 949 1410 et
973 1371 1109 1409 nunc
1135 1362 1227 1408 est.
1258 1351 1316 1408 ln
1342 1351 1432 1407 illa
1478 1363 1723 1406 resurre-

153 1457 308 1514 ctione
331 1452 449 1509 lidci
472 1450 605 1523 quid
626 1449 797 1506 dixit?
821 1447 966 1504 Venit
994 1448 1141 1515 hora,
1170 1454 1217 1501 et
1245 1460 1380 1500 nunc
1407 1451 1497 1498 est.
1533 1439 1588 1495 In
1617 1439 1718 1495 ista

152 1546 523 1604 resurrectione
566 1558 727 1616 quam
773 1539 1115 1599 commendat
1166 1538 1394 1594 futuram
1433 1549 1718 1606 corporum

151 1647 489 1702 mortuorum,
530 1634 686 1692 Venit
710 1634 872 1702 hora,
904 1633 1033 1689 dixit
1061 1650 1075 1692 :
1105 1647 1210 1687 non
1250 1630 1421 1695 dixit,
1453 1645 1588 1683 nunc
1611 1637 1721 1694 est;

152 1712 259 1803 quia
286 1731 335 1786 in
363 1729 468 1785 line
489 1728 679 1785 saeculi
703 1736 923 1783 ventura
948 1733 1050 1782 est.

212 1822 289 1881 13.
321 1820 386 1877 Et
410 1819 588 1886 unde,
612 1819 788 1891 inquis
808 1860 822 1886 ,
853 1817 982 1872 mihi
1022 1816 1218 1887 probas
1245 1815 1367 1887 quia
1395 1814 1464 1871 de
1497 1814 1610 1887 ipsa
1630 1828 1721 1869 re-

153 1915 461 1973 surrectione
505 1913 681 1969 dixit?
738 1911 796 1967 Si
838 1910 1103 1982 patienter
1151 1907 1369 1973 audias,
1406 1916 1460 1962 tu
1488 1906 1601 1977 ipse
1628 1906 1721 1960 tibi

155 2005 295 2062 modo
308 2004 582 2078 probabis.
603 2003 904 2074 Sequamur
915 2016 1071 2072 ergo:
1093 1998 1267 2055 Nolite
1286 1999 1460 2054 mirari
1478 1998 1725 2068 hoc;quia

154 2096 265 2152 venit
283 2097 407 2155 hora
425 2137 442 2164 ,
469 2096 525 2151 in
554 2112 663 2167 qua
682 2111 855 2150 omnes
871 2093 958 2165 qui
986 2093 1039 2151 in
1067 2091 1401 2149 monumentis
1419 2100 1555 2146 sunt.
1585 2089 1729 2157 Quid

154 2186 425 2243 evidentius
441 2186 545 2245 ista
567 2183 995 2244 resurrectione?
1010 2183 1127 2240 lam
1143 2183 1340 2239 dudum
1359 2199 1464 2239 non
1493 2182 1723 2248 dixerat,

156 2280 228 2348 qui
241 2279 289 2333 in
311 2279 652 2335 monumentis
673 2287 815 2342 sunt;
833 2274 949 2344 sed,
976 2275 1163 2330 mortui
1183 2274 1387 2330 audient
1415 2291 1582 2331 vocem
1600 2274 1726 2329 Filii

158 2366 272 2439 Dei;
318 2380 361 2424 et
410 2371 498 2441 qui
538 2369 823 2436 audierint,
854 2369 1032 2425 vivent.
1067 2366 1183 2423 Non
1221 2367 1375 2435 dixit,
1406 2367 1495 2424 alii
1524 2368 1723 2435 vivent,

159 2462 235 2517 alii
256 2460 685 2527 damnabantur;
739 2460 861 2533 quia
911 2475 1100 2515 omnes
1138 2459 1230 2530 qui
1276 2458 1500 2516 credunt
1523 2461 1723 2516 vivent.

159 2551 225 2606 De
241 2548 597 2610 monumentis
624 2561 805 2607 autem
842 2549 970 2621 quid
990 2548 1160 2607 dicit?
1185 2549 1368 2606 Omnes
1396 2552 1482 2623 qui
1513 2562 1631 2607 sunt
1673 2554 1728 2608 in

164 2646 482 2711 monumentis,
538 2642 750 2699 audient
793 2659 964 2699 vocem
995 2644 1126 2715 ejus,
1172 2652 1216 2697 et
1264 2643 1553 2713 procedant.
1608 2644 1726 2701 Non

162 2734 308 2804 dixit,
337 2736 545 2791 audient
568 2745 615 2792 et
639 2736 822 2791 vivent.
856 2736 912 2792 Si
938 2736 1080 2793 enim
1108 2736 1248 2792 male
1280 2736 1530 2792 vixerunt
1571 2746 1625 2793 et
1642 2738 1727 2808 ja-

163 2825 331 2885 cebant
358 2827 409 2882 in
448 2828 840 2896 monumentis,
893 2825 961 2882 ad
990 2836 1217 2884 mortem
1241 2836 1482 2898 surgent,
1510 2843 1617 2884 non
1659 2829 1728 2886 ad

161 2915 319 2972 vitam.
360 2918 507 2991 Ergo
544 2918 822 2975 videamus
866 2918 958 2989 qui
1012 2917 1325 2988 procedent.
1374 2917 1521 2974 Licet
1568 2920 1727 2990 paulo

160 3019 265 3067 ante
302 3013 505 3069 mortui
533 3010 804 3068 audiendo
828 3020 882 3067 et
911 3010 1180 3069 credendo
1209 3011 1478 3079 vivebant,
1514 3028 1619 3068 non
1650 3013 1728 3069 ibi

162 3102 279 3159 facta
302 3115 377 3161 est
399 3103 660 3162 discretio
691 3118 839 3163 :non
873 3103 1069 3158 dictum
1106 3111 1220 3167 est,
1253 3103 1484 3158 Audient
1523 3104 1723 3160 mortui

166 3208 327 3252 vocem
347 3192 471 3253 Filii
522 3198 614 3252 Dei
636 3239 650 3264 ,
680 3205 880 3251 etcum
903 3193 1169 3251 audierint
1194 3236 1209 3261 ,
1252 3195 1341 3251 alii
1370 3196 1577 3263 vivent,
1638 3196 1728 3253 alii

169 3282 546 3354 damnabuntur;
590 3288 709 3353 sed,
738 3286 924 3342 Omnes
961 3286 1047 3357 qui
1077 3285 1350 3352 audierint,
1380 3286 1580 3340 vivent:
1604 3286 1727 3358 quia

171 3377 246 3445 qui
265 3378 472 3436 credunt
516 3380 719 3445 vivent,
746 3378 837 3450 qui
862 3377 1061 3434 habent
1092 3376 1407 3435 charitatem
1444 3380 1645 3447 vivent,
1673 3389 1729 3437 et

171 3481 305 3524 nemo
323 3471 593 3527 morietur.
612 3470 689 3525 De
710 3466 1071 3525 monumentis
1092 3478 1290 3536 autem,
1312 3469 1518 3525 audient
1535 3486 1723 3537 vocem,

172 3566 209 3610 et
221 3561 466 3626 precedent
482 3561 567 3633 qui
582 3559 704 3615 bene
714 3558 959 3630 fecerunt,
973 3559 1041 3614 ad
1056 3561 1464 3616 resurrectionem
1480 3561 1626 3629 vitaz;
1642 3562 1728 3633 qui

175 3648 282 3704 male
302 3646 541 3720 fecerunt,
571 3651 641 3705 ad
686 3651 1101 3731 resurrectin
1116 3650 1320 3721 judicii.
1348 3652 1462 3709 Hoc
1484 3664 1567 3709 est
1586 3654 1729 3725 judi-

174 3740 307 3808 cium,
332 3759 490 3815 pmna
521 3744 608 3800 illa
633 3742 703 3799 de
717 3759 822 3815 qua
849 3742 1006 3814 paulo
1021 3752 1145 3799 ante
1185 3743 1410 3814 dixerat,
1441 3745 1541 3812 Qui
1568 3748 1729 3803 credit

175 3829 218 3884 in
230 3849 317 3907 me,
330 3835 525 3891 transiit
544 3854 576 3889 a
592 3844 753 3890 morte
769 3833 837 3888 ad
849 3833 1022 3898 vitam,
1039 3842 1083 3889 et
1099 3834 1152 3888 in
1156 3835 1412 3905 judicium
1428 3853 1529 3892 non
1545 3838 1724 3895 veniet.

234 3924 307 3980 ii.
345 3925 465 3983 Non
515 3943 719 4000 possum
759 3942 849 3997 ego
892 3942 924 3978 a
964 3925 1153 3995 meipso
1209 3930 1376 3998 facere
1412 3928 1685 3999 quidquam
1706 3945 1727 3986 :

178 4014 280 4071 sicut
297 4019 444 4073 audio
460 4019 663 4092 judico,
693 4026 739 4072 et
750 4015 1008 4088 judicium
1034 4033 1197 4071 meum
1204 4017 1401 4088 justum
1424 4027 1513 4074 est.
1538 4018 1593 4076 Si
1618 4021 1724 4077 sic-

178 4120 226 4162 ut
244 4111 379 4168 audis
408 4104 639 4185 judicas,
671 4127 701 4165 a
727 4126 833 4182 quo
872 4108 1063 4166 audis?
1091 4110 1147 4166 Si
1188 4126 1217 4165 a
1243 4110 1420 4178 Patre,
1447 4121 1594 4170 certe
1620 4113 1726 4169 Pa-

183 4208 346 4258 ternon
377 4205 580 4276 judicat
629 4220 951 4276 quemquam,
998 4202 1087 4259 sed
1130 4220 1276 4260 omne
1298 4204 1552 4275 judicium
1588 4206 1727 4263 dedit

182 4288 311 4351 Filio.
338 4297 557 4366 Quando
596 4307 651 4353 tu
699 4294 1093 4369 quodammodo
1124 4313 1296 4366 praeco
1342 4298 1536 4366 Patris,
1584 4300 1726 4371 quod

182 4383 324 4453 audis,
352 4390 452 4445 hoc
477 4388 648 4445 dicis‘
678 4387 702 4441 ?
731 4386 882 4456 Quod
915 4386 1073 4443 audio
1123 4386 1225 4443 hoc
1252 4387 1393 4454 dico,
1437 4390 1561 4460 quia
1584 4391 1726 4461 quod

182 4486 249 4551 est
282 4478 445 4551 Pater,
500 4482 602 4538 hoc
644 4497 761 4537 sum
795 4480 1015 4537 :dicere
1056 4479 1196 4536 enim
1241 4496 1417 4537 meum
1446 4497 1566 4538 esse
1607 4492 1723 4552 est;

184 4570 283 4638 quia
320 4573 542 4631 Verbum
594 4574 766 4630 Patris
808 4589 947 4632 sum.
978 4573 1091 4630 Hoc
1132 4573 1272 4629 enim
1303 4575 1396 4629 tibi
1420 4574 1550 4631 dicit
1576 4576 1727 4633 Chri-

183 4668 288 4718 stus.
300 4660 415 4725 inde
437 4662 506 4723 de
522 4676 633 4724 tuo.
657 4665 794 4737 Quid
810 4676 911 4732 est,
930 4665 1074 4723 Sicut
1093 4666 1267 4734 audio,
1290 4668 1363 4723 ita
1375 4669 1577 4740 judico,
1599 4669 1724 4739 nisi,

186 4751 305 4815 Sicut
338 4760 485 4819 sum?
513 4761 792 4830 Quomodo
836 4761 978 4817 enim
1004 4761 1150 4816 audit
1173 4761 1450 4817 Christus?
1488 4758 1737 4833 Fratres,

187 4840 464 4924 "mutus,
484 4870 613 4928 rogo
624 4870 743 4911 vos.
762 4854 924 4910 Audit
934 4855 1173 4912 Christus
1184 4870 1213 4909 a
1229 4855 1382 4911 Patre
1396 4855 1419 4909 ?
1445 4855 1726 4925 Quomodo

185 4936 244 4996 illi
285 4944 401 5005 dicit
449 4948 646 5005 Pater?
678 4945 872 5017 Utique
914 4948 959 5002 si
998 4946 1126 5003 dicit
1149 4947 1243 5012 illi,
1281 4948 1441 5004 verba
1484 4948 1551 5003 ad
1577 4949 1727 5006 illum

187 5027 316 5092 facit:
345 5039 515 5101 omnis
530 5041 687 5105 enim
706 5040 800 5111 qui
821 5038 1016 5110 aliquid
1034 5040 1188 5095 alicui
1203 5041 1351 5106 dicit,
1383 5040 1547 5098 verbo
1574 5042 1721 5097 dicit.

187 5120 600 5193 QuomodoPater
649 5133 787 5189 Filio
833 5131 980 5199 dicit,
1028 5132 1241 5202 quando
1278 5132 1444 5190 Filius
1493 5134 1724 5193 Verbum

188 5210 325 5301 Putris
362 5224 477 5283 est?
522 5224 791 5296 Quidquid
837 5224 992 5281 nobis
1038 5224 1193 5280 Pater
1235 5225 1384 5291 dicit,
1429 5226 1600 5283 Verbo
1627 5242 1726 5284 suo

190 5303 319 5379 dicit:
347 5313 573 5375 Verbum
602 5315 776 5373 Patris
798 5315 965 5374 Filius
1002 5326 1115 5383 est,
1138 5317 1241 5388 ipsi
1271 5317 1449 5374 Verbo
1475 5335 1582 5390 quo
1619 5320 1726 5377 alio

189 5400 316 5463 νυιιο
347 5406 506 5465 dicit?
536 5408 687 5467 Unus
728 5416 809 5465 est
829 5408 987 5474 Deus,
1014 5424 1180 5465 unum
1207 5408 1450 5465 Verbum.
1467 5410 1645 5477 habet,
1670 5412 1725 5467 in

191 5502 273 5551 uno
290 5496 452 5559 Verbo
487 5502 666 5559 omnia
694 5503 950 5561 continet.
977 5500 1114 5571 Quid
1141 5511 1218 5558 est
1249 5518 1379 5576 ergo
1396 5544 1423 5566 ,λ
1458 5503 1605 5559 Sicut
1629 5521 1727 5559 au-

192 5582 365 5657 diuit.
387 5594 775 5666 judicol'Sicut
802 5594 1054 5651 dePatre
1101 5611 1241 5663 sum,
1266 5597 1335 5650 ita
1355 5596 1553 5665 judico.
1583 5596 1724 5668 Ergo

237 5678 337 5735 ευ.
353 5685 494 5751 Lugd.
516 5693 570 5739 et
599 5695 719 5739 ven.
738 5684 983 5749 plusculas
1003 5687 1081 5738 hic
1116 5686 1281 5739 ferunt
1300 5687 1628 5751 differentias;
1652 5689 1726 5740 sic

192 5732 744 5792 mihienim:an
777 5750 827 5792 tu
858 5748 1206 5792 nuodnmmadn
1239 5762 1401 5792 nrmm
1443 5749 1628 5792 Patris-
1670 5755 1723 5792 ut

191 5744 756 5873 πιέοᾶῃῆ
777 5750 827 5798 tu
858 5748 1206 5811 quodammodo
1238 5762 1401 5814 praeco
1437 5744 1630 5813 Patris;
1670 5755 1723 5801 ut

1278 308 1496 371 CAPUT
1536 307 1601 365 ν.
1642 298 2051 362 TRACTATUS
2090 296 2282 362 XXIII.

3281 314 3416 376 isse

1832 420 2086 490 judicium
2114 439 2280 478 meum
2311 416 2508 494 justum
2537 431 2627 479 est.
2652 422 2781 481 Nam
2808 425 2854 482 si
2880 427 3160 500 nihillfacis
3189 445 3259 488 ex
3287 441 3360 501 te,
3386 450 3437 489 ον

1838 510 2062 568 Domine
2084 513 2233 582 Iesu,
2266 515 2531 585 quomodo
2551 516 2787 573 sentiunt
2813 521 3087 585 carnales;
3118 523 3163 577 si
3188 521 3322 578 nihil
3345 523 3422 578 fa-

1836 603 1915 659 cis
1960 621 2024 661 ex
2055 615 2127 674 te,
2174 608 2439 679 quomodo
2466 609 2624 680 paulo
2659 620 2781 667 ante
2811 610 3015 679 dixisti,
3057 612 3149 671 Sic
3176 625 3222 673 et
3252 616 3420 675 Filius

1835 701 1959 769 quos
1983 697 2087 753 vult
2134 700 2396 770 vivi/icat?
2431 700 2587 757 Modo
2638 700 2790 769 dicis,
2839 703 2916 759 Ex
2967 720 3056 762 me
3084 705 3222 765 facio
3265 708 3419 765 nihil.

1836 788 1943 846 Sed
1968 791 2095 862 quid
2128 794 2469 849 commendat
2496 793 2681 863 Filius,
2712 794 2815 851 nisi
2856 798 2978 870 quia
3021 797 3089 855 de
3114 800 3272 858 Patre
3301 803 3420 859 est?

1834 881 1937 950 Qui
1966 893 2049 940 est
2075 884 2143 940 de
2165 886 2343 955 Patre,
2365 903 2472 944 non
2500 899 2583 945 est
2600 889 2668 945 de
2694 904 2772 945 se.
2794 889 2850 947 Si
2870 889 2939 947 de
2963 906 3022 948 se
3051 891 3220 948 Filius
3250 905 3415 963 esset,

1835 990 1942 1031 non
1971 986 2114 1033 esset
2139 978 2341 1036 Filius:
2370 979 2437 1038 de
2466 981 2623 1041 Patre
2642 990 2745 1038 est.
2771 982 2928 1038 Pater
2953 993 3008 1039 ut
3034 984 3105 1041 sit
3131 1000 3235 1042 non
3253 996 3335 1044 est
3353 988 3421 1045 de

1834 1064 1993 1133 Filio,
2024 1067 2191 1125 Filius
2219 1080 2277 1125 ut
2300 1072 2371 1128 sit
2411 1072 2477 1128 de
2504 1070 2662 1129 Patre
2700 1083 2802 1129 est.
2832 1072 3079 1147 Equalis
3107 1077 3287 1146 Patri;
3324 1080 3419 1136 sed

1836 1167 2012 1216 tamen
2046 1161 2145 1217 iste
2167 1162 2234 1219 de
2265 1162 2376 1229 illo,
2406 1181 2512 1220 non
2542 1165 2628 1222 ille
2653 1165 2718 1223 de
2739 1164 2862 1223 isto.

1906 1252 1991 1308 15.
2025 1253 2156 1321 Quia
2188 1272 2288 1310 non
2316 1274 2489 1328 quaero
2518 1255 2826 1315 voluntatem
2853 1278 3038 1331 meam,
3066 1262 3156 1319 sed
3179 1264 3419 1321 volunta-

1833 1350 1931 1397 tem
1959 1345 2067 1415 ejus
2086 1347 2174 1417 qui
2198 1348 2332 1402 misit
2352 1366 2448 1404 me.
2491 1349 2658 1407 Filius
2689 1352 2879 1409 unicus
2915 1355 3064 1421 dicit,
3098 1355 3221 1412 Non
3246 1375 3418 1429 quaero

1833 1430 2136 1490 voluntatem
2161 1455 2357 1503 meam;
2379 1449 2433 1496 et
2458 1439 2702 1499 homines
2733 1444 2919 1500 volunt
2954 1446 3131 1504 facere
3167 1449 3416 1505 volunta-

1833 1531 1943 1580 tem
1973 1527 2155 1581 suam!
2212 1527 2304 1584 llle
2336 1538 2536 1586 tantum
2581 1547 2640 1588 se
2671 1532 2913 1589 humiliat
2956 1536 3045 1606 qui
3082 1539 3306 1608 aequalis
3334 1548 3420 1596 est

1833 1613 1995 1683 Patri;
2020 1625 2076 1673 et
2102 1627 2306 1675 tantum
2332 1636 2391 1677 se
2420 1622 2626 1678 extollit
2648 1623 2736 1695 qui
2767 1625 2821 1679 in
2850 1616 2958 1682 imo
2971 1625 3136 1698 jacet,
3159 1639 3214 1684 et
3241 1630 3343 1685 nisi
3364 1633 3417 1687 ei

1832 1722 2023 1764 manus
2060 1711 2382 1783 porrigatur,
2411 1730 2517 1769 non
2542 1715 2741 1787 surgit!
2769 1717 3045 1776 Faciamus
3071 1738 3198 1795 ergo
3228 1727 3419 1782 volun-

1834 1806 1997 1855 tatem
2020 1799 2210 1866 Patris,
2260 1803 2590 1861 voluntatem
2635 1806 2755 1863 Filii
2770 1808 2809 1874 ί,
2837 1811 3161 1869 voluntatem
3192 1815 3421 1887 Spiritus

1832 1889 2020 1957 sancti;
2052 1892 2173 1962 quia
2201 1890 2474 1951 Trinitatis
2522 1896 2679 1968 hujus
2707 1914 2809 1954 una
2844 1898 3110 1971 voluntas,
3141 1922 3243 1961 una
3268 1917 3420 1979 pote-

1832 1990 1962 2048 stas,
1993 1999 2096 2039 una
2141 1985 2392 2055 majestas
2413 1997 2513 2043 est.
2546 1988 2671 2046 Ideo
2696 1999 2872 2048 tamen
2902 1993 3033 2050 dicit
3078 1995 3262 2066 Filius,
3296 2000 3424 2058 Non

1833 2072 1944 2126 veni
1967 2071 2132 2143 facere
2166 2076 2469 2132 voluntatem
2516 2097 2699 2149 meam,
2746 2083 2835 2139 sed
2866 2084 3171 2143 voluntatem
3200 2092 3310 2162 ejus
3333 2094 3422 2165 qui

1833 2160 1969 2216 misit
2008 2182 2125 2230 me;
2155 2167 2276 2237 quia
2304 2168 2549 2225 Christus
2579 2189 2685 2228 non
2714 2175 2882 2232 estde
2906 2190 2985 2246 se,
3015 2176 3110 2235 sed
3154 2160 3228 2238 de
3263 2160 3422 2243 Patre

1834 2268 1932 2308 suo
1961 2264 2059 2310 est.
2107 2256 2260 2326 Quod
2293 2271 2470 2316 autem
2506 2261 2690 2319 habuit
2738 2275 2796 2321 ut
2839 2266 3000 2325 homo
3021 2284 3321 2345 appareret,
3343 2275 3412 2334 de

1834 2354 2075 2401 creatura
2100 2350 2389 2419 assumpsit
2416 2367 2574 2423 quam
2603 2353 2716 2423 ipse
2736 2354 3003 2419 fumavit.

2317 2442 2728 2505 TRAC'I‘ATUS
2755 2449 2943 2507 XXIII.
3294 2512 3307 2518 -

1834 2529 1903 2586 In
1930 2533 2072 2588 illam
2102 2531 2359 2590 lectionem
2377 2536 2663 2610 Evangelii,
2699 2540 2755 2597 Si
2783 2558 2884 2615 ego
2911 2546 3268 2608 testimonium
3296 2569 3421 2625 pcr-

1906 2621 2065 2677 hiheo
2088 2624 2153 2680 de
2179 2642 2283 2693 me,
2317 2638 2433 2695 etc.,
2460 2646 2614 2701 usque
2627 2631 2695 2685 ad
2723 2632 2796 2698 id,
2819 2635 2887 2689 Et
2921 2652 3026 2692 non
3061 2621 3421 2705 vultis'venire

1905 2712 1971 2768 ad
1991 2730 2097 2782 me,
2124 2726 2180 2771 ut
2207 2715 2368 2774 vitam
2395 2718 2652 2777 habeatis.
2681 2720 2811 2778 Tum
2828 2727 2978 2782 etiam
3007 2740 3303 2801 repetuntur
3325 2754 3422 2793 suc

1906 2806 2127 2875 periores
2163 2806 2396 2863 lectiones
2425 2811 2541 2881 jam
2575 2823 2691 2867 ante
2740 2824 2987 2885 tractata,
3035 2822 3223 2879 scilicet
3251 2826 3313 2881 ab
3339 2829 3421 2886 his

1905 2897 2084 2964 verbis,
2106 2901 2298 2965 Amen,
2327 2917 2481 2958 amen
2511 2903 2631 2960 dico
2659 2907 2828 2977 vobis,
2860 2925 2965 2966 non
3003 2924 3176 2983 potest
3200 2917 3366 2977 Filius
3386 2939 3421 2981 a

1906 3001 1964 3042 sc
1993 2986 2170 3045 facere
2198 2990 2508 3063 quidquam,
2541 3004 2634 3053 etc.
2666 2996 2793 3070 Cap.
2820 3016 2873 3065 v,
2914 3003 2948 3072 Ῡ
2973 3043 2986 3058 .
3020 3004 3203 3064 1940.

1909 3104 1961 3158 1.
1999 3103 2237 3172 Quodam
2263 3108 2383 3163 loco
2403 3108 2456 3163 in
2478 3109 2768 3182 Evangelio
2794 3114 3050 3174 Dominus
3063 3122 3157 3189 ait,
3181 3126 3420 3194 pruden-

1835 3202 1941 3253 tem
1966 3198 2261 3255 auditorem
2285 3201 2431 3258 verbi
2452 3205 2533 3260 sui
2573 3206 2802 3265 similem
2842 3226 2965 3269 esse
2997 3213 3193 3273 debere
3217 3218 3422 3282 homini

1833 3288 1922 3359 qui
1952 3292 2138 3347 volens
2165 3293 2450 3362 mdificare,
2474 3294 2610 3354 fodit
2632 3301 2790 3359 altius
2809 3345 2824 3371 ,
2847 3303 3020 3364 donec
3045 3313 3321 3379 perveniat
3348 3316 3421 3375 ad

1833 3379 2237 3439 fundamentum
2253 3387 2556 3446 stabilitatis
2580 3400 2767 3461 palma,
2796 3405 2851 3450 et
2877 3395 2948 3452 ibi
2974 3412 3194 3458 securus
3215 3410 3420 3464 constia

1833 3482 1948 3530 tuat
1979 3476 2123 3546 quod
2165 3477 2389 3535 fabricat
2428 3480 2684 3540 adversus
2732 3486 2992 3557 impetum
3059 3491 3328 3554 ﬂuminis:
3360 3508 3422 3557 ut

1834 3583 1954 3624 cum
1981 3570 2206 3639 venerit,
2256 3576 2640 3644 repcrcutiatur
2676 3580 2852 3649 potius
2895 3581 3143 3643 firmitate
3184 3589 3417 3661 aedilicii,

1833 3676 1992 3732 quam
2031 3663 2264 3734 impulsu
2315 3681 2415 3722 suo
2441 3668 2649 3726 ruinam
2676 3670 2836 3728 faciat
2876 3674 2954 3731 illi
2979 3676 3158 3735 domui
3204 3680 3414 3751 (Matth.

1832 3767 1928 3820 vn,
1982 3752 2073 3822 94,
2125 3754 2241 3827 25).
2305 3756 2559 3816 Putemus
2609 3760 2936 3833 Scripturam
2995 3768 3095 3825 Dei
3167 3780 3420 3846 tanquam

1832 3860 2018 3916 agrum
2043 3862 2185 3914 esse,
2211 3849 2301 3905 ubi
2326 3851 2573 3910 volumus
2590 3853 2786 3926 aliquid
2803 3858 3086 3919 aedificare.
3106 3861 3225 3920 Non
3250 3867 3419 3924 simus

1831 3938 1990 4009 pigri,
2022 3955 2120 3995 nec
2144 3944 2427 4011 superﬁcie
2445 3947 2712 4014 contenti;
2740 3948 3006 4009 fodiamus
3033 3956 3215 4026 altius,
3243 3959 3417 4019 donec

1831 4032 2205 4101 perveniamus
2222 4034 2290 4089 ad
2336 4046 2538 4106 petram
2573 4056 2586 4092 :
2619 4038 2776 4095 Petra
2816 4052 2986 4099 autem
3034 4057 3142 4103 erat
3186 4049 3421 4112 Christus

1834 4123 1876 4195 (I
1902 4123 2021 4180 Cor.
2050 4142 2110 4192 ι,
2131 4125 2210 4198 4).

1902 4213 1955 4268 2.
1988 4213 2252 4271 llodierna
2308 4217 2464 4273 lectio
2519 4219 2585 4275 de
2642 4222 2945 4280 testimonio
3001 4226 3211 4285 Domini
3257 4233 3416 4291 nobis

1833 4304 2007 4362 locuta
2031 4316 2134 4375 est,
2157 4310 2279 4379 quia
2301 4324 2407 4365 non
2433 4310 2626 4368 habeat
2647 4316 3003 4374 necessarium
3023 4320 3092 4375 ab
3111 4319 3415 4384 hominibus

1833 4399 2213 4464 testimonium,
2243 4400 2336 4456 sed
2371 4401 2563 4459 habeat
2591 4404 2759 4474 majus
2783 4420 2941 4477 quam
2971 4420 3094 4466 sunt
3131 4412 3413 4486 homines;

1831 4501 1990 4564 atque
2028 4493 2080 4548 id
2117 4494 2475 4550 testimonium
2517 4496 2649 4552 dixit
2674 4498 2801 4568 quid
2839 4500 2952 4555 sit:
2991 4501 3189 4574 Opera,
3222 4507 3413 4580 inquit,

1831 4602 1944 4658 qua
1981 4604 2070 4659 ego
2108 4588 2241 4659 facio
2261 4628 2276 4655 ,
2306 4589 2641 4644 testimonium
2682 4590 2937 4661 perhibent
2974 4594 3040 4649 da
3068 4612 3170 4651 me.
3214 4597 3417 4658 Deinde

1831 4677 2072 4747 adjunxit
2099 4695 2112 4731 :
2149 4677 2215 4732 Et
2240 4679 2578 4734 testimonium
2608 4681 2828 4750 perhibet
2857 4682 2920 4738 de
2940 4699 3038 4752 me,
3065 4687 3153 4757 qui
3180 4689 3314 4744 misit
3337 4706 3416 4747 nte

1832 4767 2010 4824 Pater.
2040 4769 2156 4839 ipsa
2186 4786 2396 4841 quoque
2423 4786 2586 4841 opera
2614 4788 2733 4841 quae
2758 4771 2902 4841 facit,
2932 4790 2965 4831 a
2989 4775 3149 4834 Patro
3176 4793 3235 4834 se
3262 4796 3416 4838 acce-

1831 4860 1974 4931 pisse
1999 4861 2144 4916 dicit.
2177 4861 2561 4918 Testimonium
2587 4878 2713 4933 ergo
2740 4863 3024 4934 perhibent
3050 4880 3233 4938 opera,
3266 4871 3420 4929 testi-

1832 4955 2066 5010 monium
2087 4954 2329 5025 perhibet
2347 4955 2522 5011 Pater.
2551 4954 2833 5012 Nullumne
2856 4957 3215 5018 testimonium
3235 4963 3416 5033 perhi-

1830 5046 1944 5103 buit
1971 5047 2237 5103 Joannes?
2264 5046 2537 5103 Perhihuit
2564 5048 2743 5117 plane,
2770 5048 2865 5106 sed
2895 5057 3145 5123 tanquam
3167 5054 3413 5128 lucerna,

1831 5154 1937 5195 nou
1968 5138 2035 5193 ad
2060 5137 2331 5194 satiandos
2356 5138 2578 5202 amicos,
2600 5138 2696 5195 sed
2716 5138 2785 5195 ad
2809 5141 3213 5203 eonfundendos
3237 5148 3416 5205 inimi-

1831 5246 1923 5286 cos
1965 5233 2027 5284 ἐ
2065 5231 2174 5300 jam
2215 5228 2356 5285 enim
2397 5237 2552 5285 antea
2600 5230 2913 5301 praedictum
2955 5243 3071 5292 erat
3111 5252 3143 5292 a
3186 5253 3416 5309 persona

1831 5325 2033 5387 Patris.
2080 5321 2270 5378 Paravi
2311 5322 2566 5380 lucernam
2608 5322 2808 5381 Christo
2846 5343 2955 5383 nico
2988 5367 3004 5384 .
3038 5330 3267 5387 inimicos
3301 5332 3417 5402 ejus

1829 5416 2038 5471 induam
2065 5415 2391 5484 confusione;
2409 5432 2563 5487 super
2585 5417 2751 5486 ipsum
2781 5428 2947 5475 autem
2969 5419 3204 5491 amore“:
3220 5423 3414 5478 sanci-

1830 5513 1997 5583 ﬁcatio
2011 5527 2120 5565 utea
2139 5509 2304 5582 (Psal.
2315 5526 2501 5577 cxxxt,
2517 5512 2581 5566 17
2596 5519 2640 5566 et
2659 5512 2769 5583 18).
2784 5514 2911 5570 Esto
2926 5523 3171 5585 tanquam
3184 5515 3243 5572 in
3255 5525 3421 5577 necto

1893 5626 1909 5657 ¹
1938 5633 1986 5675 ιιι
2002 5624 2227 5674 omnibus
2244 5631 2372 5680 Mm"
2396 5621 2680 5674 telamtelam
2700 5620 2896 5677 Christi.
3104 5661 3111 5667 .

1891 5689 1986 5753 Fin
2009 5693 2078 5747 8.,
2112 5699 2206 5753 non
2242 5686 2306 5736 ad
2329 5684 2572 5753 uitiandas
2593 5683 2788 5753 amicos,
2816 5685 2904 5738 sed
2941 5687 3417 5753 ammad-

1828 5748 1992 5815 micos.
2013 5754 2183 5815 Locum
2197 5750 2323 5815 hunc
2341 5749 2637 5797 restituimus
2652 5758 2713 5796 ex
2738 5751 2812 5796 Er.
2835 5755 2887 5799 et
2902 5748 3252 5815 Lov.,'quorum
3268 5748 3418 5811 lectio

1829 5812 2018 5863 videtur
2040 5812 2331 5862 concinnior.
2395 5815 2451 5857 Ι.

2311 6062 2349 6106 Ι
