3916 6366
489 345 630 412 1583

488 466 717 538 positus,
735 461 1001 520 attendisti
1022 459 1071 514 in
1091 459 1380 524 lucernam,
1397 465 1448 512 et
1465 457 1684 512 miratus
1705 472 1760 512 es
1777 457 2068 522 lucernam,

490 567 544 612 et
571 554 844 612 exsultasti
873 552 940 606 ad
962 553 1140 606 lumen
1165 551 1396 605 lucerme
1427 566 1438 601 :
1471 548 1561 603 sed
1591 547 1678 602 illa
1708 548 1919 602 lucerna
1950 548 2076 602 dicit

401 630 406 634 Ἴ
491 663 612 703 esse
659 647 862 714 solem,
911 645 963 700 in
1006 659 1111 714 quo
1157 642 1424 698 exsultare
1473 640 1697 706 debeas;
1743 649 1797 695 et
1836 641 2076 710 quamvis

491 740 679 795 ardeat
708 740 761 794 iu
796 746 971 802 nocte,
997 735 1138 791 diem
1183 744 1235 789 te
1261 734 1414 804 jubet
1442 741 1772 802 exspectare.
1804 731 1917 786 Non
1949 747 2075 802 ergo

494 830 618 900 quia
663 829 804 884 illius
839 811 1070 882 hominis
1113 824 1418 878 testimonio
1454 838 1561 877 non
1597 831 1711 877 erat
1748 837 1899 893 opus.
1942 821 2074 876 Nam

494 920 678 992 utquid
702 919 1022 986 mitteretur,
1047 915 1091 970 si
1115 931 1220 970 non
1242 923 1357 971 erat
1377 914 1540 984 Opus?
1560 912 1664 968 Sed
1688 928 1755 968 ne
1781 913 1833 968 in
1862 914 2073 968 lucerna

491 1021 766 1072 remaneat
793 1012 974 1078 homo,
1002 1017 1056 1065 et
1080 1010 1257 1064 lumen
1281 1008 1511 1064 lucerna:
1531 1006 1779 1062 sufﬁcere
1809 1007 1907 1062 sibi
1933 1006 2077 1063 arbi-

490 1117 694 1173 tretur;
722 1105 841 1162 ideo
871 1104 1128 1160 Dominus
1157 1117 1258 1158 nec
1282 1101 1551 1156 lucernam
1583 1099 1724 1154 illam
1752 1100 2073 1170 superﬂuam

487 1197 617 1252 dicit
638 1197 818 1262 fuisse,
842 1209 940 1251 nec
962 1202 1140 1248 tamen
1161 1200 1213 1247 te
1235 1190 1364 1246 dicit
1383 1191 1434 1244 in
1458 1190 1670 1245 lucerna
1687 1189 1882 1245 debere
1904 1206 2075 1245 rema—

490 1302 634 1343 nere.
661 1286 796 1342 Dicit
815 1284 956 1340 aliud
973 1282 1334 1339 testimonium
1352 1279 1623 1350 Scriptura
1654 1281 1745 1334 Dei
1765 1297 1778 1334 :
1803 1280 1871 1336 ibi
1894 1281 2074 1351 utique

489 1379 628 1433 Deus
662 1376 930 1448 perhibuit
960 1374 1316 1431 testimonium
1346 1371 1482 1427 Filio
1503 1387 1617 1436 suo,
1651 1379 1705 1426 et
1733 1371 1783 1424 in
1815 1371 1902 1424 illa
1927 1371 2072 1426 Scri-

486 1480 640 1542 ptura
680 1468 849 1524 Judaei
897 1482 1045 1538 spem
1086 1472 1392 1536 posuerant,
1438 1464 1491 1519 in
1530 1463 1672 1534 Lege
1717 1463 1916 1517 scilicet
1956 1464 2070 1530 Dei,

489 1561 787 1616 ministrata
818 1558 918 1613 sibi
942 1573 1037 1627 per
1059 1556 1277 1626 Moysen
1308 1553 1561 1608 famulum
1590 1554 1702 1609 Dei.
1738 1551 2068 1620 Scrutamini,

484 1653 656 1725 inquit
674 1693 688 1716 ,
721 1651 1042 1720 Scripturam
1061 1689 1076 1712 ,
1105 1647 1156 1700 in
1185 1662 1283 1716 qua
1311 1660 1397 1698 vos
1423 1645 1610 1715 putatis
1639 1644 1792 1698 uitam
1821 1654 2060 1700 aeternam

486 1743 700 1807 habere;
725 1742 837 1811 ipsa
864 1738 1204 1794 testimonium
1230 1736 1452 1808 perhibet
1474 1735 1536 1789 de
1565 1752 1644 1789 me
1675 1750 1693 1789 :
1719 1744 1766 1790 et
1796 1753 1896 1791 non
1921 1738 2071 1792 vultis

483 1836 651 1890 uenire
669 1833 740 1887 ad
759 1849 856 1896 me,
881 1841 933 1885 ut
955 1832 1107 1884 vitam
1127 1829 1369 1882 habeatis.
1393 1826 1531 1895 Quid
1549 1842 1641 1883 vos
1663 1829 1858 1898 putatis
1877 1827 2072 1886 habere

483 1931 536 1984 in
551 1928 824 1998 Scriptura
837 1925 999 1978 vitam
1013 1931 1264 1977 arternam
1277 1920 1302 1974 ἲ
1316 1930 1484 1990 ipsam
1502 1919 1843 1991 interrogate,
1861 1922 1945 1975 cui
1961 1938 2074 1992 per-

486 2019 638 2075 bibet
654 2015 1015 2073 testimonium
1034 2030 1047 2080 ;
1068 2012 1404 2084 etintclligite
1423 2027 1541 2082 qua:
1559 2011 1628 2066 sit
1646 2012 1746 2065 vita
1767 2022 1984 2067 :clerna.
2005 2012 2074 2068 Et

483 2111 605 2182 quia
646 2117 866 2180 propter
909 2105 1125 2177 Moysen
1160 2103 1408 2158 volebant
1448 2101 1727 2173 repudiare
1761 2103 2068 2171 Christum,

485 2212 737 2274 tanquam
768 2198 1131 2255 adversarium
1167 2195 1420 2250 institutis
1454 2195 1839 2266 prmceptisque
1867 2196 2068 2266 Moysi;

482 2308 670 2350 rursus
696 2290 909 2348 eosdem
934 2288 1047 2360 ipse
1068 2287 1335 2345 convincit
1355 2295 1602 2356 tanquam
1627 2285 1694 2341 de
1714 2286 1813 2340 alia
1835 2286 2068 2343 lucerna.

558 2386 615 2442 3.
656 2384 852 2440 Omnes
877 2381 1020 2437 enim
1058 2379 1301 2435 homines
1328 2378 1580 2446 lucerna,
1609 2377 1732 2448 quia
1766 2386 1822 2433 et
1852 2379 2070 2435 accendi

487 2483 715 2549 possunt
734 2482 789 2530 et
807 2471 1091 2543 exstingui.
1115 2470 1183 2524 Et
1204 2469 1436 2526 lucernae
1457 2467 1670 2540 quidem
1691 2485 1814 2525 cum
1837 2471 2068 2550 sapiunt,

485 2567 695 2633 lucent,
732 2574 786 2620 et
813 2563 1001 2634 Spiritu
1023 2561 1265 2617 fervent:
1293 2575 1416 2616 nam
1448 2570 1500 2616 et
1521 2560 1565 2616 si
1603 2559 1863 2617 ardebant
1886 2570 1942 2616 et
1973 2576 2071 2617 ex-

487 2659 695 2714 stincta:
725 2663 865 2720 sunt,
898 2654 1058 2710 etiam
1090 2659 1292 2722 putent.
1325 2650 1740 2706 Permanserunt
1758 2652 1899 2707 enim
1929 2653 2071 2707 servi

489 2749 581 2804 Dei
613 2749 846 2803 lucerna:
866 2744 1020 2799 bona:
1041 2757 1106 2798 ex
1128 2742 1250 2797 oleo
1272 2739 1651 2795 misericordiae
1681 2741 1840 2808 illius,
1875 2757 1979 2796 nou
2005 2757 2072 2798 ex

483 2839 691 2897 viribus
731 2837 862 2893 suis.
893 2834 1075 2892 Gratia
1117 2833 1311 2904 quippe
1341 2831 1436 2887 Dei
1472 2833 1720 2902 gratuita,
1769 2832 1855 2888 illa
1893 2833 2069 2889 oleum

483 2933 820 2990 lucernarum
863 2935 962 2984 est.
995 2924 1124 2981 Plus
1151 2926 1284 2980 enim
1306 2924 1413 2979 illis
1456 2925 1684 2979 omnibus
1722 2925 1962 2992 laboraui,
1998 2927 2073 2982 ait

487 3023 729 3097 quzedam
759 3021 1009 3083 lucerna;
1038 3026 1091 3073 et
1111 3032 1179 3072 ne
1201 3016 1401 3071 viribus
1429 3017 1540 3071 suis
1565 3016 1752 3072 ardere
1782 3016 2067 3087 videretur,

487 3116 748 3189 adiunxit,
768 3111 891 3168 Non
919 3129 1010 3184 ego
1039 3119 1226 3174 autem,
1253 3108 1340 3164 sed
1357 3109 1521 3180 gratia
1551 3107 1645 3164 Dei
1673 3125 1866 3164 mecum
1884 3108 1926 3181 (1
1946 3108 2067 3164 Cor.

487 3222 580 3274 xv,
600 3203 713 3276 10).
735 3202 920 3259 Omnis
941 3216 1068 3271 ergo
1095 3198 1369 3270 prophetia
1395 3207 1518 3254 ante
1536 3198 1744 3254 Domini
1760 3198 2066 3268 adventum,

483 3300 705 3356 lucerna
734 3303 819 3351 est
846 3311 860 3348 :
891 3293 960 3350 de
983 3308 1082 3363 qua
1112 3290 1242 3347 dicit
1269 3291 1460 3346 Petrus
1484 3290 1778 3361 apostolus,
1808 3289 2070 3347 Habemus

485 3393 751 3448 certiorem
775 3385 1120 3460 propheticum
1147 3399 1445 3450 sermonem,
1469 3383 1551 3437 cui
1574 3382 1698 3438 bene
1715 3383 1881 3454 facitis
1905 3385 2069 3440 inten-

485 3487 676 3552 dentes,
703 3478 1128 3555 quemadmodum
1157 3478 1376 3533 lacerate
1403 3479 1588 3533 lucenti
1611 3479 1665 3533 in
1695 3478 1908 3535 obscuro
1936 3481 2065 3546 loco,

483 3579 642 3634 donec
667 3577 773 3632 dies
802 3577 1036 3638 lucescat,
1068 3582 1113 3626 et
1135 3571 1316 3642 lucifer
1344 3571 1538 3626 oriatur
1561 3572 1612 3627 in
1636 3573 1872 3629 cordibus
1894 3576 2070 3630 vestris

483 3669 553 3740 (ll
585 3666 726 3722 Petr.
765 3681 805 3734 ι,
837 3664 948 3735 19).
973 3663 1227 3719 Lucerna:
1261 3662 1434 3732 itaque
1466 3663 1768 3734 Prophetas,
1808 3673 1863 3721 et
1895 3667 2069 3723 omnis

482 3759 762 3830 prophetia
807 3773 909 3811 una
953 3771 1140 3826 magna
1187 3754 1423 3809 lucerna.
1464 3754 1600 3821 Quid
1639 3757 1919 3825 Apostoli?
1962 3773 2065 3814 non

483 3851 717 3907 lucerme
762 3849 923 3904 etiam
967 3846 1107 3916 ipsi?
1131 3846 1294 3901 Plane
1322 3845 1574 3902 lucernm.
1607 3846 1764 3904 Solus
1792 3850 1933 3904 enim
1975 3850 2068 3908 ille

483 3957 592 3998 nou
630 3941 864 3997 lucerna.
903 3937 1015 3993 Non
1056 3937 1198 3992 enim
1234 3936 1540 3993 accenditur
1576 3947 1630 3993 el.
1667 3941 2020 4011 exstinguitur
2051 3961 2064 3997 :

481 4032 607 4103 quia
647 4031 776 4086 sicut
814 4028 970 4083 Pater
1011 4026 1157 4081 habet
1204 4028 1356 4082 vitam
1397 4027 1451 4080 in
1490 4029 1775 4100 semetipso,
1821 4031 1894 4084 sic
1932 4032 2067 4086 dedit

482 4123 622 4180 Filio
651 4125 830 4180 habere
853 4123 1004 4177 vitam
1025 4121 1075 4175 in
1100 4121 1382 4193 semetipso.
1406 4120 1663 4177 Lucerna:
1691 4138 1818 4194 ergo
1844 4133 1897 4179 et
1924 4126 2067 4195 Apo-

477 4217 635 4284 stoli;
675 4227 730 4273 et
763 4216 958 4288 gratias
992 4221 1172 4286 agunt,
1215 4213 1338 4284 quia
1373 4221 1430 4269 et
1462 4214 1671 4270 accensi
1710 4224 1831 4271 sunt
1865 4216 2065 4274 lumine

481 4308 756 4375 Veritatis,
777 4317 832 4362 et
857 4307 1063 4363 fervent
1084 4304 1286 4375 Spiritu
1308 4303 1603 4371 cltaritatis,
1632 4314 1686 4361 et
1706 4306 1939 4376 suppetit
1962 4307 2064 4363 illis

477 4402 655 4458 oleum
680 4401 862 4472 gratia:
881 4399 996 4456 Dei.
1028 4397 1083 4454 Si
1113 4414 1218 4452 non
1246 4405 1427 4452 essent
1445 4397 1697 4462 lucernae,
1721 4413 1826 4454 non
1853 4398 2062 4455 diceret

473 4493 588 4551 illis
625 4492 898 4559 Dominus,
941 4489 1042 4546 Vos
1087 4491 1202 4545 estis
1242 4490 1409 4544 lumen
1445 4491 1642 4546 mundi.
1683 4489 1813 4545 Nam
1853 4499 2065 4562 postea-

475 4599 637 4656 quam
671 4581 824 4649 dixit,
863 4581 961 4636 Vos
998 4582 1117 4637 estis
1153 4581 1323 4635 lumen
1362 4581 1554 4647 mundi,
1595 4581 1828 4637 ostendit
1854 4597 1922 4639 ue
1959 4584 2064 4640 tale

478 4677 659 4731 lumen
704 4689 766 4730 se
810 4681 1093 4744 putarent,
1140 4673 1295 4744 quale
1336 4672 1532 4729 dictum
1578 4683 1687 4741 est,
1728 4673 1858 4730 Erat
1895 4675 2061 4733 lumen

473 4784 670 4834 verum,
700 4766 836 4840 quod
873 4765 1129 4821 illuminat
1170 4782 1368 4821 omnem
1412 4767 1664 4822 hominem
1700 4769 1971 4824 venientem
2005 4771 2061 4826 in

476 4861 611 4914 hunc
654 4857 918 4914 mundum.
957 4857 1106 4915 Tunc
1143 4864 1320 4913 autem
1352 4857 1455 4914 hoc
1491 4857 1559 4914 de
1599 4859 1823 4916 Domino
1860 4860 2059 4918 dictum

474 4961 579 5016 est,
609 4966 728 5009 cum
759 4967 789 5006 a
818 4951 1023 5008 Joanne
1059 4949 1490 5022 distingueretur.
1519 4951 1596 5007 De
1632 4951 1834 5010 Joanne
1863 4953 2058 5026 quippe

477 5042 715 5115 Baptista
735 5043 934 5098 dictum
955 5050 1092 5109 erat,
1118 5041 1241 5097 Non
1266 5053 1373 5097 erat
1399 5042 1486 5098 ille
1510 5042 1701 5111 lumen,
1727 5044 1816 5100 sed
1843 5055 1898 5100 ut
1922 5047 2057 5102 testi-

473 5133 701 5190 monium
747 5134 1019 5204 perhiberet
1065 5134 1128 5189 de
1170 5134 1356 5190 lumine
1392 5133 1566 5205 (Jaan.
1607 5149 1644 5202 t,
1675 5135 1727 5202 9,
1771 5135 1846 5208 8).
1884 5137 1952 5193 Et
1989 5153 2057 5196 ne

471 5226 1014 5296 diceres,.Quomodo
1049 5227 1229 5284 lumen
1259 5242 1366 5282 non
1403 5235 1538 5295 erat,
1577 5227 1646 5284 de
1685 5243 1791 5299 quo
1813 5229 2055 5288 Christus

473 5320 625 5390 dicit,
657 5319 778 5392 quia
817 5321 1022 5375 lucerna
1058 5320 1200 5376 erat?
1227 5319 1282 5374 lu
1308 5321 1702 5392 comparatione
1725 5320 1948 5376 alterius
1975 5321 2057 5377 lu-

472 5416 637 5473 minis
660 5433 765 5473 non
807 5424 923 5472 erat
955 5416 1154 5472 lumen.
1183 5413 1309 5470 Erat
1333 5415 1474 5471 enim
1495 5431 1665 5472 verum
1704 5413 1891 5484 lumen,
1917 5417 2055 5488 quod

471 5508 728 5565 illuminat
745 5526 942 5565 omnem
969 5509 1219 5565 hominem
1242 5508 1516 5564 venientem
1538 5509 1593 5563 in
1622 5508 1754 5563 hunc
1783 5509 2050 5567 mundum.

471 5597 618 5671 Ergo
639 5616 760 5657 cum
777 5611 830 5657 et
847 5601 1122 5672 discipulis
1141 5599 1362 5668 diceret,
1398 5597 1499 5652 Vos
1520 5599 1638 5654 estis
1655 5599 1824 5655 lumen
1843 5600 2047 5671 mundi,

471 5703 546 5745 ne
564 5691 662 5746 sibi
682 5692 879 5766 aliquid
901 5693 1151 5750 tributum
1170 5699 1439 5764 putarent,
1461 5689 1602 5763 quod
1617 5691 1686 5748 de
1705 5693 1819 5748 solo
1837 5693 2052 5752 Christo

466 5776 870 5854 intelligendum
909 5795 1081 5855 esset,
1112 5793 1167 5844 et
1210 5784 1280 5843 ita
1317 5783 1550 5842 lucernae
1591 5791 1750 5841 vento
1787 5787 2050 5857 superbia:

1031 5933 1106 5944 _,...
1147 5924 1376 5938 ...~‘~.-~'.

1563 6053 1590 6086 \

1412 341 1477 398 IN
1499 337 1774 399 JOANNIS
1816 332 2280 408 EVANGELIUM,
2319 339 2378 400 S.
2417 333 2781 400 AUGUSTINI

3609 349 3721 414 1584

2184 456 2649 528 exstinguerentur
2669 474 2684 523 ;
2707 472 2827 513 cum
2847 455 3094 527 dixisset,
3125 457 3227 515 Vos
3249 460 3365 518 estis
3384 459 3541 520 lumen
3557 472 3717 540 utendi,

2182 549 2436 604 continuo
2473 549 2770 620 subiunxit,
2801 548 3100 622 Noupotcst
3131 553 3307 608 ciuitas
3343 554 3568 614 abscondi
3594 577 3720 635 supra

2184 650 2401 695 montem
2426 642 2713 707 constituta,
2746 659 2904 712 neque
2923 643 3201 699 accendunt
3228 647 3479 702 lucernam
3497 659 3542 705 et
3566 665 3721 722 ponunt

2183 749 2292 785 eam
2318 732 2409 786 sub
2431 733 2619 799 modio,
2651 735 2738 789 sed
2762 749 2914 804 super
2930 735 3309 804 candelabrum,
3337 749 3391 792 ut
3415 739 3568 796 luceat
3587 747 3722 801 omni-

2183 824 2274 878 bus
2302 827 2388 894 qui
2411 826 2462 880 in
2494 827 2641 882 domo
2667 836 2801 883 sunt.
2825 827 2931 884 Sed
2956 829 3102 901 quid,
3127 831 3169 885 si
3196 832 3476 902 Apostolos
3505 853 3597 892 non
3619 839 3725 897 dixit

2183 915 2451 971 lucernam
2474 959 2489 984 ,
2535 917 2628 973 sed
2677 934 2990 975 accensores
3034 919 3265 978 lucerna:
3311 939 3465 994 quam
3508 941 3726 998 ponerent

2183 1022 2344 1078 super
2372 1008 2794 1065 candelabrum?
2822 1010 2957 1067 Audi
2985 1011 3106 1082 quia
3137 1013 3284 1084 ipsos
3314 1014 3447 1071 dixit
3473 1017 3722 1077 lucernam.

2185 1099 2275 1156 Sic
2297 1100 2459 1156 luceat
2478 1143 2492 1169 ,
2525 1101 2726 1173 inquit,
2755 1103 2922 1158 lumen
2944 1114 3158 1160 vestrum
3177 1122 3352 1162 coram
3378 1108 3666 1178 hominibus,
3685 1123 3728 1168 ut

2183 1193 2403 1248 videntes
2449 1193 2577 1248 bona
2616 1210 2771 1266 opera
2812 1206 2972 1252 uestra
3013 1198 3323 1269 gloriﬁcent,
3376 1217 3478 1258 non
3499 1219 3614 1271 vos,
3653 1207 3727 1263 sed

2184 1281 2394 1340 Patrem
2422 1295 2637 1340 vestrum
2661 1287 2748 1357 qui
2774 1287 2827 1342 in
2852 1288 2991 1344 caelis
3015 1299 3087 1344 est
3117 1289 3334 1360 (Matth.
3360 1309 3417 1361 ν,
3446 1295 3642 1369 14-16).

2252 1377 2304 1430 4.
2338 1377 2478 1448 Ergo
2507 1386 2561 1433 et
2589 1378 2798 1451 Moyses
2836 1380 3107 1451 perhibuit
3137 1385 3494 1443 testimonium
3529 1389 3725 1460 Christo,

2181 1475 2233 1522 et
2271 1466 2501 1524 Joannes
2546 1469 2812 1541 perhibuit
2854 1472 3212 1530 testimonium
3245 1477 3480 1546 Christo,
3498 1487 3549 1536 et
3581 1486 3728 1541 caeteri

2181 1558 2460 1629 Pmphetre
2484 1570 2540 1616 et
2560 1563 2795 1632 Apostoli
2818 1563 3203 1634 perhibuerunt
3225 1569 3577 1628 testimonium
3599 1574 3728 1632 Chri-

2179 1660 2287 1708 sto.
2298 1652 2390 1708 l-lis
2404 1654 2648 1710 omnibus
2661 1655 2978 1713 testimoniis
2993 1660 3254 1730 praeponit
3277 1662 3620 1722 testimonium
3635 1682 3730 1739 ope-

2179 1761 2295 1799 rum
2323 1761 2559 1801 suorum.
2585 1746 2718 1815 Quia
2747 1757 2801 1803 et
2830 1764 2925 1818 per
2949 1749 3068 1806 illos
3091 1752 3303 1808 nonnisi
3331 1755 3475 1810 Deus
3500 1757 3727 1826 perhibuit

2181 1835 2539 1891 testimonium
2580 1836 2714 1893 Filio
2741 1852 2857 1894 suo.
2889 1840 2994 1896 Sed
3032 1841 3277 1912 perhibet
3309 1844 3415 1900 alio
3443 1847 3592 1904 modo
3617 1847 3727 1905 Deus

2179 1926 2541 1982 testimonium
2559 1927 2694 1983 Filio
2715 1944 2844 1987 suo:
2867 1946 2961 2002 per
2981 1933 3153 2003 ipsum
3177 1933 3371 1990 Filium
3394 1953 3544 1993 suum
3563 1939 3726 1996 indicat

2178 2014 2320 2070 Deus
2352 2015 2571 2084 Filium,
2604 2019 2802 2076 indicat
2839 2037 2898 2078 se
2938 2038 3032 2093 per
3058 2023 3273 2080 Filium.
3304 2026 3387 2081 Ad
3421 2027 3554 2084 hunc
3583 2029 3621 2085 si
3647 2045 3723 2100 po-

2179 2109 2340 2164 tuerit
2363 2110 2522 2167 bomo
2547 2113 2840 2182 pervenire,
2874 2130 2973 2172 nec
3001 2116 3234 2173 lucernis
3257 2119 3530 2191 indigebit,
3560 2130 3610 2177 et
3628 2138 3726 2178 vere

2179 2199 2430 2259 fodiendo
2457 2205 2636 2273 altius,
2677 2206 2958 2263 {editicium
2991 2210 3249 2278 perducet
3275 2213 3344 2268 ad
3375 2221 3589 2283 petram.

2251 2293 2303 2347 5.
2335 2293 2528 2350 Facilis
2568 2305 2651 2352 est
2683 2313 2830 2369 ergo,
2879 2302 3090 2364 fratres,
3136 2302 3397 2359 hodierna
3437 2305 3620 2361 lectio:
3652 2305 3724 2361 sed

2178 2395 2397 2457 pr0pter
2434 2387 2740 2445 hesternum
2781 2391 3014 2448 debitum
3061 2393 3193 2466 (scio
3245 2397 3389 2451 enim
3430 2397 3548 2467 quid
3585 2396 3723 2453 distu-

2179 2476 2352 2544 lerim,
2377 2493 2479 2532 non
2501 2479 2833 2550 abstulerim,
2856 2493 2908 2538 et
2929 2484 3182 2540 Dominus
3202 2485 3449 2558 dignatus
3468 2499 3546 2543 est
3561 2487 3724 2544 donare

2179 2568 2337 2624 etiam
2362 2569 2521 2627 hodie
2549 2573 2692 2644 loqui
2714 2574 2778 2629 ad
2802 2575 2939 2647 vos),
2964 2577 3319 2634 recordamini
3338 2581 3462 2652 quid
3488 2596 3724 2654 reposcam

2177 2657 2435 2727 debeatis,
2470 2663 2511 2718 si
2541 2662 2676 2720 forte
2704 2665 2880 2738 aliquo
2911 2669 3070 2725 modo
3097 2681 3309 2728 servata
3334 2673 3524 2744 pietate
3549 2675 3723 2730 etsalu-

2177 2749 2257 2805 bri
2291 2750 2607 2820 humilitate,
2641 2757 2994 2814 extendamus
3021 2776 3116 2816 uos
3143 2776 3249 2818 non
3290 2764 3541 2821 adversus
3562 2765 3720 2832 Deum,

2178 2842 2270 2896 sed
2301 2842 2367 2898 ad
2394 2844 2594 2912 Deum;
2621 2855 2674 2902 et
2708 2848 2946 2904 levemus
2974 2850 3040 2906 ad
3079 2867 3201 2908 eum
3239 2855 3469 2911 animam
3504 2864 3720 2921 nostram,

2177 2932 2515 2991 etfundentes
2544 2951 2661 2992 eam
2701 2953 2861 3010 super
2885 2957 3003 3009 nos,
3044 2944 3183 2999 sicut
3222 2946 3311 3003 ille
3338 2948 3389 3002 in
3419 2948 3633 3014 Pssimo,
3655 2945 3721 3001 cui

2175 3023 2471 3095 dicebatur,
2502 3027 2601 3084 Ubi
2635 3041 2707 3086 est
2734 3031 2870 3088 Deus
2899 3036 3056 3091 tuus?
3087 3035 3233 3103 Hice,
3264 3041 3467 3112 inquit,
3498 3040 3722 3095 meditatus

2174 3133 2308 3186 sum,
2329 3128 2374 3173 et
2385 3119 2542 3187 effudi
2556 3139 2708 3193 super
2725 3141 2803 3179 me
2817 3129 3037 3182 animant
3054 3146 3217 3185 meum
3240 3131 3411 3204 (Psul.
3436 3148 3536 3201 xu,
3559 3133 3589 3188 4
3604 3141 3641 3187 el
3659 3128 3718 3201 5).

2175 3207 2436 3267 Levemus
2462 3228 2590 3284 ergo
2619 3215 2846 3271 animam
2877 3218 2943 3273 ad
2984 3220 3148 3276 Deum
3166 3265 3181 3289 ,
3215 3238 3322 3279 non
3350 3233 3527 3280 contra
3553 3224 3716 3288 Deum;

2175 3305 2297 3371 quia
2321 3312 2378 3358 et
2414 3302 2517 3360 hoc
2542 3305 2739 3361 dictum
2767 3317 2865 3373 est,
2897 3310 2977 3364 Ad
3001 3321 3066 3376 te,
3090 3311 3329 3382 Domine,
3363 3314 3516 3371 levavi
3534 3315 3719 3368 animum

2175 3409 2337 3448 meam
2361 3392 2531 3465 (Psal.
2550 3413 2698 3467 xxiv,
2720 3398 2795 3471 1).
2817 3400 2884 3456 Et
2904 3401 3140 3460 levemus
3160 3405 3446 3477 adjuvante
3463 3407 3596 3478 ipso;
3621 3419 3717 3460 nam

2174 3485 2349 3555 gravis
2377 3493 2480 3542 est.
2510 3487 2661 3544 Unde
2690 3499 2866 3546 autem
2893 3493 3071 3563 gravis
3095 3496 3215 3551 est?
3241 3497 3375 3566 Quia
3403 3513 3583 3568 corpus
3607 3492 3718 3566 quod

2173 3579 2552 3648 corrumpitur,
2598 3591 2850 3652 aggravat
2885 3585 3138 3662 animam,
3169 3598 3224 3644 et
3258 3589 3505 3662 deprimit
3542 3597 3716 3644 terrena

2175 3669 2488 3727 inhabitatio
2533 3687 2747 3730 sensum
2787 3660 2950 3732 mul't‘a
2983 3679 3302 3750 cogitantem
3333 3660 3495 3754 βαρ.
3533 3697 3598 3745 rx,
3628 3677 3713 3745 15).

2172 3762 2250 3819 Ne
2293 3763 2428 3820 forte
2469 3781 2596 3837 ergo
2641 3769 2905 3838 possimus
2953 3785 3168 3828 sensum
3211 3784 3454 3832 nostrum
3501 3791 3528 3829 a
3567 3771 3714 3828 multis

2173 3857 2423 3929 colligere
2463 3858 2531 3915 ad
2568 3875 2752 3929 unum,
2794 3870 2848 3918 et
2880 3864 3119 3921 evulsum
3144 3883 3174 3922 a
3204 3869 3388 3924 multis
3418 3869 3637 3925 relevare
3661 3861 3713 3916 ad

2175 3962 2338 4003 unum
2369 3948 2531 4020 (quod
2561 3951 2775 4022 quidem
2805 3968 2910 4009 non
2947 3956 3260 4026 poterimus,
3293 3969 3356 4015 ut
3378 3959 3502 4025 dixi,
3528 3955 3615 4011 nisi
3639 3950 3714 4007 ad«

2166 4039 2314 4110 juvet
2360 4041 2447 4097 ille
2487 4042 2578 4112 qui
2615 4043 2682 4098 ad
2730 4060 2789 4100 se
2815 4045 2929 4100 vult
2966 4045 3128 4103 levari
3165 4049 3374 4106 animas
3411 4046 3640 4116 nostras),
3669 4047 3711 4097 et

2171 4131 2539 4204 contingamus
2572 4149 2638 4189 ex
2677 4133 2854 4206 aliqua
2892 4148 3062 4208 parte,
3091 4141 3361 4210 quomodo
3391 4139 3598 4197 Verbum
3634 4132 3708 4189 Dei

2170 4221 2358 4279 unicus
2385 4223 2548 4292 Patri,
2579 4233 2876 4283 coaeternus
2915 4236 2969 4283 et
3010 4230 3229 4302 :equalis
3261 4231 3427 4301 Patri,
3457 4245 3554 4287 non
3582 4225 3708 4282 faciat

2169 4315 2271 4369 nisi
2297 4315 2438 4386 quod
2463 4315 2654 4374 viderit
2677 4317 2889 4375 Patrem
2914 4319 3215 4392 facientem,
3247 4339 3369 4382 cum
3397 4334 3561 4380 tamen
3581 4320 3708 4375 Pater
3801 4315 3808 4322 ’

2170 4406 2284 4476 ipse
2329 4421 2434 4461 non
2489 4406 2645 4463 faciat
2693 4409 2892 4481 aliquid
2938 4411 3038 4468 nisi
3087 4430 3180 4485 per
3223 4415 3412 4472 Filium
3455 4413 3703 4471 videntem.

2169 4495 2390 4552 Videtur
2432 4497 2563 4554 mihi
2607 4501 2853 4571 quoniam
2902 4503 3154 4562 Dominus
3190 4505 3348 4566 Jesus
3387 4510 3438 4565 in
3482 4507 3574 4563 hoc.
3610 4503 3704 4558 1000

2166 4602 2415 4659 magnum
2441 4590 2692 4660 quiddam
2723 4592 2992 4651 insinuare
3011 4597 3194 4654 volens
3215 4599 3452 4670 intentis,
3477 4607 3529 4656 et
3555 4595 3700 4652 inlun-

2164 4681 2292 4738 dere
2315 4683 2614 4755 capacibus,
2637 4683 2916 4757 incapaces
2939 4695 3116 4744 autem
3143 4691 3378 4750 excitare
3402 4690 3464 4747 ad
3482 4687 3698 4746 studium.

2163 4781 2225 4830 ut
2253 4775 2488 4831 nondum
2531 4775 2886 4849 iutelligentes
2914 4778 3051 4837 bene
3076 4781 3302 4840 vivendo
3341 4794 3548 4856 capaces
3575 4777 3694 4836 ﬁant.

2163 4866 2451 4924 insinuavit
2477 4869 2631 4926 nobis
2664 4870 2894 4927 animam
2922 4872 3205 4931 humanam
3240 4884 3294 4932 et
3322 4883 3540 4933 mentem
3565 4865 3710 4940 ratio-y

2162 4959 2361 5029 nalem,
2388 4975 2507 5032 qua:
2531 4961 2669 5017 inest
2688 4961 2910 5030 homini,
2944 4979 3048 5019 non
3075 4965 3213 5022 inest
3239 4967 3434 5039 pecori,
3457 4977 3553 5020 non
3575 4970 3695 5028 vegev

2161 5049 2294 5118 tari,
2332 5065 2436 5107 non
2481 5051 2806 5120 beatiﬁcari,
2851 5069 2957 5109 non
3001 5055 3316 5126 illuminari,
3369 5055 3463 5114 nisi
3506 5052 3566 5108 ab
3602 5049 3692 5119 ipsa

2160 5140 2453 5196 substantia
2496 5141 2587 5198 Dei
2631 5160 2645 5198 :
2685 5158 2911 5216 eamque
2948 5147 3179 5203 animam
3210 5148 3383 5206 facere
3416 5139 3595 5216 aliquid
3615 5147 3691 5210 per

2159 5245 2355 5302 corpus
2379 5239 2435 5288 et
2456 5231 2524 5289 de
2541 5246 2789 5306 corpore,
2805 5243 2964 5306 atque
2984 5237 3180 5295 habere
3204 5239 3488 5310 subjectum
3507 5239 3687 5301 corpus.

2157 5331 2214 5380 et
2251 5336 2350 5394 per
2381 5323 2674 5396 corporalia
2707 5326 2928 5384 mulceri
2967 5343 3124 5399 posse
3162 5344 3350 5388 sensus
3376 5323 3593 5400 corporis
3616 5313 3687 5372 νει

2156 5414 2373 5486 oﬂ‘endi,
2419 5427 2476 5474 et
2518 5427 2737 5490 propter
2777 5419 2898 5488 hoc,
2945 5419 2998 5477 id
3037 5430 3120 5479 est
3157 5433 3372 5495 propter
3404 5411 3700 5490 consortium.

2156 5508 2424 5579 quoddam
2463 5511 2653 5566 anima:
2682 5519 2738 5567 et
2772 5513 3010 5584 corporis
3045 5513 3099 5568 in
3130 5512 3230 5570 hac
3260 5515 3365 5570 vita
3393 5513 3683 5602 atquepmu-

2155 5601 2336 5673 plexu,
2355 5602 2602 5660 delectari
2622 5603 2851 5661 animam
2873 5604 3077 5674 lenitis,
3095 5606 3178 5663 vel
3199 5601 3488 5663 contristari
3501 5596 3681 5654 oti‘ensis

2155 5694 2396 5766 corporis
2429 5695 2708 5764 sensibus;
2750 5697 3128 5756 beatitudinem
3170 5708 3345 5756 tamen
3379 5696 3483 5768 ejus

2156 5785 2312 5846 beata
2357 5787 2470 5860 ipsa
2511 5787 2708 5860 anima,
2741 5805 2848 5849 non
2872 5790 2994 5867 ﬁeri
3017 5791 3116 5850 nisi
3154 5787 3535 5865 participatione
3563 5773 3691 5836 illim.
