3916 6384
212 439 342 502 I885

213 558 326 614 vitae
352 568 557 626 semper
583 551 712 609 vitae
733 594 748 620 ,
785 549 1234 608 incommutabilis
1253 589 1267 614 ,
1298 556 1619 619 aeternaque
1647 547 1774 604 sub-

213 650 426 714 stantias,
455 663 576 720 quae
600 647 740 703 Deus
766 655 849 701 est
872 662 886 700 :
910 653 969 700 ut
994 641 1263 714 quomodo
1289 641 1466 697 anima
1492 655 1612 713 quae
1637 639 1777 696 infe-

211 743 312 800 rior
337 741 444 798 Deo
467 747 571 808 est,
593 738 644 794 id
660 737 802 810 quod
828 737 942 809 ipsa
968 735 1186 792 inferius
1205 743 1305 800 est,
1327 733 1429 788 hoc
1454 743 1536 788 est
1559 746 1772 804 corpus,

210 832 325 888 iacit
347 831 555 896 vivere;
599 829 678 885 sic
713 827 956 885 eamdem
996 826 1227 881 animam
1269 840 1376 880 non
1423 823 1581 880 faciat
1622 823 1776 879 beate

210 924 396 992 vivere,
435 922 536 979 nisi
574 921 714 994 quod
755 920 869 992 ipsa
903 920 1079 976 anima
1117 926 1200 974 est
1232 918 1494 988 superius.
1523 916 1778 988 Superior

207 1016 336 1072 enim
372 1014 548 1070 anima
589 1029 750 1086 quam
786 1027 1001 1084 corpus,
1043 1019 1096 1068 et
1132 1009 1374 1083 superior
1400 1024 1559 1082 quam
1600 1009 1777 1064 anima

207 1109 354 1165 Deus.
381 1107 609 1164 Praestat
634 1105 834 1178 aliquid
863 1105 1123 1173 inferiori,
1151 1113 1432 1176 praestatur
1459 1103 1588 1158 illia
1615 1117 1776 1175 snpe-

206 1202 353 1256 riore.
398 1198 615 1255 Serviat
650 1198 876 1254 Domino
903 1213 1023 1264 suo,
1068 1212 1136 1252 ne
1175 1195 1518 1252 conculcetur
1557 1209 1588 1249 a
1621 1209 1778 1250 servo

205 1309 311 1348 suo.
335 1292 458 1349 Haec
476 1301 583 1358 est,
608 1292 800 1347 fratres
818 1290 946 1358 mei,
965 1289 1151 1360 religio
1169 1287 1475 1352 christiana,
1499 1301 1618 1356 quae
1642 1301 1781 1356 pra:-

203 1385 395 1441 dicatur
418 1399 516 1455 per
543 1392 711 1440 totum
747 1381 1026 1448 mundum,
1061 1379 1403 1436 horrentibus
1435 1377 1693 1443 inimicis;
1725 1385 1780 1433 et

202 1477 282 1534 ubi
297 1477 603 1543 vincuntur,
620 1474 1074 1532 murmurantibus
1093 1490 1110 1539 ;
1130 1471 1221 1528 ubi
1236 1470 1544 1543 praevalent,
1564 1469 1780 1525 saevien-

203 1572 348 1628 tibus.
395 1569 524 1627 llazc
564 1578 648 1624 est
689 1568 874 1640 religio
922 1566 1244 1633 christiana,
1290 1573 1352 1619 ut
1391 1564 1596 1619 colatur
1641 1577 1780 1617 unus

202 1663 348 1729 Deus,
376 1677 483 1717 non
527 1660 681 1716 multi
710 1659 814 1726 dii;
853 1659 976 1730 quia
1009 1671 1117 1714 non
1157 1655 1283 1712 facit
1309 1655 1542 1710 animam
1570 1653 1779 1710 beatam

200 1755 294 1812 nisi
316 1769 450 1810 unus
475 1753 644 1809 Deus.
676 1750 1091 1821 Participatione
1115 1748 1207 1803 Dei
1233 1746 1293 1802 ﬁt
1317 1746 1492 1802 beata.
1517 1744 1630 1800 Non
1660 1760 1782 1814 par-

200 1845 500 1916 ticipatione
526 1852 727 1900 sanctte
751 1841 944 1897 animae
967 1841 1024 1895 ﬁt
1045 1841 1201 1895 beata
1227 1836 1435 1893 inﬁrma
1459 1836 1656 1901 anima,
1680 1851 1782 1892 nec

203 1936 599 2009 participatione
639 1934 815 2006 angeli
857 1933 916 1988 fit
948 1932 1102 1988 beata
1139 1938 1324 1986 sancta
1359 1929 1574 1985 anima:
1604 1927 1700 1984 sed
1734 1927 1782 1983 si

203 2029 379 2100 quierit
403 2028 565 2084 beata
603 2041 722 2084 esse
751 2027 958 2082 inﬁrma
985 2025 1191 2092 anima,
1220 2032 1422 2095 quaerat
1457 2022 1600 2078 unde
1626 2022 1780 2078 beata

206 2123 266 2178 sit
286 2129 466 2178 sancta
499 2121 699 2178 anima.
730 2119 846 2176 Non
873 2119 1018 2176 enim
1040 2118 1226 2175 beatus
1252 2115 1482 2174 efﬁceris
1503 2132 1571 2172 ex
1594 2116 1782 2187 angelo

207 2223 290 2282 tu;
318 2213 411 2271 sed
436 2212 588 2270 unde
610 2213 854 2284 angelus,
882 2209 1006 2266 inde
1033 2219 1089 2266 et
1116 2219 1190 2266 tu.

267 2306 315 2361 6.
346 2305 437 2362 llis
465 2303 762 2376 prmmissis
789 2312 947 2373 atque
988 2300 1289 2357 ﬁrmissime
1320 2297 1639 2364 constitutis,
1670 2299 1784 2354 ani-

206 2412 334 2453 mam
369 2393 691 2452 rationalem
731 2408 837 2449 non
864 2393 1154 2450 beatiﬁcari
1193 2390 1296 2448 nisi
1331 2406 1365 2446 a
1409 2390 1547 2456 Deo,
1589 2403 1784 2460 corpus

207 2503 302 2546 non
325 2487 566 2560 vegetari
605 2485 708 2542 nisi
753 2499 848 2555 per
870 2483 1126 2550 animam,
1165 2489 1328 2553 atque
1350 2495 1470 2538 esse
1497 2477 1784 2551 quamdam

208 2580 539 2637 medietatem
565 2563 706 2634 inter
726 2577 896 2632 Deum
918 2583 974 2631 et
995 2588 1211 2645 corpus,
1234 2573 1499 2638 animam;
1527 2570 1784 2626 intendite

209 2681 256 2729 et
271 2672 490 2730 recolite
511 2684 742 2734 mecum,
768 2683 875 2724 non
897 2666 1232 2732 hodiernam,
1254 2665 1321 2722 de
1335 2680 1439 2737 qua
1459 2663 1784 2720 sufﬁcienter

209 2761 354 2818 locuti
383 2776 576 2818 sumus
595 2804 612 2826 ,
647 2760 741 2816 sed
780 2760 1082 2816 hesternam
1125 2757 1406 2814 lectionem
1427 2797 1442 2824 ,
1471 2772 1629 2827 quam
1659 2769 1785 2811 ecce

207 2851 303 2923 jam
331 2851 512 2908 triduo
540 2866 816 2907 versamus
841 2860 1001 2921 atque
1026 2858 1314 2905 tractamus
1335 2888 1349 2913 ,
1382 2856 1436 2903 et
1464 2863 1560 2918 pro
1585 2847 1786 2903 viribus

208 2943 467 3007 fodimus,
519 2942 693 2998 donec
742 2940 808 2997 ad
861 2949 1068 3012 petram
1120 2938 1508 3011 perveniamus.
1551 2937 1784 2994 Verbum

203 3032 467 3097 Christus,
499 3031 729 3088 Verbum
759 3031 854 3087 Dei
890 3030 1135 3086 Christus
1159 3028 1299 3099 apud
1329 3028 1517 3094 Deum,
1551 3027 1785 3084 Verbum

205 3122 446 3181 Christus
460 3132 513 3179 et
536 3123 676 3179 Deus
706 3121 955 3188 Verbum,
979 3121 1225 3177 Christus
1244 3129 1298 3175 et
1323 3120 1463 3174 Deus
1484 3127 1538 3174 et
1553 3118 1784 3175 Verbum

208 3235 332 3275 unus
357 3221 523 3276 Deus.
565 3215 698 3274 llluc
728 3231 891 3287 perge
909 3258 924 3283 ,
953 3215 1131 3270 anima
1151 3255 1164 3280 ε
1197 3214 1516 3284 contemptis
1544 3214 1782 3280 eaeteris,

213 3312 292 3370 vel
332 3314 490 3368 etiam
534 3311 893 3375 transcensis;
940 3309 1065 3364 illuc.
1103 3322 1283 3379 perge.
1317 3306 1460 3362 Nihil
1507 3306 1784 3379 potentius

217 3405 308 3461 ista
334 3413 605 3478 creatura,
627 3417 747 3474 quae
776 3415 928 3458 mens
956 3400 1152 3456 dicitur
1189 3398 1463 3455 rationalis
1481 3439 1496 3463 ,
1529 3397 1662 3452 nihil
1690 3397 1788 3453 hac

213 3507 452 3556 creatura
485 3497 764 3554 sublimius
801 3514 816 3550 :
855 3494 1110 3568 quidquid
1143 3509 1301 3565 supra
1342 3495 1496 3550 istam
1535 3503 1650 3560 est,
1675 3493 1786 3563 jam

215 3589 428 3648 (ἔναιον
467 3598 569 3646 est.
599 3588 852 3646 Dicebam
893 3595 1070 3642 autem
1111 3586 1236 3656 quia
1264 3584 1496 3641 Verbum
1524 3584 1786 3653 Christus,

215 3691 263 3739 et
281 3679 512 3738 Verbum
542 3679 638 3736 Dei
665 3679 940 3744 Christus,
979 3687 1034 3732 et
1076 3677 1218 3732 Deus
1247 3675 1478 3732 Verbum
1509 3676 1786 3742 Christus;

217 3771 302 3829 sed
342 3786 450 3829 non
477 3779 684 3826 tantum
706 3769 939 3824 Verbum
962 3766 1206 3822 Christus
1225 3809 1242 3835 ,
1270 3767 1394 3838 quia
1429 3765 1644 3822 Verbum
1672 3785 1790 3824 caro

221 3863 401 3934 factum
422 3870 513 3930 est,
541 3869 588 3915 et
625 3859 864 3914 habitavit
889 3859 941 3912 in
977 3856 1118 3912 nobis
1145 3855 1326 3928 (Joan.
1354 3873 1395 3925 ι,
1427 3857 1519 3928 14)
1544 3875 1557 3910 :
1587 3873 1714 3929 ergo
1737 3867 1793 3915 et

220 3953 442 4013 Verbum
478 3964 534 4012 et
568 3969 694 4010 caro
730 3951 994 4009 Christus.
1035 3951 1170 4008 Cum
1212 3952 1355 4010 enim
1399 3953 1453 4007 in
1493 3957 1659 4025 forma
1693 3951 1792 4008 Dei

223 4059 359 4119 esset,
385 4065 483 4106 non
513 4049 749 4121 rapinam
777 4045 1048 4102 arbitratus
1084 4055 1156 4102 est
1185 4062 1290 4102 esse
1320 4045 1531 4116 aqualis
1561 4044 1690 4101 Deo.
1725 4045 1794 4103 Et

224 4141 338 4213 quid
362 4157 455 4198 nos
483 4143 537 4198 in
557 4142 694 4208 imo,
725 4141 816 4213 qui
845 4155 953 4196 non
987 4148 1296 4211 poteramus
1334 4138 1532 4194 inﬁrmi
1565 4147 1620 4194 et
1644 4138 1793 4195 humi

227 4244 456 4308 repentes
486 4238 746 4308 attingere
788 4236 976 4302 Deum,
1015 4235 1271 4307 numquid
1308 4232 1639 4306 relinquendi
1676 4247 1796 4289 era-

230 4330 373 4386 mus?
395 4330 564 4387 Absit.
597 4329 941 4400 Semetipsum
964 4329 1237 4384 exinanicit
1264 4333 1480 4400 formam
1506 4327 1634 4382 servi
1659 4326 1795 4382 acci—

232 4420 360 4490 piens
381 4419 630 4493 (Philipp.
651 4437 710 4487 ιι,
729 4417 866 4492 6,7).
884 4418 1000 4476 Νοιι
1022 4434 1148 4489 ergo
1170 4419 1392 4475 formam
1416 4419 1509 4475 Dei
1522 4420 1790 4475 amittens.

235 4507 408 4567 Factus
429 4518 512 4568 est
534 4526 661 4582 ergo
680 4511 843 4566 homo
870 4511 958 4581 qui
987 4520 1102 4566 erat
1129 4510 1290 4577 Deus,
1320 4509 1628 4580 accipiendo
1652 4511 1795 4581 quod

237 4614 332 4656 non
347 4611 476 4670 erat,
497 4617 601 4657 non
615 4599 906 4656 amittendo
925 4599 1066 4672 quod
1086 4609 1198 4655 erat
1223 4617 1235 4652 :
1260 4601 1332 4655 ita
1354 4599 1521 4657 factus
1541 4610 1624 4656 est
1637 4601 1796 4656 homo

241 4691 379 4749 Deus.
405 4693 477 4750 lbi
502 4694 666 4750 habes
684 4692 881 4765 aliquid
907 4701 1122 4765 pr0pter
1149 4692 1510 4749 inﬁrmitatem
1537 4703 1700 4758 tuam,
1724 4694 1795 4750 ibi

242 4783 386 4844 habes
403 4789 540 4844 aliud
560 4798 776 4860 propter
795 4785 1176 4858 perfectionem
1198 4796 1360 4842 tuam.
1381 4788 1561 4858 Erigat
1585 4797 1635 4843 te
1652 4786 1800 4842 Chri-

246 4886 342 4934 stus
364 4895 453 4952 per
476 4880 528 4937 id
549 4880 689 4952 quod
716 4878 878 4934 homo
897 4888 999 4945 est,
1027 4879 1185 4935 ducat
1213 4888 1266 4935 te
1290 4893 1385 4949 per
1412 4877 1466 4934 id
1489 4878 1631 4949 quod
1657 4879 1798 4934 Deus

245 4964 382 5026 homo
400 4980 500 5038 est,
523 4971 777 5044 perducat
794 4979 844 5026 te
857 4969 925 5025 ad
943 4970 995 5025 id
1011 4970 1152 5041 quod
1175 4970 1314 5027 Deus
1335 4979 1435 5027 est.
1455 4969 1524 5026 Et
1542 4977 1650 5026 tota
1665 4985 1801 5040 prat-

248 5058 416 5118 dicatio
440 5063 872 5136 dispensatioque
897 5077 992 5132 per
1018 5060 1288 5118 Christum
1315 5063 1430 5119 hinc
1455 5071 1558 5129 est,
1585 5061 1797 5133 fratres,

247 5161 290 5207 et
313 5154 403 5212 alia
423 5171 527 5212 non
553 5164 656 5222 est,
681 5165 738 5211 ut
761 5163 1040 5227 resurgant
1061 5156 1272 5224 animae,
1301 5165 1581 5228 resurgant
1603 5166 1658 5214 et
1680 5172 1802 5213 cor-

249 5258 378 5314 pora.
421 5247 716 5319 Utrumque
762 5248 959 5318 quippe
995 5256 1260 5303 mortuum
1303 5256 1451 5314 erat;
1499 5263 1692 5320 corpus
1732 5264 1801 5305 ex

251 5337 545 5412 inﬁrmitate,
572 5343 748 5399 anima
776 5359 841 5398 ex
863 5341 1158 5414 iniquitate.
1181 5341 1314 5410 Quia
1345 5351 1628 5414 utrumque
1655 5358 1800 5399 mor-

251 5437 378 5489 tuum
393 5445 522 5506 erat,
534 5444 778 5506 resurgat
799 5445 1098 5506 utrumque.
1113 5433 1253 5502 Quid
1276 5436 1589 5505 utrumque?
1615 5435 1804 5492 Anima

249 5533 298 5580 et
315 5539 514 5600 corpus.
547 5530 651 5586 Per
678 5529 804 5600 quid
832 5544 960 5601 ergo
982 5529 1180 5596 anima,
1204 5530 1307 5585 nisi
1333 5545 1430 5600 per
1457 5531 1626 5586 Deum
1648 5530 1805 5586 Chri-

250 5619 405 5674 stum!
430 5619 532 5678 Per
556 5620 684 5692 quid
709 5636 922 5692 corpus,
952 5620 1054 5677 nisi
1079 5636 1176 5692 per
1200 5621 1469 5678 hominem
1498 5621 1803 5679 Christum?

233 5704 367 5772 ,hat
391 5711 528 5767 enim
554 5722 609 5768 et
631 5712 686 5768 in
710 5712 925 5769 Christo
952 5712 1130 5770 anima
1159 5713 1410 5777 humana,
1439 5721 1549 5768 tota
1576 5712 1751 5768 anima
1784 5731 1800 5769 :

257 5811 354 5856 non
384 5800 680 5864 irrationale
714 5813 918 5862 tantum
958 5805 1180 5872 animae,
1221 5802 1315 5861 sed
1351 5803 1512 5860 etiam
1548 5801 1806 5863 rationan

265 5890 390 5969 VM
412 5907 554 5960 mens
572 5895 780 5963 dicitur.
810 5896 1044 5963 Fuerunt
1066 5896 1208 5964 enim
1231 5895 1446 5981 quidam
1466 5895 1722 5973 haeretici,
1751 5903 1804 5962 et

1323 434 1734 493 TRACTATUS
1773 434 1958 492 XXI".
2002 435 2227 495 CAPUT
2270 437 2336 494 V.

2681 350 2787 365 -—,--r-
2809 352 2813 356 -

3319 433 3462 498 I586

1886 548 2021 618 pulsi
2049 557 2174 604 sunt
2196 550 2265 606 ab
2293 549 2553 618 Ecclesia,
2579 550 2669 622 qui
2694 558 2940 622 putarent
2969 565 3074 606 non
3095 547 3294 606 habere
3317 566 3466 607 meno

1887 649 1993 695 tem
2043 641 2352 700 rationalem
2396 657 2589 714 corpus
2633 643 2828 699 Christi
2851 685 2868 710 ,
2907 641 3000 699 sed
3045 643 3194 716 quasi
3232 624 3531 718 animam'l"

1887 734 2168 792 belluinam
2205 735 2282 806 (a)
2313 757 2326 792 :
2357 747 2577 808 excepta
2611 739 2808 808 quippe
2833 735 3074 792 rationali
3113 745 3292 790 mente
3313 777 3328 802 ,
3361 720 3489 790 vitai

1885 825 2116 882 belluina
2144 836 2246 884 est.
2276 827 2381 884 Sed
2403 830 2526 900 quia
2546 829 2751 899 expulsi
2773 837 2915 896 sunt,
2938 837 2992 882 et
3009 828 3233 883 veritate
3259 812 3490 897 expulsi"

1885 926 2046 983 sunt;
2071 918 2253 988 accipe
2273 927 2440 974 totum
2456 920 2749 988 Christum,
2775 919 3024 984 Verbum,
3054 927 3285 974 mentem
3305 919 3468 972 ratio-

1886 1008 2083 1075 nalem,
2112 1018 2168 1064 et
2189 1023 2424 1065 carnem.
2454 1011 2567 1067 [ioc
2603 1019 2770 1066 totum
2795 1010 3038 1067 Christus
3073 1019 3174 1067 est.
3207 1010 3468 1080 ltesurgat

1885 1101 2066 1156 anima
2087 1111 2174 1157 tua
2199 1101 2268 1157 ab
2288 1101 2564 1174 iniquitate
2585 1119 2680 1174 per
2700 1103 2752 1159 id
2771 1104 2913 1175 quod
2935 1104 3075 1160 Deus
3093 1111 3194 1170 est,
3224 1111 3469 1172 resurgat

1886 1208 2080 1264 corpus
2123 1202 2272 1250 tuum
2315 1210 2346 1250 a
2383 1198 2724 1268 corruptione
2761 1212 2856 1267 per
2896 1196 2948 1252 id
2984 1195 3124 1268 quod
3165 1196 3326 1251 homo
3361 1203 3468 1250 est.

1886 1285 2114 1342 Proinde
2133 1329 2148 1356 ,
2176 1287 2472 1343 charissimi
2493 1331 2509 1356 ,
2539 1287 2718 1344 audite
2742 1303 2986 1360 magnam
3008 1287 3251 1343 lectionis
3276 1287 3466 1358 hujus,

1886 1389 2139 1450 quantum
2155 1380 2527 1448 mihividetur,
2546 1381 2977 1452 profunditatem;
2995 1388 3051 1436 et
3074 1381 3247 1436 videte
3271 1394 3464 1450 quem-

1888 1473 2174 1530 admodum
2213 1473 2460 1545 loquatur
2523 1474 2608 1530 hic
2645 1473 2908 1541 Christus,
2959 1474 3088 1529 nihil
3125 1474 3268 1529 aliud
3305 1488 3465 1544 quam

1887 1583 2052 1638 quare
2071 1567 2277 1623 venerit
2299 1566 2564 1635 Christus,
2593 1578 2649 1622 ut
2671 1576 2950 1639 resurgant
2972 1567 3162 1622 animae
3185 1566 3254 1621 ab
3275 1565 3468 1636 iniqui-

1887 1667 2016 1725 tate,
2044 1669 2324 1730 resurgant
2337 1673 2562 1730 corpora
2579 1675 2608 1714 a
2625 1660 2984 1730 corruptione.
3011 1658 3126 1713 Jam
3148 1656 3256 1712 dixi
3275 1657 3468 1712 animae

1887 1767 1983 1824 per
2007 1752 2132 1824 quid
2159 1762 2456 1824 resurgant,
2489 1768 2584 1824 per
2605 1753 2770 1824 ipsam
2801 1752 3150 1808 substantiam
3183 1750 3274 1806 Dei
3299 1767 3314 1816 ;
3340 1764 3466 1806 cor-

1886 1860 2016 1917 pora
2046 1860 2142 1917 per
2176 1845 2301 1917 quid
2339 1856 2646 1918 resurgant,
2675 1862 2770 1916 per
2795 1845 3242 1917 dispensationem
3275 1843 3469 1899 huma-

1888 1951 2011 1991 nam
2037 1936 2247 1992 Domini
2275 1939 2444 1992 nostri
2469 1939 2595 1995 Jesu
2623 1937 2841 1993 Christi.

1959 2031 2011 2084 7.
2050 2029 2232 2097 Amen,
2259 2047 2405 2086 amen
2432 2032 2544 2086 dico
2563 2031 2720 2099 vobis,
2746 2047 2845 2085 non
2878 2039 3034 2100 potest
3061 2047 3092 2084 (ι
3115 2045 3166 2084 se
3193 2029 3359 2085 Filius
3384 2031 3470 2100 fa-

1887 2137 1998 2176 cere
2041 2120 2334 2192 quidquam,
2379 2123 2476 2176 nisi
2519 2122 2653 2192 quod
2694 2122 2872 2177 viderit
2915 2121 3121 2176 Patrem
3159 2121 3423 2191 facientem
3450 2134 3473 2175 :

1887 2231 2208 2286 quarumque
2227 2216 2358 2270 enim
2379 2215 2466 2270 ille
2487 2218 2676 2289 fecerit,
2702 2216 2808 2271 Ιιιεο
2828 2225 2872 2270 et
2893 2215 3058 2270 Filius
3080 2216 3306 2270 similiter
3328 2215 3471 2286 facit.

1887 2305 2116 2376 Ctelum,
2162 2318 2380 2371 terram,
2423 2323 2589 2375 mare,
2619 2324 2736 2379 quze
2767 2308 2818 2363 in
2858 2309 3015 2376 cmlo,
3061 2324 3180 2380 qua:
3211 2309 3263 2364 in
3290 2317 3428 2363 terra
3452 2349 3472 2375 ,

1887 2413 2008 2469 qua:
2032 2399 2086 2454 in
2115 2400 2269 2465 mari,
2310 2400 2558 2465 visibilia,
2588 2401 2890 2466 invisibilia,
2920 2401 3167 2456 animalia
3199 2401 3253 2456 in
3279 2402 3436 2457 terris
3455 2442 3472 2467 ,

1889 2490 2083 2548 fruteta
2113 2493 2166 2547 in
2191 2495 2351 2564 agris,
2383 2493 2616 2548 natantia
2643 2493 2694 2548 in
2715 2495 2886 2563 aquis,
2915 2497 2967 2548 in
2998 2510 3123 2549 aere
3142 2495 3392 2563 volantia,
3418 2496 3472 2551 iu

1887 2588 2026 2642 caelo
2052 2587 2322 2654 lucentia;
2349 2596 2548 2658 praeter
2571 2587 2687 2643 haec
2708 2588 2904 2652 omnia,
2937 2588 3184 2658 Angelos,
3217 2587 3472 2654 Virtutes,

1888 2680 2078 2745 Sedes,
2111 2681 2531 2747 Dominationes,
2563 2681 2916 2752 Principatus,
2947 2682 3242 2736 Potestatcs
3266 2698 3279 2734 :
3304 2683 3476 2736 omnia

1891 2790 1980 2843 per
2025 2775 2190 2844 ipsum
2237 2777 2373 2846 facta
2419 2783 2537 2827 sunt
2583 2771 2775 2844 (Joan.
2822 2789 2860 2839 ι,
2904 2771 2994 2844 5).
3040 2770 3305 2844 Numquid
3338 2773 3478 2830 Dens

1890 2865 2068 2920 omnia
2095 2864 2210 2919 haec
2237 2863 2382 2932 fecit,
2413 2872 2467 2919 et
2495 2864 2877 2920 demonstravit
2905 2879 2965 2919 ea
2994 2863 3127 2918 facta
3155 2864 3310 2930 Filio,
3341 2873 3398 2918 ut
3424 2873 3481 2919 et

1891 2958 2007 3028 ipse
2050 2958 2248 3012 faceret
2284 2959 2511 3012 alterum
2541 2956 2796 3012 mundum
2825 2956 2909 3010 his
2937 2957 3183 3012 omnibus
3221 2957 3478 3026 plenum?

1890 3048 2004 3103 Non
2037 3048 2238 3118 utique.
2281 3047 2386 3103 Sed
2415 3047 2580 3118 quid?
2608 3047 2944 3118 Qawcnmque
2985 3047 3115 3101 enim
3144 3047 3231 3101 ille
3269 3047 3476 3118 fecerit.

1892 3140 2017 3203 haec,
2048 3153 2153 3193 non
2179 3139 2304 3203 alia,
2333 3137 2429 3194 sed
2457 3139 2565 3193 lucc
2589 3147 2635 3192 et
2662 3136 2849 3202 Filius,
2873 3151 2972 3192 nec
2999 3137 3350 3202 dissimiliter,
3381 3133 3477 3192 sed

1890 3230 2120 3285 similiter
2145 3231 2287 3298 facit.
2325 3229 2481 3284 Pater
2509 3231 2638 3282 enim
2667 3228 2832 3300 diligit
2863 3227 3075 3296 Filium,
3117 3238 3165 3283 et
3193 3229 3363 3282 omnia
3392 3228 3478 3282 de.

1891 3330 2139 3378 monstrat
2175 3323 2222 3377 ei
2249 3338 2359 3391 qua:
2385 3322 2492 3393 ipse
2521 3321 2660 3392 facit.
2693 3321 3032 3375 Demonstrat
3064 3319 3224 3374 Pater
3259 3319 3394 3376 Filio
3419 3327 3477 3374 ut

1893 3417 2086 3471 anima:
2115 3415 2455 3479 suscitentur,
2483 3413 2608 3484 quia
2634 3427 2731 3484 per
2754 3411 2966 3468 Patrem
2991 3421 3045 3468 et
3065 3411 3258 3467 Filium
3284 3413 3476 3466 animae

1893 3508 2221 3564 suscitantur
2252 3525 2266 3561 :
2297 3520 2397 3562 nec
2424 3513 2648 3576 possunt
2689 3504 2870 3560 vivere
2911 3505 3123 3572 animae,
3166 3503 3266 3558 nisi
3297 3517 3480 3558 earum

1894 3600 2000 3654 vita
2029 3598 2100 3654 sit
2125 3598 2285 3653 Deus.
2313 3596 2368 3652 Si
2397 3610 2525 3667 ergo
2549 3610 2654 3650 non
2683 3604 2908 3666 possunt
2928 3594 3109 3650 vivere
3132 3594 3345 3658 animm,
3378 3593 3481 3649 nisi

1893 3705 2077 3746 earum
2105 3689 2216 3745 vita
2245 3690 2312 3744 sit
2351 3689 2510 3753 Deus,
2539 3687 2676 3744 sicut
2705 3689 2834 3758 ipsa:
2861 3695 2986 3742 sunt
3015 3687 3122 3742 vita
3151 3700 3435 3756 corporum
3460 3700 3479 3753 ;

1895 3781 2036 3854 quod
2079 3781 2410 3837 demonstrat
2448 3780 2605 3835 Pater
2631 3778 2785 3845 Filio,
2833 3777 2886 3833 id
2915 3786 2998 3834 est
3022 3777 3163 3850 quod
3208 3777 3352 3844 facit,
3382 3793 3481 3848 per

1897 3875 2090 3930 Filium
2117 3873 2257 3928 facit.
2288 3873 2402 3928 Non
2430 3873 2570 3928 enim
2593 3871 2835 3927 faciendo
2856 3872 3185 3928 demonstrat
3209 3870 3362 3934 Filio.
3387 3869 3483 3926 sed

1896 3964 2313 4022 demonstrando
2355 3963 2480 4019 facit
2517 3979 2612 4036 per
2655 3963 2866 4018 Filium.
2924 3963 3079 4018 Videt
3129 3963 3271 4019 enim
3317 3962 3485 4018 Filius

1897 4061 2110 4118 Patrem
2138 4060 2590 4116 demonstrantem
2630 4067 2913 4126 antequam
2958 4055 3156 4127 aliquid
3195 4054 3305 4121 ﬁat,
3337 4063 3392 4108 et
3419 4070 3488 4111 ex

1898 4151 2351 4209 demonstratione
2395 4148 2566 4204 Patris
2603 4155 2657 4202 et
2694 4147 2898 4200 visione
2943 4144 3062 4200 Filii
3094 4144 3153 4199 ﬁt
3189 4143 3327 4214 quod
3373 4143 3431 4196 ﬁt
3455 4159 3488 4197 a

1899 4246 2057 4301 Patre
2081 4259 2179 4314 per
2205 4241 2415 4296 Filium.
2448 4239 2538 4296 Sic
2561 4238 2750 4293 animae
2773 4237 3114 4302 suscitantur,
3142 4235 3187 4289 si
3215 4234 3486 4306 potuerint

1898 4335 2083 4392 videre
2109 4336 2262 4390 istam
2293 4331 2508 4387 unitatis
2549 4328 2993 4399 coniunctionem,
3020 4326 3232 4382 Patrem
3259 4324 3486 4380 demon-

1901 4433 2178 4489 strantem.
2205 4423 2395 4479 Filium
2425 4421 2712 4485 videntem,
2740 4427 2792 4474 et
2828 4434 2923 4489 per
2948 4418 3120 4474 Patris
3148 4416 3486 4472 demonstra-

1903 4519 2102 4573 tionem
2127 4525 2181 4573 et
2203 4515 2318 4570 Filii
2347 4514 2602 4570 visionem
2628 4510 2743 4566 ﬁeri
2761 4521 3058 4566 creaturam
3085 4528 3098 4565 :
3120 4517 3277 4580 atque
3297 4507 3348 4562 id
3375 4507 3489 4562 ﬁeri

1902 4624 2001 4681 per
2040 4607 2212 4663 Patris
2255 4604 2760 4661 demonstrationem
2805 4609 2859 4656 et
2887 4599 3006 4656 Filii
3035 4600 3313 4665 visionem,
3341 4597 3489 4669 quod

1903 4715 2003 4757 nec
2028 4700 2186 4755 Pater
2209 4698 2277 4752 sit
2300 4712 2398 4752 nec
2429 4695 2613 4762 Filius,
2640 4692 2737 4750 sed
2765 4692 2898 4747 infra
2933 4691 3145 4748 Patrem
3169 4699 3223 4745 et
3250 4688 3444 4745 Filium
3465 4730 3485 4758 ,

1903 4791 2156 4863 quidquid
2185 4791 2245 4846 ﬁt
2268 4805 2300 4845 a
2323 4789 2478 4845 Patre
2501 4803 2597 4859 per
2609 4785 2819 4842 Filium.
2851 4784 2980 4853 Quis
3003 4783 3108 4840 hoc
3127 4783 3314 4839 videt?

1977 4885 2030 4940 8.
2071 4884 2210 4939 Ecce
2250 4883 2440 4939 iterum
2485 4880 2551 4936 ad
2598 4879 2840 4935 carnales
2883 4891 3093 4943 sensus,
3140 4890 3266 4932 ecce
3306 4889 3494 4931 rursus

1907 4978 2246 5035 humiliamus
2289 4991 2404 5042 nos,
2451 4985 2506 5031 et
2548 4971 2924 5029 descendimus
2970 4970 3036 5025 ad
3081 4983 3195 5035 vos,
3240 4969 3284 5025 si
3315 4977 3495 5025 tamen

1907 5067 2106 5139 aliquid
2134 5063 2416 5139 .‘ﬂiquando
2444 5065 2855 5122 ascenderamus
2879 5078 2909 5116 a
2935 5062 3105 5116 vobis.
3135 5059 3232 5116 Vis
3265 5059 3494 5116 demon—

1908 5173 2077 5220 strare
2099 5159 2298 5233 aliquid
2329 5159 2438 5215 ﬁlio
2475 5168 2584 5224 tuo,
2631 5166 2688 5212 ut
2713 5156 2868 5211 faciat
2891 5153 3033 5226 quod
3059 5153 3188 5208 facis
3215 5171 3228 5206 :
3262 5151 3497 5208 facturus

1909 5271 1969 5313 es
1994 5265 2070 5322 tu,
2097 5263 2152 5310 et
2178 5254 2257 5308 sic
2283 5251 2765 5308 demonstraturus.
2792 5247 2944 5316 Quod
2970 5247 3129 5317 igitur
3173 5247 3402 5301 facturus
3426 5256 3490 5298 es

1910 5359 1968 5406 ut
1992 5349 2328 5406 demonstres
2353 5345 2483 5412 ﬁlio,
2503 5359 2606 5400 non
2625 5344 2806 5413 utique
2833 5342 2962 5396 facis
2990 5355 3086 5411 per
3108 5339 3302 5393 tilium:
3321 5334 3414 5390 sed
3437 5343 3496 5389 ιιι

1912 5445 2057 5500 solus
2086 5442 2216 5497 facis
2252 5439 2391 5511 quod
2422 5439 2537 5510 ipse
2566 5437 2759 5493 factum
2799 5433 2994 5496 videat,
3025 5441 3079 5485 et
3115 5428 3258 5483 aliud
3289 5427 3390 5480 tale
3417 5427 3494 5480 si-

1911 5534 2110 5591 militer
2133 5531 2308 5587 faciat.
2348 5529 2464 5586 Non
2494 5537 2577 5585 est
2598 5527 2699 5583 hoc
2723 5525 2792 5580 ibi
2827 5543 2840 5579 :
2871 5521 2994 5593 quid
3023 5518 3196 5590 pergis
3220 5517 3286 5572 ad
3307 5515 3501 5571 simili-

1913 5625 2147 5683 tudinem
2175 5632 2338 5688 tuam,
2371 5630 2426 5677 et
2452 5619 2601 5676 deles
2641 5618 2694 5673 in
2738 5625 2790 5671 te
2826 5609 3222 5668 similitudinem
3254 5607 3387 5662 Dei?
3414 5604 3497 5664 ibi

1911 5715 2130 5771 omnino
2149 5729 2256 5770 non
2280 5725 2361 5769 est
2384 5712 2506 5769 hoc.
2534 5709 2713 5766 Inveni
2739 5703 2957 5773 aliquid,
2985 5699 3252 5772 quomodo
3271 5698 3517 5760 demono.

1911 5815 2049 5875 stres
2077 5804 2186 5864 tilio
2213 5813 2304 5861 tuo
2326 5801 2471 5877 quod
2495 5801 2624 5866 facis
2629 5841 2643 5880 ρ
2665 5803 2948 5882 antequam
2971 5791 3133 5867 facis;
3165 5797 3224 5862 ut
3249 5805 3374 5863 cum
3394 5779 3518 5863 (ιο-ί

1976 5927 2048 5995 (α)
2087 5923 2442 5995 Apollinum
