3916 6392
491 440 631 500 1587

487 552 892 619 uionstraveris,
941 565 1034 622 per
1077 551 1240 606 ﬁlium
1266 550 1429 608 facias
1475 551 1576 606 hoe
1599 549 1742 621 quod
1779 547 1927 604 facis.
1954 547 2072 602 Jam

486 649 624 704 forte
649 649 799 718 quasi
838 647 1074 703 occurrit
1097 645 1233 702 tibi:
1267 645 1429 711 Ecce,
1473 644 1669 714 inquis,
1699 644 1873 713 cogito
1901 642 2074 697 facere

484 740 720 806 domum,
749 750 803 797 et
826 739 945 796 volo
970 747 1027 795 ut
1053 754 1146 809 per
1169 737 1334 792 tilium
1364 750 1541 792 meum
1557 734 1884 790 fabricetur:
1915 741 2072 789 ante-

486 847 641 902 quam
671 847 788 888 eam
833 831 946 901 ipse
975 830 1248 895 fabricem,
1277 827 1504 884 ostendo
1533 825 1643 881 ﬁlio
1669 841 1791 882 meo
1827 824 1969 896 quod
1995 824 2075 880 fa-

479 939 604 981 cere
634 926 786 990 volo;
834 933 889 978 et
937 923 1062 978 facit
1102 922 1236 992 ipse,
1280 928 1438 991 atque
1475 933 1576 990 ego
1620 933 1716 989 per
1760 918 1955 989 ipsum,
1986 917 2074 972 cui

480 1018 689 1075 ostendi
731 1017 1056 1074 voluntatem
1098 1029 1294 1070 meam.
1329 1012 1618 1068 Recessisti
1657 1011 1874 1081 quidem
1902 1025 1932 1064 a
1963 1010 2075 1080 pri-

481 1112 622 1167 stina
650 1109 1017 1176 similitudine,
1047 1107 1139 1163 sed
1168 1107 1340 1161 adhuc
1360 1106 1504 1175 jaces
1535 1105 1588 1159 in
1614 1119 1805 1175 magna
1834 1102 2070 1158 dissimi-

479 1202 722 1256 litudine.
756 1201 896 1256 Ecce
920 1200 1061 1255 enim
1087 1207 1368 1267 antequam
1397 1195 1561 1252 facias
1586 1196 1826 1263 domum,
1865 1195 2071 1250 indicas

479 1293 592 1348 ﬁlio
622 1303 730 1358 tuo,
767 1301 822 1348 et
859 1293 1193 1347 demonstras
1222 1289 1348 1360 quid
1389 1288 1563 1344 faccre
1603 1289 1776 1354 velis;
1811 1297 1867 1341 ut
1893 1296 1942 1342 te
1970 1285 2068 1340 de-

482 1394 809 1440 monstrante
833 1393 1113 1454 antequam
1144 1382 1328 1448 facias,
1357 1381 1515 1437 faciat
1539 1382 1652 1451 ipse
1677 1379 1820 1450 quod
1845 1379 2067 1434 demon-

477 1477 750 1540 Straveris,
779 1485 832 1530 et
858 1485 910 1529 tu
939 1491 1032 1544 per
1053 1475 1221 1544 ipsum
1253 1491 1266 1527 :
1300 1473 1394 1530 sed
1420 1473 1580 1528 verba
1607 1471 1846 1525 dicturus
1869 1485 1928 1524 es
1960 1468 2069 1522 filio

479 1578 590 1635 tuo,
640 1570 776 1624 inter
807 1579 857 1624 te
886 1576 941 1623 et
970 1569 1140 1638 ipsum
1181 1568 1341 1624 verba
1384 1581 1608 1622 cursura
1645 1573 1807 1630 sunt;
1849 1574 1902 1618 et
1932 1563 2070 1617 inter

477 1661 933 1716 demonstrantcm
959 1671 1012 1715 et
1034 1659 1320 1725 videntem,
1341 1658 1424 1713 vel
1452 1658 1755 1736 loquentem
1778 1666 1832 1711 et
1851 1656 2070 1710 audien-

479 1763 583 1810 tem
615 1768 777 1808 sonus
807 1753 1116 1807 articulalus
1147 1752 1306 1817 volat,
1334 1752 1424 1822 qui
1455 1766 1561 1806 non
1586 1759 1666 1806 est
1689 1749 1832 1820 quod
1856 1759 1932 1817 tu,
1962 1766 2069 1806 non

475 1856 558 1902 est
585 1847 728 1917 quod
760 1847 890 1917 ipse.
938 1844 1110 1901 Sonus
1137 1845 1330 1914 quippe
1357 1844 1444 1898 ille
1472 1843 1563 1914 qui
1593 1843 1702 1898 exit
1734 1842 1802 1898 de
1828 1857 1923 1898 ore
1951 1851 2065 1910 tuo,

476 1949 530 1993 et
567 1939 844 1994 verberato
891 1953 1015 1993 aere
1043 1938 1208 2006 tangit
1252 1951 1436 1992 aurem
1483 1936 1573 1990 ﬁlii
1604 1936 1701 2002 tui,
1747 1945 1802 1990 et
1846 1936 2067 2007 impleto

475 2046 636 2086 sensu
676 2029 926 2085 audiendi
956 2029 1196 2100 perducit
1235 2027 1299 2084 ad
1342 2043 1437 2084 cor
1477 2028 1850 2098 cogitationem
1880 2036 2064 2095 tuam;

475 2136 638 2176 sonus
663 2137 788 2190 ergo
822 2122 930 2189 ille,
969 2136 1076 2176 non
1113 2130 1194 2176 est
1239 2121 1350 2191 ipse
1393 2131 1466 2185 tu,
1506 2136 1612 2176 non
1651 2131 1736 2176 est
1763 2120 1876 2191 ipse
1921 2121 2067 2178 ﬁlius

476 2222 618 2268 tuus.
663 2213 878 2282 Signum
907 2212 1087 2267 datum
1117 2221 1200 2267 est
1225 2212 1292 2266 ab
1320 2211 1498 2266 animo
1527 2221 1615 2265 tuo
1639 2212 1817 2267 animo
1841 2211 1934 2266 ﬁlii
1964 2213 2061 2279 tui,

477 2303 616 2374 quod
662 2303 868 2372 signum
908 2318 1014 2356 non
1061 2306 1130 2356 sit
1159 2317 1257 2357 nec
1295 2301 1504 2357 animus
1544 2310 1684 2368 tuus,
1715 2317 1815 2357 nec
1855 2303 2064 2358 animus

475 2395 572 2450 filii
605 2397 696 2460 tui,
730 2396 822 2450 sed
861 2395 1001 2450 aliud
1034 2394 1249 2465 aliquid.
1284 2394 1428 2450 Itane
1457 2405 1703 2466 putamus
1734 2396 1943 2450 Patrem
1985 2399 2063 2452 lo-

475 2499 652 2544 cutum
684 2504 803 2544 esse
827 2505 948 2544 cum
991 2489 1162 2549 Filio?
1194 2488 1429 2544 Fuerunt
1455 2488 1617 2544 verba
1639 2488 1778 2544 inter
1803 2490 1970 2545 Deum
2008 2502 2064 2547 et

474 2579 746 2635 Verbum?
774 2579 1039 2650 quomodo
1069 2580 1208 2634 istud
1235 2580 1355 2634 est?
1383 2581 1466 2634 An
1493 2580 1744 2650 quidquid
1775 2582 1931 2636 vellet
1957 2581 2059 2635 Pa-

475 2680 556 2726 ter
578 2671 758 2726 dicere
784 2670 938 2731 Filio.
963 2671 1008 2726 si
1040 2671 1202 2726 verbo
1231 2670 1392 2725 vellet
1416 2670 1613 2737 dicere,
1647 2671 1759 2739 ipse
1789 2670 1954 2726 Filius
1976 2682 2058 2726 est

475 2761 709 2818 Verbum
738 2762 912 2817 Patris
939 2764 979 2830 ί,
1013 2763 1267 2832 numquid
1298 2777 1393 2832 per
1416 2762 1633 2816 verbum
1658 2762 1966 2831 loqueretur
1993 2763 2060 2818 ad

473 2853 750 2912 Verbum?
780 2858 860 2911 An
889 2857 1008 2928 quia
1052 2856 1216 2909 Filius
1261 2869 1508 2924 magnum
1555 2853 1805 2919 Verbum,
1854 2855 2059 2910 minora

471 2949 630 3005 verba
670 2963 888 3004 cursura
936 2955 1087 3002 erant
1131 2946 1270 3001 inter
1297 2945 1508 3001 Patrem
1547 2955 1600 3000 et
1625 2944 1857 3002 Filium?
1884 2945 2060 3002 Sonus

471 3041 659 3111 aliquis
695 3048 749 3094 et
789 3039 937 3110 quasi
977 3047 1219 3093 creatura
1263 3036 1504 3108 quaedam
1545 3037 1854 3106 temporalis
1898 3045 2061 3108 atque

471 3132 715 3197 volatica,
742 3132 943 3185 exitura
971 3139 1084 3185 erat
1106 3146 1170 3184 ex
1197 3144 1289 3183 ore
1316 3129 1508 3195 Patris,
1541 3137 1595 3183 et
1621 3143 1932 3197 percussura
1961 3144 2060 3182 au-

471 3238 586 3278 rem
632 3221 787 3276 Filii?
821 3221 1080 3291 Numquid
1126 3221 1282 3276 habet
1312 3220 1453 3276 Deus
1481 3233 1695 3289 corpus,
1725 3229 1782 3274 ut
1810 3221 1958 3288 quasi
1987 3235 2057 3274 ex

472 3313 589 3385 ejus
615 3314 765 3369 labiis
791 3315 894 3370 hoc
921 3315 1204 3384 procedat;
1232 3323 1286 3368 et
1312 3313 1471 3368 habet
1492 3327 1648 3368 aures
1666 3313 1908 3381 corporis
1935 3312 2060 3367 Ver-

470 3407 619 3474 bum,
649 3407 700 3461 iu
741 3422 871 3478 quas
898 3422 1058 3462 sonus
1095 3407 1316 3461 veniat?
1343 3405 1578 3460 Remove
1605 3404 1779 3458 omnia
1809 3419 2062 3473 corpora-

473 3499 564 3565 lia,
590 3500 978 3569 simplicitatem
1002 3498 1143 3564 vide,
1171 3498 1215 3552 si
1237 3497 1456 3565 simplex
1477 3511 1555 3552 es.
1583 3495 1861 3562 Quomodo
1880 3507 2058 3552 autem

470 3593 577 3648 eris
603 3590 864 3662 simplex?
893 3590 948 3646 Si
977 3599 1030 3645 te
1069 3606 1173 3645 non
1217 3586 1415 3644 mundo
1455 3586 1828 3656 implicaveris,
1875 3586 1967 3642 sed
1992 3601 2059 3642 ex

473 3685 672 3740 mundo
710 3682 1057 3754 explicaveris
1113 3699 1125 3734 :
1177 3679 1490 3749 explicando
1538 3680 1679 3733 enim
1731 3686 1783 3734 te
1833 3679 2058 3747 simplex

472 3777 597 3831 eris.
634 3776 698 3831 Et
729 3776 849 3831 vide
891 3775 934 3828 si
966 3783 1116 3844 potes
1163 3773 1304 3842 quod
1332 3772 1472 3838 dico,
1505 3781 1594 3826 aut
1635 3771 1681 3826 si
1724 3787 1828 3826 non
1873 3780 2056 3841 potes,

475 3869 635 3924 crede
661 3867 802 3939 quod
851 3883 954 3921 non
1002 3867 1166 3920 vides.
1199 3865 1341 3919 Dicis
1381 3865 1490 3918 ﬁlio
1537 3873 1647 3928 tuo,
1697 3864 1857 3918 verbo
1884 3863 2055 3929 dicis;

472 3961 691 4016 verbum
723 3959 862 4030 quod
893 3967 1063 4024 sonat,
1098 3972 1197 4014 nec
1221 3965 1273 4012 tu
1302 3971 1381 4023 es,
1409 3971 1505 4010 nec
1533 3955 1676 4010 ﬁlius
1701 3963 1844 4010 tuus.

544 4053 596 4108 9.
637 4052 839 4120 Habeo,
886 4053 1082 4122 inquis,
1131 4049 1273 4105 aliud
1309 4063 1416 4120 quo
1455 4047 1730 4104 ostendam
1761 4064 1775 4101 :
1806 4047 1874 4103 ita
1917 4047 2059 4102 enim

472 4159 556 4208 est
579 4147 818 4203 eruditus
847 4146 985 4200 ﬁlius
1013 4159 1181 4211 mens,
1216 4151 1274 4197 ut
1316 4156 1414 4196 nec
1443 4142 1693 4210 loquente
1732 4155 1817 4196 me
1841 4139 2018 4194 audiat
2041 4181 2057 4206 ,

473 4244 569 4302 sed
608 4250 737 4298 nutu
777 4239 1002 4296 ostendo
1027 4239 1073 4292 ei
1100 4235 1241 4308 quod
1286 4233 1460 4290 faciat.
1494 4235 1632 4289 Ecce
1671 4241 1800 4287 nutu
1840 4230 2061 4286 ostende

473 4334 613 4405 quod
643 4334 742 4398 vis,
769 4340 914 4386 certe
943 4330 1149 4383 animus
1180 4335 1302 4380 tuus
1320 4324 1432 4379 vult
1454 4323 1734 4378 ostendere
1760 4321 1899 4390 quod
1928 4322 1979 4374 in
2000 4334 2060 4374 se

473 4425 656 4481 habet.
681 4422 833 4480 Unde
860 4420 989 4475 facis
1009 4417 1233 4474 nutum?
1263 4415 1338 4468 De
1365 4427 1608 4480 corpore,
1637 4411 1858 4476 scilicet,
1883 4409 2058 4475 labiis,

472 4519 645 4582 vultu,
691 4512 1005 4586 superciliis,
1051 4509 1240 4573 oculis,
1273 4505 1537 4560 manibus.
1587 4503 1710 4556 llaec
1737 4503 1911 4556 omnia
1953 4515 2060 4555 non

476 4617 604 4666 sunt
640 4604 782 4678 quod
817 4603 1026 4658 animus
1051 4608 1205 4662 tuus;
1240 4595 1400 4651 etiam
1427 4593 1526 4648 ista
1564 4591 1736 4646 media
1779 4599 1901 4645 sunt
1933 4609 1946 4647 :
1977 4589 2061 4646 in-

479 4702 746 4758 tellectnm
777 4704 861 4752 est
900 4691 1097 4770 aliquid
1137 4705 1234 4761 per
1262 4688 1376 4742 haec
1421 4685 1591 4756 signa,
1638 4699 1754 4753 qua:
1794 4698 1898 4737 non
1939 4693 2063 4739 sunt

477 4793 620 4865 quod
647 4790 853 4846 animus
883 4795 1024 4851 tuus,
1049 4798 1151 4840 nec
1174 4779 1314 4852 quod
1340 4779 1549 4835 animus
1576 4776 1670 4832 ﬁlii
1700 4777 1772 4830 tui
1805 4793 1815 4828 :
1847 4775 1940 4832 sed
1963 4775 2065 4832 hoc

477 4894 646 4943 totum
673 4880 814 4952 quod
856 4892 1080 4948 corpore
1108 4876 1238 4946 agis,
1274 4871 1411 4928 infra
1440 4871 1676 4926 animum
1707 4879 1850 4924 tuum
1880 4878 1981 4936 est,
2011 4877 2065 4925 et

480 4978 614 5032 inira
636 4973 868 5030 animum
897 4970 987 5026 lilii
1009 4969 1121 5033 tui;
1152 4980 1250 5022 nec
1279 4973 1454 5036 potest
1478 4976 1802 5034 cognoscere
1828 4961 2062 5018 animum

479 5079 626 5124 tuum
673 5066 808 5120 ﬁlius
851 5075 992 5131 tuus,
1024 5061 1125 5118 nisi
1167 5056 1383 5115 dederis
1425 5055 1477 5112 ei
1521 5055 1668 5126 signa
1709 5053 2060 5122 derrpore.

479 5160 616 5230 Quid
666 5158 821 5227 igitur
863 5154 1034 5212 facio?
1084 5153 1200 5208 Non
1250 5160 1334 5208 est
1383 5149 1484 5204 hoc
1513 5147 1606 5216 ibi,
1637 5146 1947 5216 simplicitas
1993 5145 2067 5201 ibi

480 5263 584 5311 est.
629 5253 786 5307 Pater
813 5247 1043 5305 ostendit
1089 5245 1227 5301 Filio
1268 5241 1412 5314 quod
1463 5240 1606 5307 facit,
1637 5248 1691 5295 et
1736 5237 2066 5296 ostendendo

481 5346 674 5403 Filium
724 5341 910 5414 gignit.
968 5337 1136 5394 Video
1178 5335 1303 5407 quid
1332 5334 1552 5390 dixerim
1582 5349 1596 5386 :
1627 5330 1721 5387 sed
1759 5331 1879 5401 quia
1908 5329 2065 5386 video

481 5448 534 5492 et
597 5435 786 5506 quibus
851 5429 1111 5496 dixerim,
1157 5428 1249 5482 ﬁat
1303 5426 1357 5483 in
1409 5423 1560 5480 vobis
1612 5422 1907 5478 intellectus
1968 5420 2067 5476 iste

546 5552 560 5581 ⁸
589 5549 700 5598 add.
737 5547 923 5595 habent
957 5542 1037 5592 hic
1066 5539 1322 5590 nonnullas
1356 5537 1620 5587 lectionum
1639 5537 1922 5591 varietates,
1957 5543 2068 5597 qu

483 5612 778 5674 potissimum
803 5621 830 5656 0
847 5604 1165 5674 punctationis
1180 5601 1461 5674 diversitate
1485 5603 1974 5674 nascunturrabegtin‘t
1986 5603 2066 5674 Er:

484 5657 820 5732 [ἶιᾷίῦιῖιειιη
843 5657 1038 5732 fuerunt
1060 5664 1343 5732 verbqinter
1360 5670 1521 5732 Deum
1533 5666 1578 5711 et
1601 5657 2071 5732 t'ertr'umntjuomodo

481 5719 608 5783 sum
631 5719 698 5782 est
718 5731 740 5780 ?
764 5719 1111 5795 κρίιὶιιιίάᾳιιαπι
1129 5726 1266 5795 cette!
1283 5730 1423 5776 Pater
1444 5723 1607 5795 dicere
1632 5720 1752 5795 r‘ilio
1763 5719 1789 5791 ς)
1809 5719 2073 5795 sensurae:

483 5779 589 5856 tris.
606 5779 1014 5856 agamque."
1032 5779 1381 5856 ,tn‘quidquam
1401 5785 1538 5856 vellet
1563 5791 1699 5856 I'jater
1720 5781 1882 5856 dicere
1903 5779 2072 5856 filio?

483 5855 532 5903 .κὶ
560 5853 691 5962 titillet
715 5847 857 5961 uertat
881 5852 1062 5913 dicere,
1092 5847 1194 5916 ipse
1397 5855 1468 5899 est
1493 5847 1694 5897 Verbum
1731 5847 1905 5895 Patris.
1932 5853 2072 5893 Num-

487 5931 586 5962 arm
611 5949 623 5962 .
652 5923 744 5962 etc.
855 5947 867 5961 .

487 5916 623 5977 quid,
652 5923 744 5963 etc.
811 5920 867 5961 Ii.

1421 434 1487 491 IN
1523 431 1803 491 JOANNIS
1840 428 2315 497 EVANGELIUM,
2355 431 2412 489 8.
2455 433 2818 493 AUGUSTINI

3609 446 3718 510 1588

2183 547 2520 619 quandoque.
2581 550 2778 608 Nuncsi
2846 567 2953 608 non
3022 553 3248 624 potestis
3317 556 3722 629 comprehendere

2131 668 2134 670 η
2181 641 2307 710 quid
2360 643 2430 697 sit
2485 644 2656 711 Deus,
2692 646 2774 700 vcl
2822 643 2923 701 hoc
2973 645 3413 721 comprehendite
3469 651 3583 720 quid
3639 671 3722 714 non

2179 733 2250 788 sit
2300 733 2439 788 Deus
2483 752 2496 788 :
2543 737 2764 790 multum
2813 735 3163 808 proieceritis,
3205 738 3386 794 sinon
3423 739 3557 796 aliud
3596 744 3756 815 quam'

2179 832 2283 890 est,
2317 825 2384 880 de
2431 827 2538 880 Deo
2565 829 2860 883 senseritis.
2913 828 3153 884 Nondum
3200 839 3356 901 potes
3396 837 3652 902 pervenire
3671 841 3723 898 ad

2178 916 2303 986 quid
2333 917 2423 984 sit,
2456 919 2672 988 perveni
2710 919 2774 973 ad
2806 919 2930 990 quid
2956 935 3060 976 non
3089 921 3176 976 sit.
3208 921 3328 978 Non
3355 933 3436 978 est
3464 924 3594 982 Deus
3625 943 3721 986 cor-

2180 1023 2300 1078 pus,
2345 1026 2448 1064 non
2474 1019 2636 1076 terra,
2669 1026 2774 1067 non
2808 1014 3021 1080 coelum,
3049 1029 3156 1071 non
3200 1015 3349 1083 luna,
3399 1033 3503 1073 non
3525 1020 3616 1089 sol,
3643 1038 3726 1080 non

2177 1101 2364 1170 stellae,
2389 1117 2495 1158 non
2540 1106 2834 1175 corporalia
2880 1108 2999 1161 ista.
3047 1106 3103 1162 Si
3147 1114 3295 1163 enim
3345 1122 3451 1165 non
3489 1111 3726 1182 cmlestia,

2176 1202 2375 1262 quanto
2423 1195 2598 1251 minus
2642 1199 2891 1252 terrena?
2919 1197 3066 1254 Tolle
3110 1213 3272 1254 omne
3320 1213 3530 1270 corpus.
3575 1201 3729 1262 Adhuc

2177 1285 2298 1340 andi
2326 1287 2469 1342 aliud
2502 1307 2515 1344 :
2549 1304 2658 1343 non
2687 1298 2769 1344 est
2790 1289 2930 1344 Deus
2968 1291 3238 1346 mutabilis
3263 1292 3502 1362 spiritus.
3530 1290 3649 1350 Nam
3671 1294 3730 1351 fa-

2179 1388 2315 1447 teor,
2337 1388 2388 1436 et
2420 1380 2690 1436 fatendum
2710 1393 2811 1448 est,
2836 1383 2957 1453 quia
2982 1381 3328 1454 Evangelium
3355 1383 3599 1454 loquitur,
3619 1383 3730 1442 Deus

2175 1471 2383 1540 spiritus
2411 1482 2502 1525 est.
2534 1471 2640 1526 Sed
2685 1472 2849 1526 transi
2893 1486 3108 1528 omnem
3133 1472 3444 1529 mutabilem
3488 1471 3728 1547 spiritum,

2178 1564 2341 1618 transi
2363 1565 2604 1633 spiritum
2625 1565 2713 1635 qui
2741 1564 2900 1620 modo
2920 1566 3040 1629 scit,
3071 1565 3233 1622 modo
3264 1566 3456 1636 nescit,
3476 1567 3623 1623 modo
3643 1584 3731 1625 me

2177 1657 2350 1722 minit,
2391 1666 2445 1711 ct
2490 1657 2854 1726 obliviscitur;
2885 1658 2997 1714 vult
3035 1657 3178 1730 quod
3227 1657 3467 1725 nolebat,
3508 1675 3606 1715 non
3643 1662 3732 1716 vult

2175 1749 2316 1818 quod
2347 1749 2595 1816 volebat;
2639 1751 2751 1806 sive
2781 1751 3010 1821 patiatur
3029 1751 3138 1821 jam
3184 1752 3318 1806 istas
3349 1749 3728 1819 mutabilitatcs,

2177 1844 2288 1899 sive
2329 1846 2435 1914 pati
2477 1845 2645 1917 possit
2679 1864 2691 1900 :
2723 1846 2885 1901 transi
2932 1846 3046 1901 haec
3073 1846 3280 1900 omnia.
3313 1843 3435 1900 Non
3483 1845 3665 1900 invenis
3687 1845 3729 1901 in

2179 1933 2288 1988 Deo
2315 1935 2512 2006 aliquid
2536 1935 2920 2004 mutabilitatis,
2944 1951 3048 1991 non
3074 1935 3274 2008 aliquid
3293 1935 3437 2007 quod
3452 1937 3598 1991 aliter
3617 1953 3728 1992 nunc

2175 2027 2263 2092 sit,
2301 2027 2458 2082 aliter
2483 2027 2640 2099 paulo
2665 2039 2786 2083 ante
2817 2027 2989 2084 fuerit.
3020 2028 3152 2084 Nam
3183 2029 3273 2084 ubi
3305 2029 3510 2084 invenis
3536 2028 3672 2084 aliter
3689 2039 3729 2084 et

2175 2121 2352 2184 aliter,
2405 2120 2541 2175 facta
2569 2130 2650 2175 est
2681 2121 2750 2175 ibi
2781 2119 3022 2191 quaadam
3063 2137 3206 2176 mors
3236 2141 3250 2176 :
3287 2137 3436 2176 mors
3478 2122 3609 2177 enim
3633 2133 3727 2191 est,

2175 2229 2280 2267 non
2303 2228 2424 2268 esse
2444 2213 2584 2282 quod
2604 2214 2716 2267 fuit.
2745 2212 3062 2268 Immortalis
3087 2213 3283 2269 dicitur
3308 2214 3487 2269 anima
3511 2231 3523 2267 ε
3545 2215 3730 2285 estqui-

2173 2305 2316 2370 dem,
2349 2305 2472 2374 quia
2510 2304 2634 2358 vivit
2669 2319 2879 2374 semper
2903 2305 3098 2371 auima,
3131 2315 3185 2360 et
3213 2306 3381 2360 estin
3409 2304 3492 2360 illa
3522 2303 3726 2375 quaedam

2173 2395 2276 2450 vita
2305 2409 2642 2465 permanens,
2671 2395 2764 2450 sed
2800 2394 3068 2452 mutabilis
3093 2394 3218 2450 vita.
3253 2395 3559 2452 Secundum
3585 2403 3725 2449 mnta-

2170 2487 2428 2542 bilitatcm
2479 2487 2599 2541 vita:
2644 2485 2800 2558 hujus
2823 2496 2879 2543 et
2913 2489 3150 2543 mortalis
3174 2489 3284 2543 dici
3329 2497 3501 2559 potest
3529 2505 3540 2540 :
3568 2491 3671 2558 quia
3693 2488 3727 2541 si

2169 2580 2378 2634 vivebat
2404 2579 2691 2648 sapienter,
2724 2589 2777 2634 et
2815 2579 3026 2652 desipit,
3057 2590 3264 2636 mortua
3293 2589 3377 2636 est
3406 2582 3459 2634 in
3490 2579 3725 2642 deterius;

2169 2670 2216 2724 si
2248 2670 2456 2724 vivebat
2486 2670 2817 2740 insipienter,
2850 2679 2902 2725 et
2931 2671 3086 2740 sapit,
3120 2682 3332 2725 mortua
3363 2680 3445 2725 est
3473 2671 3524 2724 in
3553 2668 3724 2724 melius.

2169 2761 2300 2817 Nam
2328 2777 2448 2818 esse
2476 2771 2699 2818 mortem
2723 2763 2774 2818 in
2802 2763 3056 2828 deterius,
3087 2778 3208 2818 esse
3239 2771 3466 2818 mortem
3492 2762 3540 2816 in
3566 2758 3725 2816 melius

2166 2856 2434 2925 Scriptura
2464 2871 2561 2910 nos
2587 2857 2759 2912 docet.
2794 2855 2985 2926 Utique
3015 2857 3066 2911 in
3097 2857 3338 2912 deterius
3366 2855 3553 2911 mortui
3582 2862 3724 2921 erant,

2167 2949 2236 3004 de
2261 2950 2452 3020 quibus
2477 2949 2687 3016 dicitur,
2719 2949 2843 3004 Sine
2869 2959 3110 3015 mortuos,
3134 2949 3384 3019 sepeliant
3409 2957 3616 3003 mortuos
3633 2960 3725 2998 suos

2168 3040 2380 3112 (Matth.
2414 3059 2523 3107 vm,
2551 3041 2679 3114 22);
2724 3053 2797 3107 et,
2830 3041 3014 3113 Surge,
3055 3041 3142 3115 qui
3179 3041 3395 3109 dormis,
3425 3051 3471 3094 et
3505 3051 3724 3108 exsurget:

2167 3135 2397 3199 mortuis,
2422 3143 2466 3187 et
2494 3133 2798 3186 illuminabit
2823 3145 2871 3186 te
2889 3129 3116 3187 Christus
3143 3129 3362 3207 (Ep/res.
3391 3148 3443 3200 v,
3473 3129 3584 3203 il);
3606 3135 3652 3184 et
3673 3125 3724 3180 de

2169 3227 2267 3280 hac
2286 3226 2530 3293 lectione,
2550 3225 2762 3290 Quando
2787 3225 2971 3280 mortui
2986 3225 3209 3290 audient,
3236 3237 3284 3282 et
3311 3227 3399 3299 qui
3422 3223 3653 3278 audierint
3665 3221 3723 3272 vi-

2166 3326 2298 3370 vent.
2332 3316 2386 3370 lu
2409 3316 2640 3372 deterius
2665 3318 2856 3372 mortui
2883 3325 3055 3384 erant,
3079 3315 3200 3371 ideo
3224 3315 3560 3372 reviviscunt.
3593 3309 3723 3366 Revi-

2168 3408 2420 3464 viscendo
2466 3408 2764 3462 moriuntur
2793 3406 2845 3461 in
2891 3407 3102 3470 melius,
3130 3407 3264 3476 fquia
3311 3416 3366 3461 et
3395 3397 3722 3460 reviviscendo

2167 3517 2272 3556 non
2313 3509 2468 3555 erunt
2496 3499 2636 3569 quod
2666 3509 2859 3554 erant:
2892 3513 2995 3553 non
3035 3513 3154 3554 esse
3197 3507 3382 3552 autem
3423 3492 3556 3566 quod
3595 3497 3717 3551 erat,

2168 3608 2313 3647 mors
2343 3600 2442 3646 est.
2475 3590 2579 3646 Sed
2625 3589 2778 3656 forte,
2808 3591 2851 3644 si
2897 3590 2950 3644 in
2977 3589 3164 3645 melius
3191 3599 3293 3653 est,
3326 3601 3434 3644 non
3463 3581 3722 3654 appellatur

2168 3684 2355 3738 mors?
2380 3683 2677 3753 Appellavit
2705 3682 2850 3736 illam
2883 3691 3105 3736 mortem
3139 3681 3429 3750 Apostolus
3466 3696 3477 3731 :
3507 3675 3561 3732 Si
3586 3682 3722 3727 autem

2168 3779 2352 3831 mortui
2371 3779 2486 3831 estis
2511 3794 2625 3830 cum
2645 3777 2840 3831 Christo
2866 3777 2927 3829 ab
2957 3775 3208 3829 elementis
3234 3775 3394 3846 hujus
3424 3768 3602 3831 mundi,
3623 3761 3723 3837 quid

2167 3869 2334 3923 adhuc
2355 3869 2486 3924 velut
2512 3869 2723 3922 viventes
2749 3869 2809 3923 de
2835 3869 2928 3921 hoc
2956 3867 3143 3920 mundo
3168 3865 3436 3920 decernitis
3457 3861 3651 3934 (Coloss.
3671 3870 3715 3922 ιι,

2166 3961 2292 4035 20)?
2316 3973 2368 4016 et
2389 3963 2600 4024 iterum,
2629 3959 2818 4014 Mortui
2842 3959 2973 4013 enim
2999 3961 3134 4022 estis,
3157 3968 3203 4012 et
3229 3960 3338 4013 vita
3356 3967 3516 4012 vestra
3545 3952 3722 4006 abscon-

2169 4054 2274 4107 dita
2314 4063 2384 4108 est
2413 4069 2524 4107 cum
2579 4051 2776 4105 Christo
2826 4051 2880 4104 in
2933 4048 3041 4104 Deo
3084 4048 3212 4121 (Id.
3259 4065 3342 4118 ιιι,
3382 4049 3471 4118 3).
3504 4041 3620 4100 Mori
3644 4049 3720 4093 nos

2170 4145 2280 4198 vult
2313 4154 2372 4198 ut
2401 4146 2659 4205 vivamus,
2691 4141 2812 4211 quia
2845 4141 3070 4194 viximus
3111 4151 3165 4194 ut
3193 4151 3542 4195 moraremur.
3585 4125 3720 4199 ρυιά-

2169 4237 2297 4307 quid
2327 4252 2452 4307 ergo
2477 4246 2528 4291 et
2573 4249 2603 4289 a
2631 4235 2848 4288 meliore
2879 4233 2930 4287 in
2973 4231 3226 4298 deterius,
3269 4241 3327 4286 et
3354 4247 3384 4286 a
3413 4225 3653 4284 deteriore
3675 4217 3715 4272 in

2171 4329 2360 4382 melius
2386 4328 2627 4390 moritur,
2656 4339 2760 4380 non
2787 4337 2869 4380 est
2896 4325 2995 4378 hoc
3017 4325 3154 4379 Deus
3177 4342 3189 4375 :
3214 4325 3339 4396 quia
3367 4335 3537 4392 neque
3555 4318 3602 4372 in
3625 4325 3720 4367 me-

2169 4420 2274 4475 lius
2302 4421 2379 4473 ire
2404 4427 2576 4488 potest
2601 4431 2805 4472 summa
2833 4417 3062 4483 bonitas,
3099 4431 3268 4486 neque
3293 4415 3346 4470 iu
3374 4409 3594 4470 deterius
3617 4411 3716 4488 vera

2171 4513 2460 4567 aeternitas.
2489 4510 2626 4565 Vera
2650 4510 2791 4565 enim
2813 4510 3080 4564 mterniias
3106 4517 3206 4573 est,
3239 4509 3328 4564 ubi
3351 4500 3591 4574 temporis
3613 4487 3715 4550 nihil

2172 4612 2271 4658 est.
2302 4602 2430 4657 Erat
2455 4612 2628 4656 autem
2675 4601 2834 4656 modo
2861 4600 2980 4666 hoc,
3012 4609 3065 4654 et
3094 4600 3252 4654 modo
3278 4597 3447 4654 illud?
3481 4595 3582 4664 jam
3610 4597 3715 4640 tem-

2173 4709 2270 4765 pus
2298 4693 2588 4748 admissum
2616 4699 2717 4757 est,
2751 4703 3004 4746 aeternum
3031 4705 3139 4746 non
3166 4700 3265 4746 est.
3298 4690 3428 4745 Nam
3454 4694 3508 4741 ut
3535 4672 3715 4738 noveri'

2175 4789 2241 4842 tis
2265 4788 2387 4858 quia
2414 4802 2520 4841 non
2565 4788 2641 4841 sic
2672 4786 2810 4840 Deus
2834 4783 3100 4853 quomodo
3124 4785 3296 4838 anima
3330 4801 3348 4839 :
3371 4790 3510 4839 certe
3533 4777 3714 4858 immot-

2173 4854 2298 4935 talis
2323 4888 2407 4935 est
2435 4879 2606 4933 anima
2632 4893 2646 4943 ;
2680 4875 2803 4947 quid
2833 4890 2960 4945 ergo
2997 4883 3080 4930 est
3105 4875 3242 4945 quod
3272 4877 3345 4930 ait
3375 4865 3636 4943 Apostolus
3658 4854 3710 4947 de

2176 4975 2302 5037 Deo,
2334 4972 2434 5039 Qui
2462 4972 2598 5026 solus
2636 4946 2781 5022 habet
2807 4969 3228 5022 immortalitatem
3260 4967 3315 5038 (Ι
3346 4965 3468 5021 Tim.
3498 4975 3562 5021 vt,
3592 4946 3708 5039 16),;

2174 5065 2273 5119 nisi
2298 5064 2420 5134 quia
2448 5062 2547 5116 hoc
2568 5070 2752 5130 aperte
2777 5059 2927 5121 dixit,
2957 5059 3111 5113 Solus
3132 5059 3290 5114 habet
3315 5038 3709 5138 incommutabile

2177 5129 2357 5219 tatem,
2387 5153 2510 5222 quia
2536 5129 2681 5207 solus
2707 5151 2864 5205 habet
2886 5165 3067 5204 veram
3098 5145 3482 5205 aeternitatem?
3507 5140 3629 5207 Ergo
3651 5129 3705 5183 ibi

2175 5247 2318 5301 nulla
2345 5245 2682 5300 mutabilitas.

2249 5337 2335 5392 10.
2364 5338 2607 5406 Agnosce
2632 5337 2682 5390 in
2707 5344 2758 5389 te
2782 5335 3000 5405 aliquid,
3030 5334 3170 5404 quod
3193 5334 3312 5388 volo
3339 5333 3534 5391 dicere,
3559 5322 3704 5414 intus:

2178 5430 2318 5483 intus
2340 5427 2388 5481 in
2414 5400 2504 5490 ie;
2538 5441 2642 5480 non
2667 5427 2718 5479 in
2748 5434 2799 5480 te
2823 5400 2972 5495 quasi
2989 5400 3061 5479 in—
3079 5439 3302 5496 corpore
3321 5433 3429 5486 tuo,
3457 5426 3564 5471 nam
3588 5413 3632 5461 et
3649 5400 3706 5504 illi

2178 5530 2352 5592 potest
2381 5521 2482 5576 dici
2523 5519 2576 5574 in
2604 5529 2674 5574 te.
2719 5518 2774 5572 In
2801 5492 2855 5573 te
2879 5526 2962 5573 est
2986 5519 3126 5574 enim
3157 5492 3386 5582 sanitas,
3415 5513 3462 5567 ln
3487 5516 3534 5561 te
3555 5492 3705 5570 qtlw'i‘

2179 5617 2266 5670 bet
2307 5621 2469 5679 tutas,
2502 5613 2593 5668 sed
2623 5610 2910 5667 secundum
2955 5624 3180 5680 corpus;
3224 5610 3276 5664 in
3313 5617 3364 5663 te
3401 5609 3476 5658 est
3513 5597 3700 5650 πιθηωο

2179 5721 2276 5777 pus
2305 5716 2427 5760 tuus
2455 5723 2468 5758 :
2497 5705 2589 5760 sed
2616 5703 2756 5758 aliud
2784 5711 2864 5757 est
2905 5703 2956 5756 in
2987 5711 3036 5756 te
3080 5701 3218 5755 intus
3238 5742 3252 5766 ,
3289 5694 3424 5754 aliud
3447 5693 3493 5746 in
3531 5693 3576 5739 ιε
3609 5685 3703 5777 mf

2182 5771 2339 5869 quam
2367 5798 2419 5851 in
2447 5805 2593 5851 veste
2619 5806 2728 5850 tua.
2757 5795 2862 5851 Sed
2887 5795 3125 5864 relinque
3152 5791 3281 5848 foris
3303 5798 3358 5847 et
3384 5790 3560 5841 vestem
3585 5771 3702 5869 will

2184 5867 2239 5949 et
2260 5904 2474 5949 carnem
2491 5897 2653 5956 tuam,
2672 5886 2936 5946 descende
2957 5889 3007 5942 in
3029 5895 3101 5952 te,
3121 5885 3204 5940 adi
3226 5876 3545 5941 secretarium
3561 5867 3694 5918 tam":
