3916 6368
58 3080 65 3155 ε

272 448 390 512 i589
1338 451 1561 511 CAPUT
1602 452 1666 507 ν.
1705 441 2115 504 TRACTATUS
2152 448 2337 505 XXIII.

268 576 472 624 mentem
504 573 665 632 tuam,
688 573 743 622 et
768 564 840 621 ibi
866 564 985 622 vide
1009 565 1149 638 quod
1182 565 1302 621 volo
1326 564 1525 631 dicere,
1556 566 1602 620 si
1628 572 1818 635 potue-

264 654 341 715 ris.
378 659 431 715 Si
450 658 587 714 enim
616 668 669 713 tu
712 655 826 729 ipse
853 673 885 713 a
917 666 968 714 te
1000 659 1156 729 longe
1201 673 1259 714 es
1278 698 1291 724 ,
1326 659 1435 714 Deo
1464 657 1820 729 propinquare

264 751 386 809 unde
410 751 597 823 potes?
623 738 873 807 Dicebam
901 748 968 808 de
992 751 1133 818 Deo;
1161 761 1216 808 et
1237 753 1628 809 intellecturum
1655 759 1709 807 te
1731 766 1820 807 ar-

264 836 554 902 bitrabaris:
582 840 650 898 de
667 843 846 899 anima
873 840 1012 910 dico,
1040 843 1106 900 de
1135 851 1187 901 te
1213 844 1368 915 dicoj;
1391 844 1646 916 intelligo,
1674 842 1747 899 ibi
1771 851 1822 901 le

264 934 491 1010 probabo.
533 932 650 991 Non
678 934 824 991 enim
849 933 1006 992 valde
1051 935 1207 1008 longe
1259 951 1420 1011 pergo
1461 937 1514 993 in
1539 936 1816 1007 exempla,

263 1028 450 1102 quando
471 1027 536 1085 de
556 1037 737 1085 mente
758 1038 845 1085 tua
874 1030 996 1086 volo
1015 1030 1244 1102 aliquam
1265 1031 1665 1088 similitudinem
1689 1030 1821 1089 dare

264 1118 319 1175 ad
353 1114 508 1175 Deum
546 1130 692 1175 tuum
717 1136 733 1186 ;
764 1118 886 1192 quia
913 1120 1096 1192 utique
1119 1135 1227 1176 non
1256 1121 1313 1177 in
1352 1136 1575 1194 corpore
1596 1164 1613 1191 ,
1641 1121 1735 1178 sed
1764 1122 1820 1178 in

263 1211 361 1281 ipsa
396 1217 568 1267 mente
607 1207 779 1266 factus
812 1220 893 1267 est
920 1208 1079 1266 homo
1107 1211 1172 1268 ad
1203 1211 1486 1284 imaginem
1512 1213 1627 1269 Dei.
1662 1213 1717 1268 ln
1741 1213 1818 1269 si-

262 1300 532 1358 militudine
556 1317 653 1359 sua
679 1296 845 1359 Deum
874 1318 1191 1374 quaeramus,
1224 1303 1277 1361 in
1298 1304 1525 1376 imagine
1544 1321 1639 1362 sua
1667 1305 1821 1363 Crea-

264 1402 409 1448 torem
433 1407 800 1464 agnoscamus.
828 1380 903 1450 lbi
929 1394 1090 1462 intus,
1120 1395 1165 1452 si
1194 1397 1555 1468 potuerimus,
1582 1399 1819 1455 invenia-

266 1492 366 1539 mu‘s
382 1476 478 1540 boc
516 1483 654 1555 quod
690 1480 950 1552 dicimus;
982 1485 1251 1557 quomodo
1292 1487 1620 1546 demonstret
1660 1490 1820 1547 Pater

267 1575 410 1644 Filio,
438 1587 489 1633 et
518 1576 682 1632 Filius
707 1574 883 1634 videat
905 1579 1046 1650 quod
1073 1579 1403 1637 demonstrat
1428 1582 1586 1638 Pater
1603 1625 1618 1650 ,
1664 1593 1818 1640 ante-

267 1685 403 1740 quam
428 1669 511 1725 ﬂat
537 1669 735 1742 aliquid
762 1688 791 1727 a
817 1666 976 1729 Patre
997 1687 1091 1743 per
1115 1671 1326 1728 Filium.
1358 1672 1463 1730 Sed
1488 1690 1607 1729 cum
1632 1674 1818 1732 dixero

268 1770 313 1817 et
335 1761 635 1817 intellexeris
660 1805 675 1831 ,
721 1778 821 1819 nec
848 1763 927 1820 sic
966 1772 1119 1835 putes
1153 1764 1262 1835 jam
1302 1764 1431 1821 illud
1467 1764 1664 1836 aliquid
1715 1766 1818 1824 tale

268 1868 386 1921 esse,
416 1863 466 1909 ut
492 1869 673 1911 serves
695 1855 767 1911 ibi
795 1856 1041 1926 pietatem
1067 1898 1081 1921 ,
1113 1871 1272 1928 quam
1298 1856 1419 1913 volo
1444 1871 1473 1911 a
1503 1866 1553 1913 te
1581 1859 1814 1924 servari,

268 1955 314 2000 et
344 1945 586 2016 praecipue
622 1960 816 2002 moneo
852 1966 866 2003 :
899 1944 952 2002 id
973 1955 1085 2013 εει,
1121 1946 1244 2003 utsi
1271 1962 1377 2003 non
1408 1949 1549 2005 vales
1577 1962 1818 2020 compre-

269 2033 474 2094 hendere
501 2037 635 2094 Deus
664 2036 791 2109 quid
823 2038 890 2095 sit
914 2079 930 2105 ,
977 2053 1162 2111 parum
1206 2053 1313 2096 non
1360 2039 1452 2097 tibi
1495 2050 1650 2113 putes
1698 2057 1817 2098 esse

268 2129 385 2184 scire
406 2128 523 2201 quid
550 2145 655 2185 non
676 2130 766 2187 sit.
1768 2180 1775 2183 .

327 2221 402 2276 lt.
433 2219 562 2277 Ecce
591 2221 643 2277 in
687 2230 867 2278 mente
913 2229 998 2276 tua
1041 2220 1196 2277 video
1224 2222 1397 2294 aliqua
1434 2220 1540 2278 duo
1562 2264 1577 2289 ,
1611 2238 1815 2279 memo-

267 2294 379 2367 riam
407 2322 539 2370 tuam
569 2323 624 2371 et
645 2312 1019 2386 cogitationem
1047 2323 1187 2373 tuam
1208 2358 1224 2385 ,
1250 2315 1302 2372 id
1326 2325 1444 2383 est,
1471 2317 1619 2388 quasi
1648 2318 1816 2374 aciem

265 2404 515 2477 quamdam
545 2417 599 2465 et
633 2409 876 2465 obtutum
921 2409 1113 2465 animm
1153 2419 1275 2467 tute.
1319 2409 1477 2467 Vides
1501 2410 1695 2481 aliquid
1717 2453 1733 2477 ,
1763 2419 1818 2467 et

266 2513 348 2569 per
367 2498 536 2556 oculos
562 2500 820 2572 percipis,
844 2509 894 2556 et
922 2501 1265 2557 commendas
1304 2502 1572 2557 memoriae
1597 2519 1609 2554 :
1636 2502 1708 2557 ibi
1734 2510 1817 2558 est

266 2589 391 2646 intus
409 2589 539 2663 quod
564 2593 837 2648 memoriae
862 2590 1265 2660 commendasti,
1290 2592 1340 2647 in
1367 2592 1546 2648 abdito
1570 2591 1813 2648 recondi-

266 2682 362 2736 tum
395 2680 537 2753 quasi
563 2683 615 2738 in
642 2680 839 2739 horreo
858 2725 873 2751 ,
901 2682 1051 2755 quasi
1081 2682 1131 2737 in
1160 2682 1433 2750 thesauro,
1464 2682 1613 2754 quasi
1645 2681 1695 2737 in
1725 2697 1815 2737 se-

265 2772 466 2828 cretario
479 2771 703 2845 quodam
725 2783 776 2829 et
793 2772 1049 2844 penetrali
1067 2772 1335 2828 interiore.
1351 2771 1563 2843 Cogilas
1580 2772 1812 2840 aliunde,

265 2858 464 2917 intentio
487 2870 569 2919 tua
606 2862 733 2919 alibi
759 2870 878 2929 est;
925 2860 1051 2918 illud
1085 2861 1226 2934 quod
1251 2861 1426 2919 vidisti
1466 2861 1517 2917 in
1560 2861 1814 2919 memoria

265 2960 337 3006 tua
362 2964 467 3021 est,
504 2963 558 3010 et
604 2971 710 3011 non
740 2954 947 3010 videtur
986 2971 1014 3008 a
1057 2965 1108 3011 te
1131 2997 1145 3021 ,
1184 2955 1307 3027 quia
1330 2955 1598 3027 'cogitatio
1637 2965 1721 3011 tua
1761 2955 1814 3013 in

258 3040 384 3100 aliud
429 3045 729 3102 intenditur.
785 3042 939 3103 Modo
992 3046 1196 3117 probo,
1243 3044 1532 3102 scientibus
1576 3044 1811 3118 loquor:

255 3130 603 3209 Carthaginem
644 3139 862 3194 nomino
884 3180 899 3205 ,
928 3153 1115 3195 omnes
1140 3136 1298 3194 modo
1326 3138 1467 3195 intus
1492 3139 1814 3212 quicumque

254 3234 365 3282 eam
404 3228 594 3297 nostis,
625 3229 834 3285 vidistis
858 3228 1253 3301 Carthaginem.
1296 3228 1558 3303 Numquid
1590 3240 1667 3287 tot
1692 3241 1815 3289 sunt

256 3316 579 3392 Carthagines
618 3330 749 3395 quot
788 3321 980 3379 animzc
1008 3323 1240 3378 vestrae?
1267 3322 1467 3379 Omnes
1489 3323 1695 3379 vidistis
1722 3322 1815 3395 per

253 3425 434 3468 nomen
469 3413 568 3470 hoc
600 3434 614 3472 :
645 3431 743 3487 per
787 3423 1011 3487 quatuor
1039 3413 1136 3471 has
1178 3412 1408 3488 syllabas
1449 3425 1603 3472 notas
1625 3416 1810 3485 vobis,

249 3494 567 3577 erumpentes
593 3523 662 3563 ex
701 3522 797 3564 ore
825 3523 979 3575 meo,
1029 3515 1184 3564 taeta:
1225 3518 1347 3565 sunt
1389 3524 1546 3565 aures
1586 3519 1810 3579 vestrm,

252 3605 408 3654 tactus
426 3609 505 3655 est
528 3615 720 3656 sensus
747 3601 937 3655 animm
957 3615 1056 3673 per
1084 3615 1279 3672 corpus
1297 3642 1313 3669 ,
1335 3608 1389 3656 et
1412 3601 1480 3658 ab
1503 3601 1603 3657 alia
1634 3601 1811 3658 inten-

253 3687 385 3744 tione
411 3689 635 3748 reﬂexus
656 3700 737 3747 est
763 3691 971 3748 animus
996 3690 1061 3747 ad
1083 3689 1135 3746 id
1160 3691 1301 3762 quod
1330 3690 1403 3748 ibi
1430 3700 1546 3748 erat
1567 3736 1582 3762 ,
1611 3701 1662 3748 et
1684 3692 1815 3748 vidit

254 3777 623 3852 Carthaginem.
654 3780 919 3854 Numquid
951 3786 1076 3838 tunc
1114 3791 1195 3837 est
1235 3780 1305 3836 ibi
1334 3781 1597 3854 Carthago
1637 3781 1812 3838 facta?

255 3865 358 3926 Jam
399 3870 467 3929 ibi
493 3881 641 3943 erat,
680 3872 776 3929 sed
822 3872 1038 3929 latebat.
1076 3871 1253 3940 Quare
1292 3872 1362 3930 ibi
1406 3872 1641 3928 latebat?
1677 3870 1812 3943 Quia

256 3958 441 4018 animus
482 3972 601 4020 tuus
642 3964 696 4020 in
739 3962 880 4019 aliud
926 3964 1230 4020 attendebat
1261 3982 1273 4017 :
1301 3979 1423 4020 cum
1448 3978 1578 4019 vero
1616 3965 1811 4022 reﬂexa

257 4062 329 4105 est
365 4054 601 4124 cogitatio
646 4062 731 4109 tua
756 4054 822 4109 ad
852 4054 901 4108 id
934 4055 1071 4124 quod
1105 4064 1223 4110 erat
1265 4056 1317 4109 in
1345 4056 1601 4110 memoria
1630 4097 1645 4122 ,
1691 4056 1813 4110 inde

259 4138 459 4199 formata
483 4152 601 4213 est,
627 4152 685 4200 et
723 4140 856 4199 visio
880 4142 1120 4215 qumdam
1149 4128 1309 4198 animi
1350 4139 1484 4197 facta
1515 4149 1613 4197 est.
1643 4143 1811 4198 Antea

260 4244 350 4290 non
369 4244 477 4290 erat
494 4236 645 4302 visio,
672 4235 767 4291 sed
796 4243 913 4290 erat
936 4233 1189 4289 memoria
1225 4252 1237 4287 :
1269 4232 1464 4289 reﬂexa
1493 4234 1812 4304 cogitatione

262 4324 318 4381 ad
339 4329 656 4399 memoriam,
686 4328 820 4385 facta
846 4336 927 4385 est
950 4328 1102 4385 visio.
1132 4324 1524 4384 Demonstravit
1544 4342 1672 4399 ergo
1699 4344 1813 4384 me-

264 4418 405 4474 moria
430 4426 514 4476 tua
541 4417 848 4492 cogitationi
898 4429 1002 4475 tua:
1042 4417 1444 4490 Carthaginem,
1488 4425 1542 4475 et
1578 4418 1720 4490 quod
1760 4420 1812 4474 in

265 4504 337 4563 lita
360 4520 462 4568 erat
488 4523 772 4584 antequam
803 4511 1109 4569 intenderes
1128 4556 1144 4581 ,
1175 4518 1446 4569 conversa:
1469 4511 1534 4568 ad
1554 4528 1614 4569 se
1644 4513 1815 4569 inten-

265 4598 374 4657 doni
402 4603 730 4675 cogitationis
755 4602 1007 4660 ostendit.
1034 4603 1171 4660 Ecce
1207 4602 1343 4659 facta
1382 4612 1465 4659 est
1503 4617 1532 4658 a
1562 4603 1817 4661 memoria

268 4689 652 4765 demonstratio,
680 4693 817 4751 facta
844 4705 925 4751 est
958 4694 1009 4750 in
1040 4694 1357 4766 cogitatione
1396 4695 1560 4761 visio;
1591 4702 1644 4751 et
1671 4696 1815 4751 nulla

268 4785 407 4841 verba
434 4787 484 4842 in
512 4788 687 4845 medio
715 4797 1067 4843 cucurrerunt
1088 4829 1101 4853 ,
1145 4787 1347 4842 nullum
1388 4803 1451 4843 ex
1493 4803 1716 4859 corpore
1744 4788 1818 4843 si-

268 4891 402 4945 gnum
425 4880 602 4937 datum
630 4890 711 4937 est
740 4898 753 4935 :
778 4896 878 4937 nec
904 4880 1141 4946 innuisti,
1173 4894 1269 4933 nec
1299 4878 1574 4949 scripsisti,
1605 4893 1702 4934 nec
1730 4894 1818 4935 so-

271 4969 424 5037 nuisti;
447 4980 499 5028 et
526 4982 702 5028 tamen
720 4971 972 5043 cogitatio
996 4971 1125 5026 vidit
1149 4970 1292 5041 quod
1317 4971 1572 5025 memoria
1595 4972 1818 5025 demon-

267 5062 438 5117 stravit.
462 5062 713 5134 Ejusdem
754 5074 929 5118 autem
958 5061 1269 5117 substantiae
1325 5071 1439 5129 est,
1482 5071 1536 5117 et
1574 5077 1691 5132 quae
1718 5060 1816 5116 de-

267 5157 566 5225 monstravit,
592 5166 645 5212 et
674 5155 759 5211 cui
792 5154 1195 5210 demonstravit.
1223 5153 1326 5209 Sed
1354 5152 1725 5224 Carthaginem
1754 5158 1814 5206 ut

266 5242 455 5306 haberet
492 5250 753 5306 memoria
799 5256 885 5304 tua
907 5291 921 5316 ,
950 5263 1045 5319 per
1085 5246 1267 5303 oculos
1297 5247 1479 5301 hausta
1517 5252 1601 5301 est
1640 5246 1813 5316 imago

267 5335 359 5395 hac
381 5358 396 5395 :
417 5340 589 5398 vidisti
628 5342 771 5398 enim
814 5340 954 5410 quod
985 5340 1041 5394 in
1069 5338 1325 5395 memoria
1353 5337 1694 5392 rcconderes.
1725 5334 1814 5393 Sic

262 5429 475 5489 arborem
505 5450 668 5505 quam
693 5430 979 5488 meministi
1000 5429 1198 5491 vidisti,
1229 5428 1305 5483 sic
1334 5426 1695 5493 montem,sic
1717 5422 1817 5483 ﬂu-

262 5524 414 5593 vium,
445 5528 521 5582 sic
559 5525 716 5581 amici
747 5522 934 5578 faciem
953 5565 967 5589 ,
998 5522 1075 5577 sic
1118 5520 1352 5589 inimici,
1381 5520 1458 5575 sic
1488 5521 1681 5590 patris,
1713 5534 1820 5574 ma-

262 5617 370 5686 tris,
411 5612 625 5684 fratris,
671 5616 905 5685 sororis,
933 5610 1055 5679 lilii,
1088 5612 1281 5679 vicini;
1318 5613 1394 5668 sic
1433 5610 1725 5668 litterarum
1768 5614 1819 5668 in

254 5710 422 5769 codice
456 5709 913 5781 conscriptamm,
962 5704 1040 5762 sic
1082 5702 1249 5776 ipsius
1291 5703 1522 5772 codicis,
1562 5702 1641 5760 sic
1666 5703 1824 5774 hujus

257 5802 473 5861 basilica
500 5822 517 5858 :
548 5803 728 5859 omnia
755 5801 854 5857 ista
876 5799 1086 5866 vidisti,
1114 5806 1169 5854 et
1197 5798 1307 5853 visa
1329 5798 1452 5868 quia
1487 5797 1596 5867 jam
1636 5808 1783 5853 erant
1805 5839 1822 5866 ,

251 5893 519 5953 memoria!
541 5891 958 5957 commendasti;
980 5899 1034 5947 et
1056 5898 1301 5961 tanquam
1328 5889 1548 5960 posuisti
1576 5888 1684 5945 illic
1708 5904 1825 5959 qua:

3366 449 3507 514 {590

1931 560 2138 619 videres
2159 565 2440 637 cogitando
2459 580 2579 621 cum
2611 566 2793 634 velles,
2815 566 2973 623 etiam
3000 583 3120 624 cum
3144 567 3213 626 ab
3234 566 3353 626 istis
3377 584 3505 627 cor«

1924 655 2069 723 poris
2090 655 2257 711 oculis
2276 655 2584 715 abfuissent.
2606 657 2790 715 Vidisti
2821 660 2961 716 enim
2983 657 3352 732 Carthaginem
3378 676 3503 718 cum

1925 757 2072 801 esses
2110 744 2449 820 Carthagini,
2495 750 2697 820 accepit
2723 751 2954 822 speciem
2998 767 3092 821 per
3118 752 3302 807 oculos
3325 753 3502 808 anima

1926 842 2048 903 tua;
2076 837 2191 894 haec
2227 842 2431 910 species
2463 842 2733 899 recondita
2763 852 2845 899 est
2885 844 2938 898 in
2980 842 3234 901 memoria
3273 853 3359 899 tua
3385 885 3399 911 ,
3442 853 3501 900 et

1923 931 2149 985 servasti
2176 931 2374 1004 aliquid
2404 933 2544 990 intus
2574 934 2732 991 homo
2778 935 2917 1006 apud
2960 936 3328 1008 Carthaginem
3371 952 3502 994 con-

1923 1018 2153 1088 stitutus,
2172 1024 2311 1093 quod
2337 1040 2519 1095 posses
2542 1028 2681 1097 apud
2709 1036 2761 1085 te
2781 1027 2961 1085 videre
2978 1029 3135 1084 etiam
3162 1045 3281 1085 cum
3298 1030 3369 1087 ibi
3396 1046 3506 1088 non

1922 1124 2089 1167 esses.
2112 1111 2237 1168 Haec
2266 1116 2441 1169 omnia
2463 1116 2758 1173 forinsecus
2786 1119 3059 1190 accepisti.
3090 1120 3246 1176 Pater
3270 1137 3388 1192 quae
3415 1122 3505 1179 de-

1922 1211 2183 1258 monstrat
2205 1203 2367 1271 Filio,
2396 1221 2499 1262 non
2533 1208 2723 1278 accipit
2748 1209 3079 1268 extrinsecus
3116 1228 3129 1266 :
3166 1211 3307 1269 intus
3331 1220 3499 1270 totum
3542 1248 3547 1253 ι

1923 1292 2128 1362 agitur;
2153 1294 2270 1366 quia
2297 1294 2426 1351 nihil
2456 1307 2816 1355 creaturarum
2839 1312 2982 1357 esset
3005 1304 3368 1371 extrinsecus,
3400 1305 3506 1362 nisi

1924 1380 2024 1439 hoc
2050 1383 2206 1441 Pater
2232 1384 2444 1444 fecisset
2473 1404 2567 1460 per
2589 1391 2802 1446 Filium.
2832 1390 3085 1450 Creatura
3114 1396 3287 1451 omnis
3330 1412 3359 1451 a
3393 1397 3504 1453 Deo

1921 1472 2058 1530 facta
2097 1484 2211 1542 est;
2252 1487 2532 1550 antequam
2563 1481 2712 1537 ﬂeret
2740 1498 2843 1538 non
2875 1493 3009 1539 erat.
3046 1483 3162 1540 Non
3200 1501 3327 1558 ergo
3366 1487 3505 1543 facta

1923 1568 2033 1623 visa
2054 1577 2136 1624 εει
2154 1579 2210 1626 ει
2234 1580 2436 1627 retenta
2458 1576 2795 1643 memoriter,
2817 1584 2874 1631 ut
2893 1593 3009 1633 eam
3040 1572 3195 1634 Pater
3214 1578 3350 1634 Filio
3378 1588 3499 1636 tau-

1922 1675 2079 1732 quam
2123 1660 2377 1718 memoria
2407 1665 2710 1734 cogitationi
2754 1676 3069 1725 monstraret
3113 1688 3125 1724 :
3162 1670 3256 1727 sed
3304 1670 3502 1727 facien-

1921 1752 2043 1809 dam
2066 1754 2224 1811 Pater
2251 1754 2581 1823 monstravit,
2612 1756 2903 1815 faciendam
2934 1759 3099 1817 Filius
3124 1762 3270 1829 vidit,
3299 1771 3352 1819 et
3379 1779 3501 1820 eam

1922 1834 2079 1899 Pater
2110 1844 2525 1903 demonstrando
2564 1846 2716 1915 fecit,
2746 1846 2866 1919 quia
2894 1864 2988 1921 per
3016 1846 3205 1906 Filium
3236 1852 3505 1909 videntem

1921 1933 2063 1990 fecit.
2116 1935 2182 1991 Et
2223 1937 2342 1994 ideo
2379 1955 2597 1995 movere
2635 1956 2739 1995 non
2778 1938 2968 2009 debet,
3009 1943 3130 2012 quia
3155 1938 3353 1999 dictum
3382 1956 3501 2011 est,

1921 2026 2021 2082 nisi
2059 2028 2195 2099 quod
2230 2030 2404 2085 viderit
2447 2030 2658 2087 Patrem
2693 2033 2955 2104 facientem
2983 2051 3129 2091 :non
3156 2035 3353 2093 dictum
3383 2047 3500 2105 est,

1920 2118 2392 2177 demonstrantem.
2421 2122 2528 2179 Per
2565 2123 2667 2181 hoc
2715 2125 2856 2181 enim
2902 2126 3252 2197 significatum
3300 2138 3414 2196 est,
3449 2130 3503 2186 id

1919 2229 2038 2269 esse
2081 2215 2223 2270 Patri
2252 2214 2459 2286 facere,
2488 2214 2628 2288 quod
2671 2229 2752 2275 est
2775 2216 3172 2289 demonstrare;
3199 2229 3259 2277 ut
3300 2236 3364 2277 ex
3401 2221 3506 2279 hoc

1921 2304 2241 2376 intelligatur
2290 2323 2383 2378 per
2428 2308 2618 2366 Filium
2657 2310 2921 2367 videntem
2948 2313 3126 2368 omnia
3170 2313 3361 2370 facere.
3394 2313 3505 2373 Nec

1922 2397 2007 2453 illa
2038 2396 2451 2464 demonstratio,
2490 2416 2585 2455 nec
2616 2400 2701 2456 illa
2731 2401 2864 2469 visio
2893 2404 3200 2473 temporalis
3238 2413 3338 2460 est.
3367 2403 3502 2474 Quia

1921 2488 2061 2544 enim
2084 2504 2179 2559 per
2203 2489 2393 2545 Filium
2414 2490 2545 2546 ﬁunt
2571 2493 2749 2548 omnia
2778 2505 3014 2565 tempora
3030 2534 3044 2557 ,
3078 2511 3180 2551 non
3209 2497 3390 2568 utique
3413 2499 3504 2553 ali-

1919 2594 2024 2650 quo
2047 2588 2283 2651 tempore
2312 2590 2527 2651 possent
2550 2583 2601 2638 ci
2626 2583 2974 2640 demonstrari
3002 2584 3262 2641 facienda.
3291 2586 3379 2643 Sic
3406 2603 3502 2642 au-

1921 2681 2027 2727 tem
2052 2672 2432 2730 demonstratio
2462 2672 2631 2730 Patris
2656 2675 2778 2731 Filii
2805 2676 3061 2733 visionem
3095 2680 3288 2750 gignit,
3316 2696 3503 2751 quem-

1920 2764 2204 2821 admodum
2236 2766 2392 2822 Pater
2418 2766 2608 2824 Filium
2637 2769 2821 2841 gignit.
2869 2771 3261 2829 Demonstratio
3304 2775 3502 2845 quippe

1917 2863 2138 2927 generat
2161 2856 2418 2912 visionem
2440 2900 2455 2927 ,
2489 2873 2592 2913 non
2625 2860 2758 2914 visio
2787 2859 3315 2919 demonstrationem.
3346 2863 3504 2933 Quod

1919 2945 1965 3000 si
1992 2946 2172 3016 purius
2204 2955 2260 3002 et
2285 2947 2566 3018 perfectius
2588 2950 2779 3007 intueri
2805 2952 3101 3009 valeremus
3119 2996 3135 3021 ,
3162 2951 3385 3012 fortasse
3414 2956 3500 3012 ἰη-

1919 3037 2221 3094 veniremus
2244 3054 2344 3095 nec
2368 3040 2513 3096 aliud
2543 3057 2661 3098 esse
2696 3043 2904 3100 Patrem
2924 3087 2940 3113 ,
2971 3044 3111 3101 aliud
3140 3047 3256 3118 ejus
3281 3048 3502 3106 demon-

1918 3129 2264 3194 strationem;
2311 3146 2410 3186 nec
2452 3132 2595 3188 aliud
2625 3131 2815 3189 Filium
2838 3177 2852 3201 ,
2896 3136 3037 3191 aliud
3073 3137 3192 3207 ejus
3216 3138 3496 3196 visionem.

1918 3219 2023 3276 Sed
2053 3222 2098 3277 si
2125 3223 2209 3277 vix
2238 3221 2339 3279 hoc
2361 3226 2618 3297 cepimus,
2642 3227 2729 3281 vix
2758 3227 3026 3299 explicare
3052 3230 3339 3300 potuimus,
3367 3248 3502 3304 quo.

1918 3314 2077 3370 modo
2107 3316 2359 3372 memoria
2388 3317 2528 3389 quod
2557 3319 2697 3390 cepit
2726 3321 3053 3378 extrinsecus
3076 3364 3092 3390 ,
3124 3322 3370 3381 ostendat
3404 3340 3500 3381 co-

1917 3405 2174 3477 gitationi;
2190 3420 2385 3479 quanto
2399 3411 2572 3464 minus
2587 3427 2775 3482 capere
2790 3420 2879 3467 aut
2900 3414 3165 3484 explicare
3181 3417 3495 3485 poterimus,

1917 3499 2183 3570 quomodo
2209 3499 2364 3556 Pater
2391 3501 2531 3557 Deus
2560 3502 2890 3560 demonstrat
2918 3504 3054 3560 Filio
3091 3507 3233 3577 quod
3260 3524 3365 3563 non
3404 3509 3498 3564 ha-

1917 3592 2009 3649 bet
2032 3594 2245 3650 aliunde
2266 3637 2280 3662 ,
2313 3595 2393 3650 vel
2422 3595 2564 3667 quod
2590 3612 2695 3653 non
2733 3606 2816 3653 est
2839 3597 2981 3653 aliud
3001 3615 3156 3671 quam
3187 3601 3339 3673 ipse?
3363 3600 3497 3657 Par-

1918 3683 2027 3739 vuli
2047 3699 2265 3752 sumus;
2319 3686 2509 3758 loquor
2539 3688 2686 3743 vobis
2727 3689 2852 3760 quid
2899 3704 3004 3745 non
3055 3691 3126 3746 sit
3166 3691 3338 3760 Deus,
3391 3709 3501 3749 non

1917 3775 2140 3832 ostendo
2163 3777 2287 3848 quid
2319 3778 2387 3833 sit
2418 3799 2429 3835 :
2457 3794 2584 3850 ergo
2620 3787 2675 3835 ut
2697 3781 2969 3851 capiamus
2995 3781 3119 3854 quid
3140 3783 3237 3851 sit,
3265 3783 3390 3856 quid
3419 3782 3498 3838 fa-

1918 3866 2157 3924 ciemus?
2182 3866 2447 3941 Numquid
2476 3886 2505 3925 a
2538 3882 2622 3926 me
2642 3914 2657 3938 ,
2695 3872 2948 3942 numquid
2982 3889 3075 3943 per
3103 3890 3188 3929 me
3217 3875 3455 3943 poteritis
3474 3875 3500 3929 ?

1918 3960 2099 4017 Dicam
2130 3960 2230 4015 hoc
2268 3962 2501 4032 parvulis
2523 4003 2539 4028 ,
2570 3970 2626 4018 et
2655 3964 2803 4019 vobis
2827 3971 2880 4018 et
2903 3963 3029 4019 mihi
3068 3984 3081 4019 :
3112 3973 3193 4022 est
3220 3981 3314 4037 per
3337 3982 3499 4038 quem

1917 4052 2213 4121 possimus;
2238 4051 2395 4107 modo
2419 4053 2748 4119 cantavimus
2764 4096 2780 4121 ,
2809 4055 2965 4110 modo
2990 4057 3288 4113 audivimus
3306 4099 3323 4124 ,
3345 4057 3500 4115 laeta
3578 4114 3585 4119 _

1917 4140 1970 4193 in
1998 4139 2271 4192 Dominum
2291 4155 2465 4192 curam
2495 4148 2632 4192 tuam
2651 4181 2666 4206 ,
2690 4153 2735 4193 et
2758 4145 2864 4210 ipse
2887 4153 2933 4193 te
2959 4147 3169 4195 enutrio!
3188 4146 3359 4212 (Psal.
3383 4163 3496 4209 ων,

1916 4231 2029 4302 23).
2058 4229 2182 4286 Ideo
2208 4230 2348 4286 enim
2372 4244 2475 4285 non
2500 4236 2666 4300 potes,
2697 4246 2730 4285 ο
2752 4230 2932 4298 homo,
2959 4232 3080 4300 quia
3112 4231 3359 4302 parvulus
3384 4248 3445 4288 es
3478 4250 3494 4287 :

1917 4322 1963 4378 si
1990 4320 2237 4394 parvulus
2259 4334 2345 4388 es,
2374 4320 2687 4377 nutriendus
2712 4336 2769 4377 es
2800 4341 2812 4377 :
2841 4322 3086 4389 nutritus,
3114 4322 3329 4394 grandis
3350 4323 3495 4393 eris;

1918 4421 1975 4471 et
1997 4413 2136 4485 quod
2165 4413 2413 4485 parvulus
2444 4428 2547 4468 non
2576 4420 2820 4483 poteras,
2861 4413 3076 4485 grandis
3098 4413 3304 4471 videbis
3345 4436 3358 4472 :
3401 4416 3501 4474 sed

1918 4513 1977 4559 ut
2004 4504 2253 4561 nutriaris
2278 4547 2292 4573 ,
2320 4503 2473 4559 laeta
2495 4503 2548 4558 in
2571 4503 2846 4561 Dominum
2874 4520 3049 4561 curam
3066 4514 3231 4576 tuam,
3254 4517 3300 4563 et
3324 4509 3431 4581 ipse
3450 4516 3501 4565 te

1919 4594 2130 4651 euutriet

1992 4690 2078 4743 12.
2108 4686 2264 4742 Modo
2288 4701 2415 4759 ergo
2444 4700 2814 4757 percurramus
2840 4688 3071 4747 breviter
3102 4705 3219 4763 quae
3258 4702 3497 4762 restant,

1920 4788 1975 4837 et
2004 4779 2179 4835 videte
2226 4778 2313 4834 hic
2353 4792 2470 4850 qua:
2514 4780 2911 4849 commendavi,
2950 4782 3215 4853 quomodo
3241 4782 3500 4843 Dominus

1922 4873 2171 4929 insinuet.
2202 4871 2357 4927 Pater
2388 4873 2552 4944 diligit
2575 4871 2769 4929 Filium
2787 4916 2803 4943 ,
2842 4883 2889 4929 et
2911 4877 3081 4930 omnia
3112 4877 3423 4933 demonstrat
3454 4881 3505 4934 ei

1920 4980 2031 5035 qua:
2048 4965 2155 5034 ipse
2182 4965 2323 5035 facit.
2353 4964 2470 5035 ipse
2507 4966 2728 5021 suscitat
2753 4967 2955 5021 animas
2974 5009 2989 5034 ,
3020 4967 3113 5022 sed
3144 4985 3237 5039 per
3265 4964 3457 5026 Filium
3483 5014 3500 5040 ,

1922 5066 1979 5111 ut
2014 5056 2258 5111 fruantur
2297 5056 2486 5111 anima:
2512 5058 2778 5113 suscitata:
2804 5058 3095 5115 substantia
3126 5049 3255 5129 Dei,
3294 5060 3395 5120 hoc
3418 5076 3499 5121 est

1921 5149 2094 5206 Patris
2131 5156 2185 5204 et
2221 5148 2359 5204 Filii.
2394 5144 2458 5203 Et
2492 5151 2689 5220 majora
2735 5150 2812 5206 his
2854 5152 3211 5210 demonstrabit
3242 5156 3289 5212 ei
3326 5173 3505 5229 opera.
3556 5164 3562 5171 '

1922 5241 2124 5309 Quibus
2154 5238 2393 5311 majora?
2415 5239 2738 5299 Sanitatibus
2765 5257 3070 5315 corporum.
3101 5244 3217 5304 Jam
3258 5259 3312 5305 et
3348 5261 3506 5308 antea

1925 5336 2262 5391 tractavimus
2288 5332 2378 5408 (In
2407 5332 2648 5390 Tractatu
2671 5336 2738 5392 19
2760 5379 2775 5405 ,
2812 5353 2897 5392 nn.
2925 5339 2959 5394 4
2978 5382 2992 5404 ,
3026 5336 3092 5409 5,
3121 5350 3168 5396 et
3196 5334 3365 5396 Tract.
3389 5338 3453 5397 2i
3482 5384 3501 5411 ,

1925 5445 1977 5482 η.
2002 5424 2153 5499 5-10)
2181 5469 2195 5494 ,
2225 5441 2324 5483 nec
2353 5427 2624 5483 immorari
2644 5425 2922 5484 debemus.
2950 5428 3116 5500 Major
3138 5438 3220 5486 est
3240 5431 3382 5487 enim
3414 5448 3505 5489 re-

1926 5520 2184 5576 surrectio
2224 5519 2463 5591 corporis
2514 5520 2568 5576 in
2611 5529 2867 5577 aeternum
2892 5564 2906 5587 ,
2946 5536 3102 5593 quam
3132 5520 3246 5578 haec
3289 5537 3407 5594 qua:
3435 5524 3521 5603 ad,

1928 5620 2136 5681 tempus
2160 5610 2294 5666 facta
2320 5620 2402 5667 est
2442 5610 2495 5666 in
2520 5611 2610 5667 illo
2638 5610 2886 5682 languido
2922 5610 3124 5697 sanitas
3150 5613 3409 5683 corporis.
3436 5614 3511 5672 Et

1929 5703 2124 5775 majora
2143 5702 2220 5758 his
2245 5702 2603 5758 denzoustrabit
2627 5704 2674 5757 ei
2698 5716 2852 5772 opera
2873 5743 2889 5769 ,
2915 5709 2970 5757 ut
2991 5717 3077 5757 vos
3102 5702 3371 5761 miremini.
3397 5705 3505 5762 De-

1928 5794 2256 5860 monstrabit,
2297 5796 2445 5865 quasi
2490 5792 2893 5864 temporaliter:
2936 5806 3065 5866 ergo
3109 5796 3259 5867 quasi
3302 5796 3509 5857 homini

1933 5887 2070 5945 tacto
2100 5887 2153 5943 in
2182 5895 2445 5956 tempore,
2476 5884 2596 5955 quia
2623 5882 2857 5941 Verbum
2885 5883 3026 5945 Deus
3050 5903 3156 5945 non
3181 5898 3265 5948 est
3301 5889 3504 5961 factus,
