3916 6364
494 371 631 433 1891

493 505 595 565 per
615 503 773 562 quem
801 486 981 547 omnia
1008 487 1144 545 facta
1170 495 1296 545 sunt
1314 494 1572 559 tempora;
1605 485 1700 544 sed
1726 484 1890 541 homo
1912 481 2082 539 factus

464 579 738 681 ‘EChristus
778 582 831 638 in
874 587 1133 652 tempore.
1162 582 1399 652 Apparet
1424 577 1781 681 quo-Fonsule
1801 620 1817 645 ,
1847 575 2084 681 quq-die

476 668 808 764 quoneeptum
835 672 903 730 de
928 673 1130 745 Spiritu
1148 682 1333 730 sancto
1350 674 1495 745 virgo
1519 672 1682 729 Maria
1706 670 1912 744 peperit
1928 668 2083 727 Chri-

489 773 633 822 stum
667 784 682 823 :
712 780 841 838 ergo
879 766 1042 823 homo
1071 766 1242 823 factus
1270 775 1353 822 est
1381 770 1436 821 in
1484 774 1759 837 tempore,
1797 779 1895 836 per
1921 778 2080 835 quem

489 856 659 914 Deum
692 856 827 914 facta
867 867 991 914 sunt
1020 867 1277 931 tempora.
1312 856 1434 913 Ideo
1463 866 1712 929 tanquam
1749 859 1803 913 in
1841 866 2083 926 tempore

490 948 879 1005 demonstrabit
902 949 951 1005 ei
975 964 1139 1020 opera
1166 950 1387 1021 majora,
1416 949 1467 1004 id
1494 957 1606 1015 est,
1632 948 2080 1006 resurrectionem

489 1053 774 1111 corporum
793 1083 809 1109 ,
840 1049 900 1096 ut
923 1056 1019 1098 vos
1050 1041 1315 1097 miremini
1341 1040 1531 1098 factam
1555 1056 1653 1112 per
1675 1041 1867 1098 Filium
1898 1054 2081 1097 resur-

490 1131 785 1187 rectionem
813 1146 1119 1202 corporum.

561 1222 651 1278 13.
684 1222 886 1279 Deinde
920 1223 1060 1280 redit
1085 1223 1152 1279 ad
1198 1223 1338 1279 illam
1383 1225 1829 1282 resurrectionem
1872 1222 2079 1279 anima-

487 1326 609 1368 rum
635 1330 648 1367 :
673 1312 820 1369 Sicut
840 1314 975 1369 enim
1000 1313 1159 1370 Pater
1178 1316 1383 1371 suscitat
1409 1326 1634 1372 mortuos
1662 1326 1708 1371 et
1733 1316 1949 1385 vivi/icat
1967 1357 1981 1382 ,
2008 1316 2082 1371 sic

488 1410 538 1457 et
567 1400 734 1458 Filius
756 1421 881 1474 quos
906 1405 1009 1460 uult
1047 1406 1265 1476 vivi/icat
1288 1450 1303 1475 ,
1349 1406 1442 1463 sed
1487 1406 1778 1463 secundum
1808 1406 2076 1478 spiritum.

490 1490 731 1550 Vivitlcat
759 1494 935 1564 Pater,
965 1497 1195 1555 viviﬁcat
1219 1498 1415 1565 Filius;
1446 1514 1579 1570 quos
1603 1497 1717 1553 vult
1746 1498 1921 1563 Pater,
1944 1512 2080 1569 quos

484 1587 599 1642 vult
624 1585 790 1645 Filius
823 1608 836 1644 :
868 1589 963 1645 sed
1002 1592 1145 1661 ipsos
1170 1592 1327 1648 Pater
1346 1607 1480 1663 quos
1516 1591 1718 1658 Filius;
1747 1593 1869 1664 quia
1899 1593 2078 1648 omnia

481 1693 584 1751 per
612 1679 786 1753 ipsum
822 1683 958 1739 facta
992 1694 1137 1739 sunt.
1172 1684 1318 1741 Sicut
1352 1686 1483 1740 enim
1521 1684 1680 1740 Pater
1702 1687 1910 1741 suscitat
1943 1703 2079 1742 mor-

482 1782 598 1829 tuos
644 1785 691 1830 et
737 1776 988 1846 viviﬁcat,
1039 1778 1111 1830 sic
1161 1787 1206 1831 et
1232 1776 1399 1833 Filius
1437 1795 1561 1849 quos
1584 1780 1689 1834 ruit
1723 1780 1957 1851 vivificat.
2001 1781 2078 1837 De

482 1869 879 1923 resurrectione
924 1868 1222 1925 animarum
1260 1870 1460 1927 dictum
1505 1882 1586 1928 est
1637 1872 1740 1928 hoc
1785 1892 1798 1927 :
1843 1874 1968 1946 quid
2008 1873 2077 1931 de

484 1961 879 2016 resurrectione
943 1962 1270 2032 corporum?
1329 1963 1520 2031 Redit,
1575 1975 1629 2023 et
1678 1966 1844 2035 dicit,
1900 1967 2077 2040 Neque

484 2050 618 2105 enim
671 2050 829 2106 Pater
876 2053 1075 2124 judicat
1120 2072 1417 2131 quemquam
1437 2100 1453 2127 ,
1501 2057 1590 2113 sed
1638 2074 1782 2113 omne
1822 2060 2077 2130 judicium

481 2141 622 2197 dedit
687 2141 847 2199 Filio.
913 2144 1252 2203 Resurrectio
1312 2149 1608 2205 animarum
1672 2151 1731 2206 tit
1794 2167 1891 2224 per
1944 2153 2075 2209 sub-

482 2237 733 2293 stantiam
780 2238 952 2295 Patris
997 2249 1051 2296 ct
1098 2240 1217 2296 Filii
1269 2251 1522 2300 aeternam
1576 2254 1630 2300 et
1664 2244 2075 2301 incommutabi-

482 2327 590 2383 lem
618 2348 630 2383 :
656 2332 976 2388 resurrectio
1018 2348 1148 2389 vero
1171 2349 1457 2406 corporum
1486 2335 1542 2391 ﬁt
1577 2352 1674 2408 per
1715 2336 2073 2409 dispensatio-

482 2433 609 2475 nem
630 2420 972 2479 humanitatis
1002 2423 1119 2479 Filii
1143 2425 1509 2498 temporalem,
1543 2442 1647 2483 non
1676 2427 1818 2483 Patri
1846 2437 2073 2485 conster-

481 2527 628 2569 nam.
658 2514 780 2571 Ideo
822 2530 944 2572 cum
984 2529 1431 2575 commemoraret
1452 2519 1748 2591 judicium,
1788 2521 1877 2578 ubi
1923 2523 2076 2580 tieret

481 2608 805 2662 resurrectio
849 2622 1162 2680 corporum,
1188 2609 1309 2665 Non
1329 2611 1463 2666 enim
1501 2609 1679 2681 Pater,
1712 2614 1914 2685 inquit,
1927 2615 2077 2688 judi-

482 2688 565 2752 cat
602 2715 929 2770 quemquam,
954 2702 1044 2755 sed
1073 2719 1218 2756 omne
1250 2704 1505 2774 judicium
1533 2704 1670 2758 dedit
1701 2703 1838 2759 Filio
1862 2705 1967 2762 :de
1990 2723 2076 2762 re-

479 2790 810 2846 surrectione
825 2799 1001 2846 autem
1023 2792 1343 2861 animarum,
1369 2793 1511 2849 Sicut
1533 2794 1691 2850 Pater
1706 2799 1913 2853 suscitat
1939 2815 2075 2855 mor-

480 2888 594 2936 tuos
617 2892 662 2937 et
688 2882 904 2952 vivi/ica!
927 2924 942 2949 ,
969 2884 1042 2938 sic
1076 2892 1122 2939 et
1156 2882 1324 2940 Filius
1355 2902 1480 2957 quos
1520 2888 1623 2942 uult
1659 2889 1895 2958 viri/ient.
1939 2891 2073 2948 illud

480 2987 611 3044 ergo
654 2973 810 3029 simul
852 2974 1010 3031 Pater
1048 2984 1104 3031 et
1145 2975 1345 3032 Filius:
1378 2977 1478 3034 boc
1506 2988 1682 3036 autem
1731 2980 1797 3037 de
1828 2998 2070 3040 resurre-

479 3065 659 3122 ctione
686 3080 969 3138 corporum
990 3112 1005 3136 ,
1041 3068 1161 3126 Non
1193 3072 1398 3143 judicat
1427 3071 1586 3128 Pater
1612 3090 1947 3148 quemquam,
1983 3080 2074 3134 scd

481 3174 629 3213 omne
657 3160 903 3228 judicium
937 3161 1074 3217 dedit
1103 3161 1260 3219 Filio.
1308 3164 1376 3221 Ut
1414 3183 1585 3222 omnes
1623 3169 1950 3240 Itonoriﬁcent
1980 3172 2074 3228 Fi-

480 3247 643 3317 lium,
670 3252 797 3308 sicut
826 3254 1163 3324 honoriﬁcam
1183 3254 1413 3312 Patrem.
1444 3257 1556 3314 Hoc
1585 3258 1849 3316 redditum
1877 3272 1959 3318 est
1990 3280 2075 3320 re-

480 3343 802 3400 surrectioni
845 3345 1161 3402 animarum.
1196 3347 1266 3403 Ut
1306 3364 1476 3404 omnes
1497 3349 1827 3420 honori/irent
1856 3352 2069 3410 Filium.

480 3436 796 3505 Quomodo?
817 3436 963 3494 Sicut
979 3440 1316 3511 honoriﬁcam
1339 3440 1568 3499 Patrem.
1595 3443 1906 3502 Animarum
1929 3449 2071 3505 enim

480 3534 928 3590 resurrectionem
959 3534 1036 3591 sic
1065 3538 1315 3606 operatur
1352 3536 1516 3593 Filius
1535 3580 1550 3606 ,
1578 3539 1845 3610 quomodo
1876 3540 2068 3597 Pater:

480 3622 563 3679 sic
587 3623 817 3681 viviﬁcat
842 3624 1009 3683 Filius
1035 3669 1051 3694 ,
1092 3627 1362 3699 quomodo
1386 3629 1562 3685 Pater.
1597 3630 1739 3701 Ergo
1777 3633 1828 3688 in
1864 3634 2071 3691 anima-

481 3730 602 3771 rum
632 3718 1020 3774 resurrectione
1044 3736 1214 3776 omnes
1235 3720 1565 3792 honoriﬁcent
1586 3721 1800 3794 Filium,
1825 3727 1954 3782 sicut
1983 3729 2077 3785 Ito-

481 3809 754 3879 noriﬁcant
800 3808 1027 3867 Patrem.
1058 3812 1194 3881 Quid
1240 3813 1309 3870 de
1360 3814 1801 3875 houoriiicatione
1856 3832 2075 3892 propter

481 3901 929 3959 resurrectionem
967 3905 1243 3976 corporis?
1278 3904 1380 3974 Qui
1403 3923 1504 3963 non
1530 3908 1832 3980 honori/ictu
1856 3911 2071 3982 Filium,

483 4008 587 4048 non
612 3993 914 4065 Itonariﬁcat
932 3994 1139 4052 Patrem
1158 3999 1245 4068 qui
1269 3999 1403 4055 misit
1421 4000 1587 4056 illum.
1611 4001 1724 4059 Non
1741 4004 1894 4072 dixit,
1913 4006 2071 4072 sicut;

482 4084 601 4145 sed.
630 4086 952 4155 Itonoriﬁcat,
985 4097 1039 4143 et
1060 4089 1378 4156 Itouoriﬁcat.
1409 4089 1711 4147 Honoratur
1739 4096 1880 4149 enim
1912 4095 2072 4150 homo

481 4170 747 4236 Christus,
771 4172 867 4229 sed
894 4188 999 4230 non
1025 4176 1162 4231 sicut
1190 4176 1350 4234 Pater
1378 4178 1538 4236 Deus.
1583 4183 1799 4249 Quare?
1823 4187 1955 4254 Quia
1981 4203 2072 4245 sc-

481 4263 716 4321 cundum
737 4264 840 4322 hoc
867 4265 1034 4335 dixit,
1060 4266 1216 4325 Pater
1230 4272 1396 4343 major
1415 4289 1494 4327 me
1514 4283 1585 4328 est
1615 4271 1792 4346 (Joan.
1817 4293 1927 4343 xw,
1954 4280 2069 4352 28).

480 4357 707 4426 Quando
727 4371 907 4415 autem
928 4359 1308 4417 honoriﬁcatur
1328 4362 1513 4431 Filius,
1534 4366 1672 4422 sicut
1693 4368 2074 4428 houoritieatur

479 4450 680 4507 Pater?
700 4452 829 4507 Cum
860 4453 914 4506 in
947 4454 1195 4525 principio
1220 4465 1327 4509 erat
1361 4454 1610 4524 Verbum,
1643 4469 1689 4513 et
1728 4460 1941 4516 Verbum
1965 4475 2072 4519 crat

479 4545 621 4617 apud
646 4544 813 4599 Deum
835 4585 851 4611 ,
873 4553 928 4599 et
952 4546 1122 4600 omnia
1148 4563 1239 4618 per
1263 4548 1429 4619 ipsum
1451 4548 1589 4619 facta
1613 4560 1728 4606 sunt
1775 4551 1883 4626 (Id.
1912 4570 1963 4621 ι,
2004 4558 2027 4611 1
2053 4599 2068 4622 ,

481 4636 565 4711 ὃ).
590 4634 660 4693 Ει
688 4634 809 4694 ideo
835 4634 887 4690 in
920 4634 1018 4691 hac
1054 4635 1493 4694 honoriﬁcatioue
1520 4642 1751 4698 secunda
1792 4645 1916 4714 quid
1959 4646 2071 4702 ait?

481 4729 585 4798 Qui
605 4744 704 4784 non
734 4729 1035 4798 honoriﬁcat
1061 4727 1111 4783 F
1112 4728 1255 4784 ilium
1270 4772 1285 4797 ,
1308 4746 1398 4785 nec
1425 4730 1725 4803 Itonoriﬁcat
1752 4733 1961 4792 Patrem
1984 4739 2071 4810 qui

477 4821 615 4879 misit
636 4819 801 4877 illum.
830 4819 947 4879 Non
972 4829 1057 4879 est
1081 4820 1277 4879 missus
1303 4822 1467 4880 Filius
1486 4866 1501 4894 ,
1527 4824 1629 4881 nisi
1648 4826 1771 4898 quia
1794 4827 1963 4887 factus
1988 4842 2069 4889 cst

474 4912 662 4972 homo.

549 5007 639 5063 t4.
668 5007 849 5076 Amen,
879 5024 1026 5065 amen
1051 5009 1165 5065 dico
1200 5010 1358 5067 vobis.
1387 5010 1584 5068 lterum
1622 5013 1763 5073 redit
1786 5015 1852 5072 ad
1883 5033 2064 5075 resur-

474 5100 771 5158 rectionem
790 5100 1109 5170 animarum,
1136 5111 1194 5157 ut
1212 5102 1425 5160 assidue
1454 5103 1719 5162 dicentem
1744 5109 2016 5179 capiamus
2047 5130 2060 5166 :

472 5194 600 5269 quia
626 5193 772 5250 velut
797 5194 1063 5251 volantem
1092 5209 1397 5254 sermonem
1421 5198 1570 5269 sequi
1597 5213 1704 5255 non
1732 5208 2061 5272 poteramus;

472 5304 603 5347 ecce
634 5288 950 5344 immoratur
986 5287 1262 5344 nobiscum
1288 5304 1466 5346 sermo
1490 5290 1606 5358 Dei,
1638 5307 1765 5349 ecce
1789 5294 1938 5364 quasi
1968 5294 2064 5350 ba-

468 5383 607 5440 bitat
623 5396 747 5438 cum
764 5379 1161 5437 infirmitatibus
1180 5382 1409 5438 nostris:
1429 5383 1567 5441 redit
1591 5401 1801 5443 rursum
1823 5387 1889 5442 ad
1911 5402 2061 5443 com-

469 5477 871 5536 mendationem
914 5476 1322 5534 resurrectionis
1356 5477 1675 5535 animarum.
1708 5479 1887 5549 Amen,
1915 5497 2062 5537 amen

471 5570 585 5626 dico
609 5569 767 5638 vobis,
796 5569 915 5643 quia
934 5568 1022 5640 qui
1048 5567 1251 5623 verbum
1270 5585 1435 5623 meum
1458 5570 1618 5636 audit,
1648 5581 1694 5625 et
1721 5571 1879 5627 credit
1904 5572 1951 5628 ei
1974 5574 2062 5645 qui

471 5680 555 5719 me
594 5664 749 5733 misit,
775 5661 922 5718 habet
959 5652 1112 5717 uitdm
1151 5670 1392 5718 cateruam
1416 5663 1552 5719 :sed
1580 5672 1827 5733 tanquam
1852 5679 1919 5720 ex
1957 5664 2058 5721 Pa-

470 5764 577 5815 tre.
608 5753 741 5820 Quia
771 5755 856 5826 qui
875 5752 1077 5810 verbum
1104 5770 1270 5811 meum
1295 5753 1460 5821 audit,
1482 5764 1529 5810 et
1552 5754 1706 5808 credit
1728 5755 1773 5810 ei
1798 5757 1884 5828 qui
1927 5758 2063 5813 misit

418 5904 439 5957 ³
471 5860 573 5921 me,
603 5860 668 5903 ex
694 5845 852 5915 Patre
891 5843 1037 5910 habet
1074 5846 1227 5909 vitam
1257 5855 1517 5919 tetanum,
1540 5844 1811 5914 credendo
1846 5846 1897 5913 in
1935 5864 2054 5920 cum

1434 366 1501 426 IN
1535 365 1810 426 JOANNIS
1845 361 2315 433 EVANGELIUM,
2355 363 2414 422 S.
2457 362 2830 426 AUGUSTINI

2179 481 2270 553 qui
2290 481 2435 538 misit
2462 480 2629 539 illum.
2658 482 2727 539 Et
2756 484 2809 540 in
2821 483 3077 556 judicium
3101 503 3201 544 non
3226 490 3402 560 veniet,
3432 493 3513 550 sed
3536 502 3695 560 tremit:

2185 590 2219 628 a
2237 583 2394 630 morte
2418 574 2487 630 ad
2509 575 2663 631 vitam
2679 594 2699 633 :
2721 576 2816 633 sed
2843 593 2910 635 ex
2937 579 3094 637 Patre
3118 581 3425 653 viviﬁcatur,
3453 589 3530 644 cui
3553 593 3701 652 credit.

2186 663 2344 733 Quid,
2373 674 2426 721 tu
2446 681 2553 722 non
2579 667 2853 725 viviﬁcas?
2879 669 3013 728 Vide
3048 671 3168 744 quia
3210 683 3260 730 et
3298 674 3458 733 Filius
3493 697 3601 751 quos
3625 690 3706 744 ruit

2186 757 2422 828 viui/icat.
2439 756 2781 827 Amen,amen
2793 761 2906 817 dico
2926 763 3086 833 vobis,
3108 765 3225 838 quia
3249 766 3378 823 venit
3394 769 3528 836 hora,
3545 778 3707 846 quando

2185 854 2369 908 mortui
2390 852 2597 910 audient
2621 870 2787 911 vocem
2815 854 2944 912 Filii
2968 858 3085 927 Dei,
3114 867 3161 914 et
3186 861 3274 934 qui
3308 863 3542 920 audierint
3566 869 3706 927 viruit.

2186 942 2286 1000 Hic
2304 960 2409 1000 non
2433 945 2584 1014 dixit,
2614 945 2847 1005 Credent
2871 951 2921 1006 ei
2945 951 3033 1022 qui
3056 951 3199 1007 misit
3218 968 3323 1020 me,
3342 963 3395 1011 et
3418 955 3529 1013 ideo
3552 958 3709 1032 vivent;

2186 1037 2282 1093 sed
2309 1039 2574 1097 audiendo
2595 1058 2782 1099 vocem
2822 1043 2945 1100 Filii
2994 1045 3109 1115 Dei,
3139 1047 3225 1119 qui
3263 1048 3521 1119 audierint,
3546 1053 3713 1117 bOCest

2185 1127 2519 1186 obaudierint
2543 1129 2677 1188 Filio
2708 1133 2824 1203 Dei,
2853 1136 3032 1191 vivent.
3057 1137 3194 1210 Ergo
3223 1148 3278 1195 et
3300 1154 3363 1197 ex
3387 1141 3533 1200 Patre
3549 1146 3710 1218 vivent,

2184 1231 2304 1272 cum
2340 1219 2561 1276 credent
2587 1221 2766 1289 Patri;
2804 1235 2859 1279 et
2896 1240 2963 1281 ex
3001 1226 3138 1283 Filio
3174 1229 3372 1297 vivent,
3398 1246 3510 1288 cum
3541 1235 3714 1296 audient

2183 1322 2370 1366 vocem
2396 1309 2514 1367 Filii
2544 1312 2660 1369 Dei.
2687 1314 2864 1383 Quare
2892 1325 2947 1372 et
2974 1332 3038 1374 ex
3074 1318 3231 1376 Patre
3260 1321 3437 1379 vivent
3456 1332 3505 1381 et
3529 1340 3589 1382 ex
3610 1326 3714 1386 Filio

2184 1402 2396 1459 vivent?
2429 1403 2576 1460 Sicut
2604 1408 2737 1462 enim
2778 1410 2926 1465 habet
2956 1409 3115 1467 Pater
3138 1416 3290 1471 vitam
3312 1416 3365 1471 in
3392 1420 3644 1492 semetipso,
3662 1425 3715 1479 sic

2184 1494 2323 1549 dedit
2341 1494 2480 1552 Filio
2504 1497 2687 1555 habere
2710 1501 2860 1556 vitam
2883 1503 2937 1557 in
2963 1507 3253 1578 semetipso.

2256 1589 2341 1646 15.
2393 1590 2635 1663 Implevit
2674 1592 2743 1649 de
2784 1598 3174 1655 resurrectione
3218 1601 3531 1671 animarum;
3576 1614 3710 1664 restat

2182 1679 2479 1738 evidentius
2504 1682 2687 1740 dicere
2713 1684 2781 1741 de
2810 1690 3205 1747 resurrectione
3230 1708 3524 1764 corporum.
3554 1695 3611 1750 Et
3642 1716 3714 1769 po-

2183 1780 2407 1827 testatem
2426 1772 2565 1829 dedit
2589 1776 2636 1830 ei
2659 1786 2707 1831 et
2726 1778 2979 1849 judicium
3000 1783 3204 1854 facere:
3229 1800 3336 1839 non
3366 1785 3527 1842 solum
3551 1787 3715 1845 animas

2181 1880 2279 1936 per
2307 1866 2466 1922 tidem
2491 1877 2545 1925 et
2566 1871 2878 1940 sapientiam
2904 1875 3184 1943 suscitare,
3217 1878 3313 1934 sed
3338 1888 3390 1935 et
3407 1879 3636 1949 judicium
3660 1883 3715 1938 ia-

2181 1973 2324 2015 cere.
2353 1960 2529 2028 Quare
2562 1971 2741 2019 autem
2764 1963 2915 2020 haec?
2943 1964 3079 2032 Quia
3102 1968 3243 2037 ﬁlius
3266 1970 3477 2026 hominis
3501 1982 3581 2027 est.
3602 1973 3715 2030 Facit

2180 2067 2308 2124 ergo
2322 2053 2520 2126 aliquid
2537 2054 2695 2112 Pater
2711 2072 2803 2128 per
2816 2057 3006 2114 Filium
3025 2058 3427 2133 hominis.quod
3442 2079 3536 2119 non
3553 2063 3655 2121 facit
3667 2082 3714 2122 ex

2178 2145 2476 2203 substantia
2495 2162 2589 2204 sua
2611 2148 2699 2204 cui
2715 2151 2934 2221 aequalis
2954 2159 3036 2207 est
3053 2151 3240 2219 Filius;
3259 2154 3396 2211 sicut
3411 2155 3570 2226 ipsum
3583 2158 3713 2226 nasci,

2178 2238 2320 2294 sicut
2356 2239 2527 2311 ipsum
2570 2241 2837 2313 crucifigi,
2868 2242 3006 2299 sicut
3040 2244 3212 2317 ipsum
3252 2246 3408 2314 mori,
3436 2248 3563 2304 sicut
3580 2249 3714 2321 ipsum

2179 2343 2458 2403 resurgere
2493 2352 2507 2389 :
2541 2349 2647 2389 non
2678 2335 2822 2390 enim
2863 2334 3061 2407 aliquid
3103 2335 3293 2393 horum
3341 2337 3478 2395 Patri
3519 2339 3713 2411 contigit.

2179 2421 2270 2479 Sic
2285 2432 2339 2479 et
2359 2424 2821 2482 resuscitationem
2839 2441 3144 2498 corporum.
3158 2427 3294 2485 Nam
3311 2430 3712 2486 resuscitationem

2177 2516 2475 2573 animarum
2505 2534 2570 2573 ex
2597 2518 2892 2575 substantia
2929 2536 3023 2576 sua
3055 2521 3217 2578 Pater
3250 2521 3376 2578 facit
3402 2540 3493 2596 per
3516 2525 3714 2581 substaru
3746 2600 3751 2604 _

2179 2610 2305 2666 tiam
2337 2610 2456 2666 Filii
2477 2612 2493 2643 ί
2514 2654 2527 2679 ,
2556 2628 2658 2684 qua
2694 2612 2771 2668 illi
2794 2614 3014 2685 aequalis
3039 2624 3155 2683 est;
3184 2616 3379 2675 anima:
3404 2617 3583 2689 quippe
3614 2616 3714 2673 liuut

2179 2705 2464 2776 participes
2500 2705 2641 2763 illius
2688 2706 3136 2764 incommutabilis
3181 2710 3339 2775 lucis,
3368 2726 3469 2767 non
3494 2726 3712 2782 corpora:

2178 2797 2638 2854 resuscitationem
2690 2808 2869 2855 autem
2920 2814 3207 2870 corporum
3281 2801 3438 2858 Pater
3483 2800 3597 2857 facit
3644 2814 3714 2872 per

2178 2888 2343 2943 tilium
2375 2888 2627 2946 hominis.
2662 2889 2730 2944 Et
2768 2901 3062 2963 potestatem
3093 2892 3237 2948 enim
3282 2891 3419 2948 dedit
3461 2893 3503 2949 ei
3541 2900 3583 2947 et
3608 2890 3714 2966 judi~

2177 2981 2310 3035 cium
2332 2982 2518 3054 facere,
2545 2982 2663 3052 quia
2707 2981 2846 3051 ﬁlius
2888 2981 3106 3037 hominis
3139 2993 3213 3039 est
3256 3000 3275 3039 :
3308 2982 3583 3040 secundum
3614 2979 3715 3037 illud

2177 3072 2321 3143 quod
2338 3087 2497 3145 supra
2518 3072 2672 3149 dixit,
2698 3071 2876 3145 Neque
2902 3075 3033 3130 enim
3058 3073 3214 3129 Pater
3229 3076 3431 3148 judicat
3444 3090 3713 3150 quemquam.

2178 3163 2247 3220 Et
2292 3174 2348 3221 ut
2391 3165 2638 3221 ostendat
2676 3165 2798 3237 quia
2838 3164 2905 3221 de
2934 3167 3330 3224 resurrectione
3353 3182 3614 3240 corporum
3637 3164 3715 3222 hoc

2177 3254 2346 3311 dixit:
2374 3255 2550 3312 Nolite
2576 3256 2753 3312 mirari
2775 3255 2891 3324 hoc,
2917 3257 3036 3329 quia
3057 3259 3187 3313 venit
3210 3257 3357 3313 liora.
3379 3257 3493 3314 Non
3512 3274 3627 3313 nunc
3642 3265 3713 3312 est.

2176 3347 2273 3405 sed
2302 3350 2436 3404 venit
2473 3348 2631 3418 hora,
2664 3350 2717 3404 iu
2749 3367 2849 3421 qua
2874 3367 3046 3405 omnes
3077 3352 3165 3421 qui
3201 3352 3256 3405 in
3294 3351 3607 3406 monumentis
3626 3354 3716 3403 sunt

2178 3439 2309 3511 (jam
2340 3440 2443 3495 hoc
2470 3448 2525 3496 et
2553 3440 2806 3497 hesterno
2832 3442 2919 3498 die
2947 3443 3293 3499 satiatissime
3321 3442 3535 3499 audistis
3555 3439 3631 3514 [In
3651 3454 3716 3493 suo

2178 3534 2365 3603 periori
2394 3531 2656 3600 Tractatu,
2684 3551 2736 3588 n.
2770 3533 2915 3609 15]),
2944 3536 3151 3590 audient
3174 3553 3348 3592 vocem
3364 3537 3470 3609 ejus
3503 3545 3543 3590 et
3575 3547 3716 3606 proce-

2178 3626 2313 3682 deut.
2347 3626 2416 3681 Et
2437 3626 2561 3681 ubi?
2593 3626 2648 3682 In
2673 3626 2928 3697 judicium
2958 3646 2971 3682 :
2997 3626 3098 3695 Qui
3114 3628 3236 3685 bene
3249 3634 3497 3701 fecerunt,
3520 3629 3565 3683 in
3585 3642 3717 3682 resur-

2176 3719 2443 3773 rectionem
2471 3719 2616 3786 uitae;
2644 3719 2730 3790 qui
2756 3720 2887 3774 male
2912 3729 3138 3792 egerunt,
3170 3720 3223 3776 in
3248 3721 3631 3777 resurrectionem
3645 3718 3716 3789 ju-

2179 3811 2317 3865 dicii.
2350 3810 2419 3866 Et
2447 3819 2501 3866 tu
2526 3810 2630 3867 hoc
2653 3810 2786 3867 facis
2811 3812 2977 3879 solus,
3007 3814 3129 3885 quia
3159 3830 3321 3871 omne
3344 3814 3586 3886 judicium
3614 3808 3715 3865 Filio

2178 3901 2335 3958 Pater
2359 3900 2525 3969 dedit,
2556 3910 2612 3957 et
2649 3918 2755 3959 non
2793 3903 2994 3974 judicat
3019 3906 3384 3976 quemquam?
3408 3905 3534 3976 Ego,
3561 3900 3713 3974 inquii.

2179 3991 2332 4050 iacio.
2362 3993 2467 4051 Sed
2494 3995 2760 4065 quomodo
2799 3997 2971 4051 facis?
3000 3996 3121 4052 Non
3159 4014 3367 4068 possum
3412 4015 3443 4051 a
3480 4013 3551 4052 me
3585 3998 3716 4067 facere

2176 4086 2452 4156 quidquam
2475 4101 2494 4139 :
2512 4086 2639 4139 sicut
2659 4088 2813 4140 audio
2825 4088 3025 4157 judico,
3046 4097 3093 4143 et
3108 4088 3364 4160 judicium
3381 4105 3539 4145 meum
3554 4088 3714 4161 justum

2176 4186 2269 4230 est.
2300 4171 2433 4232 Cum
2472 4186 2721 4249 ageretur
2762 4176 2830 4232 de
2871 4180 3263 4236 resurrectione
3307 4182 3604 4246 animarum,
3631 4189 3712 4232 non

2176 4266 2405 4349 diccbat,
2437 4269 2635 4336 Audio;
2662 4267 2777 4337 sed,
2801 4270 2965 4326 video.
2988 4271 3154 4327 Audio
3177 4272 3342 4340 enim,
3364 4286 3592 4346 tanquam
3607 4284 3712 4342 pra:-

2176 4360 2421 4431 ciplentis
2448 4360 2617 4416 Patris
2645 4361 2943 4433 imperium.
2974 4363 3091 4420 Jam
3118 4380 3247 4436 ergo
3274 4368 3412 4424 sicut
3440 4366 3603 4430 homo,
3627 4364 3711 4419 sic-

2177 4459 2235 4504 ut
2278 4466 2384 4522 quo
2423 4451 2593 4520 major
2618 4462 2701 4507 est
2724 4453 2915 4521 Pater;
2940 4456 3048 4526 jam
3078 4472 3144 4512 ex
3174 4456 3344 4513 forma
3371 4457 3525 4526 servi,
3550 4471 3639 4514 non
3660 4467 3711 4509 et

2175 4538 2345 4595 forma
2372 4541 2487 4608 Dei,
2505 4541 2633 4595 sicut
2648 4543 2820 4610 audio,
2833 4544 3036 4615 judico;
3047 4556 3093 4600 et
3112 4547 3367 4618 judicium
3382 4565 3535 4604 meum
3548 4548 3721 4620 justum-

2175 4642 2266 4687 est.
2298 4632 2445 4689 Unde
2470 4643 2553 4689 est
2574 4634 2829 4706 judicium
2851 4637 3052 4707 justum
3083 4639 3349 4697 hominis?
3375 4642 3571 4697 Fratres
3608 4635 3709 4701 mei.

2173 4724 2430 4781 attendite
2458 4743 2469 4780 :
2500 4724 2633 4793 Quia
2670 4745 2771 4784 non
2797 4745 2968 4800 qurero
3009 4731 3316 4790 voluntatem
3358 4748 3528 4799 nteant,
3552 4726 3628 4784 scd
3646 4740 3709 4780 ro-

2173 4817 2419 4875 luntatem
2446 4819 2556 4892 ejus
2574 4822 2661 4892 qui
2680 4820 2812 4875 misit
2841 4837 2938 4876 me.

2645 4976 3055 5036 TRACTATUS
3084 4978 3275 5037 XXIV.

2169 5113 2246 5169 Ab
2265 5130 2323 5168 eo
2344 5115 2481 5185 quod
2494 5117 2735 5189 scriptum
2743 5127 2840 5187 est,
2860 5119 2987 5175 Post
3000 5118 3116 5177 haec
3128 5120 3258 5177 abiit
3269 5121 3422 5179 Jesus
3438 5129 3571 5178 trans
3588 5126 3707 5173 mare

2243 5204 2497 5273 Galilrete,
2528 5209 2670 5279 quod
2697 5220 2782 5266 est
2810 5211 3140 5280 Tiberiadis;
3169 5231 3323 5286 usque
3349 5215 3416 5270 ad
3439 5214 3507 5281 id,
3538 5210 3622 5267 llic
3640 5212 3707 5261 εει

2242 5312 2367 5354 vere
2391 5298 2651 5371 propheta
2693 5302 2784 5374 qui
2814 5303 2959 5360 venit
2996 5304 3050 5360 in
3090 5306 3367 5365 mundum.
3395 5304 3515 5378 Cap.
3542 5316 3605 5369 tl.
3642 5298 3703 5364 io

2240 5389 2395 5445 1-14.

2241 5547 2293 5602 t.
2317 5545 2571 5604 Miracula
2612 5563 2730 5620 quae
2770 5548 2895 5605 fecit
2920 5550 3175 5609 Dominus
3210 5562 3389 5610 noster
3410 5550 3553 5607 Iesus
3572 5542 3700 5601 Chl‘l-

2169 5650 2304 5710 stus,
2340 5650 2465 5697 sunt
2505 5640 2719 5715 quidem
2748 5641 2926 5700 divina
2952 5660 3135 5718 opera,
3166 5654 3221 5702 et
3248 5645 3312 5703 ad
3342 5637 3696 5713 intelligendum

2586 5808 2713 5875 ἒξξβο,
2736 5813 2802 5875 ea:
2822 5801 3086 5875 substantia
3106 5816 3196 5875 sua
3220 5810 3376 5875 linter,
3398 5812 3458 5853 ea:
3477 5786 3699 5850 sude

2168 5870 2256 5919 tua
2279 5855 2448 5924 Pilius,
2470 5873 2565 5935 qua
2585 5860 2672 5930 iiii,
2701 5855 2818 5929 clm,
2841 5864 3017 5929 quisse
3041 5866 3206 5933 verbo,
3229 5864 3359 5937 faciti
