3916 6372
138 420 263 480 1595

133 723 210 789 sit,
235 733 285 776 et
308 715 563 772 miracula
589 713 704 784 ejus
723 714 916 785 quibus
941 723 1111 769 totum
1139 712 1390 768 mundum
1416 712 1550 782 regit
1575 713 1696 767 uni-

131 825 424 882 versamque
462 815 766 869 creaturam
790 806 1147 873 administrat,
1182 805 1489 862 assiduitate
1526 806 1695 864 vilue-

130 919 265 977 runt,
293 909 361 962 ita
390 913 450 960 ut
476 917 614 974 pene
651 918 810 958 nemo
837 891 1085 973 dignetur
1110 899 1384 956 attendere
1408 915 1570 970 opera
1603 899 1697 955 Dei

130 1005 249 1061 mira
279 1010 329 1056 et
365 995 629 1068 stupenda
666 995 718 1051 in
746 993 983 1066 quolibet
1022 993 1240 1048 seminis
1280 1007 1472 1063 grano;
1501 1007 1694 1048 secun-

131 1097 241 1151 dum
281 1092 446 1164 ipsam
488 1103 641 1144 suam
687 1085 1108 1142 misericordiam
1155 1084 1392 1141 servavit
1415 1084 1514 1140 sibi
1545 1099 1696 1156 qua:-

127 1187 256 1250 dam,
273 1199 387 1256 quae
405 1182 609 1238 faceret
633 1189 932 1250 opportuno
956 1188 1194 1250 tempore
1223 1186 1416 1249 prmter
1446 1177 1696 1232 usitatum

131 1291 321 1334 cursum
351 1273 710 1345 ordinemque
737 1281 962 1340 naturae,
997 1279 1054 1326 ut
1082 1286 1187 1326 non
1229 1270 1452 1340 majora,
1485 1270 1579 1326 sed
1611 1271 1694 1326 in-

129 1374 262 1428 solita
290 1368 519 1424 videndo
546 1373 844 1438 stuperent,
867 1365 1060 1435 quibus
1084 1363 1390 1434 quotidiana
1411 1365 1690 1420 viluerant.

127 1466 272 1537 Hajus
295 1463 434 1520 enim
471 1459 790 1517 miraculum
831 1467 913 1514 est
955 1456 1269 1528 gubernatio
1300 1457 1459 1513 totius
1485 1457 1688 1524 mundi,

129 1574 266 1632 quam
291 1555 549 1612 saturatio
571 1554 805 1624 quinque
827 1550 1052 1606 millium
1075 1549 1349 1605 hominum
1370 1549 1438 1605 de
1465 1551 1694 1621 quinque

127 1652 357 1726 panibus:
383 1658 437 1704 et
454 1656 637 1704 tamen
663 1645 781 1700 haec
809 1659 968 1701 nemo
993 1644 1253 1700 miratur:
1280 1643 1409 1698 illud
1436 1645 1695 1700 mirantur

131 1744 346 1801 homines
369 1755 474 1796 non
501 1740 629 1812 quia
654 1738 828 1809 majus
852 1746 953 1804 est,
974 1736 1067 1793 sed
1090 1736 1212 1806 quia
1238 1753 1414 1791 rarum
1437 1746 1536 1791 est.
1565 1737 1692 1805 Quis

128 1838 249 1894 enim
273 1844 322 1892 et
349 1849 489 1890 nunc
516 1832 693 1904 pascit
722 1831 1026 1886 universum
1059 1829 1335 1895 mundum,
1369 1829 1466 1882 nisi
1497 1829 1581 1882 ille
1601 1829 1691 1898 qui

131 1932 186 1988 de
213 1929 378 2002 paucis
416 1926 606 1998 grauis
649 1933 858 1995 segetes
891 1922 1069 1978 creat?
1100 1921 1247 1976 Fecit
1274 1936 1402 1992 ergo
1427 1922 1692 1992 quomodo

130 2024 266 2083 Deus.
289 2021 433 2078 [inde
458 2021 613 2077 enim
636 2018 950 2088 multiplicat
976 2017 1042 2072 de
1061 2017 1242 2087 paucis
1261 2017 1439 2086 granis
1460 2025 1687 2086 segetes,

133 2116 233 2173 inde
256 2117 302 2171 in
326 2114 574 2170 manibus
595 2114 708 2168 suis
730 2110 1099 2180 multiplicavit
1119 2111 1351 2180 quinque
1378 2123 1557 2179 panes.
1583 2109 1690 2163 Po-

131 2218 269 2264 testas
289 2208 421 2263 enim
450 2215 582 2262 erat.
609 2207 662 2260 in
689 2205 933 2260 manibus
960 2203 1156 2258 Christi
1189 2223 1202 2256 :
1226 2217 1391 2273 panes
1415 2212 1588 2257 autem
1618 2203 1690 2258 illi

133 2302 347 2372 quinque,
378 2300 528 2371 quasi
551 2298 769 2354 semina
791 2306 960 2362 erant,
982 2310 1088 2351 non
1118 2296 1330 2367 quidem
1361 2305 1517 2351 terrre
1541 2311 1692 2351 man-

131 2392 248 2460 data,
278 2392 363 2447 sed
409 2391 475 2446 ab
522 2405 602 2446 eo
647 2393 735 2461 qui
781 2398 978 2445 terram
1025 2387 1150 2445 fecit
1189 2386 1552 2457 multiplicata.
1580 2387 1693 2443 Hoc

135 2500 237 2552 ergo
269 2483 530 2538 admotum
563 2492 654 2538 est
682 2481 944 2548 sensibus,
980 2496 1086 2552 quo
1112 2484 1408 2551 crigeretur
1433 2495 1604 2546 mens,
1637 2490 1693 2536 et

139 2574 390 2630 cshibitum
416 2573 591 2630 oculis
622 2573 716 2628 ubi
744 2581 1084 2629 exerceretur
1110 2573 1430 2638 intellectus,
1464 2583 1523 2628 ut
1553 2574 1690 2628 invi-

141 2667 312 2722 sibilem
334 2667 494 2722 Deum
515 2682 617 2737 per
643 2666 870 2721 visibilia
894 2681 1054 2735 opera
1083 2666 1419 2731 miraremur,
1448 2673 1503 2721 et
1526 2666 1691 2722 erecti

140 2758 194 2812 ad
215 2757 352 2814 ﬁdem
373 2767 425 2814 et
448 2757 665 2830 purgati
694 2773 788 2829 per
814 2756 995 2822 ﬁdem,
1027 2757 1186 2812 etiam
1209 2757 1378 2826 ipsum
1412 2757 1690 2812 invisibili-

142 2860 209 2905 ter
227 2848 386 2906 videre
409 2863 756 2922 caperemus,
786 2863 946 2920 quem
970 2847 1038 2905 dc
1053 2848 1216 2904 rebus
1240 2847 1532 2904 visibilibus
1559 2849 1694 2905 invi-

141 2943 314 2998 sibilem
341 2958 710 3000 nosceremus.

199 3036 245 3090 2.
265 3036 361 3091 Nec
381 3047 550 3092 tamen
569 3035 776 3092 sufﬁcit
797 3035 912 3090 haec
932 3035 1124 3092 intueri
1148 3036 1199 3090 in
1247 3035 1517 3090 miraculis
1535 3031 1692 3089 Chrio

144 3131 215 3184 sti.
240 3129 623 3201 lnterrogemus
667 3129 780 3200 ipsa
826 3128 1102 3194 miracula,
1132 3128 1256 3200 quid
1289 3129 1441 3185 nobis
1471 3130 1692 3199 loquan-

143 3231 218 3278 tur
251 3223 309 3280 de
325 3222 558 3280 Christo:
588 3223 794 3278 habent
813 3224 953 3278 enim
979 3223 1024 3278 si
1052 3223 1428 3293 intelligantur,
1459 3223 1689 3293 linguam

146 3330 297 3370 suam.
321 3315 433 3372 Nam
457 3318 580 3390 quia
618 3317 735 3386 ipse
753 3313 998 3370 Christus
1021 3315 1252 3370 Verbum
1281 3315 1374 3369 Dei
1400 3323 1501 3382 est,
1531 3315 1688 3370 etiam

145 3406 312 3462 factum
331 3406 494 3476 Verbi,
522 3405 756 3464 verbum
784 3406 937 3462 nobis
956 3414 1056 3462 est.
1080 3406 1193 3462 Hoc
1209 3421 1334 3477 ergo
1356 3407 1686 3473 miraculum,

145 3497 257 3553 sicut
277 3499 552 3556 audivimus
585 3515 749 3571 quam
787 3514 1036 3571 magnum
1074 3499 1172 3566 sit,
1200 3513 1501 3568 quaeramus
1529 3500 1690 3554 etiam

147 3605 274 3660 quam
311 3592 627 3662 profundum
653 3591 758 3645 sit:
787 3606 892 3645 non
919 3599 1123 3645 tantum
1148 3589 1264 3659 ejus
1290 3589 1570 3660 Superﬁcie
1597 3591 1687 3648 de.

149 3673 383 3744 lectemur,
421 3675 511 3732 sed
553 3676 723 3732 etiam
762 3673 1096 3730 altitudinem
1139 3683 1554 3742 perscrutemur.
1587 3675 1690 3730 lla-

148 3763 221 3821 bet
239 3767 362 3823 enim
388 3767 586 3840 aliquid
615 3768 778 3834 intus,
804 3767 906 3822 hoc
930 3767 1068 3837 quod
1091 3767 1348 3822 miramur
1368 3767 1514 3823 l'oris.
1551 3767 1692 3822 Vidi-

149 3872 260 3922 mus,
319 3862 674 3932 Spectavimus
732 3875 980 3931 magnum
1049 3859 1321 3930 quiddam,
1374 3860 1690 3930 prmclarum

149 3950 378 4022 quiddam,
403 3963 453 4010 et
484 3953 713 4011 omnino
739 3952 996 4017 divinum,
1020 3953 1161 4024 quod
1208 3952 1321 4008 ﬁeri
1365 3953 1465 4008 nisi
1509 3968 1538 4006 a
1579 3953 1690 4007 Deo

149 4059 233 4099 non
257 4047 437 4115 possit:
460 4046 798 4104 laudavimus
818 4045 886 4100 de
911 4045 1047 4100 facto
1070 4046 1347 4100 factorem.
1372 4044 1476 4098 Sed
1498 4058 1688 4114 quem-

151 4133 388 4193 admodum
430 4139 473 4194 si
515 4139 728 4194 litteras
765 4137 1012 4208 pulchras
1049 4135 1241 4191 alicubi
1280 4135 1685 4206 iuspiceremus,

151 4242 236 4283 non
275 4233 414 4288 nobis
459 4233 734 4288 sufﬁceret
782 4231 1002 4286 laudare
1055 4230 1332 4300 scriptoris
1383 4229 1683 4295 articulum,

153 4323 360 4390 quoniam
399 4339 487 4380 eas
528 4323 751 4396 pariles,
783 4322 1016 4393 mquales
1060 4321 1390 4392 decorasque
1417 4320 1556 4384 fecit,
1587 4321 1689 4375 nisi

154 4413 282 4469 etiam
308 4416 594 4487 legeremus
621 4415 747 4487 quid
779 4415 935 4470 nobis
976 4429 1071 4484 per
1100 4413 1216 4468 illas
1247 4396 1555 4468 indicaverit
1579 4430 1590 4466 :
1616 4413 1688 4469 ita

154 4502 313 4563 factum
339 4507 435 4565 hoc
453 4511 542 4582 qui
577 4517 782 4563 tantum
813 4505 1044 4574 inSpicit,
1070 4505 1366 4561 delectatur
1390 4505 1688 4575 pulchritu-

156 4596 255 4654 dine
288 4600 400 4657 l‘acti
433 4613 488 4658 ut
531 4601 827 4657 admiretur
853 4600 1142 4661 artiﬁcem;
1171 4599 1260 4670 qui
1287 4607 1462 4654 autem
1491 4599 1689 4654 intelli-

157 4687 230 4756 git,
256 4693 386 4760 quasi
432 4694 578 4763 legit.
609 4692 780 4747 Aliter
823 4690 963 4746 enim
1011 4689 1221 4746 videtur
1263 4691 1488 4760 pictura,
1538 4692 1690 4747 aliter

158 4779 362 4838 videntur
405 4785 611 4840 littenc.
645 4785 908 4840 Picturam
945 4799 1066 4838 cum
1107 4781 1325 4846 videris,
1351 4782 1452 4838 hoc
1491 4793 1571 4839 est
1611 4793 1690 4838 to-

160 4879 246 4926 tum
268 4875 460 4944 vidisse,
491 4877 735 4933 laudasse
771 4894 786 4932 :
820 4877 1024 4931 litteras
1050 4890 1172 4931 cum
1197 4875 1416 4941 videris,
1447 4890 1552 4930 non
1589 4876 1690 4932 hoc

160 4973 224 5018 est
253 4973 427 5034 totum;
464 4968 710 5040 quoniam
749 4967 1107 5022 commoneris
1151 4975 1207 5022 et
1250 4967 1446 5036 legere.
1479 4966 1687 5022 Etenim

161 5052 282 5124 dicis,
304 5074 410 5115 eam
438 5061 632 5116 videris
659 5061 888 5124 litteras,
915 5060 960 5114 si
999 5058 1135 5114 forte
1177 5073 1281 5113 non
1322 5073 1414 5112 eas
1443 5057 1582 5112 nosti
1607 5058 1686 5113 le-

161 5151 400 5219 gere,Quid
419 5163 656 5223 putamus
666 5169 786 5211 esse
802 5153 940 5227 quod
959 5153 1046 5208 hic
1062 5151 1318 5222 scriptum
1336 5151 1443 5207 est?
1460 5151 1688 5207 Interro-

165 5253 237 5306 gas
257 5244 364 5313 quid
391 5247 475 5312 sit,
509 5263 627 5303 cum
670 5249 780 5318 jam
811 5247 991 5302 videas
1028 5243 1247 5313 aliquid.
1283 5243 1438 5297 Aliud
1471 5243 1560 5297 tibi
1592 5243 1688 5298 de-

167 5345 504 5394 monstraturus
528 5351 624 5407 est,
657 5355 687 5394 a
715 5355 820 5410 quo
849 5337 1042 5409 quaeris
1070 5349 1360 5406 agnoscere
1388 5334 1528 5404 quod
1556 5334 1689 5389 vidi-

166 5422 236 5477 sti.
257 5427 382 5484 Alios
406 5430 492 5487 ille
517 5434 697 5487 oculos
732 5433 914 5496 habet,
941 5430 1075 5484 alios
1119 5438 1193 5483 tu.
1231 5427 1417 5483 Nonne
1446 5427 1689 5481 similiter

168 5516 312 5586 apices
352 5522 570 5579 videtis?
603 5524 707 5582 Sed
746 5540 851 5578 non
885 5523 1131 5579 similiter
1159 5522 1307 5593 signa
1348 5520 1683 5592 cognoscitis.

128 5669 141 5692 λ
167 5605 232 5664 Tu
254 5627 364 5686 ergo
380 5616 521 5673 vides
537 5628 588 5674 et
605 5617 786 5673 laudas
808 5636 820 5670 :
846 5617 932 5674 ille
956 5615 1116 5684 videt,
1141 5615 1337 5680 laudat,
1371 5614 1497 5684 legit
1522 5623 1576 5670 et
1603 5614 1686 5669 in-

117 5697 139 5802 ξ
171 5703 343 5802 telligit.
363 5708 487 5775 Quia
510 5725 631 5782 ergo
652 5711 898 5780 vidimus,
922 5711 1042 5783 quia
1069 5708 1420 5774 laudavimus,
1451 5708 1688 5780 legamus

173 5799 218 5847 et
229 5793 571 5871 intelligamus.

233 5883 535 5957 δνυῡωὶηιις
577 5895 627 5955 in
669 5905 880 5958 monte:
911 5896 1079 5961 multo
1120 5896 1286 5972 magis
1333 5894 1687 5971 intelligamus

1272 405 1683 467 TRACTATUS
1717 403 1907 465 XXIV.
1949 409 2178 471 CAPUT
2217 412 2310 470 Vl.

138 537 288 594 Deum
303 531 369 590 de
381 526 676 586 visibilibus
690 524 978 582 admouent
991 524 1276 580 humanam
1291 535 1545 582 mentem.
1564 524 1699 592 Quia

134 627 262 683 enim
283 624 368 679 ille
383 637 492 677 non
515 630 595 676 est
615 617 732 675 talis
750 617 1048 674 substantia
1068 635 1186 690 quae
1204 617 1370 674 videri
1389 617 1558 672 oculis
1579 633 1701 687 pos-

3247 432 3390 496 15οό

1809 527 1931 599 quia
1961 528 2220 589 Dominus
2246 535 2300 590 in
2329 544 2511 593 monte
2535 535 2769 594 Verbum
2805 548 2887 596 est
2918 541 2970 596 in
3001 542 3130 598 alto.
3158 543 3393 608 Proinde

1808 637 1914 678 non
1938 626 2086 695 quasi
2117 626 2387 685 humiliter
2401 630 2544 700 jacet
2581 631 2722 703 quod
2761 633 2815 689 in
2844 644 3026 691 monte
3049 635 3245 693 factum
3273 649 3390 708 est;

1807 730 1908 772 nec
1931 725 2265 776 transeunter
2288 723 2712 792 prmtereundum
2731 735 2832 792 est,
2856 726 2950 782 sed
2974 729 3390 799 suspiciendum.

1808 812 2015 870 Turbas
2029 815 2180 882 vidit,
2208 818 2506 874 esurientes
2528 821 2760 890 agnovit,
2780 820 3196 879 misericorditer
3218 825 3388 896 pavit:

1807 924 1915 964 non
1941 910 2112 965 solum
2140 927 2237 983 pro
2263 912 2518 979 bonitate,
2541 929 2728 969 verum
2769 914 2929 970 etiam
2973 931 3071 986 pro
3106 926 3388 988 potestate.

1805 999 1942 1067 Quid
1968 1002 2108 1056 enim
2125 1004 2237 1057 sola
2268 1004 2542 1075 prodesset
2570 1005 2799 1072 bonitas,
2825 1007 2913 1062 ubi
2939 1023 3043 1064 non
3069 1018 3186 1064 erat
3211 1012 3385 1084 panis,

1806 1094 1945 1150 unde
1977 1097 2130 1152 turba
2156 1098 2400 1154 esuriens
2426 1101 2766 1170 posceretur?
2794 1099 2905 1156 Nisi
2930 1099 3154 1158 bonitati
3179 1102 3392 1162 adesset

1803 1196 2059 1256 potestas,
2086 1189 2268 1260 jejuna
2293 1191 2382 1246 illa
2413 1192 2563 1247 turba
2589 1200 2644 1249 et
2671 1194 2911 1250 esuriens
2935 1204 3256 1252 remaneret.
3285 1197 3390 1255 De-

1803 1278 1963 1350 nique
1987 1289 2041 1335 et
2067 1281 2306 1354 discipuli
2336 1285 2426 1355 qui
2454 1295 2607 1340 erant
2642 1300 2763 1341 cum
2801 1286 3028 1344 Domino
3063 1288 3117 1344 in
3143 1289 3302 1357 fame,
3333 1299 3390 1347 et

1802 1370 1902 1441 ipsi
1923 1372 2105 1428 turbas
2122 1374 2366 1430 volebant
2383 1387 2685 1447 paseere,ut
2701 1392 2805 1433 non
2821 1389 3162 1436 remanerent
3177 1381 3385 1452 inanes,

1801 1463 1894 1518 sed
1926 1463 2064 1519 unde
2107 1476 2386 1536 poscerent
2430 1483 2534 1524 non
2580 1469 2866 1526 habebant.
2900 1470 3385 1544 lnterrogavitDo-

1801 1555 1979 1610 minus
2008 1557 2150 1613 unde
2191 1568 2495 1615 emerentur
2537 1576 2702 1631 panes
2746 1563 2814 1617 ad
2860 1563 3041 1619 turbas
3068 1565 3381 1635 pascendas.

1803 1648 1866 1704 Et
1895 1650 1969 1705 ait
2004 1650 2298 1724 Scriptura,
2331 1653 2444 1708 Hoc
2474 1665 2642 1709 autem
2667 1656 2858 1710 dicebat
2897 1666 3092 1713 tentans
3126 1675 3241 1713 eum
3262 1658 3382 1714 :di—

1799 1742 2062 1812 scipulum
2109 1744 2309 1799 scilicet
2366 1745 2686 1817 Philippum,
2728 1763 2885 1818 quem
2933 1749 3381 1820 interrogaverat.

1799 1833 1922 1904 Ipse
1963 1837 2095 1890 enim
2127 1838 2310 1892 sciebat
2351 1839 2474 1906 quid
2516 1849 2640 1894 esset
2685 1844 2928 1910 facturus.
2953 1840 3050 1896 Cui
3087 1857 3214 1912 ergo
3241 1842 3385 1900 bono

1799 1927 2058 1994 tentabat,
2093 1929 2194 1983 nisi
2238 1930 2360 2000 quia
2402 1929 2752 2000 ignorantiam
2781 1931 3024 2002 discipuli
3051 1932 3386 1991 demonstra-

1797 2019 1920 2074 bat?
1944 2021 2010 2074 Et
2040 2020 2175 2076 forte
2215 2022 2267 2076 in
2307 2022 2762 2080 demonstratione
2790 2025 3101 2096 ignorantiae
3138 2026 3384 2098 discipuli

1797 2111 1993 2181 aliquid
2040 2113 2378 2182 signiﬁcavit.
2410 2117 2701 2186 Apparebit
2738 2133 2884 2188 ergo,
2917 2134 3037 2174 cum
3078 2120 3250 2190 ipsum
3292 2135 3386 2176 san

1797 2211 2126 2257 crameutmn
2155 2204 2222 2260 de
2251 2205 2482 2276 quinque
2512 2208 2736 2276 panibus
2762 2210 2986 2278 cmperit
3025 2210 3178 2265 nobis
3211 2211 3380 2282 loqui,

1797 2303 1853 2350 et
1877 2296 2000 2366 quid
2031 2295 2294 2366 signiﬁcet
2331 2297 2565 2354 indicare
2590 2317 2601 2352 :
2629 2301 2697 2354 ibi
2725 2301 2868 2355 enim
2897 2302 3190 2358 videbimus
3219 2317 3384 2374 quare

1800 2387 2055 2442 Dominus
2081 2388 2135 2443 in
2162 2388 2263 2444 hoc
2291 2388 2428 2445 l‘acto
2459 2390 2808 2460 ignorantiam
2833 2392 3078 2463 discipuli
3105 2394 3272 2449 voluit
3296 2395 3382 2450 in-

1797 2481 2115 2550 terrogando
2161 2481 2303 2552 quod
2335 2483 2554 2548 sciebat,
2591 2483 2894 2539 ostendere.
2925 2483 3058 2540 Nam
3088 2485 3386 2556 interroga-

1799 2588 1916 2627 mus
1940 2572 2224 2642 aliquando
2247 2572 2389 2642 quod
2415 2573 2702 2640 nescimus,
2737 2573 2922 2630 audire
2950 2575 3191 2630 volentes
3214 2586 3273 2631 ut
3301 2576 3384 2632 di-

1797 2679 2040 2730 scamus;
2071 2665 2355 2736 aliquando
2398 2666 2786 2737 interrogamus
2823 2666 2962 2738 quod
2989 2667 3206 2734 scimus,
3241 2669 3383 2726 scire

1801 2756 2044 2813 volentes
2091 2767 2268 2813 utrum
2321 2768 2375 2814 et
2425 2759 2516 2814 ille
2561 2760 2696 2814 sciat
2751 2774 2908 2830 quem
2959 2760 3378 2831 interrogamus:

1797 2858 2085 2922 utrumque
2121 2851 2224 2908 hoc
2252 2861 2474 2907 noverat
2505 2852 2798 2918 Dominus;
2835 2862 2891 2908 et
2918 2851 3058 2923 quod
3089 2852 3384 2921 interroga-

1797 2944 1888 2999 bat
1915 2945 2135 3010 sciebat,
2159 2945 2285 3016 quid
2309 2946 2451 3002 enim
2478 2954 2622 3001 esset
2647 2945 2877 3001 facturus
2904 2945 3017 3015 ipse
3042 2954 3291 3010 noverat;
3318 2952 3375 3001 et

1797 3037 1899 3092 hoc
1926 3039 2130 3093 nescire
2153 3039 2453 3109 Philippum
2481 3039 2683 3094 sciebat
2705 3039 2968 3094 similiter.
2994 3037 3170 3106 Quare
3201 3040 3380 3110 itaque

1798 3127 2182 3198 interrogabat,
2239 3129 2338 3184 nisi
2391 3129 2514 3199 quia
2565 3129 2706 3184 illius
2752 3129 3101 3199 ignorantiam
3152 3127 3379 3184 demon-

1797 3221 2037 3276 strabat?
2068 3220 2132 3275 Et
2158 3220 2258 3276 hoc
2286 3236 2450 3293 quare
2480 3220 2687 3286 fecerit,
2718 3230 2776 3276 ut
2804 3221 2942 3290 dixi,
2973 3229 3160 3292 postea
3184 3220 3380 3278 intelli-

1795 3328 1998 3383 gemus.

1868 3405 1921 3459 4.
1952 3405 2182 3458 Andreas
2208 3405 2279 3458 ait
2307 3421 2324 3460 :
2351 3404 2442 3460 Est
2469 3405 2549 3460 hic
2581 3422 2704 3476 puer
2733 3405 2938 3474 quidam
2964 3406 3048 3476 qui
3069 3405 3213 3460 habet
3237 3407 3382 3477 quin-

1795 3513 1892 3566 que
1916 3513 2085 3566 panes,
2111 3506 2158 3550 et
2194 3497 2320 3552 duos
2358 3498 2549 3568 pisces;
2575 3499 2662 3552 sed
2685 3499 2793 3553 Itwc
2816 3499 2938 3569 quid
2962 3507 3077 3553 sunt
3097 3498 3165 3552 ad
3184 3500 3384 3554 tantos?

1794 3586 1925 3644 Cum
1957 3589 2177 3645 dixisset
2201 3590 2476 3661 Philippus
2505 3593 2879 3662 interrogatus,
2909 3589 3258 3646 ducentorum
3284 3591 3381 3646 de-

1797 3680 2067 3734 nariorum
2092 3695 2255 3750 panes
2281 3695 2388 3736 non
2419 3681 2682 3746 sufﬁcere,
2713 3681 2905 3752 quibus
2931 3689 3074 3736 tanta
3104 3679 3193 3735 illa
3226 3680 3381 3736 turba

1797 3771 2128 3836 reﬁceretur,
2153 3781 2267 3826 erat
2293 3772 2366 3827 ibi
2395 3772 2606 3844 quidam
2639 3788 2771 3844 puer
2793 3781 3010 3843 portans
3031 3771 3264 3844 quinque
3285 3785 3382 3841 pa-

1796 3878 1891 3918 nes
1934 3862 2261 3919 liordcaceos
2303 3874 2358 3920 et
2400 3865 2536 3920 duos
2577 3865 2768 3935 pisces.
2808 3865 2868 3920 Et
2897 3866 2968 3920 ait
2994 3864 3385 3920 Jesus:Facite

1796 3955 2022 4008 homines
2048 3954 2374 4009 discumbere.
2400 3955 2528 4010 Erat
2557 3970 2724 4010 autem
2762 3958 2831 4011 ibi
2859 3961 3030 4028 fenum
3069 3959 3302 4024 multum,
3333 3967 3382 4013 et

1795 4045 2151 4098 discubuerant
2171 4045 2327 4115 ferme
2344 4047 2560 4116 quinque
2581 4048 2740 4100 millia
2765 4048 3044 4102 hominum.
3064 4049 3266 4119 Accepit
3285 4065 3380 4103 au-

1797 4146 1891 4192 tem
1932 4135 2178 4191 Dominus
2207 4135 2358 4191 Jesus
2389 4154 2565 4208 panes,
2607 4139 2797 4205 gratias
2836 4141 2952 4209 egit,
3001 4140 3179 4208 jussit,
3227 4140 3379 4194 fracti

1796 4238 1920 4285 sunt
1950 4244 2133 4300 panes,
2163 4229 2319 4300 positi
2345 4239 2468 4285 ante
2492 4229 2908 4284 discumbentes.
2945 4229 3059 4284 Non
3087 4230 3196 4298 jam
3228 4230 3383 4301 quiu-

1795 4341 1899 4395 que
1949 4339 2136 4394 panes,
2164 4324 2258 4379 sed
2300 4323 2441 4394 quod
2484 4322 2770 4392 adjcccrat,
2801 4324 2888 4393 qui
2928 4331 3200 4378 creaverat
3237 4323 3379 4393 quod

1795 4425 2006 4471 auctum
2032 4425 2164 4470 erat.
2195 4415 2260 4469 Et
2289 4416 2350 4470 de
2399 4415 2614 4485 piscibus
2657 4422 2899 4483 quantum
2940 4415 3229 4487 suﬁciebat.
3277 4415 3378 4471 Pa-

1796 4523 1912 4562 rum
1969 4516 2052 4562 est
2096 4507 2303 4562 turbam
2347 4507 2494 4562 illam
2548 4507 2708 4562 luisse
2744 4507 3007 4575 satiatam,
3063 4507 3222 4563 etiam
3268 4507 3376 4564 lra~

1795 4611 2008 4671 gmeuta
2030 4601 2343 4656 resederunt
2367 4619 2380 4655 :
2402 4609 2457 4656 et
2483 4601 2594 4671 ipsa
2617 4599 2793 4672 colligi
2825 4601 2969 4669 jussa
2991 4609 3130 4667 sunt,
3167 4617 3234 4656 ne
3254 4616 3347 4672 per
3366 4629 3380 4645 -

1797 4694 1966 4761 irent;
1998 4703 2044 4748 et
2095 4693 2423 4763 impleverunt
2471 4692 2739 4747 duodecim
2791 4693 3031 4764 cap/tinos
3066 4692 3377 4764 fragmento-

1795 4801 1853 4838 ru
1860 4801 1908 4838 ιιι
1915 4823 1930 4836 .

1865 4878 1918 4931 5.
1969 4875 2208 4931 Breviter
2251 4885 2308 4930 ut
2347 4890 2655 4944 curramus,
2702 4877 2934 4946 quinque
2974 4890 3138 4946 panes
3177 4877 3379 4933 intelli-

1794 4979 1990 5039 guntur
2017 4969 2249 5039 quinque
2279 4967 2397 5022 libri
2425 4968 2590 5039 Moysi
2627 4987 2638 5022 :
2669 4969 2859 5022 merito
2887 4982 2992 5022 non
3023 4969 3246 5037 triticei,
3284 4970 3378 5026 sed

1798 5060 2116 5125 hordeacei;
2166 5061 2289 5131 quia
2333 5060 2398 5115 ad
2449 5060 2612 5116 Vetus
2651 5061 3049 5117 Testamentum
3088 5065 3376 5133 pertinent.

1796 5151 1972 5206 Nostis
2000 5160 2176 5206 autem
2202 5150 2460 5206 hordeum
2490 5153 2562 5206 ita
2589 5161 2854 5219 creatum,
2898 5164 2957 5208 ut
2989 5153 3054 5208 ad
3093 5156 3378 5213 medullam

1796 5242 1911 5313 cjus
1938 5243 2402 5314 vis,perveniatur
2432 5261 2443 5297 :
2476 5244 2698 5300 vestitur
2732 5247 2874 5300 enim
2916 5245 3105 5302 eadem
3146 5247 3379 5304 medulla

1798 5335 2026 5405 tegmine
2052 5336 2250 5405 paleae,
2284 5344 2338 5391 et
2364 5337 2475 5406 ipsa
2506 5336 2657 5406 palea
2687 5344 2845 5392 tenax
2885 5347 2938 5392 et
2976 5339 3239 5394 inhmrens
3262 5378 3278 5404 ,
3322 5347 3379 5393 ut

1795 5445 1916 5484 cum
1949 5428 2132 5484 labore
2161 5439 2404 5486 exuatur.
2445 5429 2589 5486 Talis
2625 5439 2706 5486 est
2749 5432 2923 5486 littera
2952 5430 3160 5486 Veteris
3187 5430 3376 5487 Testa-

1798 5526 1982 5590 menti,
2013 5526 2200 5582 vestita
2227 5525 2546 5596 tegminibus
2570 5528 2860 5583 carnalium
2889 5535 3338 5582 sacramentorum
3359 5544 3375 5560 ο

1797 5617 1892 5673 sed
1921 5621 1966 5674 si
1992 5619 2058 5674 ad
2083 5619 2199 5690 ejus
2226 5619 2512 5676 medullam
2539 5621 2895 5692 perveniatur,
2929 5619 3096 5690 pascit
3119 5629 3174 5674 et
3199 5619 3376 5676 satiat.

1797 5711 2027 5768 Ferebat
2070 5727 2198 5784 ergo
2242 5729 2374 5784 puer
2413 5713 2628 5784 quidam
2671 5713 2904 5782 quinque
2947 5724 3112 5781 panes
3151 5719 3206 5767 et
3244 5710 3382 5770 duos

1798 5805 1992 5876 pisces.
2025 5804 2084 5862 Si
2113 5821 2410 5878 quaeramus
2439 5804 2558 5875 quis
2584 5805 2744 5860 fuerit
2771 5818 2902 5874 puer
2930 5803 3065 5872 iste,
3109 5804 3244 5864 forte
3279 5820 3384 5876 po-

1799 5898 1956 5980 pulus
1992 5898 2155 5965 Israel
2195 5906 2306 5963 erat
2335 5915 2347 5959 :
2377 5910 2538 5962 sensu
2568 5896 2752 5978 puerili
2779 5895 3052 5974 portabat.
3098 5913 3195 5965 nec
3229 5913 3380 5963 meno
3472 5977 3474 5980 ν
