  <div class='ocr_page' id='page_1' title='image "/cluster/home/n/w/nwhite01/storage/ocr_20150623/35/uva.x000827104/149.png"; bbox 0 0 3916 6384; ppageno 0'>
   <div class='ocr_carea' id='block_1_1' title="bbox 575 427 721 491">
    <p class='ocr_par' dir='ltr' id='par_1_1' title="bbox 575 427 721 491">
     <span class='ocr_line' id='line_1_1' title="bbox 575 427 721 491; baseline 0.007 -2"><span class='ocrx_word' id='word_1_1' title='bbox 575 430 604 489; x_wconf 78' lang='grc'><strong>1</strong></span> <span class='ocrx_word' id='word_1_2' title='bbox 615 427 721 491; x_wconf 73' lang='lat'><strong>598</strong></span> 
     </span>
    </p>
   </div>
   <div class='ocr_carea' id='block_1_2' title="bbox 574 534 2157 616">
    <p class='ocr_par' dir='ltr' id='par_1_2' title="bbox 574 534 2157 616">
     <span class='ocr_line' id='line_1_2' title="bbox 574 534 2157 616; baseline -0.009 -14"><span class='ocrx_word' id='word_1_3' title='bbox 574 544 820 602; x_wconf 83' lang='lat' dir='ltr'><strong>ducabat.</strong></span> <span class='ocrx_word' id='word_1_4' title='bbox 865 545 956 602; x_wconf 89' lang='lat' dir='ltr'><strong>llla</strong></span> <span class='ocrx_word' id='word_1_5' title='bbox 992 544 1136 602; x_wconf 85' lang='lat' dir='ltr'><strong>enim</strong></span> <span class='ocrx_word' id='word_1_6' title='bbox 1175 557 1293 616; x_wconf 63' lang='lat' dir='ltr'><strong>quae</strong></span> <span class='ocrx_word' id='word_1_7' title='bbox 1327 540 1601 614; x_wconf 76' lang='lat' dir='ltr'><strong>portabat,</strong></span> <span class='ocrx_word' id='word_1_8' title='bbox 1633 539 1810 595; x_wconf 80' lang='lat' dir='ltr'><strong>clausa</strong></span> <span class='ocrx_word' id='word_1_9' title='bbox 1836 534 2157 600; x_wconf 77' lang='lat' dir='ltr'><strong>onerabant,</strong></span> 
     </span>
    </p>
   </div>
   <div class='ocr_carea' id='block_1_3' title="bbox 1509 415 2899 486">
    <p class='ocr_par' dir='ltr' id='par_1_3' title="bbox 1509 415 2899 486">
     <span class='ocr_line' id='line_1_3' title="bbox 1509 415 2899 486; baseline -0.004 -5"><span class='ocrx_word' id='word_1_10' title='bbox 1509 423 1574 484; x_wconf 78' lang='grc' dir='ltr'><strong>ΙΝ</strong></span> <span class='ocrx_word' id='word_1_11' title='bbox 1609 419 1886 482; x_wconf 77' lang='lat' dir='ltr'><strong>JOANNIS</strong></span> <span class='ocrx_word' id='word_1_12' title='bbox 1923 417 2388 486; x_wconf 70' lang='lat' dir='ltr'><strong>EVANGELIL‘M,</strong></span> <span class='ocrx_word' id='word_1_13' title='bbox 2429 418 2486 474; x_wconf 88' lang='lat' dir='ltr'><strong>S.</strong></span> <span class='ocrx_word' id='word_1_14' title='bbox 2535 415 2899 477; x_wconf 73' lang='lat' dir='ltr'><strong>AUGUSTINI</strong></span> 
     </span>
    </p>
   </div>
   <div class='ocr_carea' id='block_1_4' title="bbox 3100 438 3700 495">
    <p class='ocr_par' dir='ltr' id='par_1_4' title="bbox 3100 438 3700 495">
     <span class='ocr_line' id='line_1_4' title="bbox 3100 438 3700 495; baseline 0.017 -10"><span class='ocrx_word' id='word_1_15' title='bbox 3100 483 3108 485; x_wconf 93' lang='lat'>_</span> <span class='ocrx_word' id='word_1_16' title='bbox 3650 438 3700 495; x_wconf 78' lang='lat' dir='ltr'><strong>i5</strong></span> 
     </span>
    </p>
   </div>
   <div class='ocr_carea' id='block_1_5' title="bbox 2269 441 3745 612">
    <p class='ocr_par' dir='ltr' id='par_1_5' title="bbox 2269 441 3745 612">
     <span class='ocr_line' id='line_1_5' title="bbox 2275 441 3745 499; baseline 0.009 -25"><span class='ocrx_word' id='word_1_17' title='bbox 2275 441 2388 486; x_wconf 72' lang='lat' dir='ltr'><strong>Lat,</strong></span> <span class='ocrx_word' id='word_1_18' title='bbox 2430 441 2486 474; x_wconf 68' lang='grc' dir='ltr'><strong>ο.</strong></span> <span class='ocrx_word' id='word_1_19' title='bbox 2535 441 2899 477; x_wconf 59' lang='grc' dir='ltr'>δυυυοιιαι</span> <span class='ocrx_word' id='word_1_20' title='bbox 3100 483 3108 485; x_wconf 96' lang='lat'>_</span> <span class='ocrx_word' id='word_1_21' title='bbox 3650 441 3745 499; x_wconf 66' lang='lat'><strong>1596</strong></span> 
     </span>
     <span class='ocr_line' id='line_1_6' title="bbox 2269 531 3742 612; baseline 0.015 -24"><span class='ocrx_word' id='word_1_22' title='bbox 2269 531 2691 604; x_wconf 84' lang='lat' dir='ltr'><strong>Pmphetarum,</strong></span> <span class='ocrx_word' id='word_1_23' title='bbox 2740 533 2992 612; x_wconf 75' lang='lat' dir='ltr'><strong>impletur</strong></span> <span class='ocrx_word' id='word_1_24' title='bbox 3025 535 3429 609; x_wconf 79' lang='lat' dir='ltr'><strong>Prophetarum,</strong></span> <span class='ocrx_word' id='word_1_25' title='bbox 3467 547 3742 611; x_wconf 66' lang='lat' dir='ltr'><strong>sanctiﬁcata</strong></span> 
     </span>
    </p>
   </div>
   <div class='ocr_carea' id='block_1_6' title="bbox 569 625 3745 711">
    <p class='ocr_par' dir='ltr' id='par_1_6' title="bbox 569 625 3745 711">
     <span class='ocr_line' id='line_1_7' title="bbox 569 625 3745 711; baseline 0.004 -19"><span class='ocrx_word' id='word_1_26' title='bbox 569 646 756 708; x_wconf 79' lang='lat' dir='ltr'><strong>operta</strong></span> <span class='ocrx_word' id='word_1_27' title='bbox 789 637 1095 709; x_wconf 86' lang='lat' dir='ltr'><strong>pascebant.</strong></span> <span class='ocrx_word' id='word_1_28' title='bbox 1131 636 1245 690; x_wconf 88' lang='lat' dir='ltr'><strong>Duo</strong></span> <span class='ocrx_word' id='word_1_29' title='bbox 1274 643 1449 689; x_wconf 89' lang='lat' dir='ltr'><strong>autem</strong></span> <span class='ocrx_word' id='word_1_30' title='bbox 1483 635 1688 704; x_wconf 81' lang='lat' dir='ltr'><strong>pisces,</strong></span> <span class='ocrx_word' id='word_1_31' title='bbox 1725 629 1973 685; x_wconf 87' lang='lat' dir='ltr'><strong>videntur</strong></span> <span class='ocrx_word' id='word_1_32' title='bbox 2007 625 2160 681; x_wconf 87' lang='lat' dir='ltr'><strong>nobis</strong></span> <span class='ocrx_word' id='word_1_33' title='bbox 2265 625 2676 697; x_wconf 80' lang='lat' dir='ltr'><strong>Prophetarum,</strong></span> <span class='ocrx_word' id='word_1_34' title='bbox 2705 626 2798 682; x_wconf 86' lang='lat' dir='ltr'><strong>sed</strong></span> <span class='ocrx_word' id='word_1_35' title='bbox 2824 637 2877 684; x_wconf 89' lang='lat' dir='ltr'><strong>et</strong></span> <span class='ocrx_word' id='word_1_36' title='bbox 2905 629 3158 700; x_wconf 90' lang='lat' dir='ltr'><strong>propheta</strong></span> <span class='ocrx_word' id='word_1_37' title='bbox 3187 649 3200 686; x_wconf 88' lang='lat'><strong>:</strong></span> <span class='ocrx_word' id='word_1_38' title='bbox 3227 647 3344 689; x_wconf 88' lang='lat' dir='ltr'><strong>nam</strong></span> <span class='ocrx_word' id='word_1_39' title='bbox 3368 643 3418 692; x_wconf 88' lang='lat' dir='ltr'><strong>et</strong></span> <span class='ocrx_word' id='word_1_40' title='bbox 3438 636 3580 711; x_wconf 72' lang='lat' dir='ltr'><strong>Moysi</strong></span> <span class='ocrx_word' id='word_1_41' title='bbox 3603 642 3745 704; x_wconf 85' lang='lat' dir='ltr'><strong>dictum</strong></span> 
     </span>
    </p>
   </div>
   <div class='ocr_carea' id='block_1_7' title="bbox 571 720 2216 801">
    <p class='ocr_par' dir='ltr' id='par_1_7' title="bbox 571 720 2216 801">
     <span class='ocr_line' id='line_1_8' title="bbox 571 720 2216 801; baseline -0.007 -16"><span class='ocrx_word' id='word_1_42' title='bbox 571 727 873 801; x_wconf 82' lang='lat' dir='ltr'><strong>signiﬁcare</strong></span> <span class='ocrx_word' id='word_1_43' title='bbox 911 727 1044 785; x_wconf 88' lang='lat' dir='ltr'><strong>duas</strong></span> <span class='ocrx_word' id='word_1_44' title='bbox 1085 728 1205 783; x_wconf 87' lang='lat' dir='ltr'><strong>illas</strong></span> <span class='ocrx_word' id='word_1_45' title='bbox 1235 728 1285 782; x_wconf 90' lang='lat' dir='ltr'><strong>in</strong></span> <span class='ocrx_word' id='word_1_46' title='bbox 1317 725 1496 781; x_wconf 80' lang='lat' dir='ltr'><strong>Veteri</strong></span> <span class='ocrx_word' id='word_1_47' title='bbox 1531 723 1873 780; x_wconf 86' lang='lat' dir='ltr'><strong>Testamento</strong></span> <span class='ocrx_word' id='word_1_48' title='bbox 1901 720 2158 778; x_wconf 78' lang='lat' dir='ltr'><strong>sublimes</strong></span> <span class='ocrx_word' id='word_1_49' title='bbox 2210 735 2216 739; x_wconf 66' lang='lat'>‘</span> 
     </span>
    </p>
   </div>
   <div class='ocr_carea' id='block_1_8' title="bbox 569 812 2156 893">
    <p class='ocr_par' dir='ltr' id='par_1_8' title="bbox 569 812 2156 893">
     <span class='ocr_line' id='line_1_9' title="bbox 569 812 2156 893; baseline -0.006 -15"><span class='ocrx_word' id='word_1_50' title='bbox 569 835 858 892; x_wconf 79' lang='lat' dir='ltr'><strong>personas,</strong></span> <span class='ocrx_word' id='word_1_51' title='bbox 901 835 1018 893; x_wconf 69' lang='lat' dir='ltr'><strong>qua:</strong></span> <span class='ocrx_word' id='word_1_52' title='bbox 1055 819 1386 892; x_wconf 78' lang='lat' dir='ltr'><strong>angebantur</strong></span> <span class='ocrx_word' id='word_1_53' title='bbox 1422 818 1488 874; x_wconf 90' lang='lat' dir='ltr'><strong>ad</strong></span> <span class='ocrx_word' id='word_1_54' title='bbox 1527 817 1778 889; x_wconf 87' lang='lat' dir='ltr'><strong>populum</strong></span> <span class='ocrx_word' id='word_1_55' title='bbox 1817 812 2156 871; x_wconf 85' lang='lat' dir='ltr'><strong>sanctiﬁcan-</strong></span> 
     </span>
    </p>
   </div>
   <div class='ocr_carea' id='block_1_9' title="bbox 570 909 2216 991">
    <p class='ocr_par' dir='ltr' id='par_1_9' title="bbox 570 909 2216 991">
     <span class='ocr_line' id='line_1_10' title="bbox 570 909 2216 991; baseline -0.005 -19"><span class='ocrx_word' id='word_1_56' title='bbox 570 913 698 973; x_wconf 89' lang='lat' dir='ltr'><strong>dum</strong></span> <span class='ocrx_word' id='word_1_57' title='bbox 737 923 791 972; x_wconf 87' lang='lat' dir='ltr'><strong>et</strong></span> <span class='ocrx_word' id='word_1_58' title='bbox 831 917 1159 988; x_wconf 88' lang='lat' dir='ltr'><strong>regendum,</strong></span> <span class='ocrx_word' id='word_1_59' title='bbox 1210 913 1504 971; x_wconf 81' lang='lat' dir='ltr'><strong>sacerdotis</strong></span> <span class='ocrx_word' id='word_1_60' title='bbox 1543 921 1597 970; x_wconf 89' lang='lat' dir='ltr'><strong>et</strong></span> <span class='ocrx_word' id='word_1_61' title='bbox 1637 913 1796 984; x_wconf 88' lang='lat' dir='ltr'><strong>regis.</strong></span> <span class='ocrx_word' id='word_1_62' title='bbox 1843 912 1907 966; x_wconf 83' lang='lat' dir='ltr'><strong>Et</strong></span> <span class='ocrx_word' id='word_1_63' title='bbox 1945 910 2057 982; x_wconf 89' lang='lat' dir='ltr'><strong>ipse</strong></span> <span class='ocrx_word' id='word_1_64' title='bbox 2103 909 2155 964; x_wconf 91' lang='lat' dir='ltr'><strong>in</strong></span> 
     </span>
    </p>
   </div>
   <div class='ocr_carea' id='block_1_10' title="bbox 567 995 2216 1094">
    <p class='ocr_par' dir='ltr' id='par_1_10' title="bbox 567 995 2216 1094">
     <span class='ocr_line' id='line_1_11' title="bbox 567 995 2216 1094; baseline -0.005 -28"><span class='ocrx_word' id='word_1_65' title='bbox 567 1010 827 1083; x_wconf 83' lang='lat' dir='ltr'><strong>mysterio</strong></span> <span class='ocrx_word' id='word_1_66' title='bbox 851 1011 997 1066; x_wconf 82' lang='lat' dir='ltr'><strong>venit</strong></span> <span class='ocrx_word' id='word_1_67' title='bbox 1021 1007 1328 1081; x_wconf 82' lang='lat' dir='ltr'><strong>aliquando,</strong></span> <span class='ocrx_word' id='word_1_68' title='bbox 1356 1009 1444 1080; x_wconf 89' lang='lat' dir='ltr'><strong>qui</strong></span> <span class='ocrx_word' id='word_1_69' title='bbox 1470 1024 1564 1078; x_wconf 90' lang='lat' dir='ltr'><strong>per</strong></span> <span class='ocrx_word' id='word_1_70' title='bbox 1586 1008 1702 1063; x_wconf 90' lang='lat' dir='ltr'><strong>illas</strong></span> <span class='ocrx_word' id='word_1_71' title='bbox 1722 1004 2151 1078; x_wconf 86' lang='lat' dir='ltr'><strong>signiﬁcabatur:</strong></span> 
     </span>
    </p>
   </div>
   <div class='ocr_carea' id='block_1_11' title="bbox 566 1095 2195 1173">
    <p class='ocr_par' dir='ltr' id='par_1_11' title="bbox 566 1095 2195 1173">
     <span class='ocr_line' id='line_1_12' title="bbox 566 1095 2195 1173; baseline -0.006 -17"><span class='ocrx_word' id='word_1_72' title='bbox 566 1102 714 1158; x_wconf 79' lang='lat' dir='ltr'><strong>venit</strong></span> <span class='ocrx_word' id='word_1_73' title='bbox 739 1101 1024 1173; x_wconf 76' lang='lat' dir='ltr'><strong>aliquando</strong></span> <span class='ocrx_word' id='word_1_74' title='bbox 1054 1102 1142 1169; x_wconf 87' lang='lat' dir='ltr'><strong>qui</strong></span> <span class='ocrx_word' id='word_1_75' title='bbox 1172 1117 1266 1171; x_wconf 90' lang='lat' dir='ltr'><strong>per</strong></span> <span class='ocrx_word' id='word_1_76' title='bbox 1294 1099 1580 1155; x_wconf 84' lang='lat' dir='ltr'><strong>medullam</strong></span> <span class='ocrx_word' id='word_1_77' title='bbox 1617 1098 1802 1153; x_wconf 86' lang='lat' dir='ltr'><strong>hordei</strong></span> <span class='ocrx_word' id='word_1_78' title='bbox 1830 1095 2151 1151; x_wconf 83' lang='lat' dir='ltr'><strong>ostendeba-</strong></span> <span class='ocrx_word' id='word_1_79' title='bbox 2193 1095 2195 1099; x_wconf 86' lang='grc'><em>’</em></span> 
     </span>
    </p>
   </div>
   <div class='ocr_carea' id='block_1_12' title="bbox 565 1277 2194 1360">
    <p class='ocr_par' dir='ltr' id='par_1_12' title="bbox 565 1277 2194 1360">
     <span class='ocr_line' id='line_1_13' title="bbox 565 1277 2194 1360; baseline -0.006 -19"><span class='ocrx_word' id='word_1_80' title='bbox 565 1297 704 1341; x_wconf 78' lang='lat' dir='ltr'><strong>unus</strong></span> <span class='ocrx_word' id='word_1_81' title='bbox 735 1295 1009 1358; x_wconf 89' lang='lat' dir='ltr'><strong>utramque</strong></span> <span class='ocrx_word' id='word_1_82' title='bbox 1039 1299 1317 1356; x_wconf 87' lang='lat' dir='ltr'><strong>personam</strong></span> <span class='ocrx_word' id='word_1_83' title='bbox 1349 1285 1400 1338; x_wconf 90' lang='lat' dir='ltr'><strong>in</strong></span> <span class='ocrx_word' id='word_1_84' title='bbox 1425 1298 1485 1340; x_wconf 89' lang='lat' dir='ltr'><strong>se</strong></span> <span class='ocrx_word' id='word_1_85' title='bbox 1513 1292 1755 1354; x_wconf 85' lang='lat' dir='ltr'><strong>portans,</strong></span> <span class='ocrx_word' id='word_1_86' title='bbox 1783 1277 2075 1336; x_wconf 80' lang='lat' dir='ltr'><strong>sacerdotis</strong></span> <span class='ocrx_word' id='word_1_87' title='bbox 2098 1286 2152 1332; x_wconf 89' lang='lat' dir='ltr'><strong>et</strong></span> <span class='ocrx_word' id='word_1_88' title='bbox 2189 1281 2194 1360; x_wconf 22' lang='grc' dir='ltr'>μ</span> 
     </span>
    </p>
   </div>
   <div class='ocr_carea' id='block_1_13' title="bbox 2269 716 3747 796">
    <p class='ocr_par' dir='ltr' id='par_1_13' title="bbox 2269 716 3747 796">
     <span class='ocr_line' id='line_1_14' title="bbox 2269 716 3747 796; baseline 0.006 -23"><span class='ocrx_word' id='word_1_89' title='bbox 2269 726 2383 784; x_wconf 81' lang='lat' dir='ltr'><strong>est,</strong></span> <span class='ocrx_word' id='word_1_90' title='bbox 2413 716 2681 774; x_wconf 82' lang='lat' dir='ltr'><strong>Suscitabo</strong></span> <span class='ocrx_word' id='word_1_91' title='bbox 2707 719 2778 774; x_wconf 85' lang='lat' dir='ltr'><strong>eis</strong></span> <span class='ocrx_word' id='word_1_92' title='bbox 2806 721 3101 793; x_wconf 79' lang='lat' dir='ltr'><strong>prophetam</strong></span> <span class='ocrx_word' id='word_1_93' title='bbox 3128 723 3334 780; x_wconf 81' lang='lat' dir='ltr'><strong>similem</strong></span> <span class='ocrx_word' id='word_1_94' title='bbox 3361 726 3448 782; x_wconf 74' lang='lat' dir='ltr'><strong>iui.</strong></span> <span class='ocrx_word' id='word_1_95' title='bbox 3472 726 3668 790; x_wconf 78' lang='lat' dir='ltr'><strong>Similem</strong></span> <span class='ocrx_word' id='word_1_96' title='bbox 3689 753 3747 796; x_wconf 61' lang='lat' dir='ltr'><strong>se.</strong></span> 
     </span>
    </p>
   </div>
   <div class='ocr_carea' id='block_1_14' title="bbox 2264 810 3747 888">
    <p class='ocr_par' dir='ltr' id='par_1_14' title="bbox 2264 810 3747 888">
     <span class='ocr_line' id='line_1_15' title="bbox 2264 810 3747 888; baseline 0.013 -23"><span class='ocrx_word' id='word_1_97' title='bbox 2264 810 2497 866; x_wconf 88' lang='lat' dir='ltr'><strong>cundum</strong></span> <span class='ocrx_word' id='word_1_98' title='bbox 2523 823 2773 880; x_wconf 87' lang='lat' dir='ltr'><strong>carnem,</strong></span> <span class='ocrx_word' id='word_1_99' title='bbox 2821 827 2927 868; x_wconf 86' lang='lat' dir='ltr'><strong>non</strong></span> <span class='ocrx_word' id='word_1_100' title='bbox 2965 814 3253 872; x_wconf 87' lang='lat' dir='ltr'><strong>secundum</strong></span> <span class='ocrx_word' id='word_1_101' title='bbox 3293 818 3607 888; x_wconf 84' lang='lat' dir='ltr'><strong>majestatem.</strong></span> <span class='ocrx_word' id='word_1_102' title='bbox 3631 825 3747 887; x_wconf 80' lang='lat' dir='ltr'><strong>Ettio</strong></span> 
     </span>
    </p>
   </div>
   <div class='ocr_carea' id='block_1_15' title="bbox 2263 901 3743 978">
    <p class='ocr_par' dir='ltr' id='par_1_15' title="bbox 2263 901 3743 978">
     <span class='ocr_line' id='line_1_16' title="bbox 2263 901 3743 978; baseline 0.012 -20"><span class='ocrx_word' id='word_1_103' title='bbox 2263 901 2382 973; x_wconf 88' lang='lat' dir='ltr'><strong>ipso</strong></span> <span class='ocrx_word' id='word_1_104' title='bbox 2412 903 2624 959; x_wconf 88' lang='lat' dir='ltr'><strong>Christo</strong></span> <span class='ocrx_word' id='word_1_105' title='bbox 2673 904 2818 959; x_wconf 90' lang='lat' dir='ltr'><strong>illam</strong></span> <span class='ocrx_word' id='word_1_106' title='bbox 2857 905 3067 961; x_wconf 90' lang='lat' dir='ltr'><strong>Domini</strong></span> <span class='ocrx_word' id='word_1_107' title='bbox 3102 910 3486 978; x_wconf 84' lang='lat' dir='ltr'><strong>promissionem</strong></span> <span class='ocrx_word' id='word_1_108' title='bbox 3506 911 3668 974; x_wconf 85' lang='lat' dir='ltr'><strong>habere</strong></span> <span class='ocrx_word' id='word_1_109' title='bbox 3686 920 3743 975; x_wconf 87' lang='lat' dir='ltr'><strong>in-</strong></span> 
     </span>
    </p>
   </div>
   <div class='ocr_carea' id='block_1_16' title="bbox 2265 995 3746 1079">
    <p class='ocr_par' dir='ltr' id='par_1_16' title="bbox 2265 995 3746 1079">
     <span class='ocr_line' id='line_1_17' title="bbox 2265 995 3746 1079; baseline 0.014 -29"><span class='ocrx_word' id='word_1_110' title='bbox 2265 995 2558 1065; x_wconf 90' lang='lat' dir='ltr'><strong>tellectum,</strong></span> <span class='ocrx_word' id='word_1_111' title='bbox 2587 1005 2772 1067; x_wconf 88' lang='lat' dir='ltr'><strong>aperte</strong></span> <span class='ocrx_word' id='word_1_112' title='bbox 2807 997 2859 1053; x_wconf 91' lang='lat' dir='ltr'><strong>in</strong></span> <span class='ocrx_word' id='word_1_113' title='bbox 2893 999 3110 1056; x_wconf 83' lang='lat' dir='ltr'><strong>Actibus</strong></span> <span class='ocrx_word' id='word_1_114' title='bbox 3143 1002 3498 1072; x_wconf 82' lang='lat' dir='ltr'><strong>Apostolorum</strong></span> <span class='ocrx_word' id='word_1_115' title='bbox 3534 1013 3746 1079; x_wconf 81' lang='lat' dir='ltr'><strong>exponitur</strong></span> 
     </span>
    </p>
   </div>
   <div class='ocr_carea' id='block_1_17' title="bbox 2261 1090 3856 1171">
    <p class='ocr_par' dir='ltr' id='par_1_17' title="bbox 2261 1090 3856 1171">
     <span class='ocr_line' id='line_1_18' title="bbox 2261 1090 3856 1171; baseline 0.006 -25"><span class='ocrx_word' id='word_1_116' title='bbox 2261 1099 2317 1146; x_wconf 86' lang='lat' dir='ltr'><strong>et</strong></span> <span class='ocrx_word' id='word_1_117' title='bbox 2345 1091 2535 1162; x_wconf 86' lang='lat' dir='ltr'><strong>legitur</strong></span> <span class='ocrx_word' id='word_1_118' title='bbox 2560 1090 2737 1162; x_wconf 88' lang='lat' dir='ltr'><strong>(Deut.</strong></span> <span class='ocrx_word' id='word_1_119' title='bbox 2765 1108 2892 1148; x_wconf 75' lang='lat' dir='ltr'><strong>xvm</strong></span> <span class='ocrx_word' id='word_1_120' title='bbox 2911 1132 2927 1159; x_wconf 92' lang='lat'><strong>,</strong></span> <span class='ocrx_word' id='word_1_121' title='bbox 2961 1093 3057 1160; x_wconf 82' lang='lat' dir='ltr'><strong>i8;</strong></span> <span class='ocrx_word' id='word_1_122' title='bbox 3087 1094 3200 1149; x_wconf 80' lang='lat' dir='ltr'><strong>Act.</strong></span> <span class='ocrx_word' id='word_1_123' title='bbox 3236 1111 3332 1160; x_wconf 85' lang='lat' dir='ltr'><strong>vn,</strong></span> <span class='ocrx_word' id='word_1_124' title='bbox 3355 1097 3458 1169; x_wconf 75' lang='lat'><strong>3&#39;1).</strong></span> <span class='ocrx_word' id='word_1_125' title='bbox 3483 1099 3543 1155; x_wconf 85' lang='lat' dir='ltr'><strong>Et</strong></span> <span class='ocrx_word' id='word_1_126' title='bbox 3564 1101 3746 1171; x_wconf 83' lang='lat' dir='ltr'><strong>ipseDo—</strong></span> 
     </span>
    </p>
   </div>
   <div class='ocr_carea' id='block_1_18' title="bbox 569 1170 3748 1264">
    <p class='ocr_par' dir='ltr' id='par_1_18' title="bbox 569 1170 3748 1264">
     <span class='ocr_line' id='line_1_19' title="bbox 569 1170 3748 1264; baseline 0 -15"><span class='ocrx_word' id='word_1_127' title='bbox 569 1201 675 1259; x_wconf 84' lang='lat' dir='ltr'><strong>tur,</strong></span> <span class='ocrx_word' id='word_1_128' title='bbox 707 1207 803 1264; x_wconf 89' lang='lat' dir='ltr'><strong>per</strong></span> <span class='ocrx_word' id='word_1_129' title='bbox 827 1170 1031 1264; x_wconf 81' lang='lat' dir='ltr'><strong>paleam</strong></span> <span class='ocrx_word' id='word_1_130' title='bbox 1062 1170 1190 1248; x_wconf 88' lang='lat' dir='ltr'><strong>vero</strong></span> <span class='ocrx_word' id='word_1_131' title='bbox 1217 1191 1403 1247; x_wconf 87' lang='lat' dir='ltr'><strong>hordei</strong></span> <span class='ocrx_word' id='word_1_132' title='bbox 1442 1190 1822 1246; x_wconf 89' lang='lat' dir='ltr'><strong>occultabatur.</strong></span> <span class='ocrx_word' id='word_1_133' title='bbox 1856 1185 2009 1243; x_wconf 89' lang='lat' dir='ltr'><strong>Venit</strong></span> <span class='ocrx_word' id='word_1_134' title='bbox 2038 1185 2152 1256; x_wconf 83' lang='lat' dir='ltr'><strong>ipse</strong></span> <span class='ocrx_word' id='word_1_135' title='bbox 2248 1170 2437 1238; x_wconf 80' lang='lat' dir='ltr'><strong>minus</strong></span> <span class='ocrx_word' id='word_1_136' title='bbox 2458 1181 2526 1237; x_wconf 89' lang='lat' dir='ltr'><strong>de</strong></span> <span class='ocrx_word' id='word_1_137' title='bbox 2554 1193 2612 1239; x_wconf 81' lang='lat' dir='ltr'><strong>se</strong></span> <span class='ocrx_word' id='word_1_138' title='bbox 2641 1184 2745 1252; x_wconf 90' lang='lat' dir='ltr'><strong>ait,</strong></span> <span class='ocrx_word' id='word_1_139' title='bbox 2776 1183 2898 1239; x_wconf 84' lang='lat' dir='ltr'><strong>Non</strong></span> <span class='ocrx_word' id='word_1_140' title='bbox 2923 1195 2997 1241; x_wconf 88' lang='lat' dir='ltr'><strong>est</strong></span> <span class='ocrx_word' id='word_1_141' title='bbox 3025 1185 3268 1258; x_wconf 77' lang='lat' dir='ltr'><strong>propheta</strong></span> <span class='ocrx_word' id='word_1_142' title='bbox 3291 1187 3394 1243; x_wconf 87' lang='lat' dir='ltr'><strong>sine</strong></span> <span class='ocrx_word' id='word_1_143' title='bbox 3415 1170 3596 1258; x_wconf 80' lang='lat' dir='ltr'><strong>honore,</strong></span> <span class='ocrx_word' id='word_1_144' title='bbox 3623 1193 3748 1252; x_wconf 70' lang='lat' dir='ltr'><strong>uitiis</strong></span> 
     </span>
    </p>
   </div>
   <div class='ocr_carea' id='block_1_19' title="bbox 2200 1263 3748 1350">
    <p class='ocr_par' dir='ltr' id='par_1_19' title="bbox 2200 1263 3748 1350">
     <span class='ocr_line' id='line_1_20' title="bbox 2200 1263 3748 1350; baseline 0.01 -23"><span class='ocrx_word' id='word_1_145' title='bbox 2259 1275 2427 1346; x_wconf 83' lang='lat' dir='ltr'><strong>patria</strong></span> <span class='ocrx_word' id='word_1_146' title='bbox 2452 1291 2548 1331; x_wconf 78' lang='lat' dir='ltr'><strong>sua</strong></span> <span class='ocrx_word' id='word_1_147' title='bbox 2577 1274 2753 1346; x_wconf 84' lang='lat' dir='ltr'><strong>(Joan.</strong></span> <span class='ocrx_word' id='word_1_148' title='bbox 2784 1293 2854 1344; x_wconf 81' lang='lat' dir='ltr'><strong>tv,</strong></span> <span class='ocrx_word' id='word_1_149' title='bbox 2888 1276 2999 1347; x_wconf 73' lang='lat' dir='ltr'><strong>M).</strong></span> <span class='ocrx_word' id='word_1_150' title='bbox 3029 1277 3292 1349; x_wconf 82' lang='lat' dir='ltr'><strong>Propheta</strong></span> <span class='ocrx_word' id='word_1_151' title='bbox 3314 1278 3566 1350; x_wconf 84' lang='lat' dir='ltr'><strong>Dominus,</strong></span> <span class='ocrx_word' id='word_1_152' title='bbox 3591 1284 3748 1343; x_wconf 59' lang='lat' dir='ltr'><strong>etvet-</strong></span> 
     </span>
    </p>
   </div>
   <div class='ocr_carea' id='block_1_20' title="bbox 565 1342 3848 1450">
    <p class='ocr_par' dir='ltr' id='par_1_20' title="bbox 565 1342 3848 1450">
     <span class='ocr_line' id='line_1_21' title="bbox 565 1342 3848 1450; baseline 0.004 -28"><span class='ocrx_word' id='word_1_153' title='bbox 565 1375 710 1450; x_wconf 66' lang='grc' dir='ltr'><strong>τρεῖς</strong></span> <span class='ocrx_word' id='word_1_154' title='bbox 744 1397 756 1433; x_wconf 75' lang='grc' dir='ltr'><strong>ε</strong></span> <span class='ocrx_word' id='word_1_155' title='bbox 787 1342 1076 1435; x_wconf 54' lang='grc' dir='ltr'><strong>θεοεέάοιξε</strong></span> <span class='ocrx_word' id='word_1_156' title='bbox 1111 1393 1206 1449; x_wconf 75' lang='grc' dir='ltr'><strong>ρει·</strong></span> <span class='ocrx_word' id='word_1_157' title='bbox 1230 1342 1531 1445; x_wconf 65' lang='lat' dir='ltr'><strong>victimam;</strong></span> <span class='ocrx_word' id='word_1_158' title='bbox 1575 1342 1753 1447; x_wconf 35' lang='lat' dir='ltr'><strong>quam.</strong></span> <span class='ocrx_word' id='word_1_159' title='bbox 1773 1375 2006 1443; x_wconf 87' lang='lat' dir='ltr'><strong>seipsum</strong></span> <span class='ocrx_word' id='word_1_160' title='bbox 2049 1372 2148 1427; x_wconf 91' lang='lat' dir='ltr'><strong>ob-</strong></span> <span class='ocrx_word' id='word_1_161' title='bbox 2258 1342 2384 1420; x_wconf 81' lang='lat' dir='ltr'><strong>bum</strong></span> <span class='ocrx_word' id='word_1_162' title='bbox 2413 1366 2504 1420; x_wconf 87' lang='lat' dir='ltr'><strong>Dei</strong></span> <span class='ocrx_word' id='word_1_163' title='bbox 2531 1342 2806 1435; x_wconf 85' lang='lat' dir='ltr'><strong>Dominus,</strong></span> <span class='ocrx_word' id='word_1_164' title='bbox 2836 1342 2890 1424; x_wconf 88' lang='lat' dir='ltr'><strong>et</strong></span> <span class='ocrx_word' id='word_1_165' title='bbox 2915 1342 3092 1424; x_wconf 85' lang='lat' dir='ltr'><strong>nullus</strong></span> <span class='ocrx_word' id='word_1_166' title='bbox 3111 1342 3365 1440; x_wconf 78' lang='lat' dir='ltr'><strong>propheta</strong></span> <span class='ocrx_word' id='word_1_167' title='bbox 3389 1372 3496 1430; x_wconf 84' lang='lat' dir='ltr'><strong>sine</strong></span> <span class='ocrx_word' id='word_1_168' title='bbox 3523 1342 3748 1435; x_wconf 73' lang='lat' dir='ltr'><strong>Verbollei</strong></span> 
     </span>
    </p>
   </div>
   <div class='ocr_carea' id='block_1_21' title="bbox 564 1647 2150 1725">
    <p class='ocr_par' dir='ltr' id='par_1_21' title="bbox 564 1647 2150 1725">
     <span class='ocr_line' id='line_1_22' title="bbox 564 1647 2150 1725; baseline -0.003 -19"><span class='ocrx_word' id='word_1_169' title='bbox 564 1653 727 1723; x_wconf 84' lang='lat' dir='ltr'><strong>pievit</strong></span> <span class='ocrx_word' id='word_1_170' title='bbox 756 1669 850 1724; x_wconf 91' lang='lat' dir='ltr'><strong>per</strong></span> <span class='ocrx_word' id='word_1_171' title='bbox 876 1669 934 1708; x_wconf 89' lang='lat' dir='ltr'><strong>se</strong></span> <span class='ocrx_word' id='word_1_172' title='bbox 963 1652 1103 1725; x_wconf 91' lang='lat' dir='ltr'><strong>quod</strong></span> <span class='ocrx_word' id='word_1_173' title='bbox 1126 1667 1220 1722; x_wconf 90' lang='lat' dir='ltr'><strong>per</strong></span> <span class='ocrx_word' id='word_1_174' title='bbox 1241 1651 1408 1707; x_wconf 89' lang='lat' dir='ltr'><strong>Vetus</strong></span> <span class='ocrx_word' id='word_1_175' title='bbox 1436 1649 1835 1704; x_wconf 82' lang='lat' dir='ltr'><strong>Testamentum</strong></span> <span class='ocrx_word' id='word_1_176' title='bbox 1875 1647 2150 1718; x_wconf 87' lang='lat' dir='ltr'><strong>promitte-</strong></span> 
     </span>
    </p>
   </div>
   <div class='ocr_carea' id='block_1_22' title="bbox 563 1739 2146 1816">
    <p class='ocr_par' dir='ltr' id='par_1_22' title="bbox 563 1739 2146 1816">
     <span class='ocr_line' id='line_1_23' title="bbox 563 1739 2146 1816; baseline -0.006 -15"><span class='ocrx_word' id='word_1_177' title='bbox 563 1745 740 1801; x_wconf 85' lang='lat' dir='ltr'><strong>batur.</strong></span> <span class='ocrx_word' id='word_1_178' title='bbox 784 1747 851 1802; x_wconf 89' lang='lat' dir='ltr'><strong>Et</strong></span> <span class='ocrx_word' id='word_1_179' title='bbox 888 1745 1057 1816; x_wconf 69' lang='lat' dir='ltr'><strong>trangi</strong></span> <span class='ocrx_word' id='word_1_180' title='bbox 1081 1743 1239 1814; x_wconf 86' lang='lat' dir='ltr'><strong>jussit</strong></span> <span class='ocrx_word' id='word_1_181' title='bbox 1264 1755 1428 1814; x_wconf 84' lang='lat' dir='ltr'><strong>panes</strong></span> <span class='ocrx_word' id='word_1_182' title='bbox 1457 1759 1470 1797; x_wconf 88' lang='lat'>:</span> <span class='ocrx_word' id='word_1_183' title='bbox 1501 1739 1794 1812; x_wconf 83' lang='lat' dir='ltr'><strong>frangendo</strong></span> <span class='ocrx_word' id='word_1_184' title='bbox 1817 1739 2146 1808; x_wconf 87' lang='lat' dir='ltr'><strong>multiplicati</strong></span> 
     </span>
    </p>
   </div>
   <div class='ocr_carea' id='block_1_23' title="bbox 563 1829 2198 1906">
    <p class='ocr_par' dir='ltr' id='par_1_23' title="bbox 563 1829 2198 1906">
     <span class='ocr_line' id='line_1_24' title="bbox 563 1829 2198 1906; baseline -0.005 -15"><span class='ocrx_word' id='word_1_185' title='bbox 563 1841 707 1892; x_wconf 85' lang='lat' dir='ltr'><strong>sunt.</strong></span> <span class='ocrx_word' id='word_1_186' title='bbox 753 1835 893 1892; x_wconf 82' lang='lat' dir='ltr'><strong>Nihil</strong></span> <span class='ocrx_word' id='word_1_187' title='bbox 941 1837 1135 1892; x_wconf 86' lang='lat' dir='ltr'><strong>verius.</strong></span> <span class='ocrx_word' id='word_1_188' title='bbox 1182 1835 1425 1906; x_wconf 89' lang='lat' dir='ltr'><strong>Quinque</strong></span> <span class='ocrx_word' id='word_1_189' title='bbox 1467 1832 1613 1890; x_wconf 86' lang='lat' dir='ltr'><strong>enim</strong></span> <span class='ocrx_word' id='word_1_190' title='bbox 1658 1832 1734 1886; x_wconf 90' lang='lat' dir='ltr'><strong>illi</strong></span> <span class='ocrx_word' id='word_1_191' title='bbox 1781 1831 1899 1887; x_wconf 87' lang='lat' dir='ltr'><strong>libri</strong></span> <span class='ocrx_word' id='word_1_192' title='bbox 1946 1829 2141 1902; x_wconf 80' lang='lat' dir='ltr'><strong>Moysi,</strong></span> <span class='ocrx_word' id='word_1_193' title='bbox 2196 1893 2198 1895; x_wconf 96' lang='lat'><em>_</em></span> 
     </span>
    </p>
   </div>
   <div class='ocr_carea' id='block_1_24' title="bbox 562 1928 2145 2000">
    <p class='ocr_par' dir='ltr' id='par_1_24' title="bbox 562 1928 2145 2000">
     <span class='ocr_line' id='line_1_25' title="bbox 562 1928 2145 2000; baseline -0.005 -18"><span class='ocrx_word' id='word_1_194' title='bbox 562 1943 720 2000; x_wconf 89' lang='lat' dir='ltr'><strong>quam</strong></span> <span class='ocrx_word' id='word_1_195' title='bbox 779 1929 976 1984; x_wconf 88' lang='lat' dir='ltr'><strong>multos</strong></span> <span class='ocrx_word' id='word_1_196' title='bbox 1032 1928 1229 1994; x_wconf 89' lang='lat' dir='ltr'><strong>libros,</strong></span> <span class='ocrx_word' id='word_1_197' title='bbox 1287 1939 1407 1982; x_wconf 92' lang='lat' dir='ltr'><strong>cum</strong></span> <span class='ocrx_word' id='word_1_198' title='bbox 1464 1932 1832 1996; x_wconf 75' lang='lat' dir='ltr'><strong>exponuntur,</strong></span> <span class='ocrx_word' id='word_1_199' title='bbox 1896 1933 2145 1992; x_wconf 89' lang='lat' dir='ltr'><strong>tanquam</strong></span> 
     </span>
    </p>
   </div>
   <div class='ocr_carea' id='block_1_25' title="bbox 561 2013 2144 2091">
    <p class='ocr_par' dir='ltr' id='par_1_25' title="bbox 561 2013 2144 2091">
     <span class='ocr_line' id='line_1_26' title="bbox 561 2013 2144 2091; baseline -0.004 -17"><span class='ocrx_word' id='word_1_200' title='bbox 561 2017 887 2091; x_wconf 82' lang='lat' dir='ltr'><strong>frangendo,</strong></span> <span class='ocrx_word' id='word_1_201' title='bbox 923 2020 972 2075; x_wconf 91' lang='lat' dir='ltr'><strong>id</strong></span> <span class='ocrx_word' id='word_1_202' title='bbox 1001 2029 1083 2075; x_wconf 90' lang='lat' dir='ltr'><strong>est</strong></span> <span class='ocrx_word' id='word_1_203' title='bbox 1111 2017 1762 2084; x_wconf 76' lang='lat' dir='ltr'><strong>disserendo,&#39;lecerunt?</strong></span> <span class='ocrx_word' id='word_1_204' title='bbox 1803 2015 1910 2071; x_wconf 86' lang='lat' dir='ltr'><strong>Sed</strong></span> <span class='ocrx_word' id='word_1_205' title='bbox 1939 2015 2058 2086; x_wconf 90' lang='lat' dir='ltr'><strong>quia</strong></span> <span class='ocrx_word' id='word_1_206' title='bbox 2091 2013 2144 2068; x_wconf 88' lang='lat' dir='ltr'><strong>in</strong></span> 
     </span>
    </p>
   </div>
   <div class='ocr_carea' id='block_1_26' title="bbox 561 2106 2142 2185">
    <p class='ocr_par' dir='ltr' id='par_1_26' title="bbox 561 2106 2142 2185">
     <span class='ocr_line' id='line_1_27' title="bbox 561 2106 2142 2185; baseline -0.006 -16"><span class='ocrx_word' id='word_1_207' title='bbox 561 2113 655 2170; x_wconf 93' lang='lat' dir='ltr'><strong>illo</strong></span> <span class='ocrx_word' id='word_1_208' title='bbox 680 2115 882 2170; x_wconf 88' lang='lat' dir='ltr'><strong>hordeo</strong></span> <span class='ocrx_word' id='word_1_209' title='bbox 907 2114 1200 2184; x_wconf 83' lang='lat' dir='ltr'><strong>ignorantia</strong></span> <span class='ocrx_word' id='word_1_210' title='bbox 1230 2111 1382 2185; x_wconf 88' lang='lat' dir='ltr'><strong>primi</strong></span> <span class='ocrx_word' id='word_1_211' title='bbox 1409 2109 1590 2182; x_wconf 90' lang='lat' dir='ltr'><strong>populi</strong></span> <span class='ocrx_word' id='word_1_212' title='bbox 1621 2109 1913 2180; x_wconf 88' lang='lat' dir='ltr'><strong>tegebatur,</strong></span> <span class='ocrx_word' id='word_1_213' title='bbox 1944 2106 2012 2162; x_wconf 90' lang='lat' dir='ltr'><strong>de</strong></span> <span class='ocrx_word' id='word_1_214' title='bbox 2037 2121 2142 2178; x_wconf 92' lang='lat' dir='ltr'><strong>quo</strong></span> 
     </span>
    </p>
   </div>
   <div class='ocr_carea' id='block_1_27' title="bbox 560 2199 2140 2278">
    <p class='ocr_par' dir='ltr' id='par_1_27' title="bbox 560 2199 2140 2278">
     <span class='ocr_line' id='line_1_28' title="bbox 560 2199 2140 2278; baseline -0.005 -18"><span class='ocrx_word' id='word_1_215' title='bbox 560 2206 732 2277; x_wconf 89' lang='lat' dir='ltr'><strong>primo</strong></span> <span class='ocrx_word' id='word_1_216' title='bbox 767 2207 961 2278; x_wconf 87' lang='lat' dir='ltr'><strong>populo</strong></span> <span class='ocrx_word' id='word_1_217' title='bbox 988 2206 1184 2262; x_wconf 90' lang='lat' dir='ltr'><strong>dictum</strong></span> <span class='ocrx_word' id='word_1_218' title='bbox 1224 2214 1340 2272; x_wconf 91' lang='lat' dir='ltr'><strong>est,</strong></span> <span class='ocrx_word' id='word_1_219' title='bbox 1385 2204 1640 2270; x_wconf 81' lang='lat' dir='ltr'><strong>Quamdiu</strong></span> <span class='ocrx_word' id='word_1_220' title='bbox 1682 2202 1864 2273; x_wconf 87' lang='lat' dir='ltr'><strong>legitur</strong></span> <span class='ocrx_word' id='word_1_221' title='bbox 1905 2199 2140 2272; x_wconf 79' lang='lat' dir='ltr'><strong>Moyses,</strong></span> 
     </span>
    </p>
   </div>
   <div class='ocr_carea' id='block_1_28' title="bbox 557 2293 2139 2372">
    <p class='ocr_par' dir='ltr' id='par_1_28' title="bbox 557 2293 2139 2372">
     <span class='ocr_line' id='line_1_29' title="bbox 557 2293 2139 2372; baseline -0.003 -20"><span class='ocrx_word' id='word_1_222' title='bbox 557 2297 782 2354; x_wconf 80' lang='lat' dir='ltr'><strong>uelamen</strong></span> <span class='ocrx_word' id='word_1_223' title='bbox 808 2313 962 2372; x_wconf 79' lang='lat' dir='ltr'><strong>supra</strong></span> <span class='ocrx_word' id='word_1_224' title='bbox 987 2299 1140 2354; x_wconf 86' lang='lat' dir='ltr'><strong>corda</strong></span> <span class='ocrx_word' id='word_1_225' title='bbox 1166 2316 1336 2354; x_wconf 89' lang='lat' dir='ltr'><strong>eorum</strong></span> <span class='ocrx_word' id='word_1_226' title='bbox 1362 2298 1578 2370; x_wconf 84' lang='lat' dir='ltr'><strong>positum</strong></span> <span class='ocrx_word' id='word_1_227' title='bbox 1603 2305 1672 2350; x_wconf 84' lang='lat' dir='ltr'><strong>est</strong></span> <span class='ocrx_word' id='word_1_228' title='bbox 1700 2295 1765 2368; x_wconf 91' lang='lat' dir='ltr'><strong>(ll</strong></span> <span class='ocrx_word' id='word_1_229' title='bbox 1782 2294 1896 2350; x_wconf 82' lang='lat' dir='ltr'><strong>Cor.</strong></span> <span class='ocrx_word' id='word_1_230' title='bbox 1923 2310 1999 2356; x_wconf 89' lang='grc' dir='ltr'>ιιι,</span> <span class='ocrx_word' id='word_1_231' title='bbox 2029 2293 2139 2364; x_wconf 75' lang='lat'><strong>15):</strong></span> 
     </span>
    </p>
   </div>
   <div class='ocr_carea' id='block_1_29' title="bbox 559 2384 2140 2458">
    <p class='ocr_par' dir='ltr' id='par_1_29' title="bbox 559 2384 2140 2458">
     <span class='ocr_line' id='line_1_30' title="bbox 559 2384 2140 2458; baseline -0.006 -10"><span class='ocrx_word' id='word_1_232' title='bbox 559 2391 793 2448; x_wconf 88' lang='lat' dir='ltr'><strong>nondmn</strong></span> <span class='ocrx_word' id='word_1_233' title='bbox 830 2392 972 2448; x_wconf 90' lang='lat' dir='ltr'><strong>enim</strong></span> <span class='ocrx_word' id='word_1_234' title='bbox 1015 2391 1245 2446; x_wconf 88' lang='lat' dir='ltr'><strong>ablatum</strong></span> <span class='ocrx_word' id='word_1_235' title='bbox 1286 2399 1399 2445; x_wconf 90' lang='lat' dir='ltr'><strong>erat</strong></span> <span class='ocrx_word' id='word_1_236' title='bbox 1424 2388 1700 2453; x_wconf 84' lang='lat' dir='ltr'><strong>velamen,</strong></span> <span class='ocrx_word' id='word_1_237' title='bbox 1742 2386 1866 2458; x_wconf 91' lang='lat' dir='ltr'><strong>quia</strong></span> <span class='ocrx_word' id='word_1_238' title='bbox 1904 2384 2140 2440; x_wconf 90' lang='lat' dir='ltr'><strong>nondum</strong></span> 
     </span>
    </p>
   </div>
   <div class='ocr_carea' id='block_1_30' title="bbox 559 2471 2204 2550">
    <p class='ocr_par' dir='ltr' id='par_1_30' title="bbox 559 2471 2204 2550">
     <span class='ocr_line' id='line_1_31' title="bbox 559 2471 2204 2550; baseline -0.004 -10"><span class='ocrx_word' id='word_1_239' title='bbox 559 2494 777 2540; x_wconf 80' lang='lat' dir='ltr'><strong>venerat</strong></span> <span class='ocrx_word' id='word_1_240' title='bbox 814 2483 1083 2550; x_wconf 88' lang='lat' dir='ltr'><strong>Christus;</strong></span> <span class='ocrx_word' id='word_1_241' title='bbox 1129 2481 1361 2538; x_wconf 90' lang='lat' dir='ltr'><strong>nondum</strong></span> <span class='ocrx_word' id='word_1_242' title='bbox 1402 2481 1578 2537; x_wconf 81' lang='lat' dir='ltr'><strong>velum</strong></span> <span class='ocrx_word' id='word_1_243' title='bbox 1619 2479 1799 2550; x_wconf 84' lang='lat' dir='ltr'><strong>templi</strong></span> <span class='ocrx_word' id='word_1_244' title='bbox 1838 2477 2010 2534; x_wconf 80' lang='lat' dir='ltr'><strong>fuerat</strong></span> <span class='ocrx_word' id='word_1_245' title='bbox 2051 2477 2142 2534; x_wconf 92' lang='lat' dir='ltr'><strong>ilio</strong></span> 
     </span>
    </p>
   </div>
   <div class='ocr_carea' id='block_1_31' title="bbox 558 2573 2142 2648">
    <p class='ocr_par' dir='ltr' id='par_1_31' title="bbox 558 2573 2142 2648">
     <span class='ocr_line' id='line_1_32' title="bbox 558 2573 2142 2648; baseline -0.004 -14"><span class='ocrx_word' id='word_1_246' title='bbox 558 2577 613 2634; x_wconf 91' lang='lat' dir='ltr'><strong>in</strong></span> <span class='ocrx_word' id='word_1_247' title='bbox 642 2592 798 2633; x_wconf 86' lang='lat' dir='ltr'><strong>cruce</strong></span> <span class='ocrx_word' id='word_1_248' title='bbox 829 2577 1088 2648; x_wconf 79' lang='lat' dir='ltr'><strong>pendente</strong></span> <span class='ocrx_word' id='word_1_249' title='bbox 1120 2577 1446 2631; x_wconf 87' lang='lat' dir='ltr'><strong>conscissum</strong></span> <span class='ocrx_word' id='word_1_250' title='bbox 1479 2592 1491 2630; x_wconf 90' lang='lat'><strong>:</strong></span> <span class='ocrx_word' id='word_1_251' title='bbox 1521 2575 1646 2645; x_wconf 91' lang='lat' dir='ltr'><strong>quia</strong></span> <span class='ocrx_word' id='word_1_252' title='bbox 1685 2589 1812 2644; x_wconf 90' lang='lat' dir='ltr'><strong>ergo</strong></span> <span class='ocrx_word' id='word_1_253' title='bbox 1847 2573 2142 2644; x_wconf 81' lang='lat' dir='ltr'><strong>ignorantia</strong></span> 
     </span>
    </p>
   </div>
   <div class='ocr_carea' id='block_1_32' title="bbox 557 2664 2141 2740">
    <p class='ocr_par' dir='ltr' id='par_1_32' title="bbox 557 2664 2141 2740">
     <span class='ocr_line' id='line_1_33' title="bbox 557 2664 2141 2740; baseline -0.002 -18"><span class='ocrx_word' id='word_1_254' title='bbox 557 2668 736 2740; x_wconf 90' lang='lat' dir='ltr'><strong>populi</strong></span> <span class='ocrx_word' id='word_1_255' title='bbox 776 2678 890 2724; x_wconf 88' lang='lat' dir='ltr'><strong>erat</strong></span> <span class='ocrx_word' id='word_1_256' title='bbox 933 2668 987 2723; x_wconf 91' lang='lat' dir='ltr'><strong>in</strong></span> <span class='ocrx_word' id='word_1_257' title='bbox 1028 2668 1198 2739; x_wconf 89' lang='lat' dir='ltr'><strong>Lege,</strong></span> <span class='ocrx_word' id='word_1_258' title='bbox 1245 2675 1521 2738; x_wconf 88' lang='lat' dir='ltr'><strong>propterea</strong></span> <span class='ocrx_word' id='word_1_259' title='bbox 1562 2665 1648 2721; x_wconf 89' lang='lat' dir='ltr'><strong>illa</strong></span> <span class='ocrx_word' id='word_1_260' title='bbox 1680 2664 1889 2720; x_wconf 89' lang='lat' dir='ltr'><strong>Domini</strong></span> <span class='ocrx_word' id='word_1_261' title='bbox 1921 2665 2141 2720; x_wconf 90' lang='lat' dir='ltr'><strong>tentatio</strong></span> 
     </span>
    </p>
   </div>
   <div class='ocr_carea' id='block_1_33' title="bbox 557 2757 1630 2832">
    <p class='ocr_par' dir='ltr' id='par_1_33' title="bbox 557 2757 1630 2832">
     <span class='ocr_line' id='line_1_34' title="bbox 557 2757 1630 2832; baseline -0.004 -18"><span class='ocrx_word' id='word_1_262' title='bbox 557 2760 908 2832; x_wconf 82' lang='lat' dir='ltr'><strong>ignorantiam</strong></span> <span class='ocrx_word' id='word_1_263' title='bbox 937 2760 1179 2830; x_wconf 89' lang='lat' dir='ltr'><strong>discipuli</strong></span> <span class='ocrx_word' id='word_1_264' title='bbox 1207 2757 1630 2814; x_wconf 89' lang='lat' dir='ltr'><strong>demonstrabat.</strong></span> 
     </span>
    </p>
   </div>
   <div class='ocr_carea' id='block_1_34' title="bbox 628 2847 2138 2922">
    <p class='ocr_par' dir='ltr' id='par_1_34' title="bbox 628 2847 2138 2922">
     <span class='ocr_line' id='line_1_35' title="bbox 628 2847 2138 2922; baseline -0.002 -16"><span class='ocrx_word' id='word_1_265' title='bbox 628 2851 681 2906; x_wconf 84' lang='lat'><strong>6.</strong></span> <span class='ocrx_word' id='word_1_266' title='bbox 722 2850 862 2906; x_wconf 85' lang='lat' dir='ltr'><strong>Nihil</strong></span> <span class='ocrx_word' id='word_1_267' title='bbox 892 2853 1048 2922; x_wconf 82' lang='lat' dir='ltr'><strong>igitur</strong></span> <span class='ocrx_word' id='word_1_268' title='bbox 1075 2858 1257 2916; x_wconf 87' lang='lat' dir='ltr'><strong>vacat,</strong></span> <span class='ocrx_word' id='word_1_269' title='bbox 1298 2849 1475 2904; x_wconf 91' lang='lat' dir='ltr'><strong>omnia</strong></span> <span class='ocrx_word' id='word_1_270' title='bbox 1509 2848 1737 2902; x_wconf 88' lang='lat' dir='ltr'><strong>innuunt</strong></span> <span class='ocrx_word' id='word_1_271' title='bbox 1760 2890 1774 2915; x_wconf 90' lang='lat'><strong>,</strong></span> <span class='ocrx_word' id='word_1_272' title='bbox 1806 2847 1900 2903; x_wconf 88' lang='lat' dir='ltr'><strong>sed</strong></span> <span class='ocrx_word' id='word_1_273' title='bbox 1930 2848 2138 2904; x_wconf 89' lang='lat' dir='ltr'><strong>intelle-</strong></span> 
     </span>
    </p>
   </div>
   <div class='ocr_carea' id='block_1_35' title="bbox 556 2940 2136 3012">
    <p class='ocr_par' dir='ltr' id='par_1_35' title="bbox 556 2940 2136 3012">
     <span class='ocr_line' id='line_1_36' title="bbox 556 2940 2136 3012; baseline -0.003 -14"><span class='ocrx_word' id='word_1_274' title='bbox 556 2951 757 2998; x_wconf 89' lang='lat' dir='ltr'><strong>ctorem</strong></span> <span class='ocrx_word' id='word_1_275' title='bbox 787 2942 1059 3012; x_wconf 88' lang='lat' dir='ltr'><strong>requirunt</strong></span> <span class='ocrx_word' id='word_1_276' title='bbox 1088 2960 1100 2996; x_wconf 89' lang='lat'>:</span> <span class='ocrx_word' id='word_1_277' title='bbox 1136 2955 1256 2994; x_wconf 93' lang='lat' dir='ltr'><strong>nam</strong></span> <span class='ocrx_word' id='word_1_278' title='bbox 1285 2947 1336 2995; x_wconf 81' lang='lat' dir='ltr'><strong>et</strong></span> <span class='ocrx_word' id='word_1_279' title='bbox 1368 2940 1466 2994; x_wconf 88' lang='lat' dir='ltr'><strong>iste</strong></span> <span class='ocrx_word' id='word_1_280' title='bbox 1495 2953 1747 2995; x_wconf 89' lang='lat' dir='ltr'><strong>numerus</strong></span> <span class='ocrx_word' id='word_1_281' title='bbox 1776 2940 1912 3010; x_wconf 89' lang='lat' dir='ltr'><strong>pasti</strong></span> <span class='ocrx_word' id='word_1_282' title='bbox 1935 2940 2136 3010; x_wconf 88' lang='lat' dir='ltr'><strong>populi,</strong></span> 
     </span>
    </p>
   </div>
   <div class='ocr_carea' id='block_1_36' title="bbox 557 3027 2139 3103">
    <p class='ocr_par' dir='ltr' id='par_1_36' title="bbox 557 3027 2139 3103">
     <span class='ocr_line' id='line_1_37' title="bbox 557 3027 2139 3103; baseline 0.001 -18"><span class='ocrx_word' id='word_1_283' title='bbox 557 3032 808 3103; x_wconf 86' lang='lat' dir='ltr'><strong>populum</strong></span> <span class='ocrx_word' id='word_1_284' title='bbox 837 3031 1162 3101; x_wconf 85' lang='lat' dir='ltr'><strong>signiﬁcabat</strong></span> <span class='ocrx_word' id='word_1_285' title='bbox 1187 3031 1285 3085; x_wconf 88' lang='lat' dir='ltr'><strong>sub</strong></span> <span class='ocrx_word' id='word_1_286' title='bbox 1310 3029 1451 3101; x_wconf 83' lang='lat' dir='ltr'><strong>Lege</strong></span> <span class='ocrx_word' id='word_1_287' title='bbox 1476 3029 1842 3085; x_wconf 87' lang='lat' dir='ltr'><strong>constitutum.</strong></span> <span class='ocrx_word' id='word_1_288' title='bbox 1866 3027 1972 3084; x_wconf 90' lang='lat' dir='ltr'><strong>Cur</strong></span> <span class='ocrx_word' id='word_1_289' title='bbox 1995 3031 2139 3086; x_wconf 90' lang='lat' dir='ltr'><strong>enim</strong></span> 
     </span>
    </p>
   </div>
   <div class='ocr_carea' id='block_1_37' title="bbox 555 3119 2137 3194">
    <p class='ocr_par' dir='ltr' id='par_1_37' title="bbox 555 3119 2137 3194">
     <span class='ocr_line' id='line_1_38' title="bbox 555 3119 2137 3194; baseline 0.001 -18"><span class='ocrx_word' id='word_1_290' title='bbox 555 3123 787 3194; x_wconf 91' lang='lat' dir='ltr'><strong>quinque</strong></span> <span class='ocrx_word' id='word_1_291' title='bbox 818 3123 979 3177; x_wconf 88' lang='lat' dir='ltr'><strong>millia</strong></span> <span class='ocrx_word' id='word_1_292' title='bbox 1006 3129 1193 3189; x_wconf 89' lang='lat' dir='ltr'><strong>erant,</strong></span> <span class='ocrx_word' id='word_1_293' title='bbox 1235 3123 1332 3177; x_wconf 91' lang='lat' dir='ltr'><strong>nisi</strong></span> <span class='ocrx_word' id='word_1_294' title='bbox 1362 3119 1480 3192; x_wconf 87' lang='lat' dir='ltr'><strong>quia</strong></span> <span class='ocrx_word' id='word_1_295' title='bbox 1512 3120 1610 3176; x_wconf 89' lang='lat' dir='ltr'><strong>sub</strong></span> <span class='ocrx_word' id='word_1_296' title='bbox 1639 3121 1777 3192; x_wconf 85' lang='lat' dir='ltr'><strong>Lege</strong></span> <span class='ocrx_word' id='word_1_297' title='bbox 1803 3129 1985 3189; x_wconf 89' lang='lat' dir='ltr'><strong>erant,</strong></span> <span class='ocrx_word' id='word_1_298' title='bbox 2017 3137 2137 3192; x_wconf 67' lang='lat' dir='ltr'><strong>quae</strong></span> 
     </span>
    </p>
   </div>
   <div class='ocr_carea' id='block_1_38' title="bbox 555 3212 2136 3286">
    <p class='ocr_par' dir='ltr' id='par_1_38' title="bbox 555 3212 2136 3286">
     <span class='ocr_line' id='line_1_39' title="bbox 555 3212 2136 3286; baseline 0.001 -17"><span class='ocrx_word' id='word_1_299' title='bbox 555 3213 664 3269; x_wconf 82' lang='lat' dir='ltr'><strong>Lex</strong></span> <span class='ocrx_word' id='word_1_300' title='bbox 690 3213 920 3284; x_wconf 90' lang='lat' dir='ltr'><strong>quinque</strong></span> <span class='ocrx_word' id='word_1_301' title='bbox 947 3214 1093 3268; x_wconf 87' lang='lat' dir='ltr'><strong>libris</strong></span> <span class='ocrx_word' id='word_1_302' title='bbox 1117 3213 1285 3286; x_wconf 86' lang='lat' dir='ltr'><strong>Moysi</strong></span> <span class='ocrx_word' id='word_1_303' title='bbox 1305 3213 1631 3284; x_wconf 75' lang='lat' dir='ltr'><strong>explicatur?</strong></span> <span class='ocrx_word' id='word_1_304' title='bbox 1658 3212 1809 3270; x_wconf 89' lang='lat' dir='ltr'><strong>Unde</strong></span> <span class='ocrx_word' id='word_1_305' title='bbox 1829 3223 1882 3268; x_wconf 91' lang='lat' dir='ltr'><strong>et</strong></span> <span class='ocrx_word' id='word_1_306' title='bbox 1905 3215 2136 3285; x_wconf 88' lang='lat' dir='ltr'><strong>quinque</strong></span> 
     </span>
    </p>
   </div>
   <div class='ocr_carea' id='block_1_39' title="bbox 554 3302 2130 3374">
    <p class='ocr_par' dir='ltr' id='par_1_39' title="bbox 554 3302 2130 3374">
     <span class='ocr_line' id='line_1_40' title="bbox 554 3302 2130 3374; baseline 0.001 -18"><span class='ocrx_word' id='word_1_307' title='bbox 554 3303 656 3357; x_wconf 90' lang='lat' dir='ltr'><strong>illis</strong></span> <span class='ocrx_word' id='word_1_308' title='bbox 677 3302 964 3373; x_wconf 90' lang='lat' dir='ltr'><strong>porticibus</strong></span> <span class='ocrx_word' id='word_1_309' title='bbox 990 3303 1216 3374; x_wconf 83' lang='lat' dir='ltr'><strong>languidi</strong></span> <span class='ocrx_word' id='word_1_310' title='bbox 1249 3304 1623 3373; x_wconf 70' lang='lat' dir='ltr'><strong>prodebantur,</strong></span> <span class='ocrx_word' id='word_1_311' title='bbox 1653 3320 1760 3360; x_wconf 91' lang='lat' dir='ltr'><strong>non</strong></span> <span class='ocrx_word' id='word_1_312' title='bbox 1789 3304 2130 3360; x_wconf 88' lang='lat' dir='ltr'><strong>sanabantur.</strong></span> 
     </span>
    </p>
   </div>
   <div class='ocr_carea' id='block_1_40' title="bbox 553 3394 2134 3470">
    <p class='ocr_par' dir='ltr' id='par_1_40' title="bbox 553 3394 2134 3470">
     <span class='ocr_line' id='line_1_41' title="bbox 553 3394 2134 3470; baseline 0.002 -19"><span class='ocrx_word' id='word_1_313' title='bbox 553 3394 650 3451; x_wconf 84' lang='lat' dir='ltr'><strong>Ille</strong></span> <span class='ocrx_word' id='word_1_314' title='bbox 686 3401 863 3450; x_wconf 88' lang='lat' dir='ltr'><strong>autem</strong></span> <span class='ocrx_word' id='word_1_315' title='bbox 895 3395 964 3451; x_wconf 94' lang='lat' dir='ltr'><strong>ibi</strong></span> <span class='ocrx_word' id='word_1_316' title='bbox 997 3397 1199 3451; x_wconf 89' lang='lat' dir='ltr'><strong>curavit</strong></span> <span class='ocrx_word' id='word_1_317' title='bbox 1226 3397 1527 3467; x_wconf 88' lang='lat' dir='ltr'><strong>languidum</strong></span> <span class='ocrx_word' id='word_1_318' title='bbox 1560 3396 1734 3468; x_wconf 85' lang='lat' dir='ltr'><strong>(Joan.</strong></span> <span class='ocrx_word' id='word_1_319' title='bbox 1770 3414 1820 3465; x_wconf 91' lang='lat' dir='ltr'><strong>v,</strong></span> <span class='ocrx_word' id='word_1_320' title='bbox 1852 3397 1973 3470; x_wconf 74' lang='grc'><strong>2-9)</strong></span> <span class='ocrx_word' id='word_1_321' title='bbox 1995 3440 2008 3466; x_wconf 90' lang='grc'><strong><em>,</em></strong></span> <span class='ocrx_word' id='word_1_322' title='bbox 2043 3399 2134 3470; x_wconf 89' lang='lat' dir='ltr'><strong>qui</strong></span> 
     </span>
    </p>
   </div>
   <div class='ocr_carea' id='block_1_41' title="bbox 553 3484 2135 3562">
    <p class='ocr_par' dir='ltr' id='par_1_41' title="bbox 553 3484 2135 3562">
     <span class='ocr_line' id='line_1_42' title="bbox 553 3484 2135 3562; baseline 0.003 -20"><span class='ocrx_word' id='word_1_323' title='bbox 553 3493 608 3542; x_wconf 90' lang='lat' dir='ltr'><strong>et</strong></span> <span class='ocrx_word' id='word_1_324' title='bbox 634 3485 721 3541; x_wconf 88' lang='lat' dir='ltr'><strong>hic</strong></span> <span class='ocrx_word' id='word_1_325' title='bbox 747 3484 926 3542; x_wconf 83' lang='lat' dir='ltr'><strong>turbas</strong></span> <span class='ocrx_word' id='word_1_326' title='bbox 948 3487 1015 3542; x_wconf 90' lang='lat' dir='ltr'><strong>de</strong></span> <span class='ocrx_word' id='word_1_327' title='bbox 1044 3488 1275 3558; x_wconf 91' lang='lat' dir='ltr'><strong>quinque</strong></span> <span class='ocrx_word' id='word_1_328' title='bbox 1306 3489 1528 3558; x_wconf 89' lang='lat' dir='ltr'><strong>panibus</strong></span> <span class='ocrx_word' id='word_1_329' title='bbox 1555 3489 1715 3558; x_wconf 84' lang='lat' dir='ltr'><strong>pavit.</strong></span> <span class='ocrx_word' id='word_1_330' title='bbox 1743 3488 1874 3543; x_wconf 88' lang='lat' dir='ltr'><strong>Nam</strong></span> <span class='ocrx_word' id='word_1_331' title='bbox 1903 3499 1954 3545; x_wconf 90' lang='lat' dir='ltr'><strong>et</strong></span> <span class='ocrx_word' id='word_1_332' title='bbox 1976 3505 2135 3562; x_wconf 85' lang='lat' dir='ltr'><strong>super</strong></span> 
     </span>
    </p>
   </div>
   <div class='ocr_carea' id='block_1_42' title="bbox 552 3577 2134 3650">
    <p class='ocr_par' dir='ltr' id='par_1_42' title="bbox 552 3577 2134 3650">
     <span class='ocr_line' id='line_1_43' title="bbox 552 3577 2134 3650; baseline 0.003 -17"><span class='ocrx_word' id='word_1_333' title='bbox 552 3577 732 3643; x_wconf 79' lang='lat' dir='ltr'><strong>fenum</strong></span> <span class='ocrx_word' id='word_1_334' title='bbox 765 3578 1168 3636; x_wconf 84' lang='lat' dir='ltr'><strong>discumbebant</strong></span> <span class='ocrx_word' id='word_1_335' title='bbox 1197 3596 1209 3634; x_wconf 93' lang='lat'><strong>:</strong></span> <span class='ocrx_word' id='word_1_336' title='bbox 1241 3580 1524 3634; x_wconf 86' lang='lat' dir='ltr'><strong>carnaliter</strong></span> <span class='ocrx_word' id='word_1_337' title='bbox 1561 3595 1686 3650; x_wconf 88' lang='lat' dir='ltr'><strong>ergo</strong></span> <span class='ocrx_word' id='word_1_338' title='bbox 1726 3580 2034 3649; x_wconf 89' lang='lat' dir='ltr'><strong>sapiebant,</strong></span> <span class='ocrx_word' id='word_1_339' title='bbox 2081 3590 2134 3637; x_wconf 91' lang='lat' dir='ltr'><strong>et</strong></span> 
     </span>
    </p>
   </div>
   <div class='ocr_carea' id='block_1_43' title="bbox 553 3667 2130 3740">
    <p class='ocr_par' dir='ltr' id='par_1_43' title="bbox 553 3667 2130 3740">
     <span class='ocr_line' id='line_1_44' title="bbox 553 3667 2130 3740; baseline 0.001 -17"><span class='ocrx_word' id='word_1_340' title='bbox 553 3669 606 3723; x_wconf 92' lang='lat' dir='ltr'><strong>in</strong></span> <span class='ocrx_word' id='word_1_341' title='bbox 644 3670 947 3725; x_wconf 84' lang='lat' dir='ltr'><strong>carnalibus</strong></span> <span class='ocrx_word' id='word_1_342' title='bbox 977 3669 1339 3740; x_wconf 88' lang='lat' dir='ltr'><strong>quiescebant.</strong></span> <span class='ocrx_word' id='word_1_343' title='bbox 1373 3667 1556 3723; x_wconf 91' lang='lat' dir='ltr'><strong>Omnis</strong></span> <span class='ocrx_word' id='word_1_344' title='bbox 1599 3670 1742 3724; x_wconf 88' lang='lat' dir='ltr'><strong>enim</strong></span> <span class='ocrx_word' id='word_1_345' title='bbox 1782 3685 1912 3725; x_wconf 84' lang='lat' dir='ltr'><strong>caro</strong></span> <span class='ocrx_word' id='word_1_346' title='bbox 1950 3671 2130 3726; x_wconf 76' lang='lat' dir='ltr'><strong>fenum</strong></span> 
     </span>
    </p>
   </div>
   <div class='ocr_carea' id='block_1_44' title="bbox 556 3758 2131 3833">
    <p class='ocr_par' dir='ltr' id='par_1_44' title="bbox 556 3758 2131 3833">
     <span class='ocr_line' id='line_1_45' title="bbox 556 3758 2131 3833; baseline 0.003 -20"><span class='ocrx_word' id='word_1_347' title='bbox 556 3758 706 3833; x_wconf 81' lang='lat' dir='ltr'><strong>(Isai.</strong></span> <span class='ocrx_word' id='word_1_348' title='bbox 738 3777 835 3829; x_wconf 71' lang='grc' dir='ltr'>ιι,</span> <span class='ocrx_word' id='word_1_349' title='bbox 872 3761 950 3832; x_wconf 83' lang='grc'><strong>6).</strong></span> <span class='ocrx_word' id='word_1_350' title='bbox 989 3760 1119 3828; x_wconf 66' lang='lat' dir='ltr'><strong>Quae</strong></span> <span class='ocrx_word' id='word_1_351' title='bbox 1157 3769 1282 3814; x_wconf 89' lang='lat' dir='ltr'><strong>sunt</strong></span> <span class='ocrx_word' id='word_1_352' title='bbox 1315 3769 1492 3815; x_wconf 90' lang='lat' dir='ltr'><strong>autem</strong></span> <span class='ocrx_word' id='word_1_353' title='bbox 1535 3760 1620 3815; x_wconf 92' lang='lat' dir='ltr'><strong>illa</strong></span> <span class='ocrx_word' id='word_1_354' title='bbox 1660 3760 1984 3832; x_wconf 81' lang='lat' dir='ltr'><strong>fragmenta,</strong></span> <span class='ocrx_word' id='word_1_355' title='bbox 2031 3763 2131 3818; x_wconf 88' lang='lat' dir='ltr'><strong>nisi</strong></span> 
     </span>
    </p>
   </div>
   <div class='ocr_carea' id='block_1_45' title="bbox 551 3854 2133 3926">
    <p class='ocr_par' dir='ltr' id='par_1_45' title="bbox 551 3854 2133 3926">
     <span class='ocr_line' id='line_1_46' title="bbox 551 3854 2133 3926; baseline 0.002 -17"><span class='ocrx_word' id='word_1_356' title='bbox 551 3869 670 3925; x_wconf 66' lang='lat' dir='ltr'><strong>qua:</strong></span> <span class='ocrx_word' id='word_1_357' title='bbox 715 3855 942 3926; x_wconf 89' lang='lat' dir='ltr'><strong>populus</strong></span> <span class='ocrx_word' id='word_1_358' title='bbox 990 3870 1094 3908; x_wconf 90' lang='lat' dir='ltr'><strong>non</strong></span> <span class='ocrx_word' id='word_1_359' title='bbox 1141 3855 1312 3926; x_wconf 89' lang='lat' dir='ltr'><strong>potuit</strong></span> <span class='ocrx_word' id='word_1_360' title='bbox 1359 3854 1717 3910; x_wconf 85' lang='lat' dir='ltr'><strong>manducare?</strong></span> <span class='ocrx_word' id='word_1_361' title='bbox 1768 3856 2133 3926; x_wconf 89' lang='lat' dir='ltr'><strong>lntelliguntur</strong></span> 
     </span>
    </p>
   </div>
   <div class='ocr_carea' id='block_1_46' title="bbox 552 3947 2131 4019">
    <p class='ocr_par' dir='ltr' id='par_1_46' title="bbox 552 3947 2131 4019">
     <span class='ocr_line' id='line_1_47' title="bbox 552 3947 2131 4019; baseline 0.002 -16"><span class='ocrx_word' id='word_1_362' title='bbox 552 3961 679 4018; x_wconf 89' lang='lat' dir='ltr'><strong>ergo</strong></span> <span class='ocrx_word' id='word_1_363' title='bbox 708 3947 948 4019; x_wconf 81' lang='lat' dir='ltr'><strong>quaedam</strong></span> <span class='ocrx_word' id='word_1_364' title='bbox 981 3949 1266 4003; x_wconf 76' lang='lat' dir='ltr'><strong>secretiora</strong></span> <span class='ocrx_word' id='word_1_365' title='bbox 1292 3947 1674 4019; x_wconf 71' lang='lat' dir='ltr'><strong>intelligentim,</strong></span> <span class='ocrx_word' id='word_1_366' title='bbox 1703 3963 1820 4019; x_wconf 75' lang='lat' dir='ltr'><strong>qua:</strong></span> <span class='ocrx_word' id='word_1_367' title='bbox 1852 3951 2131 4007; x_wconf 85' lang='lat' dir='ltr'><strong>multitudo</strong></span> 
     </span>
    </p>
   </div>
   <div class='ocr_carea' id='block_1_47' title="bbox 547 4037 2128 4110">
    <p class='ocr_par' dir='ltr' id='par_1_47' title="bbox 547 4037 2128 4110">
     <span class='ocr_line' id='line_1_48' title="bbox 547 4037 2128 4110; baseline 0.001 -16"><span class='ocrx_word' id='word_1_368' title='bbox 547 4053 656 4094; x_wconf 90' lang='lat' dir='ltr'><strong>non</strong></span> <span class='ocrx_word' id='word_1_369' title='bbox 679 4048 852 4108; x_wconf 88' lang='lat' dir='ltr'><strong>potest</strong></span> <span class='ocrx_word' id='word_1_370' title='bbox 873 4055 1081 4110; x_wconf 88' lang='lat' dir='ltr'><strong>capere.</strong></span> <span class='ocrx_word' id='word_1_371' title='bbox 1106 4037 1242 4108; x_wconf 84' lang='lat' dir='ltr'><strong>Quid</strong></span> <span class='ocrx_word' id='word_1_372' title='bbox 1265 4053 1391 4110; x_wconf 82' lang='lat' dir='ltr'><strong>ergo</strong></span> <span class='ocrx_word' id='word_1_373' title='bbox 1417 4048 1599 4108; x_wconf 83' lang='lat' dir='ltr'><strong>restat,</strong></span> <span class='ocrx_word' id='word_1_374' title='bbox 1629 4040 1728 4095; x_wconf 90' lang='lat' dir='ltr'><strong>nisi</strong></span> <span class='ocrx_word' id='word_1_375' title='bbox 1760 4050 1818 4095; x_wconf 92' lang='lat' dir='ltr'><strong>ut</strong></span> <span class='ocrx_word' id='word_1_376' title='bbox 1846 4042 2128 4097; x_wconf 89' lang='lat' dir='ltr'><strong>secretiora</strong></span> 
     </span>
    </p>
   </div>
   <div class='ocr_carea' id='block_1_48' title="bbox 549 4128 2128 4203">
    <p class='ocr_par' dir='ltr' id='par_1_48' title="bbox 549 4128 2128 4203">
     <span class='ocr_line' id='line_1_49' title="bbox 549 4128 2128 4203; baseline 0.003 -18"><span class='ocrx_word' id='word_1_377' title='bbox 549 4128 910 4202; x_wconf 65' lang='lat' dir='ltr'><strong>intelligentiae</strong></span> <span class='ocrx_word' id='word_1_378' title='bbox 931 4173 944 4197; x_wconf 93' lang='lat'><strong>,</strong></span> <span class='ocrx_word' id='word_1_379' title='bbox 974 4145 1091 4202; x_wconf 84' lang='lat' dir='ltr'><strong>quae</strong></span> <span class='ocrx_word' id='word_1_380' title='bbox 1121 4147 1226 4186; x_wconf 91' lang='lat' dir='ltr'><strong>non</strong></span> <span class='ocrx_word' id='word_1_381' title='bbox 1258 4139 1429 4200; x_wconf 87' lang='lat' dir='ltr'><strong>potest</strong></span> <span class='ocrx_word' id='word_1_382' title='bbox 1457 4146 1650 4203; x_wconf 90' lang='lat' dir='ltr'><strong>capere</strong></span> <span class='ocrx_word' id='word_1_383' title='bbox 1680 4131 1990 4200; x_wconf 88' lang='lat' dir='ltr'><strong>multitudo,</strong></span> <span class='ocrx_word' id='word_1_384' title='bbox 2024 4134 2128 4189; x_wconf 93' lang='lat' dir='ltr'><strong>illis</strong></span> 
     </span>
    </p>
   </div>
   <div class='ocr_carea' id='block_1_49' title="bbox 546 4220 2129 4290">
    <p class='ocr_par' dir='ltr' id='par_1_49' title="bbox 546 4220 2129 4290">
     <span class='ocr_line' id='line_1_50' title="bbox 546 4220 2129 4290; baseline 0.003 -16"><span class='ocrx_word' id='word_1_385' title='bbox 546 4221 831 4276; x_wconf 88' lang='lat' dir='ltr'><strong>credantur</strong></span> <span class='ocrx_word' id='word_1_386' title='bbox 858 4220 947 4290; x_wconf 92' lang='lat' dir='ltr'><strong>qui</strong></span> <span class='ocrx_word' id='word_1_387' title='bbox 975 4221 1147 4276; x_wconf 90' lang='lat' dir='ltr'><strong>idonei</strong></span> <span class='ocrx_word' id='word_1_388' title='bbox 1180 4231 1304 4276; x_wconf 90' lang='lat' dir='ltr'><strong>sunt</strong></span> <span class='ocrx_word' id='word_1_389' title='bbox 1329 4231 1380 4277; x_wconf 91' lang='lat' dir='ltr'><strong>et</strong></span> <span class='ocrx_word' id='word_1_390' title='bbox 1409 4223 1544 4277; x_wconf 88' lang='lat' dir='ltr'><strong>alios</strong></span> <span class='ocrx_word' id='word_1_391' title='bbox 1570 4222 1783 4286; x_wconf 89' lang='lat' dir='ltr'><strong>docere,</strong></span> <span class='ocrx_word' id='word_1_392' title='bbox 1816 4224 1952 4279; x_wconf 87' lang='lat' dir='ltr'><strong>sicut</strong></span> <span class='ocrx_word' id='word_1_393' title='bbox 1975 4233 2129 4279; x_wconf 90' lang='lat' dir='ltr'><strong>erant</strong></span> 
     </span>
    </p>
   </div>
   <div class='ocr_carea' id='block_1_50' title="bbox 548 4311 2127 4383">
    <p class='ocr_par' dir='ltr' id='par_1_50' title="bbox 548 4311 2127 4383">
     <span class='ocr_line' id='line_1_51' title="bbox 548 4311 2127 4383; baseline 0.004 -19"><span class='ocrx_word' id='word_1_394' title='bbox 548 4311 821 4380; x_wconf 80' lang='lat' dir='ltr'><strong>Apostoii?</strong></span> <span class='ocrx_word' id='word_1_395' title='bbox 851 4311 998 4366; x_wconf 91' lang='lat' dir='ltr'><strong>Unde</strong></span> <span class='ocrx_word' id='word_1_396' title='bbox 1027 4312 1304 4368; x_wconf 87' lang='lat' dir='ltr'><strong>duodecim</strong></span> <span class='ocrx_word' id='word_1_397' title='bbox 1344 4313 1557 4383; x_wconf 86' lang='lat' dir='ltr'><strong>cophini</strong></span> <span class='ocrx_word' id='word_1_398' title='bbox 1597 4314 1799 4383; x_wconf 88' lang='lat' dir='ltr'><strong>impleti</strong></span> <span class='ocrx_word' id='word_1_399' title='bbox 1837 4325 1978 4370; x_wconf 85' lang='lat' dir='ltr'><strong>sunt.</strong></span> <span class='ocrx_word' id='word_1_400' title='bbox 2025 4316 2127 4370; x_wconf 81' lang='lat' dir='ltr'><strong>Fa-</strong></span> 
     </span>
    </p>
   </div>
   <div class='ocr_carea' id='block_1_51' title="bbox 545 4402 2124 4474">
    <p class='ocr_par' dir='ltr' id='par_1_51' title="bbox 545 4402 2124 4474">
     <span class='ocr_line' id='line_1_52' title="bbox 545 4402 2124 4474; baseline 0.004 -19"><span class='ocrx_word' id='word_1_401' title='bbox 545 4410 687 4456; x_wconf 91' lang='lat' dir='ltr'><strong>ctum</strong></span> <span class='ocrx_word' id='word_1_402' title='bbox 711 4411 794 4456; x_wconf 89' lang='lat' dir='ltr'><strong>est</strong></span> <span class='ocrx_word' id='word_1_403' title='bbox 818 4402 918 4457; x_wconf 88' lang='lat' dir='ltr'><strong>hoc</strong></span> <span class='ocrx_word' id='word_1_404' title='bbox 939 4411 988 4456; x_wconf 91' lang='lat' dir='ltr'><strong>et</strong></span> <span class='ocrx_word' id='word_1_405' title='bbox 1011 4403 1344 4469; x_wconf 86' lang='lat' dir='ltr'><strong>mirabiliter,</strong></span> <span class='ocrx_word' id='word_1_406' title='bbox 1374 4404 1493 4473; x_wconf 88' lang='lat' dir='ltr'><strong>quia</strong></span> <span class='ocrx_word' id='word_1_407' title='bbox 1519 4419 1768 4474; x_wconf 85' lang='lat' dir='ltr'><strong>magnum</strong></span> <span class='ocrx_word' id='word_1_408' title='bbox 1794 4404 1989 4460; x_wconf 76' lang='lat' dir='ltr'><strong>factum</strong></span> <span class='ocrx_word' id='word_1_409' title='bbox 2015 4415 2124 4472; x_wconf 90' lang='lat' dir='ltr'><strong>est;</strong></span> 
     </span>
    </p>
   </div>
   <div class='ocr_carea' id='block_1_52' title="bbox 547 4493 2126 4563">
    <p class='ocr_par' dir='ltr' id='par_1_52' title="bbox 547 4493 2126 4563">
     <span class='ocr_line' id='line_1_53' title="bbox 547 4493 2126 4563; baseline 0.004 -17"><span class='ocrx_word' id='word_1_410' title='bbox 547 4498 602 4546; x_wconf 91' lang='lat' dir='ltr'><strong>et</strong></span> <span class='ocrx_word' id='word_1_411' title='bbox 630 4493 848 4558; x_wconf 88' lang='lat' dir='ltr'><strong>utiliter,</strong></span> <span class='ocrx_word' id='word_1_412' title='bbox 881 4493 1000 4563; x_wconf 88' lang='lat' dir='ltr'><strong>quia</strong></span> <span class='ocrx_word' id='word_1_413' title='bbox 1029 4493 1300 4562; x_wconf 85' lang='lat' dir='ltr'><strong>spirituaie</strong></span> <span class='ocrx_word' id='word_1_414' title='bbox 1329 4493 1522 4548; x_wconf 80' lang='lat' dir='ltr'><strong>laetum</strong></span> <span class='ocrx_word' id='word_1_415' title='bbox 1550 4501 1651 4548; x_wconf 89' lang='lat' dir='ltr'><strong>est.</strong></span> <span class='ocrx_word' id='word_1_416' title='bbox 1693 4496 1794 4563; x_wconf 88' lang='lat' dir='ltr'><strong>Qui</strong></span> <span class='ocrx_word' id='word_1_417' title='bbox 1826 4506 1950 4551; x_wconf 90' lang='lat' dir='ltr'><strong>tunc</strong></span> <span class='ocrx_word' id='word_1_418' title='bbox 1981 4498 2126 4552; x_wconf 83' lang='lat' dir='ltr'><strong>vide-</strong></span> 
     </span>
    </p>
   </div>
   <div class='ocr_carea' id='block_1_53' title="bbox 545 4583 2125 4650">
    <p class='ocr_par' dir='ltr' id='par_1_53' title="bbox 545 4583 2125 4650">
     <span class='ocr_line' id='line_1_54' title="bbox 545 4583 2125 4650; baseline 0.005 -12"><span class='ocrx_word' id='word_1_419' title='bbox 545 4592 700 4650; x_wconf 88' lang='lat' dir='ltr'><strong>runt,</strong></span> <span class='ocrx_word' id='word_1_420' title='bbox 743 4583 987 4638; x_wconf 87' lang='lat' dir='ltr'><strong>admirati</strong></span> <span class='ocrx_word' id='word_1_421' title='bbox 1029 4594 1150 4638; x_wconf 92' lang='lat' dir='ltr'><strong>sunt</strong></span> <span class='ocrx_word' id='word_1_422' title='bbox 1178 4600 1190 4636; x_wconf 91' lang='lat'><strong>:</strong></span> <span class='ocrx_word' id='word_1_423' title='bbox 1223 4598 1320 4638; x_wconf 89' lang='lat' dir='ltr'><strong>nos</strong></span> <span class='ocrx_word' id='word_1_424' title='bbox 1359 4595 1535 4639; x_wconf 86' lang='lat' dir='ltr'><strong>autem</strong></span> <span class='ocrx_word' id='word_1_425' title='bbox 1579 4601 1682 4640; x_wconf 93' lang='lat' dir='ltr'><strong>non</strong></span> <span class='ocrx_word' id='word_1_426' title='bbox 1720 4587 1976 4643; x_wconf 89' lang='lat' dir='ltr'><strong>miramur</strong></span> <span class='ocrx_word' id='word_1_427' title='bbox 2005 4605 2125 4648; x_wconf 89' lang='lat' dir='ltr'><strong>cum</strong></span> 
     </span>
    </p>
   </div>
   <div class='ocr_carea' id='block_1_54' title="bbox 545 4674 2124 4751">
    <p class='ocr_par' dir='ltr' id='par_1_54' title="bbox 545 4674 2124 4751">
     <span class='ocr_line' id='line_1_55' title="bbox 545 4674 2124 4751; baseline 0.005 -21"><span class='ocrx_word' id='word_1_428' title='bbox 545 4675 808 4730; x_wconf 88' lang='lat' dir='ltr'><strong>audimus.</strong></span> <span class='ocrx_word' id='word_1_429' title='bbox 841 4674 1060 4730; x_wconf 86' lang='lat' dir='ltr'><strong>Factum</strong></span> <span class='ocrx_word' id='word_1_430' title='bbox 1091 4686 1171 4731; x_wconf 90' lang='lat' dir='ltr'><strong>est</strong></span> <span class='ocrx_word' id='word_1_431' title='bbox 1199 4676 1340 4731; x_wconf 90' lang='lat' dir='ltr'><strong>enim</strong></span> <span class='ocrx_word' id='word_1_432' title='bbox 1371 4686 1428 4732; x_wconf 92' lang='lat' dir='ltr'><strong>ut</strong></span> <span class='ocrx_word' id='word_1_433' title='bbox 1457 4677 1530 4730; x_wconf 94' lang='lat' dir='ltr'><strong>iiii</strong></span> <span class='ocrx_word' id='word_1_434' title='bbox 1557 4678 1829 4746; x_wconf 90' lang='lat' dir='ltr'><strong>viderent,</strong></span> <span class='ocrx_word' id='word_1_435' title='bbox 1870 4682 2124 4751; x_wconf 88' lang='lat' dir='ltr'><strong>scriptum</strong></span> 
     </span>
    </p>
   </div>
   <div class='ocr_carea' id='block_1_55' title="bbox 546 4769 2124 4839">
    <p class='ocr_par' dir='ltr' id='par_1_55' title="bbox 546 4769 2124 4839">
     <span class='ocr_line' id='line_1_56' title="bbox 546 4769 2124 4839; baseline 0.005 -15"><span class='ocrx_word' id='word_1_436' title='bbox 546 4778 627 4825; x_wconf 91' lang='lat' dir='ltr'><strong>est</strong></span> <span class='ocrx_word' id='word_1_437' title='bbox 646 4777 821 4824; x_wconf 89' lang='lat' dir='ltr'><strong>autem</strong></span> <span class='ocrx_word' id='word_1_438' title='bbox 844 4778 900 4824; x_wconf 90' lang='lat' dir='ltr'><strong>ut</strong></span> <span class='ocrx_word' id='word_1_439' title='bbox 924 4785 1021 4824; x_wconf 89' lang='lat' dir='ltr'><strong>nos</strong></span> <span class='ocrx_word' id='word_1_440' title='bbox 1044 4769 1368 4825; x_wconf 87' lang='lat' dir='ltr'><strong>audiremus.</strong></span> <span class='ocrx_word' id='word_1_441' title='bbox 1394 4769 1544 4839; x_wconf 91' lang='lat' dir='ltr'><strong>Quod</strong></span> <span class='ocrx_word' id='word_1_442' title='bbox 1572 4773 1622 4826; x_wconf 92' lang='lat' dir='ltr'><strong>in</strong></span> <span class='ocrx_word' id='word_1_443' title='bbox 1652 4772 1754 4827; x_wconf 92' lang='lat' dir='ltr'><strong>illis</strong></span> <span class='ocrx_word' id='word_1_444' title='bbox 1779 4772 1915 4828; x_wconf 91' lang='lat' dir='ltr'><strong>oeuli</strong></span> <span class='ocrx_word' id='word_1_445' title='bbox 1941 4775 2124 4832; x_wconf 78' lang='lat' dir='ltr'><strong>value-</strong></span> 
     </span>
    </p>
   </div>
   <div class='ocr_carea' id='block_1_56' title="bbox 543 4860 2120 4937">
    <p class='ocr_par' dir='ltr' id='par_1_56' title="bbox 543 4860 2120 4937">
     <span class='ocr_line' id='line_1_57' title="bbox 543 4860 2120 4937; baseline 0.003 -21"><span class='ocrx_word' id='word_1_446' title='bbox 543 4870 700 4924; x_wconf 89' lang='lat' dir='ltr'><strong>runt,</strong></span> <span class='ocrx_word' id='word_1_447' title='bbox 748 4861 848 4916; x_wconf 88' lang='lat' dir='ltr'><strong>hoc</strong></span> <span class='ocrx_word' id='word_1_448' title='bbox 891 4862 944 4916; x_wconf 89' lang='lat' dir='ltr'><strong>in</strong></span> <span class='ocrx_word' id='word_1_449' title='bbox 983 4861 1136 4916; x_wconf 89' lang='lat' dir='ltr'><strong>nobis</strong></span> <span class='ocrx_word' id='word_1_450' title='bbox 1167 4860 1317 4916; x_wconf 85' lang='lat' dir='ltr'><strong>ﬁdes.</strong></span> <span class='ocrx_word' id='word_1_451' title='bbox 1359 4860 1642 4919; x_wconf 85' lang='lat' dir='ltr'><strong>Cernimus</strong></span> <span class='ocrx_word' id='word_1_452' title='bbox 1680 4865 1874 4936; x_wconf 88' lang='lat' dir='ltr'><strong>quippe</strong></span> <span class='ocrx_word' id='word_1_453' title='bbox 1912 4867 2120 4937; x_wconf 86' lang='lat' dir='ltr'><strong>animo,</strong></span> 
     </span>
    </p>
   </div>
   <div class='ocr_carea' id='block_1_57' title="bbox 542 4954 2120 5030">
    <p class='ocr_par' dir='ltr' id='par_1_57' title="bbox 542 4954 2120 5030">
     <span class='ocr_line' id='line_1_58' title="bbox 542 4954 2120 5030; baseline 0.004 -21"><span class='ocrx_word' id='word_1_454' title='bbox 542 4955 681 5026; x_wconf 90' lang='lat' dir='ltr'><strong>quod</strong></span> <span class='ocrx_word' id='word_1_455' title='bbox 723 4954 890 5010; x_wconf 88' lang='lat' dir='ltr'><strong>oculis</strong></span> <span class='ocrx_word' id='word_1_456' title='bbox 927 4969 1033 5010; x_wconf 91' lang='lat' dir='ltr'><strong>non</strong></span> <span class='ocrx_word' id='word_1_457' title='bbox 1072 4956 1340 5025; x_wconf 86' lang='lat' dir='ltr'><strong>potuimus</strong></span> <span class='ocrx_word' id='word_1_458' title='bbox 1378 4971 1391 5009; x_wconf 88' lang='lat'><strong>:</strong></span> <span class='ocrx_word' id='word_1_459' title='bbox 1433 4964 1488 5011; x_wconf 89' lang='lat' dir='ltr'><strong>et</strong></span> <span class='ocrx_word' id='word_1_460' title='bbox 1525 4959 1724 5026; x_wconf 84' lang='lat' dir='ltr'><strong>praelati</strong></span> <span class='ocrx_word' id='word_1_461' title='bbox 1766 4974 1950 5014; x_wconf 90' lang='lat' dir='ltr'><strong>sumus</strong></span> <span class='ocrx_word' id='word_1_462' title='bbox 1989 4960 2120 5030; x_wconf 91' lang='lat' dir='ltr'><strong>illis,</strong></span> 
     </span>
    </p>
   </div>
   <div class='ocr_carea' id='block_1_58' title="bbox 542 5049 2120 5122">
    <p class='ocr_par' dir='ltr' id='par_1_58' title="bbox 542 5049 2120 5122">
     <span class='ocr_line' id='line_1_59' title="bbox 542 5049 2120 5122; baseline 0.004 -20"><span class='ocrx_word' id='word_1_463' title='bbox 542 5061 794 5119; x_wconf 83' lang='lat' dir='ltr'><strong>quomant</strong></span> <span class='ocrx_word' id='word_1_464' title='bbox 826 5049 892 5104; x_wconf 89' lang='lat' dir='ltr'><strong>de</strong></span> <span class='ocrx_word' id='word_1_465' title='bbox 921 5049 1073 5104; x_wconf 85' lang='lat' dir='ltr'><strong>nobis</strong></span> <span class='ocrx_word' id='word_1_466' title='bbox 1107 5049 1304 5104; x_wconf 92' lang='lat' dir='ltr'><strong>dictum</strong></span> <span class='ocrx_word' id='word_1_467' title='bbox 1341 5059 1450 5116; x_wconf 84' lang='lat' dir='ltr'><strong>est,</strong></span> <span class='ocrx_word' id='word_1_468' title='bbox 1495 5049 1640 5105; x_wconf 80' lang='lat' dir='ltr'><strong>Beati</strong></span> <span class='ocrx_word' id='word_1_469' title='bbox 1671 5053 1757 5122; x_wconf 88' lang='lat' dir='ltr'><strong>qui</strong></span> <span class='ocrx_word' id='word_1_470' title='bbox 1793 5069 1894 5106; x_wconf 84' lang='lat' dir='ltr'><strong>non</strong></span> <span class='ocrx_word' id='word_1_471' title='bbox 1922 5054 2120 5122; x_wconf 82' lang='lat' dir='ltr'><strong>vident,</strong></span> 
     </span>
    </p>
   </div>
   <div class='ocr_carea' id='block_1_59' title="bbox 542 5140 2124 5216">
    <p class='ocr_par' dir='ltr' id='par_1_59' title="bbox 542 5140 2124 5216">
     <span class='ocr_line' id='line_1_60' title="bbox 542 5140 2124 5216; baseline 0.006 -21"><span class='ocrx_word' id='word_1_472' title='bbox 542 5150 589 5196; x_wconf 87' lang='lat' dir='ltr'><strong>et</strong></span> <span class='ocrx_word' id='word_1_473' title='bbox 621 5141 830 5195; x_wconf 67' lang='lat' dir='ltr'><strong>creduit:</strong></span> <span class='ocrx_word' id='word_1_474' title='bbox 856 5140 1035 5216; x_wconf 76' lang='lat' dir='ltr'><strong>(Icari.</strong></span> <span class='ocrx_word' id='word_1_475' title='bbox 1075 5157 1141 5196; x_wconf 78' lang='lat' dir='ltr'><strong>xx</strong></span> <span class='ocrx_word' id='word_1_476' title='bbox 1163 5185 1176 5207; x_wconf 93' lang='lat'><strong>,</strong></span> <span class='ocrx_word' id='word_1_477' title='bbox 1209 5143 1323 5214; x_wconf 74' lang='lat'><strong>&#39;29).</strong></span> <span class='ocrx_word' id='word_1_478' title='bbox 1365 5143 1516 5199; x_wconf 81' lang='lat' dir='ltr'><strong>Addo</strong></span> <span class='ocrx_word' id='word_1_479' title='bbox 1550 5155 1725 5200; x_wconf 86' lang='lat' dir='ltr'><strong>autem</strong></span> <span class='ocrx_word' id='word_1_480' title='bbox 1756 5147 1877 5216; x_wconf 86' lang='lat' dir='ltr'><strong>quia</strong></span> <span class='ocrx_word' id='word_1_481' title='bbox 1907 5146 2046 5202; x_wconf 80' lang='lat' dir='ltr'><strong>forte</strong></span> <span class='ocrx_word' id='word_1_482' title='bbox 2071 5158 2124 5204; x_wconf 91' lang='lat' dir='ltr'><strong>et</strong></span> 
     </span>
    </p>
   </div>
   <div class='ocr_carea' id='block_1_60' title="bbox 543 5234 2124 5306">
    <p class='ocr_par' dir='ltr' id='par_1_60' title="bbox 543 5234 2124 5306">
     <span class='ocr_line' id='line_1_61' title="bbox 543 5234 2124 5306; baseline 0.002 -14"><span class='ocrx_word' id='word_1_483' title='bbox 543 5234 904 5292; x_wconf 80' lang='lat' dir='ltr'><strong>intelleximus</strong></span> <span class='ocrx_word' id='word_1_484' title='bbox 944 5235 1082 5306; x_wconf 92' lang='lat' dir='ltr'><strong>quod</strong></span> <span class='ocrx_word' id='word_1_485' title='bbox 1122 5236 1208 5291; x_wconf 87' lang='lat' dir='ltr'><strong>illa</strong></span> <span class='ocrx_word' id='word_1_486' title='bbox 1250 5237 1398 5291; x_wconf 85' lang='lat' dir='ltr'><strong>turba</strong></span> <span class='ocrx_word' id='word_1_487' title='bbox 1439 5252 1542 5291; x_wconf 91' lang='lat' dir='ltr'><strong>non</strong></span> <span class='ocrx_word' id='word_1_488' title='bbox 1581 5238 1859 5293; x_wconf 76' lang='lat' dir='ltr'><strong>intellexit.</strong></span> <span class='ocrx_word' id='word_1_489' title='bbox 1901 5239 1965 5294; x_wconf 84' lang='lat' dir='ltr'><strong>Et</strong></span> <span class='ocrx_word' id='word_1_490' title='bbox 1997 5255 2124 5296; x_wconf 84' lang='lat' dir='ltr'><strong>vere</strong></span> 
     </span>
    </p>
   </div>
   <div class='ocr_carea' id='block_1_61' title="bbox 539 5328 2123 5403">
    <p class='ocr_par' dir='ltr' id='par_1_61' title="bbox 539 5328 2123 5403">
     <span class='ocr_line' id='line_1_62' title="bbox 539 5328 2123 5403; baseline 0.003 -18"><span class='ocrx_word' id='word_1_491' title='bbox 539 5345 638 5385; x_wconf 90' lang='lat' dir='ltr'><strong>nos</strong></span> <span class='ocrx_word' id='word_1_492' title='bbox 666 5328 800 5401; x_wconf 83' lang='lat' dir='ltr'><strong>pasti</strong></span> <span class='ocrx_word' id='word_1_493' title='bbox 831 5341 1010 5386; x_wconf 87' lang='lat' dir='ltr'><strong>sumus</strong></span> <span class='ocrx_word' id='word_1_494' title='bbox 1030 5371 1044 5397; x_wconf 90' lang='lat'><strong>,</strong></span> <span class='ocrx_word' id='word_1_495' title='bbox 1090 5329 1178 5400; x_wconf 92' lang='lat' dir='ltr'><strong>qui</strong></span> <span class='ocrx_word' id='word_1_496' title='bbox 1215 5329 1282 5384; x_wconf 87' lang='lat' dir='ltr'><strong>ad</strong></span> <span class='ocrx_word' id='word_1_497' title='bbox 1313 5329 1598 5384; x_wconf 91' lang='lat' dir='ltr'><strong>medullam</strong></span> <span class='ocrx_word' id='word_1_498' title='bbox 1630 5330 1814 5387; x_wconf 87' lang='lat' dir='ltr'><strong>hordei</strong></span> <span class='ocrx_word' id='word_1_499' title='bbox 1844 5333 2123 5403; x_wconf 83' lang='lat' dir='ltr'><strong>pervenire</strong></span> 
     </span>
    </p>
   </div>
   <div class='ocr_carea' id='block_1_62' title="bbox 538 5422 826 5494">
    <p class='ocr_par' dir='ltr' id='par_1_62' title="bbox 538 5422 826 5494">
     <span class='ocr_line' id='line_1_63' title="bbox 538 5422 826 5494; baseline -0.01 -15"><span class='ocrx_word' id='word_1_500' title='bbox 538 5422 826 5494; x_wconf 86' lang='lat' dir='ltr'><strong>potuimus.</strong></span> 
     </span>
    </p>
   </div>
   <div class='ocr_carea' id='block_1_63' title="bbox 612 5510 2120 5587">
    <p class='ocr_par' dir='ltr' id='par_1_63' title="bbox 612 5510 2120 5587">
     <span class='ocr_line' id='line_1_64' title="bbox 612 5510 2120 5587; baseline 0.002 -19"><span class='ocrx_word' id='word_1_501' title='bbox 612 5514 664 5568; x_wconf 91' lang='lat'><strong>7.</strong></span> <span class='ocrx_word' id='word_1_502' title='bbox 707 5513 948 5583; x_wconf 86' lang='lat' dir='ltr'><strong>Denique</strong></span> <span class='ocrx_word' id='word_1_503' title='bbox 1004 5510 1248 5567; x_wconf 84' lang='lat' dir='ltr'><strong>homines</strong></span> <span class='ocrx_word' id='word_1_504' title='bbox 1291 5511 1369 5567; x_wconf 87' lang='lat' dir='ltr'><strong>illi</strong></span> <span class='ocrx_word' id='word_1_505' title='bbox 1421 5514 1509 5584; x_wconf 91' lang='lat' dir='ltr'><strong>qui</strong></span> <span class='ocrx_word' id='word_1_506' title='bbox 1555 5515 1798 5571; x_wconf 88' lang='lat' dir='ltr'><strong>viderunt</strong></span> <span class='ocrx_word' id='word_1_507' title='bbox 1837 5516 1966 5582; x_wconf 92' lang='lat' dir='ltr'><strong>hoc,</strong></span> <span class='ocrx_word' id='word_1_508' title='bbox 1995 5516 2120 5587; x_wconf 92' lang='lat' dir='ltr'><strong>quid</strong></span> 
     </span>
    </p>
   </div>
   <div class='ocr_carea' id='block_1_64' title="bbox 539 5603 2122 5681">
    <p class='ocr_par' dir='ltr' id='par_1_64' title="bbox 539 5603 2122 5681">
     <span class='ocr_line' id='line_1_65' title="bbox 539 5603 2122 5681; baseline 0.001 -19"><span class='ocrx_word' id='word_1_509' title='bbox 539 5605 897 5680; x_wconf 80' lang='lat' dir='ltr'><strong>putaverunt?</strong></span> <span class='ocrx_word' id='word_1_510' title='bbox 921 5603 1014 5660; x_wconf 82' lang='lat' dir='ltr'><strong>Illi</strong></span> <span class='ocrx_word' id='word_1_511' title='bbox 1029 5645 1046 5673; x_wconf 94' lang='lat'><strong>,</strong></span> <span class='ocrx_word' id='word_1_512' title='bbox 1077 5603 1281 5678; x_wconf 88' lang='lat' dir='ltr'><strong>inquit,</strong></span> <span class='ocrx_word' id='word_1_513' title='bbox 1320 5607 1546 5662; x_wconf 75' lang='lat' dir='ltr'><strong>homines</strong></span> <span class='ocrx_word' id='word_1_514' title='bbox 1573 5625 1686 5662; x_wconf 81' lang='lat' dir='ltr'><strong>eum</strong></span> <span class='ocrx_word' id='word_1_515' title='bbox 1712 5609 1949 5664; x_wconf 77' lang='lat' dir='ltr'><strong>vidissent</strong></span> <span class='ocrx_word' id='word_1_516' title='bbox 1986 5609 2122 5681; x_wconf 83' lang='lat' dir='ltr'><strong>quoa‘</strong></span> 
     </span>
    </p>
   </div>
   <div class='ocr_carea' id='block_1_65' title="bbox 540 5696 2117 5772">
    <p class='ocr_par' dir='ltr' id='par_1_65' title="bbox 540 5696 2117 5772">
     <span class='ocr_line' id='line_1_66' title="bbox 540 5696 2117 5772; baseline 0.001 -20"><span class='ocrx_word' id='word_1_517' title='bbox 540 5699 724 5768; x_wconf 77' lang='lat' dir='ltr'><strong>fecerat</strong></span> <span class='ocrx_word' id='word_1_518' title='bbox 763 5698 998 5769; x_wconf 78' lang='lat' dir='ltr'><strong>signum,</strong></span> <span class='ocrx_word' id='word_1_519' title='bbox 1038 5696 1308 5768; x_wconf 77' lang='lat' dir='ltr'><strong>dicebant,</strong></span> <span class='ocrx_word' id='word_1_520' title='bbox 1336 5697 1466 5765; x_wconf 80' lang='lat' dir='ltr'><strong>Quia</strong></span> <span class='ocrx_word' id='word_1_521' title='bbox 1507 5699 1589 5752; x_wconf 80' lang='lat' dir='ltr'><strong>hic</strong></span> <span class='ocrx_word' id='word_1_522' title='bbox 1621 5708 1694 5753; x_wconf 80' lang='lat' dir='ltr'><strong>est</strong></span> <span class='ocrx_word' id='word_1_523' title='bbox 1720 5715 1831 5754; x_wconf 77' lang='lat' dir='ltr'><strong>uere</strong></span> <span class='ocrx_word' id='word_1_524' title='bbox 1854 5700 2117 5772; x_wconf 79' lang='lat' dir='ltr'><strong>propheta.</strong></span> 
     </span>
    </p>
   </div>
   <div class='ocr_carea' id='block_1_66' title="bbox 539 5788 2120 5863">
    <p class='ocr_par' dir='ltr' id='par_1_66' title="bbox 539 5788 2120 5863">
     <span class='ocr_line' id='line_1_67' title="bbox 539 5788 2120 5863; baseline 0.001 -17"><span class='ocrx_word' id='word_1_525' title='bbox 539 5788 699 5846; x_wconf 75' lang='lat' dir='ltr'><strong>Forte</strong></span> <span class='ocrx_word' id='word_1_526' title='bbox 722 5789 895 5845; x_wconf 82' lang='lat' dir='ltr'><strong>adhuc</strong></span> <span class='ocrx_word' id='word_1_527' title='bbox 921 5791 1041 5845; x_wconf 80' lang='lat' dir='ltr'><strong>ideo</strong></span> <span class='ocrx_word' id='word_1_528' title='bbox 1064 5790 1332 5848; x_wconf 76' lang='lat' dir='ltr'><strong>Christum</strong></span> <span class='ocrx_word' id='word_1_529' title='bbox 1361 5791 1668 5861; x_wconf 81' lang='lat' dir='ltr'><strong>prOphetam</strong></span> <span class='ocrx_word' id='word_1_530' title='bbox 1697 5790 1970 5860; x_wconf 89' lang='lat' dir='ltr'><strong>putabant,</strong></span> <span class='ocrx_word' id='word_1_531' title='bbox 1999 5792 2120 5863; x_wconf 86' lang='lat' dir='ltr'><strong>quia</strong></span> 
     </span>
    </p>
   </div>
   <div class='ocr_carea' id='block_1_67' title="bbox 539 5881 2121 5953">
    <p class='ocr_par' dir='ltr' id='par_1_67' title="bbox 539 5881 2121 5953">
     <span class='ocr_line' id='line_1_68' title="bbox 539 5881 2121 5953; baseline 0.001 -13"><span class='ocrx_word' id='word_1_532' title='bbox 539 5897 700 5953; x_wconf 77' lang='lat' dir='ltr'><strong>nuper</strong></span> <span class='ocrx_word' id='word_1_533' title='bbox 737 5881 916 5941; x_wconf 75' lang='lat' dir='ltr'><strong>fenum</strong></span> <span class='ocrx_word' id='word_1_534' title='bbox 944 5881 1339 5940; x_wconf 81' lang='lat' dir='ltr'><strong>discubuerant.</strong></span> <span class='ocrx_word' id='word_1_535' title='bbox 1377 5883 1508 5939; x_wconf 72' lang='lat' dir='ltr'><strong>Erat</strong></span> <span class='ocrx_word' id='word_1_536' title='bbox 1541 5893 1716 5939; x_wconf 89' lang='lat' dir='ltr'><strong>autem</strong></span> <span class='ocrx_word' id='word_1_537' title='bbox 1745 5883 1836 5939; x_wconf 77' lang='lat' dir='ltr'><strong>ille</strong></span> <span class='ocrx_word' id='word_1_538' title='bbox 1869 5885 2121 5942; x_wconf 84' lang='lat' dir='ltr'><strong>Dominus</strong></span> 
     </span>
    </p>
   </div>
   <div class='ocr_carea' id='block_1_68' title="bbox 569 1445 3748 1541">
    <p class='ocr_par' dir='ltr' id='par_1_68' title="bbox 569 1445 3748 1541">
     <span class='ocr_line' id='line_1_69' title="bbox 569 1445 3748 1541; baseline 0.001 -17"><span class='ocrx_word' id='word_1_539' title='bbox 569 1445 688 1526; x_wconf 81' lang='lat' dir='ltr'><strong>tulit</strong></span> <span class='ocrx_word' id='word_1_540' title='bbox 723 1485 820 1541; x_wconf 90' lang='lat' dir='ltr'><strong>pro</strong></span> <span class='ocrx_word' id='word_1_541' title='bbox 857 1469 1008 1525; x_wconf 90' lang='lat' dir='ltr'><strong>nobis</strong></span> <span class='ocrx_word' id='word_1_542' title='bbox 1044 1445 1183 1537; x_wconf 78' lang='lat' dir='ltr'><strong>Deo;</strong></span> <span class='ocrx_word' id='word_1_543' title='bbox 1223 1468 1412 1540; x_wconf 80' lang='lat' dir='ltr'><strong>regis,</strong></span> <span class='ocrx_word' id='word_1_544' title='bbox 1438 1468 1558 1538; x_wconf 89' lang='lat' dir='ltr'><strong>quia</strong></span> <span class='ocrx_word' id='word_1_545' title='bbox 1592 1445 1834 1536; x_wconf 74' lang='lat' dir='ltr'><strong>regimur</strong></span> <span class='ocrx_word' id='word_1_546' title='bbox 1860 1463 1927 1518; x_wconf 89' lang='lat' dir='ltr'><strong>ab</strong></span> <span class='ocrx_word' id='word_1_547' title='bbox 1955 1477 2021 1518; x_wconf 91' lang='lat' dir='ltr'><strong>eo</strong></span> <span class='ocrx_word' id='word_1_548' title='bbox 2052 1481 2065 1518; x_wconf 89' lang='lat'><strong>:</strong></span> <span class='ocrx_word' id='word_1_549' title='bbox 2097 1470 2151 1518; x_wconf 90' lang='lat' dir='ltr'><strong>ct</strong></span> <span class='ocrx_word' id='word_1_550' title='bbox 2258 1457 2578 1528; x_wconf 82' lang='lat' dir='ltr'><strong>prophetat:</strong></span> <span class='ocrx_word' id='word_1_551' title='bbox 2610 1473 2730 1514; x_wconf 89' lang='lat' dir='ltr'><strong>cum</strong></span> <span class='ocrx_word' id='word_1_552' title='bbox 2757 1459 3037 1530; x_wconf 84' lang='lat' dir='ltr'><strong>Prophetis</strong></span> <span class='ocrx_word' id='word_1_553' title='bbox 3066 1461 3294 1517; x_wconf 84' lang='lat' dir='ltr'><strong>Verbum</strong></span> <span class='ocrx_word' id='word_1_554' title='bbox 3323 1462 3414 1518; x_wconf 84' lang='lat' dir='ltr'><strong>Dei</strong></span> <span class='ocrx_word' id='word_1_555' title='bbox 3436 1505 3450 1529; x_wconf 89' lang='lat'><strong>,</strong></span> <span class='ocrx_word' id='word_1_556' title='bbox 3486 1474 3534 1521; x_wconf 88' lang='lat' dir='ltr'><strong>et</strong></span> <span class='ocrx_word' id='word_1_557' title='bbox 3555 1468 3748 1538; x_wconf 70' lang='lat' dir='ltr'><strong>propheta</strong></span> 
     </span>
    </p>
   </div>
   <div class='ocr_carea' id='block_1_69' title="bbox 564 1539 3852 1633">
    <p class='ocr_par' dir='ltr' id='par_1_69' title="bbox 564 1539 3852 1633">
     <span class='ocr_line' id='line_1_70' title="bbox 564 1539 3852 1633; baseline -0.001 -16"><span class='ocrx_word' id='word_1_558' title='bbox 564 1539 878 1633; x_wconf 82' lang='lat' dir='ltr'><strong>aperiuntur</strong></span> <span class='ocrx_word' id='word_1_559' title='bbox 915 1577 1030 1633; x_wconf 65' lang='lat' dir='ltr'><strong>quae</strong></span> <span class='ocrx_word' id='word_1_560' title='bbox 1069 1561 1245 1616; x_wconf 85' lang='lat' dir='ltr'><strong>clausa</strong></span> <span class='ocrx_word' id='word_1_561' title='bbox 1270 1539 1641 1632; x_wconf 86' lang='lat' dir='ltr'><strong>portabantur.</strong></span> <span class='ocrx_word' id='word_1_562' title='bbox 1669 1555 1877 1612; x_wconf 86' lang='lat' dir='ltr'><strong>Gratias</strong></span> <span class='ocrx_word' id='word_1_563' title='bbox 1909 1555 2018 1620; x_wconf 91' lang='lat' dir='ltr'><strong>illi;</strong></span> <span class='ocrx_word' id='word_1_564' title='bbox 2052 1555 2149 1609; x_wconf 91' lang='lat' dir='ltr'><strong>im-</strong></span> <span class='ocrx_word' id='word_1_565' title='bbox 2258 1546 2491 1604; x_wconf 81' lang='lat' dir='ltr'><strong>Verbum</strong></span> <span class='ocrx_word' id='word_1_566' title='bbox 2531 1549 2643 1606; x_wconf 90' lang='lat' dir='ltr'><strong>Dei.</strong></span> <span class='ocrx_word' id='word_1_567' title='bbox 2690 1550 2995 1607; x_wconf 81' lang='lat' dir='ltr'><strong>Meruerunt</strong></span> <span class='ocrx_word' id='word_1_568' title='bbox 3038 1551 3213 1623; x_wconf 80' lang='lat' dir='ltr'><strong>priora</strong></span> <span class='ocrx_word' id='word_1_569' title='bbox 3260 1563 3485 1625; x_wconf 83' lang='lat' dir='ltr'><strong>tempora</strong></span> <span class='ocrx_word' id='word_1_570' title='bbox 3524 1556 3749 1629; x_wconf 74' lang='lat' dir='ltr'><strong>Prophetas</strong></span> 
     </span>
    </p>
   </div>
   <div class='ocr_carea' id='block_1_70' title="bbox 2255 1639 3748 1722">
    <p class='ocr_par' dir='ltr' id='par_1_70' title="bbox 2255 1639 3748 1722">
     <span class='ocr_line' id='line_1_71' title="bbox 2255 1639 3748 1722; baseline 0.009 -27"><span class='ocrx_word' id='word_1_571' title='bbox 2255 1639 2495 1709; x_wconf 84' lang='lat' dir='ltr'><strong>amatos,</strong></span> <span class='ocrx_word' id='word_1_572' title='bbox 2532 1653 2585 1698; x_wconf 89' lang='lat' dir='ltr'><strong>et</strong></span> <span class='ocrx_word' id='word_1_573' title='bbox 2621 1643 2866 1712; x_wconf 90' lang='lat' dir='ltr'><strong>impletos</strong></span> <span class='ocrx_word' id='word_1_574' title='bbox 2891 1643 3071 1702; x_wconf 89' lang='lat' dir='ltr'><strong>Verbo</strong></span> <span class='ocrx_word' id='word_1_575' title='bbox 3096 1646 3190 1701; x_wconf 89' lang='lat' dir='ltr'><strong>Dei</strong></span> <span class='ocrx_word' id='word_1_576' title='bbox 3221 1664 3233 1701; x_wconf 89' lang='lat'><strong>:</strong></span> <span class='ocrx_word' id='word_1_577' title='bbox 3262 1648 3536 1704; x_wconf 87' lang='lat' dir='ltr'><strong>meruimus</strong></span> <span class='ocrx_word' id='word_1_578' title='bbox 3559 1664 3640 1706; x_wconf 83' lang='lat' dir='ltr'><strong>nos</strong></span> <span class='ocrx_word' id='word_1_579' title='bbox 3660 1666 3748 1722; x_wconf 84' lang='lat' dir='ltr'><strong>pro-</strong></span> 
     </span>
    </p>
   </div>
   <div class='ocr_carea' id='block_1_71' title="bbox 2255 1732 3749 1812">
    <p class='ocr_par' dir='ltr' id='par_1_71' title="bbox 2255 1732 3749 1812">
     <span class='ocr_line' id='line_1_72' title="bbox 2255 1732 3749 1812; baseline 0.01 -27"><span class='ocrx_word' id='word_1_580' title='bbox 2255 1732 2472 1804; x_wconf 89' lang='lat' dir='ltr'><strong>phetam</strong></span> <span class='ocrx_word' id='word_1_581' title='bbox 2499 1735 2670 1804; x_wconf 89' lang='lat' dir='ltr'><strong>ipsum</strong></span> <span class='ocrx_word' id='word_1_582' title='bbox 2695 1735 2926 1792; x_wconf 83' lang='lat' dir='ltr'><strong>Verbum</strong></span> <span class='ocrx_word' id='word_1_583' title='bbox 2947 1736 3063 1794; x_wconf 88' lang='lat' dir='ltr'><strong>Dei.</strong></span> <span class='ocrx_word' id='word_1_584' title='bbox 3087 1737 3176 1794; x_wconf 93' lang='lat' dir='ltr'><strong>Sic</strong></span> <span class='ocrx_word' id='word_1_585' title='bbox 3201 1748 3374 1796; x_wconf 84' lang='lat' dir='ltr'><strong>autem</strong></span> <span class='ocrx_word' id='word_1_586' title='bbox 3393 1741 3620 1812; x_wconf 83' lang='lat' dir='ltr'><strong>propheta</strong></span> <span class='ocrx_word' id='word_1_587' title='bbox 3639 1741 3749 1800; x_wconf 83' lang='lat' dir='ltr'><strong>Chri-</strong></span> 
     </span>
    </p>
   </div>
   <div class='ocr_carea' id='block_1_72' title="bbox 2255 1826 3747 1904">
    <p class='ocr_par' dir='ltr' id='par_1_72' title="bbox 2255 1826 3747 1904">
     <span class='ocr_line' id='line_1_73' title="bbox 2255 1826 3747 1904; baseline 0.007 -25"><span class='ocrx_word' id='word_1_588' title='bbox 2255 1835 2368 1880; x_wconf 91' lang='lat' dir='ltr'><strong>stus</strong></span> <span class='ocrx_word' id='word_1_589' title='bbox 2387 1866 2400 1891; x_wconf 95' lang='lat'><strong>,</strong></span> <span class='ocrx_word' id='word_1_590' title='bbox 2426 1826 2683 1883; x_wconf 89' lang='lat' dir='ltr'><strong>Dominus</strong></span> <span class='ocrx_word' id='word_1_591' title='bbox 2709 1828 3094 1899; x_wconf 73' lang='lat' dir='ltr'><strong>Prophetarum</strong></span> <span class='ocrx_word' id='word_1_592' title='bbox 3115 1847 3130 1896; x_wconf 90' lang='lat'>;</span> <span class='ocrx_word' id='word_1_593' title='bbox 3153 1831 3288 1887; x_wconf 90' lang='lat' dir='ltr'><strong>sicut</strong></span> <span class='ocrx_word' id='word_1_594' title='bbox 3311 1828 3517 1904; x_wconf 85' lang='lat' dir='ltr'><strong>angelus</strong></span> <span class='ocrx_word' id='word_1_595' title='bbox 3539 1831 3747 1902; x_wconf 78' lang='lat' dir='ltr'><strong>Christus,</strong></span> 
     </span>
    </p>
   </div>
   <div class='ocr_carea' id='block_1_73' title="bbox 2254 1918 3748 2001">
    <p class='ocr_par' dir='ltr' id='par_1_73' title="bbox 2254 1918 3748 2001">
     <span class='ocr_line' id='line_1_74' title="bbox 2254 1918 3748 2001; baseline 0.009 -28"><span class='ocrx_word' id='word_1_596' title='bbox 2254 1918 2508 1976; x_wconf 91' lang='lat' dir='ltr'><strong>Dominus</strong></span> <span class='ocrx_word' id='word_1_597' title='bbox 2548 1921 2893 1992; x_wconf 81' lang='lat' dir='ltr'><strong>Angelorum.</strong></span> <span class='ocrx_word' id='word_1_598' title='bbox 2932 1923 3066 1980; x_wconf 85' lang='lat' dir='ltr'><strong>Nam</strong></span> <span class='ocrx_word' id='word_1_599' title='bbox 3104 1935 3160 1981; x_wconf 87' lang='lat' dir='ltr'><strong>et</strong></span> <span class='ocrx_word' id='word_1_600' title='bbox 3201 1925 3316 1996; x_wconf 89' lang='lat' dir='ltr'><strong>ipse</strong></span> <span class='ocrx_word' id='word_1_601' title='bbox 3346 1925 3507 1983; x_wconf 82' lang='lat' dir='ltr'><strong>dictus</strong></span> <span class='ocrx_word' id='word_1_602' title='bbox 3532 1931 3748 2001; x_wconf 72' lang='lat' dir='ltr'><strong>estmagni</strong></span> 
     </span>
    </p>
   </div>
   <div class='ocr_carea' id='block_1_74' title="bbox 2253 2014 3748 2093">
    <p class='ocr_par' dir='ltr' id='par_1_74' title="bbox 2253 2014 3748 2093">
     <span class='ocr_line' id='line_1_75' title="bbox 2253 2014 3748 2093; baseline 0.007 -23"><span class='ocrx_word' id='word_1_603' title='bbox 2253 2014 2460 2070; x_wconf 90' lang='lat' dir='ltr'><strong>consilii</strong></span> <span class='ocrx_word' id='word_1_604' title='bbox 2489 2016 2722 2085; x_wconf 84' lang='lat' dir='ltr'><strong>Angelus</strong></span> <span class='ocrx_word' id='word_1_605' title='bbox 2753 2014 2903 2090; x_wconf 79' lang='lat' dir='ltr'><strong>(Isai.</strong></span> <span class='ocrx_word' id='word_1_606' title='bbox 2930 2034 2983 2073; x_wconf 77' lang='lat' dir='ltr'><strong>ix</strong></span> <span class='ocrx_word' id='word_1_607' title='bbox 3000 2058 3015 2084; x_wconf 94' lang='lat'><strong>,</strong></span> <span class='ocrx_word' id='word_1_608' title='bbox 3037 2017 3093 2087; x_wconf 88' lang='lat'><strong>6,</strong></span> <span class='ocrx_word' id='word_1_609' title='bbox 3113 2035 3217 2075; x_wconf 85' lang='lat' dir='ltr'><strong>sec.</strong></span> <span class='ocrx_word' id='word_1_610' title='bbox 3243 2019 3425 2093; x_wconf 85' lang='lat' dir='ltr'><strong>LXX).</strong></span> <span class='ocrx_word' id='word_1_611' title='bbox 3449 2017 3748 2080; x_wconf 72' lang='lat' dir='ltr'><strong>Verumtamen</strong></span> 
     </span>
    </p>
   </div>
   <div class='ocr_carea' id='block_1_75' title="bbox 2251 2104 3848 2187">
    <p class='ocr_par' dir='ltr' id='par_1_75' title="bbox 2251 2104 3848 2187">
     <span class='ocr_line' id='line_1_76' title="bbox 2251 2104 3848 2187; baseline 0.01 -29"><span class='ocrx_word' id='word_1_612' title='bbox 2251 2104 2376 2160; x_wconf 78' lang='lat' dir='ltr'><strong>alibi</strong></span> <span class='ocrx_word' id='word_1_613' title='bbox 2414 2106 2540 2176; x_wconf 91' lang='lat' dir='ltr'><strong>quid</strong></span> <span class='ocrx_word' id='word_1_614' title='bbox 2581 2106 2712 2164; x_wconf 89' lang='lat' dir='ltr'><strong>dicit</strong></span> <span class='ocrx_word' id='word_1_615' title='bbox 2751 2108 3047 2180; x_wconf 81' lang='lat' dir='ltr'><strong>propheta?</strong></span> <span class='ocrx_word' id='word_1_616' title='bbox 3089 2109 3222 2178; x_wconf 87' lang='lat' dir='ltr'><strong>Quia</strong></span> <span class='ocrx_word' id='word_1_617' title='bbox 3265 2127 3373 2169; x_wconf 91' lang='lat' dir='ltr'><strong>non</strong></span> <span class='ocrx_word' id='word_1_618' title='bbox 3412 2113 3596 2186; x_wconf 83' lang='lat' dir='ltr'><strong>legatus</strong></span> <span class='ocrx_word' id='word_1_619' title='bbox 3631 2131 3750 2187; x_wconf 83' lang='lat' dir='ltr'><strong>neque</strong></span> <span class='ocrx_word' id='word_1_620' title='bbox 3845 2115 3848 2118; x_wconf 83' lang='grc'><em>’</em></span> 
     </span>
    </p>
   </div>
   <div class='ocr_carea' id='block_1_76' title="bbox 2193 2197 3747 2279">
    <p class='ocr_par' dir='ltr' id='par_1_76' title="bbox 2193 2197 3747 2279">
     <span class='ocr_line' id='line_1_77' title="bbox 2193 2197 3747 2279; baseline 0.008 -29"><span class='ocrx_word' id='word_1_621' title='bbox 2193 2209 2196 2214; x_wconf 75' lang='lat'>&#39;</span> <span class='ocrx_word' id='word_1_622' title='bbox 2251 2197 2488 2268; x_wconf 85' lang='lat' dir='ltr'><strong>angelus,</strong></span> <span class='ocrx_word' id='word_1_623' title='bbox 2517 2198 2611 2255; x_wconf 80' lang='lat' dir='ltr'><strong>sed</strong></span> <span class='ocrx_word' id='word_1_624' title='bbox 2635 2201 2750 2271; x_wconf 91' lang='lat' dir='ltr'><strong>ipse</strong></span> <span class='ocrx_word' id='word_1_625' title='bbox 2779 2201 2998 2258; x_wconf 89' lang='lat' dir='ltr'><strong>veniens</strong></span> <span class='ocrx_word' id='word_1_626' title='bbox 3027 2203 3204 2260; x_wconf 90' lang='lat' dir='ltr'><strong>salvos</strong></span> <span class='ocrx_word' id='word_1_627' title='bbox 3223 2203 3380 2260; x_wconf 78' lang='lat' dir='ltr'><strong>faciet</strong></span> <span class='ocrx_word' id='word_1_628' title='bbox 3402 2220 3491 2262; x_wconf 91' lang='lat' dir='ltr'><strong>eos</strong></span> <span class='ocrx_word' id='word_1_629' title='bbox 3511 2203 3609 2279; x_wconf 74' lang='grc' dir='ltr'><strong>(ια.</strong></span> <span class='ocrx_word' id='word_1_630' title='bbox 3636 2222 3747 2276; x_wconf 81' lang='lat' dir='ltr'><strong>xxxv,</strong></span> 
     </span>
    </p>
   </div>
   <div class='ocr_carea' id='block_1_77' title="bbox 2249 2287 3852 2372">
    <p class='ocr_par' dir='ltr' id='par_1_77' title="bbox 2249 2287 3852 2372">
     <span class='ocr_line' id='line_1_78' title="bbox 2249 2287 3852 2372; baseline 0.008 -29"><span class='ocrx_word' id='word_1_631' title='bbox 2249 2291 2306 2360; x_wconf 74' lang='grc'><strong>4)</strong></span> <span class='ocrx_word' id='word_1_632' title='bbox 2335 2306 2349 2343; x_wconf 90' lang='lat'><strong>:</strong></span> <span class='ocrx_word' id='word_1_633' title='bbox 2381 2287 2434 2344; x_wconf 88' lang='lat' dir='ltr'><strong>id</strong></span> <span class='ocrx_word' id='word_1_634' title='bbox 2463 2298 2572 2359; x_wconf 87' lang='lat' dir='ltr'><strong>est,</strong></span> <span class='ocrx_word' id='word_1_635' title='bbox 2602 2291 2669 2346; x_wconf 85' lang='lat' dir='ltr'><strong>ad</strong></span> <span class='ocrx_word' id='word_1_636' title='bbox 2695 2291 2871 2347; x_wconf 85' lang='lat' dir='ltr'><strong>salvos</strong></span> <span class='ocrx_word' id='word_1_637' title='bbox 2908 2309 3002 2350; x_wconf 89' lang='lat' dir='ltr'><strong>eos</strong></span> <span class='ocrx_word' id='word_1_638' title='bbox 3033 2293 3304 2352; x_wconf 82' lang='lat' dir='ltr'><strong>faciendos</strong></span> <span class='ocrx_word' id='word_1_639' title='bbox 3337 2312 3436 2352; x_wconf 92' lang='lat' dir='ltr'><strong>non</strong></span> <span class='ocrx_word' id='word_1_640' title='bbox 3469 2297 3622 2354; x_wconf 88' lang='lat' dir='ltr'><strong>mittet</strong></span> <span class='ocrx_word' id='word_1_641' title='bbox 3649 2297 3748 2369; x_wconf 77' lang='lat' dir='ltr'><strong>iega-</strong></span> 
     </span>
    </p>
   </div>
   <div class='ocr_carea' id='block_1_78' title="bbox 2190 2369 3748 2461">
    <p class='ocr_par' dir='ltr' id='par_1_78' title="bbox 2190 2369 3748 2461">
     <span class='ocr_line' id='line_1_79' title="bbox 2190 2369 3748 2461; baseline 0.005 -23"><span class='ocrx_word' id='word_1_642' title='bbox 2249 2390 2360 2438; x_wconf 86' lang='lat' dir='ltr'><strong>tum</strong></span> <span class='ocrx_word' id='word_1_643' title='bbox 2381 2425 2394 2448; x_wconf 91' lang='lat'><strong>,</strong></span> <span class='ocrx_word' id='word_1_644' title='bbox 2436 2400 2541 2440; x_wconf 90' lang='lat' dir='ltr'><strong>non</strong></span> <span class='ocrx_word' id='word_1_645' title='bbox 2570 2385 2744 2440; x_wconf 90' lang='lat' dir='ltr'><strong>mittet</strong></span> <span class='ocrx_word' id='word_1_646' title='bbox 2770 2387 3016 2457; x_wconf 83' lang='lat' dir='ltr'><strong>angelum</strong></span> <span class='ocrx_word' id='word_1_647' title='bbox 3039 2429 3052 2453; x_wconf 90' lang='lat'><strong>,</strong></span> <span class='ocrx_word' id='word_1_648' title='bbox 3089 2389 3185 2446; x_wconf 88' lang='lat' dir='ltr'><strong>sed</strong></span> <span class='ocrx_word' id='word_1_649' title='bbox 3214 2389 3388 2446; x_wconf 80' lang='lat' dir='ltr'><strong>veniet</strong></span> <span class='ocrx_word' id='word_1_650' title='bbox 3413 2389 3536 2461; x_wconf 89' lang='lat' dir='ltr'><strong>ipse.</strong></span> <span class='ocrx_word' id='word_1_651' title='bbox 3562 2388 3670 2458; x_wconf 85' lang='lat' dir='ltr'><strong>Quis</strong></span> <span class='ocrx_word' id='word_1_652' title='bbox 3688 2404 3748 2446; x_wconf 72' lang='lat' dir='ltr'><strong>re</strong></span> 
     </span>
    </p>
   </div>
   <div class='ocr_carea' id='block_1_79' title="bbox 2247 2474 3749 2552">
    <p class='ocr_par' dir='ltr' id='par_1_79' title="bbox 2247 2474 3749 2552">
     <span class='ocr_line' id='line_1_80' title="bbox 2247 2474 3749 2552; baseline 0.004 -23"><span class='ocrx_word' id='word_1_653' title='bbox 2247 2474 2401 2530; x_wconf 87' lang='lat' dir='ltr'><strong>niet?</strong></span> <span class='ocrx_word' id='word_1_654' title='bbox 2430 2475 2546 2546; x_wconf 88' lang='lat' dir='ltr'><strong>ipse</strong></span> <span class='ocrx_word' id='word_1_655' title='bbox 2574 2477 2816 2547; x_wconf 80' lang='lat' dir='ltr'><strong>angelus.</strong></span> <span class='ocrx_word' id='word_1_656' title='bbox 2846 2477 3005 2534; x_wconf 88' lang='lat' dir='ltr'><strong>Certe</strong></span> <span class='ocrx_word' id='word_1_657' title='bbox 3029 2494 3134 2534; x_wconf 91' lang='lat' dir='ltr'><strong>non</strong></span> <span class='ocrx_word' id='word_1_658' title='bbox 3165 2495 3261 2551; x_wconf 89' lang='lat' dir='ltr'><strong>per</strong></span> <span class='ocrx_word' id='word_1_659' title='bbox 3284 2482 3536 2552; x_wconf 86' lang='lat' dir='ltr'><strong>angelum,</strong></span> <span class='ocrx_word' id='word_1_660' title='bbox 3562 2481 3645 2538; x_wconf 88' lang='lat' dir='ltr'><strong>nisi</strong></span> <span class='ocrx_word' id='word_1_661' title='bbox 3667 2481 3749 2552; x_wconf 80' lang='lat' dir='ltr'><strong>quia</strong></span> 
     </span>
    </p>
   </div>
   <div class='ocr_carea' id='block_1_80' title="bbox 2249 2569 3748 2646">
    <p class='ocr_par' dir='ltr' id='par_1_80' title="bbox 2249 2569 3748 2646">
     <span class='ocr_line' id='line_1_81' title="bbox 2249 2569 3748 2646; baseline 0.002 -22"><span class='ocrx_word' id='word_1_662' title='bbox 2249 2569 2349 2625; x_wconf 85' lang='lat' dir='ltr'><strong>iste</strong></span> <span class='ocrx_word' id='word_1_663' title='bbox 2369 2570 2444 2624; x_wconf 89' lang='lat' dir='ltr'><strong>sic</strong></span> <span class='ocrx_word' id='word_1_664' title='bbox 2463 2571 2702 2641; x_wconf 85' lang='lat' dir='ltr'><strong>angelus,</strong></span> <span class='ocrx_word' id='word_1_665' title='bbox 2719 2581 2778 2626; x_wconf 91' lang='lat' dir='ltr'><strong>ut</strong></span> <span class='ocrx_word' id='word_1_666' title='bbox 2797 2572 2957 2627; x_wconf 89' lang='lat' dir='ltr'><strong>etiam</strong></span> <span class='ocrx_word' id='word_1_667' title='bbox 2980 2573 3239 2628; x_wconf 89' lang='lat' dir='ltr'><strong>Dominus</strong></span> <span class='ocrx_word' id='word_1_668' title='bbox 3256 2574 3576 2646; x_wconf 86' lang='lat' dir='ltr'><strong>Angeiorum.</strong></span> <span class='ocrx_word' id='word_1_669' title='bbox 3594 2573 3748 2632; x_wconf 82' lang='lat' dir='ltr'><strong>Eteni</strong></span> 
     </span>
    </p>
   </div>
   <div class='ocr_carea' id='block_1_81' title="bbox 2248 2661 3748 2732">
    <p class='ocr_par' dir='ltr' id='par_1_81' title="bbox 2248 2661 3748 2732">
     <span class='ocr_line' id='line_1_82' title="bbox 2248 2661 3748 2732; baseline 0.004 -16"><span class='ocrx_word' id='word_1_670' title='bbox 2248 2661 2436 2732; x_wconf 84' lang='lat' dir='ltr'><strong>Angeli</strong></span> <span class='ocrx_word' id='word_1_671' title='bbox 2475 2662 2640 2718; x_wconf 90' lang='lat' dir='ltr'><strong>latine</strong></span> <span class='ocrx_word' id='word_1_672' title='bbox 2678 2663 2846 2718; x_wconf 91' lang='lat' dir='ltr'><strong>nuntii</strong></span> <span class='ocrx_word' id='word_1_673' title='bbox 2889 2672 3031 2720; x_wconf 87' lang='lat' dir='ltr'><strong>sunt.</strong></span> <span class='ocrx_word' id='word_1_674' title='bbox 3072 2665 3128 2722; x_wconf 87' lang='lat' dir='ltr'><strong>Si</strong></span> <span class='ocrx_word' id='word_1_675' title='bbox 3168 2667 3408 2724; x_wconf 87' lang='lat' dir='ltr'><strong>Christus</strong></span> <span class='ocrx_word' id='word_1_676' title='bbox 3446 2667 3566 2723; x_wconf 87' lang='lat' dir='ltr'><strong>nihil</strong></span> <span class='ocrx_word' id='word_1_677' title='bbox 3597 2682 3748 2724; x_wconf 75' lang='lat' dir='ltr'><strong>annun-</strong></span> 
     </span>
    </p>
   </div>
   <div class='ocr_carea' id='block_1_82' title="bbox 2161 2754 3852 2829">
    <p class='ocr_par' dir='ltr' id='par_1_82' title="bbox 2161 2754 3852 2829">
     <span class='ocr_line' id='line_1_83' title="bbox 2161 2754 3852 2829; baseline 0.004 -22"><span class='ocrx_word' id='word_1_678' title='bbox 2161 2763 2210 2827; x_wconf 37' lang='lat' dir='ltr'><strong>g‘</strong></span> <span class='ocrx_word' id='word_1_679' title='bbox 2249 2754 2436 2821; x_wconf 89' lang='lat' dir='ltr'><strong>tiaret,</strong></span> <span class='ocrx_word' id='word_1_680' title='bbox 2463 2755 2682 2826; x_wconf 89' lang='lat' dir='ltr'><strong>angelus</strong></span> <span class='ocrx_word' id='word_1_681' title='bbox 2710 2771 2816 2811; x_wconf 92' lang='lat' dir='ltr'><strong>non</strong></span> <span class='ocrx_word' id='word_1_682' title='bbox 2846 2755 3113 2812; x_wconf 87' lang='lat' dir='ltr'><strong>diceretur</strong></span> <span class='ocrx_word' id='word_1_683' title='bbox 3139 2775 3156 2812; x_wconf 87' lang='lat'><strong>:</strong></span> <span class='ocrx_word' id='word_1_684' title='bbox 3185 2758 3231 2814; x_wconf 88' lang='lat' dir='ltr'><strong>si</strong></span> <span class='ocrx_word' id='word_1_685' title='bbox 3255 2757 3488 2815; x_wconf 87' lang='lat' dir='ltr'><strong>Christus</strong></span> <span class='ocrx_word' id='word_1_686' title='bbox 3521 2758 3633 2814; x_wconf 89' lang='lat' dir='ltr'><strong>nihil</strong></span> <span class='ocrx_word' id='word_1_687' title='bbox 3661 2773 3748 2829; x_wconf 82' lang='lat' dir='ltr'><strong>pro-</strong></span> <span class='ocrx_word' id='word_1_688' title='bbox 3849 2754 3852 2829; x_wconf 55' lang='grc' dir='ltr'>Ξ</span> 
     </span>
    </p>
   </div>
   <div class='ocr_carea' id='block_1_83' title="bbox 2185 2843 3750 2917">
    <p class='ocr_par' dir='ltr' id='par_1_83' title="bbox 2185 2843 3750 2917">
     <span class='ocr_line' id='line_1_84' title="bbox 2185 2843 3750 2917; baseline 0.005 -20"><span class='ocrx_word' id='word_1_689' title='bbox 2185 2843 2197 2855; x_wconf 84' lang='grc'><strong><em>⁷</em></strong></span> <span class='ocrx_word' id='word_1_690' title='bbox 2247 2844 2509 2914; x_wconf 87' lang='lat' dir='ltr'><strong>phetaret,</strong></span> <span class='ocrx_word' id='word_1_691' title='bbox 2537 2847 2794 2917; x_wconf 89' lang='lat' dir='ltr'><strong>propheta</strong></span> <span class='ocrx_word' id='word_1_692' title='bbox 2821 2863 2930 2904; x_wconf 90' lang='lat' dir='ltr'><strong>non</strong></span> <span class='ocrx_word' id='word_1_693' title='bbox 2958 2848 3246 2906; x_wconf 88' lang='lat' dir='ltr'><strong>diceretur.</strong></span> <span class='ocrx_word' id='word_1_694' title='bbox 3274 2850 3578 2906; x_wconf 83' lang='lat' dir='ltr'><strong>Exhortatus</strong></span> <span class='ocrx_word' id='word_1_695' title='bbox 3601 2858 3750 2906; x_wconf 81' lang='lat' dir='ltr'><strong>estnos</strong></span> 
     </span>
    </p>
   </div>
   <div class='ocr_carea' id='block_1_84' title="bbox 2245 2935 3750 3012">
    <p class='ocr_par' dir='ltr' id='par_1_84' title="bbox 2245 2935 3750 3012">
     <span class='ocr_line' id='line_1_85' title="bbox 2245 2935 3750 3012; baseline 0.004 -22"><span class='ocrx_word' id='word_1_696' title='bbox 2245 2935 2313 2991; x_wconf 92' lang='lat' dir='ltr'><strong>ad</strong></span> <span class='ocrx_word' id='word_1_697' title='bbox 2343 2936 2520 3004; x_wconf 89' lang='lat' dir='ltr'><strong>ﬁdem,</strong></span> <span class='ocrx_word' id='word_1_698' title='bbox 2547 2946 2600 2992; x_wconf 89' lang='lat' dir='ltr'><strong>ct</strong></span> <span class='ocrx_word' id='word_1_699' title='bbox 2621 2938 2687 2993; x_wconf 89' lang='lat' dir='ltr'><strong>ad</strong></span> <span class='ocrx_word' id='word_1_700' title='bbox 2711 2939 3090 3009; x_wconf 88' lang='lat' dir='ltr'><strong>capessendam</strong></span> <span class='ocrx_word' id='word_1_701' title='bbox 3119 2941 3285 2997; x_wconf 90' lang='lat' dir='ltr'><strong>vitam</strong></span> <span class='ocrx_word' id='word_1_702' title='bbox 3311 2950 3551 2999; x_wconf 69' lang='lat' dir='ltr'><strong>atternam</strong></span> <span class='ocrx_word' id='word_1_703' title='bbox 3573 2960 3585 2997; x_wconf 92' lang='lat'><strong>:</strong></span> <span class='ocrx_word' id='word_1_704' title='bbox 3608 2939 3750 3012; x_wconf 76' lang='lat' dir='ltr'><strong>aliquid</strong></span> 
     </span>
    </p>
   </div>
   <div class='ocr_carea' id='block_1_85' title="bbox 2246 3032 3750 3106">
    <p class='ocr_par' dir='ltr' id='par_1_85' title="bbox 2246 3032 3750 3106">
     <span class='ocr_line' id='line_1_86' title="bbox 2246 3032 3750 3106; baseline 0.004 -23"><span class='ocrx_word' id='word_1_705' title='bbox 2246 3043 2483 3099; x_wconf 62' lang='lat' dir='ltr'><strong>praesens</strong></span> <span class='ocrx_word' id='word_1_706' title='bbox 2507 3032 2858 3100; x_wconf 85' lang='lat' dir='ltr'><strong>annuntiavit,</strong></span> <span class='ocrx_word' id='word_1_707' title='bbox 2886 3032 3084 3104; x_wconf 87' lang='lat' dir='ltr'><strong>aliquid</strong></span> <span class='ocrx_word' id='word_1_708' title='bbox 3110 3033 3346 3091; x_wconf 81' lang='lat' dir='ltr'><strong>futurum</strong></span> <span class='ocrx_word' id='word_1_709' title='bbox 3371 3034 3690 3106; x_wconf 66' lang='lat' dir='ltr'><strong>praedixitmx</strong></span> <span class='ocrx_word' id='word_1_710' title='bbox 3707 3048 3750 3089; x_wconf 85' lang='lat' dir='ltr'><strong>eo</strong></span> 
     </span>
    </p>
   </div>
   <div class='ocr_carea' id='block_1_86' title="bbox 2243 3121 3750 3198">
    <p class='ocr_par' dir='ltr' id='par_1_86' title="bbox 2243 3121 3750 3198">
     <span class='ocr_line' id='line_1_87' title="bbox 2243 3121 3750 3198; baseline 0.003 -22"><span class='ocrx_word' id='word_1_711' title='bbox 2243 3121 2389 3193; x_wconf 89' lang='lat' dir='ltr'><strong>quod</strong></span> <span class='ocrx_word' id='word_1_712' title='bbox 2419 3137 2653 3194; x_wconf 66' lang='lat' dir='ltr'><strong>praesens</strong></span> <span class='ocrx_word' id='word_1_713' title='bbox 2680 3125 3010 3182; x_wconf 88' lang='lat' dir='ltr'><strong>annuntiavit</strong></span> <span class='ocrx_word' id='word_1_714' title='bbox 3027 3165 3042 3193; x_wconf 89' lang='lat'><strong>,</strong></span> <span class='ocrx_word' id='word_1_715' title='bbox 3069 3128 3292 3198; x_wconf 78' lang='lat' dir='ltr'><strong>angelus</strong></span> <span class='ocrx_word' id='word_1_716' title='bbox 3319 3131 3431 3184; x_wconf 84' lang='lat' dir='ltr'><strong>erat</strong></span> <span class='ocrx_word' id='word_1_717' title='bbox 3455 3145 3468 3192; x_wconf 90' lang='lat'><strong>;</strong></span> <span class='ocrx_word' id='word_1_718' title='bbox 3495 3143 3553 3183; x_wconf 90' lang='lat' dir='ltr'><strong>ex</strong></span> <span class='ocrx_word' id='word_1_719' title='bbox 3576 3141 3631 3182; x_wconf 89' lang='lat' dir='ltr'><strong>eo</strong></span> <span class='ocrx_word' id='word_1_720' title='bbox 3653 3123 3750 3196; x_wconf 83' lang='lat' dir='ltr'><strong>quod</strong></span> 
     </span>
    </p>
   </div>
   <div class='ocr_carea' id='block_1_87' title="bbox 2245 3212 3750 3290">
    <p class='ocr_par' dir='ltr' id='par_1_87' title="bbox 2245 3212 3750 3290">
     <span class='ocr_line' id='line_1_88' title="bbox 2245 3212 3750 3290; baseline 0.001 -23"><span class='ocrx_word' id='word_1_721' title='bbox 2245 3212 2475 3268; x_wconf 80' lang='lat' dir='ltr'><strong>futurum</strong></span> <span class='ocrx_word' id='word_1_722' title='bbox 2503 3214 2763 3284; x_wconf 68' lang='lat' dir='ltr'><strong>praedixit,</strong></span> <span class='ocrx_word' id='word_1_723' title='bbox 2792 3215 3049 3286; x_wconf 88' lang='lat' dir='ltr'><strong>pr0pbeta</strong></span> <span class='ocrx_word' id='word_1_724' title='bbox 3074 3226 3193 3274; x_wconf 87' lang='lat' dir='ltr'><strong>erat</strong></span> <span class='ocrx_word' id='word_1_725' title='bbox 3216 3237 3229 3274; x_wconf 87' lang='lat'><strong>:</strong></span> <span class='ocrx_word' id='word_1_726' title='bbox 3251 3233 3320 3274; x_wconf 88' lang='lat' dir='ltr'><strong>ex</strong></span> <span class='ocrx_word' id='word_1_727' title='bbox 3344 3233 3407 3274; x_wconf 89' lang='lat' dir='ltr'><strong>eo</strong></span> <span class='ocrx_word' id='word_1_728' title='bbox 3429 3216 3560 3290; x_wconf 89' lang='lat' dir='ltr'><strong>quod</strong></span> <span class='ocrx_word' id='word_1_729' title='bbox 3577 3215 3750 3273; x_wconf 86' lang='lat' dir='ltr'><strong>Verbum</strong></span> 
     </span>
    </p>
   </div>
   <div class='ocr_carea' id='block_1_88' title="bbox 2243 3305 3748 3382">
    <p class='ocr_par' dir='ltr' id='par_1_88' title="bbox 2243 3305 3748 3382">
     <span class='ocr_line' id='line_1_89' title="bbox 2243 3305 3748 3382; baseline 0.001 -20"><span class='ocrx_word' id='word_1_730' title='bbox 2243 3305 2337 3362; x_wconf 89' lang='lat' dir='ltr'><strong>Dei</strong></span> <span class='ocrx_word' id='word_1_731' title='bbox 2363 3321 2489 3362; x_wconf 92' lang='lat' dir='ltr'><strong>caro</strong></span> <span class='ocrx_word' id='word_1_732' title='bbox 2514 3306 2709 3364; x_wconf 85' lang='lat' dir='ltr'><strong>factum</strong></span> <span class='ocrx_word' id='word_1_733' title='bbox 2737 3317 2821 3365; x_wconf 90' lang='lat' dir='ltr'><strong>est</strong></span> <span class='ocrx_word' id='word_1_734' title='bbox 2843 3350 2859 3378; x_wconf 88' lang='lat'><strong>,</strong></span> <span class='ocrx_word' id='word_1_735' title='bbox 2899 3317 2954 3365; x_wconf 87' lang='lat' dir='ltr'><strong>et</strong></span> <span class='ocrx_word' id='word_1_736' title='bbox 2991 3311 3317 3381; x_wconf 85' lang='lat' dir='ltr'><strong>Angeiorum</strong></span> <span class='ocrx_word' id='word_1_737' title='bbox 3360 3319 3412 3367; x_wconf 87' lang='lat' dir='ltr'><strong>et</strong></span> <span class='ocrx_word' id='word_1_738' title='bbox 3438 3308 3748 3382; x_wconf 74' lang='lat' dir='ltr'><strong>Prophetarum</strong></span> 
     </span>
    </p>
   </div>
   <div class='ocr_carea' id='block_1_89' title="bbox 2242 3395 2938 3456">
    <p class='ocr_par' dir='ltr' id='par_1_89' title="bbox 2242 3395 2938 3456">
     <span class='ocr_line' id='line_1_90' title="bbox 2242 3395 2938 3456; baseline 0.004 -4"><span class='ocrx_word' id='word_1_739' title='bbox 2242 3397 2498 3456; x_wconf 87' lang='lat' dir='ltr'><strong>Dominus</strong></span> <span class='ocrx_word' id='word_1_740' title='bbox 2522 3411 2655 3454; x_wconf 86' lang='lat' dir='ltr'><strong>erat.</strong></span> <span class='ocrx_word' id='word_1_741' title='bbox 2934 3395 2938 3399; x_wconf 76' lang='grc'><em>’</em></span> 
     </span>
    </p>
   </div>
   <div class='ocr_carea' id='block_1_90' title="bbox 2723 3531 3339 3591">
    <p class='ocr_par' dir='ltr' id='par_1_90' title="bbox 2723 3531 3339 3591">
     <span class='ocr_line' id='line_1_91' title="bbox 2723 3531 3339 3591; baseline 0 -4"><span class='ocrx_word' id='word_1_742' title='bbox 2723 3531 3131 3590; x_wconf 78' lang='lat' dir='ltr'><strong>TRACTATUS</strong></span> <span class='ocrx_word' id='word_1_743' title='bbox 3171 3534 3339 3591; x_wconf 81' lang='lat' dir='ltr'><strong>XXV.</strong></span> 
     </span>
    </p>
   </div>
   <div class='ocr_carea' id='block_1_91' title="bbox 2240 3645 3751 3720">
    <p class='ocr_par' dir='ltr' id='par_1_91' title="bbox 2240 3645 3751 3720">
     <span class='ocr_line' id='line_1_92' title="bbox 2240 3645 3751 3720; baseline -0.001 -22"><span class='ocrx_word' id='word_1_744' title='bbox 2240 3647 2314 3699; x_wconf 80' lang='lat' dir='ltr'><strong>Ab</strong></span> <span class='ocrx_word' id='word_1_745' title='bbox 2337 3662 2391 3699; x_wconf 87' lang='lat' dir='ltr'><strong>eo</strong></span> <span class='ocrx_word' id='word_1_746' title='bbox 2410 3645 2545 3718; x_wconf 85' lang='lat' dir='ltr'><strong>quod</strong></span> <span class='ocrx_word' id='word_1_747' title='bbox 2568 3647 2813 3718; x_wconf 81' lang='lat' dir='ltr'><strong>scriptum</strong></span> <span class='ocrx_word' id='word_1_748' title='bbox 2837 3657 2944 3713; x_wconf 84' lang='lat' dir='ltr'><strong>est,</strong></span> <span class='ocrx_word' id='word_1_749' title='bbox 2977 3647 3133 3702; x_wconf 88' lang='lat' dir='ltr'><strong>Jesus</strong></span> <span class='ocrx_word' id='word_1_750' title='bbox 3178 3665 3306 3720; x_wconf 89' lang='lat' dir='ltr'><strong>ergo</strong></span> <span class='ocrx_word' id='word_1_751' title='bbox 3336 3663 3452 3704; x_wconf 91' lang='lat' dir='ltr'><strong>cum</strong></span> <span class='ocrx_word' id='word_1_752' title='bbox 3487 3645 3751 3718; x_wconf 82' lang='lat' dir='ltr'><strong>cognovisset</strong></span> 
     </span>
    </p>
   </div>
   <div class='ocr_carea' id='block_1_92' title="bbox 2309 3737 3750 3816">
    <p class='ocr_par' dir='ltr' id='par_1_92' title="bbox 2309 3737 3750 3816">
     <span class='ocr_line' id='line_1_93' title="bbox 2309 3737 3750 3816; baseline 0.001 -24"><span class='ocrx_word' id='word_1_753' title='bbox 2309 3738 2451 3809; x_wconf 90' lang='lat' dir='ltr'><strong>quod</strong></span> <span class='ocrx_word' id='word_1_754' title='bbox 2482 3740 2752 3796; x_wconf 88' lang='lat' dir='ltr'><strong>venissent</strong></span> <span class='ocrx_word' id='word_1_755' title='bbox 2773 3749 2830 3796; x_wconf 91' lang='lat' dir='ltr'><strong>ut</strong></span> <span class='ocrx_word' id='word_1_756' title='bbox 2843 3751 3096 3812; x_wconf 89' lang='lat' dir='ltr'><strong>raperent</strong></span> <span class='ocrx_word' id='word_1_757' title='bbox 3115 3757 3240 3798; x_wconf 90' lang='lat' dir='ltr'><strong>eum</strong></span> <span class='ocrx_word' id='word_1_758' title='bbox 3263 3760 3277 3810; x_wconf 90' lang='lat'><strong>;</strong></span> <span class='ocrx_word' id='word_1_759' title='bbox 3302 3759 3452 3814; x_wconf 75' lang='lat' dir='ltr'><strong>usque</strong></span> <span class='ocrx_word' id='word_1_760' title='bbox 3467 3741 3529 3796; x_wconf 87' lang='lat' dir='ltr'><strong>ad</strong></span> <span class='ocrx_word' id='word_1_761' title='bbox 3541 3742 3604 3806; x_wconf 86' lang='lat' dir='ltr'><strong>id,</strong></span> <span class='ocrx_word' id='word_1_762' title='bbox 3618 3737 3750 3816; x_wconf 72' lang='lat' dir='ltr'><strong>Etego</strong></span> 
     </span>
    </p>
   </div>
   <div class='ocr_carea' id='block_1_93' title="bbox 2308 3827 3747 3905">
    <p class='ocr_par' dir='ltr' id='par_1_93' title="bbox 2308 3827 3747 3905">
     <span class='ocr_line' id='line_1_94' title="bbox 2308 3827 3747 3905; baseline 0.001 -22"><span class='ocrx_word' id='word_1_763' title='bbox 2308 3829 2644 3885; x_wconf 89' lang='lat' dir='ltr'><strong>resuscitabo</strong></span> <span class='ocrx_word' id='word_1_764' title='bbox 2659 3845 2783 3886; x_wconf 91' lang='lat' dir='ltr'><strong>eum</strong></span> <span class='ocrx_word' id='word_1_765' title='bbox 2807 3832 2858 3886; x_wconf 92' lang='lat' dir='ltr'><strong>in</strong></span> <span class='ocrx_word' id='word_1_766' title='bbox 2878 3832 3169 3888; x_wconf 89' lang='lat' dir='ltr'><strong>novissimo</strong></span> <span class='ocrx_word' id='word_1_767' title='bbox 3181 3832 3288 3889; x_wconf 91' lang='lat' dir='ltr'><strong>die.</strong></span> <span class='ocrx_word' id='word_1_768' title='bbox 3313 3831 3510 3905; x_wconf 77' lang='lat' dir='ltr'><strong>Cap.vr,</strong></span> <span class='ocrx_word' id='word_1_769' title='bbox 3529 3833 3560 3905; x_wconf 61' lang='grc' dir='ltr'><em>ᾖ</em></span> <span class='ocrx_word' id='word_1_770' title='bbox 3579 3869 3593 3886; x_wconf 94' lang='grc'><strong>.</strong></span> <span class='ocrx_word' id='word_1_771' title='bbox 3612 3827 3747 3887; x_wconf 63' lang='grc'><strong>1544.</strong></span> 
     </span>
    </p>
   </div>
   <div class='ocr_carea' id='block_1_94' title="bbox 2310 3943 3750 4015">
    <p class='ocr_par' dir='ltr' id='par_1_94' title="bbox 2310 3943 3750 4015">
     <span class='ocr_line' id='line_1_95' title="bbox 2310 3943 3750 4015; baseline -0.002 -18"><span class='ocrx_word' id='word_1_772' title='bbox 2310 3943 2359 3997; x_wconf 84' lang='lat' dir='ltr'><strong>i.</strong></span> <span class='ocrx_word' id='word_1_773' title='bbox 2414 3943 2725 3998; x_wconf 89' lang='lat' dir='ltr'><strong>ilesternam</strong></span> <span class='ocrx_word' id='word_1_774' title='bbox 2771 3959 2839 4001; x_wconf 86' lang='lat' dir='ltr'><strong>ex</strong></span> <span class='ocrx_word' id='word_1_775' title='bbox 2883 3945 3171 4015; x_wconf 86' lang='lat' dir='ltr'><strong>Evangelio</strong></span> <span class='ocrx_word' id='word_1_776' title='bbox 3223 3947 3530 4015; x_wconf 87' lang='lat' dir='ltr'><strong>lectionem,</strong></span> <span class='ocrx_word' id='word_1_777' title='bbox 3574 3944 3656 4000; x_wconf 83' lang='lat' dir='ltr'><strong>ista</strong></span> <span class='ocrx_word' id='word_1_778' title='bbox 3691 3946 3750 3996; x_wconf 83' lang='lat' dir='ltr'><strong>est</strong></span> 
     </span>
    </p>
   </div>
   <div class='ocr_carea' id='block_1_95' title="bbox 2239 4031 3748 4105">
    <p class='ocr_par' dir='ltr' id='par_1_95' title="bbox 2239 4031 3748 4105">
     <span class='ocr_line' id='line_1_96' title="bbox 2239 4031 3748 4105; baseline -0.001 -16"><span class='ocrx_word' id='word_1_779' title='bbox 2239 4035 2494 4090; x_wconf 80' lang='lat' dir='ltr'><strong>hodierna</strong></span> <span class='ocrx_word' id='word_1_780' title='bbox 2519 4051 2637 4105; x_wconf 72' lang='lat' dir='ltr'><strong>qua:</strong></span> <span class='ocrx_word' id='word_1_781' title='bbox 2663 4037 2918 4105; x_wconf 86' lang='lat' dir='ltr'><strong>sequitur,</strong></span> <span class='ocrx_word' id='word_1_782' title='bbox 2963 4036 3101 4091; x_wconf 87' lang='lat' dir='ltr'><strong>unde</strong></span> <span class='ocrx_word' id='word_1_783' title='bbox 3133 4037 3428 4094; x_wconf 81' lang='lat' dir='ltr'><strong>hodiernus</strong></span> <span class='ocrx_word' id='word_1_784' title='bbox 3451 4050 3610 4094; x_wconf 85' lang='lat' dir='ltr'><strong>sermo</strong></span> <span class='ocrx_word' id='word_1_785' title='bbox 3629 4031 3748 4088; x_wconf 81' lang='lat' dir='ltr'><strong>debe-</strong></span> 
     </span>
    </p>
   </div>
   <div class='ocr_carea' id='block_1_96' title="bbox 2238 4125 3747 4201">
    <p class='ocr_par' dir='ltr' id='par_1_96' title="bbox 2238 4125 3747 4201">
     <span class='ocr_line' id='line_1_97' title="bbox 2238 4125 3747 4201; baseline -0.002 -21"><span class='ocrx_word' id='word_1_786' title='bbox 2238 4135 2339 4181; x_wconf 86' lang='lat' dir='ltr'><strong>tur.</strong></span> <span class='ocrx_word' id='word_1_787' title='bbox 2370 4126 2530 4180; x_wconf 79' lang='lat' dir='ltr'><strong>Facto</strong></span> <span class='ocrx_word' id='word_1_788' title='bbox 2559 4125 2647 4179; x_wconf 95' lang='lat' dir='ltr'><strong>illo</strong></span> <span class='ocrx_word' id='word_1_789' title='bbox 2677 4127 2954 4192; x_wconf 83' lang='lat' dir='ltr'><strong>miraculo,</strong></span> <span class='ocrx_word' id='word_1_790' title='bbox 2984 4129 3072 4182; x_wconf 88' lang='lat' dir='ltr'><strong>ubi</strong></span> <span class='ocrx_word' id='word_1_791' title='bbox 3091 4129 3331 4201; x_wconf 88' lang='lat' dir='ltr'><strong>quinque</strong></span> <span class='ocrx_word' id='word_1_792' title='bbox 3357 4130 3513 4185; x_wconf 85' lang='lat' dir='ltr'><strong>millia</strong></span> <span class='ocrx_word' id='word_1_793' title='bbox 3539 4125 3747 4183; x_wconf 82' lang='lat' dir='ltr'><strong>hominum</strong></span> 
     </span>
    </p>
   </div>
   <div class='ocr_carea' id='block_1_97' title="bbox 2234 4217 3748 4289">
    <p class='ocr_par' dir='ltr' id='par_1_97' title="bbox 2234 4217 3748 4289">
     <span class='ocr_line' id='line_1_98' title="bbox 2234 4217 3748 4289; baseline -0.001 -16"><span class='ocrx_word' id='word_1_794' title='bbox 2234 4218 2301 4273; x_wconf 86' lang='lat' dir='ltr'><strong>de</strong></span> <span class='ocrx_word' id='word_1_795' title='bbox 2327 4219 2558 4289; x_wconf 90' lang='lat' dir='ltr'><strong>quinque</strong></span> <span class='ocrx_word' id='word_1_796' title='bbox 2585 4217 2807 4287; x_wconf 90' lang='lat' dir='ltr'><strong>panibus</strong></span> <span class='ocrx_word' id='word_1_797' title='bbox 2830 4218 2970 4288; x_wconf 85' lang='lat' dir='ltr'><strong>pavit</strong></span> <span class='ocrx_word' id='word_1_798' title='bbox 2991 4218 3168 4287; x_wconf 74' lang='lat' dir='ltr'><strong>Iesus,</strong></span> <span class='ocrx_word' id='word_1_799' title='bbox 3195 4237 3318 4277; x_wconf 88' lang='lat' dir='ltr'><strong>cum</strong></span> <span class='ocrx_word' id='word_1_800' title='bbox 3347 4221 3602 4276; x_wconf 58' lang='lat' dir='ltr'><strong>admirata:</strong></span> <span class='ocrx_word' id='word_1_801' title='bbox 3617 4220 3748 4272; x_wconf 73' lang='lat' dir='ltr'><strong>essent</strong></span> 
     </span>
    </p>
   </div>
   <div class='ocr_carea' id='block_1_98' title="bbox 2237 4304 3749 4382">
    <p class='ocr_par' dir='ltr' id='par_1_98' title="bbox 2237 4304 3749 4382">
     <span class='ocr_line' id='line_1_99' title="bbox 2237 4304 3749 4382; baseline -0.003 -19"><span class='ocrx_word' id='word_1_802' title='bbox 2237 4309 2423 4375; x_wconf 63' lang='lat' dir='ltr'><strong>turbat,</strong></span> <span class='ocrx_word' id='word_1_803' title='bbox 2449 4319 2502 4364; x_wconf 91' lang='lat' dir='ltr'><strong>et</strong></span> <span class='ocrx_word' id='word_1_804' title='bbox 2522 4324 2643 4364; x_wconf 87' lang='lat' dir='ltr'><strong>eum</strong></span> <span class='ocrx_word' id='word_1_805' title='bbox 2664 4324 2914 4379; x_wconf 89' lang='lat' dir='ltr'><strong>magnum</strong></span> <span class='ocrx_word' id='word_1_806' title='bbox 2940 4310 3264 4381; x_wconf 87' lang='lat' dir='ltr'><strong>Prophetam</strong></span> <span class='ocrx_word' id='word_1_807' title='bbox 3294 4313 3522 4369; x_wconf 90' lang='lat' dir='ltr'><strong>dicerent</strong></span> <span class='ocrx_word' id='word_1_808' title='bbox 3546 4309 3624 4382; x_wconf 88' lang='lat' dir='ltr'><strong>qui</strong></span> <span class='ocrx_word' id='word_1_809' title='bbox 3645 4304 3749 4362; x_wconf 81' lang='lat' dir='ltr'><strong>venit</strong></span> 
     </span>
    </p>
   </div>
   <div class='ocr_carea' id='block_1_99' title="bbox 2235 4399 3748 4475">
    <p class='ocr_par' dir='ltr' id='par_1_99' title="bbox 2235 4399 3748 4475">
     <span class='ocr_line' id='line_1_100' title="bbox 2235 4399 3748 4475; baseline -0.001 -21"><span class='ocrx_word' id='word_1_810' title='bbox 2235 4400 2287 4454; x_wconf 91' lang='lat' dir='ltr'><strong>in</strong></span> <span class='ocrx_word' id='word_1_811' title='bbox 2319 4399 2596 4469; x_wconf 91' lang='lat' dir='ltr'><strong>mundum,</strong></span> <span class='ocrx_word' id='word_1_812' title='bbox 2623 4400 2862 4470; x_wconf 86' lang='lat' dir='ltr'><strong>sequitur</strong></span> <span class='ocrx_word' id='word_1_813' title='bbox 2881 4399 2984 4457; x_wconf 89' lang='lat' dir='ltr'><strong>hoc</strong></span> <span class='ocrx_word' id='word_1_814' title='bbox 3009 4420 3022 4457; x_wconf 90' lang='lat'><strong>:</strong></span> <span class='ocrx_word' id='word_1_815' title='bbox 3048 4400 3204 4459; x_wconf 76' lang='lat' dir='ltr'><strong>Iesus</strong></span> <span class='ocrx_word' id='word_1_816' title='bbox 3227 4421 3347 4475; x_wconf 85' lang='lat' dir='ltr'><strong>ergo</strong></span> <span class='ocrx_word' id='word_1_817' title='bbox 3371 4421 3483 4460; x_wconf 85' lang='lat' dir='ltr'><strong>cum</strong></span> <span class='ocrx_word' id='word_1_818' title='bbox 3503 4400 3748 4475; x_wconf 69' lang='lat' dir='ltr'><strong>cognovisset</strong></span> 
     </span>
    </p>
   </div>
   <div class='ocr_carea' id='block_1_100' title="bbox 2231 4493 3747 4568">
    <p class='ocr_par' dir='ltr' id='par_1_100' title="bbox 2231 4493 3747 4568">
     <span class='ocr_line' id='line_1_101' title="bbox 2231 4493 3747 4568; baseline 0.007 -23"><span class='ocrx_word' id='word_1_819' title='bbox 2231 4493 2350 4563; x_wconf 82' lang='lat' dir='ltr'><strong>quia</strong></span> <span class='ocrx_word' id='word_1_820' title='bbox 2376 4500 2610 4548; x_wconf 83' lang='lat' dir='ltr'><strong>venerant</strong></span> <span class='ocrx_word' id='word_1_821' title='bbox 2634 4500 2689 4545; x_wconf 87' lang='lat' dir='ltr'><strong>ut</strong></span> <span class='ocrx_word' id='word_1_822' title='bbox 2715 4501 2949 4563; x_wconf 85' lang='lat' dir='ltr'><strong>raperent</strong></span> <span class='ocrx_word' id='word_1_823' title='bbox 2974 4511 3089 4548; x_wconf 85' lang='lat' dir='ltr'><strong>eum</strong></span> <span class='ocrx_word' id='word_1_824' title='bbox 3108 4536 3123 4562; x_wconf 91' lang='lat'><strong>,</strong></span> <span class='ocrx_word' id='word_1_825' title='bbox 3155 4505 3201 4550; x_wconf 85' lang='lat' dir='ltr'><strong>et</strong></span> <span class='ocrx_word' id='word_1_826' title='bbox 3229 4501 3449 4568; x_wconf 80' lang='lat' dir='ltr'><strong>facerent</strong></span> <span class='ocrx_word' id='word_1_827' title='bbox 3475 4511 3578 4551; x_wconf 82' lang='lat' dir='ltr'><strong>eum</strong></span> <span class='ocrx_word' id='word_1_828' title='bbox 3598 4504 3747 4563; x_wconf 64' lang='lat' dir='ltr'><strong>regem</strong></span> 
     </span>
    </p>
   </div>
   <div class='ocr_carea' id='block_1_101' title="bbox 2233 4579 3748 4658">
    <p class='ocr_par' dir='ltr' id='par_1_101' title="bbox 2233 4579 3748 4658">
     <span class='ocr_line' id='line_1_102' title="bbox 2233 4579 3748 4658; baseline -0.002 -22"><span class='ocrx_word' id='word_1_829' title='bbox 2233 4583 2362 4654; x_wconf 79' lang='lat' dir='ltr'><strong>fugit</strong></span> <span class='ocrx_word' id='word_1_830' title='bbox 2389 4583 2569 4637; x_wconf 86' lang='lat' dir='ltr'><strong>iterum</strong></span> <span class='ocrx_word' id='word_1_831' title='bbox 2594 4583 2647 4637; x_wconf 84' lang='lat' dir='ltr'><strong>in</strong></span> <span class='ocrx_word' id='word_1_832' title='bbox 2674 4592 2890 4638; x_wconf 83' lang='lat' dir='ltr'><strong>montem</strong></span> <span class='ocrx_word' id='word_1_833' title='bbox 2917 4583 3025 4656; x_wconf 83' lang='lat' dir='ltr'><strong>ipse</strong></span> <span class='ocrx_word' id='word_1_834' title='bbox 3057 4587 3215 4640; x_wconf 81' lang='lat' dir='ltr'><strong>solus.</strong></span> <span class='ocrx_word' id='word_1_835' title='bbox 3250 4588 3414 4644; x_wconf 86' lang='lat' dir='ltr'><strong>Datur</strong></span> <span class='ocrx_word' id='word_1_836' title='bbox 3437 4602 3555 4658; x_wconf 84' lang='lat' dir='ltr'><strong>ergo</strong></span> <span class='ocrx_word' id='word_1_837' title='bbox 3579 4579 3748 4650; x_wconf 70' lang='lat' dir='ltr'><strong>intelligi</strong></span> 
     </span>
    </p>
   </div>
   <div class='ocr_carea' id='block_1_102' title="bbox 2231 4671 3746 4746">
    <p class='ocr_par' dir='ltr' id='par_1_102' title="bbox 2231 4671 3746 4746">
     <span class='ocr_line' id='line_1_103' title="bbox 2231 4671 3746 4746; baseline -0.001 -17"><span class='ocrx_word' id='word_1_838' title='bbox 2231 4675 2372 4746; x_wconf 92' lang='lat' dir='ltr'><strong>quod</strong></span> <span class='ocrx_word' id='word_1_839' title='bbox 2404 4675 2660 4730; x_wconf 87' lang='lat' dir='ltr'><strong>Dominus</strong></span> <span class='ocrx_word' id='word_1_840' title='bbox 2695 4689 2816 4731; x_wconf 88' lang='lat' dir='ltr'><strong>cum</strong></span> <span class='ocrx_word' id='word_1_841' title='bbox 2845 4675 3060 4733; x_wconf 90' lang='lat' dir='ltr'><strong>sederet</strong></span> <span class='ocrx_word' id='word_1_842' title='bbox 3086 4678 3137 4732; x_wconf 92' lang='lat' dir='ltr'><strong>in</strong></span> <span class='ocrx_word' id='word_1_843' title='bbox 3165 4690 3350 4736; x_wconf 89' lang='lat' dir='ltr'><strong>monte</strong></span> <span class='ocrx_word' id='word_1_844' title='bbox 3384 4695 3500 4736; x_wconf 91' lang='lat' dir='ltr'><strong>cum</strong></span> <span class='ocrx_word' id='word_1_845' title='bbox 3533 4671 3746 4746; x_wconf 83' lang='lat' dir='ltr'><strong>discipulis</strong></span> 
     </span>
    </p>
   </div>
   <div class='ocr_carea' id='block_1_103' title="bbox 2231 4765 3748 4840">
    <p class='ocr_par' dir='ltr' id='par_1_103' title="bbox 2231 4765 3748 4840">
     <span class='ocr_line' id='line_1_104' title="bbox 2231 4765 3748 4840; baseline -0.003 -16"><span class='ocrx_word' id='word_1_846' title='bbox 2231 4769 2374 4835; x_wconf 89' lang='lat' dir='ltr'><strong>suis,</strong></span> <span class='ocrx_word' id='word_1_847' title='bbox 2411 4777 2464 4824; x_wconf 90' lang='lat' dir='ltr'><strong>et</strong></span> <span class='ocrx_word' id='word_1_848' title='bbox 2497 4769 2701 4824; x_wconf 88' lang='lat' dir='ltr'><strong>videret</strong></span> <span class='ocrx_word' id='word_1_849' title='bbox 2734 4769 2916 4824; x_wconf 87' lang='lat' dir='ltr'><strong>turbas</strong></span> <span class='ocrx_word' id='word_1_850' title='bbox 2942 4770 3009 4825; x_wconf 91' lang='lat' dir='ltr'><strong>ad</strong></span> <span class='ocrx_word' id='word_1_851' title='bbox 3037 4785 3093 4826; x_wconf 90' lang='lat' dir='ltr'><strong>se</strong></span> <span class='ocrx_word' id='word_1_852' title='bbox 3120 4773 3426 4840; x_wconf 76' lang='lat' dir='ltr'><strong>venientes,</strong></span> <span class='ocrx_word' id='word_1_853' title='bbox 3464 4765 3748 4828; x_wconf 80' lang='lat' dir='ltr'><strong>descenderat</strong></span> 
     </span>
    </p>
   </div>
   <div class='ocr_carea' id='block_1_104' title="bbox 2231 4855 3746 4935">
    <p class='ocr_par' dir='ltr' id='par_1_104' title="bbox 2231 4855 3746 4935">
     <span class='ocr_line' id='line_1_105' title="bbox 2231 4855 3746 4935; baseline -0.007 -17"><span class='ocrx_word' id='word_1_854' title='bbox 2231 4861 2298 4918; x_wconf 91' lang='lat' dir='ltr'><strong>de</strong></span> <span class='ocrx_word' id='word_1_855' title='bbox 2325 4871 2524 4929; x_wconf 89' lang='lat' dir='ltr'><strong>monte,</strong></span> <span class='ocrx_word' id='word_1_856' title='bbox 2551 4870 2603 4918; x_wconf 87' lang='lat' dir='ltr'><strong>et</strong></span> <span class='ocrx_word' id='word_1_857' title='bbox 2627 4861 2765 4917; x_wconf 90' lang='lat' dir='ltr'><strong>circa</strong></span> <span class='ocrx_word' id='word_1_858' title='bbox 2789 4861 3040 4918; x_wconf 77' lang='lat' dir='ltr'><strong>inferiora</strong></span> <span class='ocrx_word' id='word_1_859' title='bbox 3068 4864 3180 4919; x_wconf 90' lang='lat' dir='ltr'><strong>loca</strong></span> <span class='ocrx_word' id='word_1_860' title='bbox 3209 4864 3391 4920; x_wconf 87' lang='lat' dir='ltr'><strong>turbas</strong></span> <span class='ocrx_word' id='word_1_861' title='bbox 3417 4870 3629 4935; x_wconf 86' lang='lat' dir='ltr'><strong>paverat.</strong></span> <span class='ocrx_word' id='word_1_862' title='bbox 3650 4855 3746 4912; x_wconf 86' lang='lat' dir='ltr'><strong>Nam</strong></span> 
     </span>
    </p>
   </div>
   <div class='ocr_carea' id='block_1_105' title="bbox 2229 4949 3748 5026">
    <p class='ocr_par' dir='ltr' id='par_1_105' title="bbox 2229 4949 3748 5026">
     <span class='ocr_line' id='line_1_106' title="bbox 2229 4949 3748 5026; baseline -0.006 -17"><span class='ocrx_word' id='word_1_863' title='bbox 2229 4955 2500 5025; x_wconf 91' lang='lat' dir='ltr'><strong>quomodo</strong></span> <span class='ocrx_word' id='word_1_864' title='bbox 2527 4952 2639 5010; x_wconf 82' lang='lat' dir='ltr'><strong>ﬁeri</strong></span> <span class='ocrx_word' id='word_1_865' title='bbox 2668 4962 2843 5023; x_wconf 85' lang='lat' dir='ltr'><strong>potest</strong></span> <span class='ocrx_word' id='word_1_866' title='bbox 2867 4962 2923 5010; x_wconf 92' lang='lat' dir='ltr'><strong>ut</strong></span> <span class='ocrx_word' id='word_1_867' title='bbox 2948 4969 3130 5010; x_wconf 88' lang='lat' dir='ltr'><strong>rursus</strong></span> <span class='ocrx_word' id='word_1_868' title='bbox 3156 4955 3282 5011; x_wconf 90' lang='lat' dir='ltr'><strong>illuc</strong></span> <span class='ocrx_word' id='word_1_869' title='bbox 3305 4955 3524 5026; x_wconf 81' lang='lat' dir='ltr'><strong>fugeret,</strong></span> <span class='ocrx_word' id='word_1_870' title='bbox 3549 4949 3636 5008; x_wconf 87' lang='lat' dir='ltr'><strong>nisi</strong></span> <span class='ocrx_word' id='word_1_871' title='bbox 3657 4953 3748 5001; x_wconf 85' lang='lat' dir='ltr'><strong>ante</strong></span> 
     </span>
    </p>
   </div>
   <div class='ocr_carea' id='block_1_106' title="bbox 2231 5033 3747 5120">
    <p class='ocr_par' dir='ltr' id='par_1_106' title="bbox 2231 5033 3747 5120">
     <span class='ocr_line' id='line_1_107' title="bbox 2231 5033 3747 5120; baseline -0.002 -19"><span class='ocrx_word' id='word_1_872' title='bbox 2231 5046 2298 5101; x_wconf 90' lang='lat' dir='ltr'><strong>de</strong></span> <span class='ocrx_word' id='word_1_873' title='bbox 2325 5054 2504 5101; x_wconf 87' lang='lat' dir='ltr'><strong>monte</strong></span> <span class='ocrx_word' id='word_1_874' title='bbox 2531 5045 2918 5102; x_wconf 84' lang='lat' dir='ltr'><strong>descenderet?</strong></span> <span class='ocrx_word' id='word_1_875' title='bbox 2943 5046 3216 5118; x_wconf 84' lang='lat' dir='ltr'><strong>Signiﬁcat</strong></span> <span class='ocrx_word' id='word_1_876' title='bbox 3243 5063 3372 5120; x_wconf 86' lang='lat' dir='ltr'><strong>ergo</strong></span> <span class='ocrx_word' id='word_1_877' title='bbox 3395 5043 3576 5118; x_wconf 88' lang='lat' dir='ltr'><strong>aliquid</strong></span> <span class='ocrx_word' id='word_1_878' title='bbox 3593 5082 3607 5111; x_wconf 88' lang='lat'><strong>,</strong></span> <span class='ocrx_word' id='word_1_879' title='bbox 3640 5033 3747 5110; x_wconf 74' lang='lat' dir='ltr'><strong>quod</strong></span> 
     </span>
    </p>
   </div>
   <div class='ocr_carea' id='block_1_107' title="bbox 2234 5129 3744 5212">
    <p class='ocr_par' dir='ltr' id='par_1_107' title="bbox 2234 5129 3744 5212">
     <span class='ocr_line' id='line_1_108' title="bbox 2234 5129 3744 5212; baseline -0.001 -20"><span class='ocrx_word' id='word_1_880' title='bbox 2234 5139 2486 5194; x_wconf 89' lang='lat' dir='ltr'><strong>Dominus</strong></span> <span class='ocrx_word' id='word_1_881' title='bbox 2504 5135 2573 5194; x_wconf 88' lang='lat' dir='ltr'><strong>de</strong></span> <span class='ocrx_word' id='word_1_882' title='bbox 2591 5138 2698 5194; x_wconf 88' lang='lat' dir='ltr'><strong>alto</strong></span> <span class='ocrx_word' id='word_1_883' title='bbox 2717 5138 2994 5196; x_wconf 88' lang='lat' dir='ltr'><strong>descendit</strong></span> <span class='ocrx_word' id='word_1_884' title='bbox 3012 5140 3078 5196; x_wconf 88' lang='lat' dir='ltr'><strong>ad</strong></span> <span class='ocrx_word' id='word_1_885' title='bbox 3099 5140 3392 5212; x_wconf 87' lang='lat' dir='ltr'><strong>pascendas</strong></span> <span class='ocrx_word' id='word_1_886' title='bbox 3411 5139 3596 5197; x_wconf 89' lang='lat' dir='ltr'><strong>turbas.</strong></span> <span class='ocrx_word' id='word_1_887' title='bbox 3615 5129 3744 5191; x_wconf 69' lang='lat' dir='ltr'><strong>Parit.</strong></span> 
     </span>
    </p>
   </div>
   <div class='ocr_carea' id='block_1_108' title="bbox 2229 5229 2567 5285">
    <p class='ocr_par' dir='ltr' id='par_1_108' title="bbox 2229 5229 2567 5285">
     <span class='ocr_line' id='line_1_109' title="bbox 2229 5229 2567 5285; baseline -0.006 0"><span class='ocrx_word' id='word_1_888' title='bbox 2229 5238 2283 5285; x_wconf 84' lang='lat' dir='ltr'><strong>et</strong></span> <span class='ocrx_word' id='word_1_889' title='bbox 2310 5229 2567 5284; x_wconf 87' lang='lat' dir='ltr'><strong>ascendit.</strong></span> 
     </span>
    </p>
   </div>
   <div class='ocr_carea' id='block_1_109' title="bbox 2298 5309 3745 5398">
    <p class='ocr_par' dir='ltr' id='par_1_109' title="bbox 2298 5309 3745 5398">
     <span class='ocr_line' id='line_1_110' title="bbox 2298 5309 3745 5398; baseline 0.001 -22"><span class='ocrx_word' id='word_1_890' title='bbox 2298 5323 2350 5377; x_wconf 76' lang='lat'><strong>2.</strong></span> <span class='ocrx_word' id='word_1_891' title='bbox 2394 5321 2570 5390; x_wconf 89' lang='lat' dir='ltr'><strong>Quare</strong></span> <span class='ocrx_word' id='word_1_892' title='bbox 2605 5332 2783 5379; x_wconf 87' lang='lat' dir='ltr'><strong>autem</strong></span> <span class='ocrx_word' id='word_1_893' title='bbox 2822 5324 3094 5394; x_wconf 88' lang='lat' dir='ltr'><strong>ascendit,</strong></span> <span class='ocrx_word' id='word_1_894' title='bbox 3135 5340 3256 5382; x_wconf 92' lang='lat' dir='ltr'><strong>cum</strong></span> <span class='ocrx_word' id='word_1_895' title='bbox 3294 5325 3607 5398; x_wconf 86' lang='lat' dir='ltr'><strong>cognovisset</strong></span> <span class='ocrx_word' id='word_1_896' title='bbox 3638 5309 3745 5388; x_wconf 74' lang='lat' dir='ltr'><strong>quod</strong></span> 
     </span>
    </p>
   </div>
   <div class='ocr_carea' id='block_1_110' title="bbox 2228 5411 3744 5491">
    <p class='ocr_par' dir='ltr' id='par_1_110' title="bbox 2228 5411 3744 5491">
     <span class='ocr_line' id='line_1_111' title="bbox 2228 5411 3744 5491; baseline -0.003 -20"><span class='ocrx_word' id='word_1_897' title='bbox 2228 5431 2350 5472; x_wconf 90' lang='lat' dir='ltr'><strong>eum</strong></span> <span class='ocrx_word' id='word_1_898' title='bbox 2380 5417 2575 5473; x_wconf 89' lang='lat' dir='ltr'><strong>vellent</strong></span> <span class='ocrx_word' id='word_1_899' title='bbox 2604 5432 2791 5488; x_wconf 90' lang='lat' dir='ltr'><strong>rapere</strong></span> <span class='ocrx_word' id='word_1_900' title='bbox 2816 5426 2870 5474; x_wconf 91' lang='lat' dir='ltr'><strong>et</strong></span> <span class='ocrx_word' id='word_1_901' title='bbox 2897 5434 3075 5491; x_wconf 89' lang='lat' dir='ltr'><strong>regem</strong></span> <span class='ocrx_word' id='word_1_902' title='bbox 3101 5419 3314 5476; x_wconf 81' lang='lat' dir='ltr'><strong>facere?</strong></span> <span class='ocrx_word' id='word_1_903' title='bbox 3339 5418 3470 5488; x_wconf 89' lang='lat' dir='ltr'><strong>Quid</strong></span> <span class='ocrx_word' id='word_1_904' title='bbox 3495 5411 3647 5473; x_wconf 82' lang='lat' dir='ltr'><strong>enim?</strong></span> <span class='ocrx_word' id='word_1_905' title='bbox 3668 5418 3744 5463; x_wconf 80' lang='lat' dir='ltr'><strong>non</strong></span> 
     </span>
    </p>
   </div>
   <div class='ocr_carea' id='block_1_111' title="bbox 2227 5510 3745 5581">
    <p class='ocr_par' dir='ltr' id='par_1_111' title="bbox 2227 5510 3745 5581">
     <span class='ocr_line' id='line_1_112' title="bbox 2227 5510 3745 5581; baseline -0.006 -13"><span class='ocrx_word' id='word_1_906' title='bbox 2227 5520 2342 5568; x_wconf 87' lang='lat' dir='ltr'><strong>erat</strong></span> <span class='ocrx_word' id='word_1_907' title='bbox 2375 5527 2498 5579; x_wconf 87' lang='lat' dir='ltr'><strong>rex,</strong></span> <span class='ocrx_word' id='word_1_908' title='bbox 2543 5510 2632 5581; x_wconf 90' lang='lat' dir='ltr'><strong>qui</strong></span> <span class='ocrx_word' id='word_1_909' title='bbox 2678 5511 2895 5567; x_wconf 87' lang='lat' dir='ltr'><strong>timebat</strong></span> <span class='ocrx_word' id='word_1_910' title='bbox 2935 5512 3051 5568; x_wconf 87' lang='lat' dir='ltr'><strong>ﬁeri</strong></span> <span class='ocrx_word' id='word_1_911' title='bbox 3086 5514 3213 5570; x_wconf 80' lang='lat' dir='ltr'><strong>rex?</strong></span> <span class='ocrx_word' id='word_1_912' title='bbox 3247 5511 3378 5569; x_wconf 87' lang='lat' dir='ltr'><strong>Erat</strong></span> <span class='ocrx_word' id='word_1_913' title='bbox 3411 5510 3610 5568; x_wconf 91' lang='lat' dir='ltr'><strong>omnino</strong></span> <span class='ocrx_word' id='word_1_914' title='bbox 3635 5523 3647 5559; x_wconf 90' lang='lat'>:</span> <span class='ocrx_word' id='word_1_915' title='bbox 3672 5512 3745 5557; x_wconf 82' lang='lat' dir='ltr'><strong>nec</strong></span> 
     </span>
    </p>
   </div>
   <div class='ocr_carea' id='block_1_112' title="bbox 2230 5590 3745 5676">
    <p class='ocr_par' dir='ltr' id='par_1_112' title="bbox 2230 5590 3745 5676">
     <span class='ocr_line' id='line_1_113' title="bbox 2230 5590 3745 5676; baseline -0.006 -17"><span class='ocrx_word' id='word_1_916' title='bbox 2230 5605 2348 5659; x_wconf 88' lang='lat' dir='ltr'><strong>talis</strong></span> <span class='ocrx_word' id='word_1_917' title='bbox 2374 5620 2465 5659; x_wconf 83' lang='lat' dir='ltr'><strong>rex</strong></span> <span class='ocrx_word' id='word_1_918' title='bbox 2493 5606 2579 5675; x_wconf 89' lang='lat' dir='ltr'><strong>qui</strong></span> <span class='ocrx_word' id='word_1_919' title='bbox 2608 5603 2674 5660; x_wconf 88' lang='lat' dir='ltr'><strong>ab</strong></span> <span class='ocrx_word' id='word_1_920' title='bbox 2699 5590 3178 5664; x_wconf 78' lang='lat' dir='ltr'><strong>bominibuslieret</strong></span> <span class='ocrx_word' id='word_1_921' title='bbox 3196 5650 3210 5676; x_wconf 89' lang='lat'><strong>,</strong></span> <span class='ocrx_word' id='word_1_922' title='bbox 3243 5607 3338 5662; x_wconf 88' lang='lat' dir='ltr'><strong>sed</strong></span> <span class='ocrx_word' id='word_1_923' title='bbox 3367 5604 3480 5660; x_wconf 88' lang='lat' dir='ltr'><strong>talis</strong></span> <span class='ocrx_word' id='word_1_924' title='bbox 3505 5601 3586 5674; x_wconf 91' lang='lat' dir='ltr'><strong>qui</strong></span> <span class='ocrx_word' id='word_1_925' title='bbox 3609 5592 3745 5654; x_wconf 81' lang='lat' dir='ltr'><strong>homi-</strong></span> 
     </span>
    </p>
   </div>
   <div class='ocr_carea' id='block_1_113' title="bbox 2229 5684 3746 5773">
    <p class='ocr_par' dir='ltr' id='par_1_113' title="bbox 2229 5684 3746 5773">
     <span class='ocr_line' id='line_1_114' title="bbox 2229 5684 3746 5773; baseline -0.006 -21"><span class='ocrx_word' id='word_1_926' title='bbox 2229 5697 2383 5753; x_wconf 86' lang='lat' dir='ltr'><strong>nibus</strong></span> <span class='ocrx_word' id='word_1_927' title='bbox 2422 5713 2641 5768; x_wconf 80' lang='lat' dir='ltr'><strong>regnum</strong></span> <span class='ocrx_word' id='word_1_928' title='bbox 2686 5697 2855 5754; x_wconf 87' lang='lat' dir='ltr'><strong>daret.</strong></span> <span class='ocrx_word' id='word_1_929' title='bbox 2902 5699 3167 5773; x_wconf 85' lang='lat' dir='ltr'><strong>Numquid</strong></span> <span class='ocrx_word' id='word_1_930' title='bbox 3210 5700 3346 5757; x_wconf 78' lang='lat' dir='ltr'><strong>forte</strong></span> <span class='ocrx_word' id='word_1_931' title='bbox 3385 5709 3437 5756; x_wconf 92' lang='lat' dir='ltr'><strong>et</strong></span> <span class='ocrx_word' id='word_1_932' title='bbox 3476 5697 3554 5753; x_wconf 90' lang='lat' dir='ltr'><strong>hic</strong></span> <span class='ocrx_word' id='word_1_933' title='bbox 3589 5684 3746 5762; x_wconf 84' lang='lat' dir='ltr'><strong>aliquid</strong></span> 
     </span>
    </p>
   </div>
   <div class='ocr_carea' id='block_1_114' title="bbox 2227 5785 3746 5864">
    <p class='ocr_par' dir='ltr' id='par_1_114' title="bbox 2227 5785 3746 5864">
     <span class='ocr_line' id='line_1_115' title="bbox 2227 5785 3746 5864; baseline 0.003 -18"><span class='ocrx_word' id='word_1_934' title='bbox 2227 5791 2486 5862; x_wconf 84' lang='lat' dir='ltr'><strong>signiﬁcat</strong></span> <span class='ocrx_word' id='word_1_935' title='bbox 2511 5791 2661 5846; x_wconf 89' lang='lat' dir='ltr'><strong>nobis</strong></span> <span class='ocrx_word' id='word_1_936' title='bbox 2690 5790 2874 5858; x_wconf 71' lang='lat' dir='ltr'><strong>Iesus,</strong></span> <span class='ocrx_word' id='word_1_937' title='bbox 2913 5795 3065 5864; x_wconf 90' lang='lat' dir='ltr'><strong>cujus</strong></span> <span class='ocrx_word' id='word_1_938' title='bbox 3103 5795 3238 5852; x_wconf 80' lang='lat' dir='ltr'><strong>facta</strong></span> <span class='ocrx_word' id='word_1_939' title='bbox 3277 5793 3432 5850; x_wconf 87' lang='lat' dir='ltr'><strong>verba</strong></span> <span class='ocrx_word' id='word_1_940' title='bbox 3469 5788 3610 5847; x_wconf 80' lang='lat' dir='ltr'><strong>sunt?</strong></span> <span class='ocrx_word' id='word_1_941' title='bbox 3637 5785 3746 5851; x_wconf 75' lang='grc' dir='ltr'><strong>Ετιο</strong></span> 
     </span>
    </p>
   </div>
   <div class='ocr_carea' id='block_1_115' title="bbox 2229 5879 3741 5959">
    <p class='ocr_par' dir='ltr' id='par_1_115' title="bbox 2229 5879 3741 5959">
     <span class='ocr_line' id='line_1_116' title="bbox 2229 5879 3741 5959; baseline 0.002 -21"><span class='ocrx_word' id='word_1_942' title='bbox 2229 5881 2281 5938; x_wconf 90' lang='lat' dir='ltr'><strong>in</strong></span> <span class='ocrx_word' id='word_1_943' title='bbox 2313 5882 2414 5938; x_wconf 84' lang='lat' dir='ltr'><strong>hoc.</strong></span> <span class='ocrx_word' id='word_1_944' title='bbox 2450 5883 2586 5949; x_wconf 82' lang='lat' dir='ltr'><strong>quod</strong></span> <span class='ocrx_word' id='word_1_945' title='bbox 2620 5884 2900 5941; x_wconf 74' lang='lat' dir='ltr'><strong>voluerunt</strong></span> <span class='ocrx_word' id='word_1_946' title='bbox 2932 5903 3050 5943; x_wconf 86' lang='lat' dir='ltr'><strong>eum</strong></span> <span class='ocrx_word' id='word_1_947' title='bbox 3087 5902 3273 5959; x_wconf 84' lang='lat' dir='ltr'><strong>rapere</strong></span> <span class='ocrx_word' id='word_1_948' title='bbox 3307 5895 3360 5942; x_wconf 89' lang='lat' dir='ltr'><strong>et</strong></span> <span class='ocrx_word' id='word_1_949' title='bbox 3392 5900 3557 5956; x_wconf 80' lang='lat' dir='ltr'><strong>regem</strong></span> <span class='ocrx_word' id='word_1_950' title='bbox 3583 5879 3741 5941; x_wconf 55' lang='lat' dir='ltr'><strong>facem</strong></span> 
     </span>
    </p>
   </div>
   <div class='ocr_carea' id='block_1_116' title="bbox 3839 1101 3864 1646">
    <p class='ocr_par' dir='ltr' id='par_1_116' title="bbox 3843 1105 3860 1642">
     <span class='ocr_line' id='line_1_117' title="bbox 3843 1105 3860 1642; baseline 0 -48"><span class='ocrx_word' id='word_1_951' title='bbox 3843 1105 3860 1642; x_wconf 75' lang='grc' dir='ltr'>ἰ</span> 
     </span>
    </p>
   </div>
  </div>
