3916 6366
153 499 276 563 i597

151 630 199 680 et
230 624 436 692 propter
473 613 580 671 hoc
617 611 747 685 l‘ugit
781 610 832 666 in
873 615 1107 664 montem
1147 604 1260 676 ipse
1295 597 1473 692 solus,
1515 593 1702 692 hocin

147 687 438 770 illo'l'actum
472 713 638 771 tacet,
671 701 796 758 nihil
828 698 1078 770 loquitur,
1119 695 1246 751 nihil
1277 689 1576 764 signiﬁcat?
1617 687 1699 743 An

147 775 268 860 forte
289 797 387 856 hoc
413 806 531 854 erat
555 807 741 869 rapere
777 806 898 850 eum
923 834 938 859 ,
981 787 1276 862 prtnvenire
1315 783 1451 841 velle
1488 793 1700 853 tempus

143 895 272 970 regni
300 893 447 966 ejus?
470 891 679 948 Etenim
708 893 924 948 venerat
950 883 1138 951 modo,
1169 895 1272 938 non
1298 880 1406 950 jam
1437 887 1694 970 regnare,

141 967 387 1062 quomodo
406 992 720 1057 regnaturus
743 987 824 1038 est
846 980 899 1034 in
925 991 989 1034 eo
1015 973 1152 1048 quod
1177 969 1423 1037 dicimus,
1450 967 1696 1062 Adveniet

139 1060 327 1154 regnum
363 1088 506 1132 tuum
533 1075 746 1148 (Matth.
785 1081 873 1139 vt,
917 1069 1029 1141 10).
1077 1069 1302 1139 Semper
1346 1060 1696 1154 quidemille

138 1153 245 1234 eum
286 1173 438 1228 Patre
482 1178 671 1241 regnat
717 1164 1008 1222 secundum
1051 1161 1193 1233 quod
1234 1166 1318 1216 est
1355 1157 1520 1212 Filius
1567 1153 1658 1208 Dei
1675 1168 1698 1222 ,'

136 1265 351 1322 Verbum
390 1263 523 1329 Dei,
570 1259 802 1316 Verbum
845 1272 938 1329 per
975 1254 1117 1329 quod
1164 1253 1301 1309 facta
1335 1259 1459 1306 sunt
1492 1248 1689 1303 omnia.

133 1357 480 1414 Praedixerunt
526 1361 700 1409 autem
743 1349 1024 1420 Propheta:
1071 1360 1290 1416 regnum
1331 1343 1482 1412 ejus,
1530 1339 1691 1395 etiam

133 1446 398 1505 secundum
427 1445 482 1500 id
509 1444 650 1517 quod
679 1443 841 1498 homo
870 1439 1038 1496 factus
1067 1447 1148 1494 est
1175 1436 1417 1494 Christus
1436 1477 1451 1500 ,
1489 1441 1543 1488 et
1571 1431 1693 1488 fecit

133 1543 294 1598 ﬁdeles
328 1554 454 1596 suos
479 1537 834 1594 Christianos.
870 1533 987 1590 Erit
1019 1547 1145 1603 ergo
1178 1545 1397 1600 regnum
1428 1526 1687 1583 Christia-

131 1648 298 1689 norum
317 1631 457 1703 quod
479 1629 640 1686 modo
661 1627 944 1700 colligitur,
975 1624 1116 1699 quod
1142 1623 1303 1679 modo
1327 1629 1685 1692 comparatur,

129 1726 251 1798 quod
286 1725 444 1782 modo
485 1726 680 1785 emitur
714 1721 971 1793 sanguine
998 1717 1192 1775 Christi
1224 1735 1239 1774 :
1270 1715 1371 1772 erit
1406 1712 1688 1785 aliquando

129 1817 435 1873 manifestum
464 1832 687 1890 regnum
715 1815 831 1886 ejus
849 1856 864 1882 ,
897 1812 1108 1884 quando
1136 1820 1317 1882 aperta
1345 1809 1448 1864 erit
1475 1808 1687 1864 claritas

127 1918 401 1964 sanctorum
448 1909 569 1979 ejus
611 1911 728 1978 post
762 1905 1017 1976 judicium
1057 1905 1124 1959 ab
1164 1917 1230 1958 eo
1268 1901 1497 1967 factum;
1543 1899 1684 1971 quod

125 2003 349 2073 judicium
373 2017 538 2074 supra
561 2000 675 2072 ipse
702 1997 833 2056 dixit
856 1996 996 2071 quod
1027 1997 1164 2051 ﬁlius
1192 1995 1420 2051 hominis
1450 1993 1684 2049 facturus

127 2094 182 2147 sit
203 2093 362 2163 (Joan.
388 2110 441 2158 v,
467 2091 587 2162 22).
609 2092 687 2146 De
709 2106 813 2162 quo
837 2105 999 2162 regno
1022 2089 1180 2144 etiam
1207 2087 1490 2158 Apostolus
1516 2085 1647 2140 dixit
1667 2102 1680 2138 :

124 2182 229 2238 Cum
255 2184 519 2239 tradiderit
547 2200 756 2255 regnum
785 2181 893 2236 Deo
931 2192 977 2237 et
1017 2179 1166 2235 Patri
1202 2181 1244 2251 (Ι
1271 2179 1387 2262 Cor:
1429 2196 1524 2246 xv,
1563 2179 1679 2250 24).

128 2275 253 2332 Unde
286 2277 442 2331 etiam
483 2275 600 2347 ipse
639 2273 714 2330 ait
748 2294 761 2330 :
800 2271 1010 2339 Venite,
1047 2271 1288 2327 benedicti
1331 2269 1502 2326 Patris
1548 2273 1678 2338 mei,

125 2369 332 2439 perripite
377 2386 593 2440 regnum
645 2367 780 2440 quod
831 2366 967 2421 vobis
1021 2377 1253 2438 paratum
1306 2377 1378 2420 est
1427 2366 1487 2420 ab
1539 2367 1681 2420 initio

125 2461 272 2515 mundi
315 2459 532 2533 (Matth.
573 2476 712 2530 xxv,
754 2459 868 2530 54).
914 2457 1164 2529 Discipuli
1201 2468 1378 2513 autem
1420 2467 1474 2513 et
1514 2457 1680 2512 turba:

124 2551 371 2609 credentes
414 2554 473 2608 in
513 2568 669 2620 cum,
721 2561 1036 2624 putaverunt
1078 2551 1224 2606 illum
1265 2551 1342 2607 sic
1377 2551 1586 2606 venisse
1626 2560 1682 2606 ut

121 2645 210 2716 jam
237 2657 478 2718 regnaret
511 2665 524 2701 ε
559 2645 661 2701 hoc
688 2656 770 2700 est
800 2645 932 2700 velle
961 2661 1148 2715 rapere
1176 2655 1228 2699 et
1257 2661 1436 2715 regem
1467 2647 1640 2702 facere
1659 2687 1675 2714 ,

125 2741 384 2809 praevenire
413 2741 557 2796 velle
588 2749 794 2810 tempus
822 2739 966 2809 ejus,
1011 2737 1153 2809 quod
1185 2737 1299 2810 ipse
1332 2737 1468 2807 apud
1499 2753 1556 2793 se
1584 2753 1676 2792 oc-

123 2831 343 2899 cultabat,
369 2842 430 2888 nt
457 2841 760 2903 opportune
785 2828 1058 2901 proderet,
1087 2839 1142 2886 et
1169 2837 1466 2901 opportune
1490 2830 1544 2888 in
1569 2829 1678 2886 ﬁne

123 2924 273 2980 seculi
300 2925 650 2981 declararet).

180 3016 226 3070 '5.
263 3015 385 3071 Nam
425 3025 485 3070 ut
519 3014 774 3070 noveritis
800 3015 921 3085 quia
958 3029 1136 3086 regem
1167 3030 1288 3070 eum
1317 3013 1566 3071 volebant
1593 3013 1677 3071 ia-

122 3123 251 3176 cere,
288 3108 336 3165 id
373 3106 493 3177 'est,
528 3108 870 3175 antevenire,
900 3106 1081 3177 etjam
1113 3105 1308 3162 habere
1339 3105 1674 3162 manifestum

122 3199 292 3256 Christi
317 3216 536 3274 regnum
559 3241 575 3268 ,
618 3215 775 3270 quem
817 3199 988 3270 primo
1023 3199 1293 3270 oportebat
1326 3197 1587 3269 judicari,
1622 3207 1676 3254 et

122 3290 294 3348 deinde
317 3292 551 3363 judicare
579 3311 590 3347 :
627 3291 714 3348 ubi
741 3291 1022 3348 crucifixus
1048 3299 1150 3357 est,
1179 3299 1233 3346 et
1260 3289 1334 3346 illi
1359 3289 1448 3362 qui
1474 3289 1530 3347 in
1553 3305 1673 3347 eum

123 3383 402 3455 sperabant,
431 3401 579 3454 Spem
607 3383 1016 3440 resurrectionis
1045 3383 1158 3455 ejus
1187 3382 1551 3455 perdiderant,
1582 3399 1674 3440 rc-

124 3490 318 3548 surgens
355 3492 382 3531 a
417 3476 643 3532 mortuis
678 3475 878 3530 invenit
922 3475 1044 3530 inde
1082 3475 1216 3530 duos
1259 3490 1380 3532 cum
1419 3475 1672 3546 despera-

127 3570 244 3625 tione
281 3573 380 3628 sibi
417 3572 874 3635 sermocinantes,
912 3580 1104 3626 etcum
1138 3570 1337 3642 gemitu
1370 3587 1490 3642 quae
1525 3580 1672 3643 gesta

127 3661 301 3720 inerant
333 3665 734 3736 colloquentes;
779 3673 831 3719 et
869 3678 1131 3734 apparens
1159 3663 1237 3717 eis
1263 3663 1407 3718 velut
1432 3663 1670 3735 incogni-

128 3763 194 3810 tus
214 3799 226 3824 ,
249 3775 363 3815 cum
390 3758 527 3815 oculi
555 3774 741 3814 eorum
779 3766 1086 3816 tenerentur
1121 3773 1188 3812 ne
1223 3758 1289 3813 ab
1314 3758 1393 3814 eis
1420 3772 1674 3829 agnosce-

128 3861 262 3917 retur,
309 3867 612 3907 sermonem
659 3851 1004 3906 tractantibus
1043 3851 1253 3905 miscuit
1300 3869 1312 3906 :
1349 3860 1404 3905 at
1436 3850 1510 3906 illi
1548 3865 1673 3905 nar-

126 3951 274 3996 rantes
309 3945 356 3998 ei
394 3943 536 3998 unde
577 3944 1082 4006 scrmocinarcnlur,
1128 3943 1378 4000 dixerunt
1421 3944 1541 4015 quia
1582 3943 1672 3999 ille

126 4048 314 4106 magnus
350 4037 610 4110 propheta
652 4035 704 4092 in
744 4035 898 4093 factis
941 4046 995 4094 et
1031 4038 1184 4094 dictis
1222 4038 1430 4093 occisus
1472 4048 1608 4092 esset
1639 4053 1670 4094 a

125 4126 412 4201 principibus
439 4129 808 4198 sacerdotum;
835 4129 901 4184 Et
926 4147 1038 4200 nos,
1062 4131 1324 4201 inquiunt,
1346 4129 1672 4203 sperabamus

133 4220 229 4287 quia
248 4223 348 4296 ipse
371 4234 497 4280 esset
525 4225 873 4298 redempturus
899 4222 1066 4282 Israel
1104 4222 1254 4298 (Luc.
1283 4241 1428 4293 xxtv,
1460 4224 1666 4299 15-21).

126 4307 261 4369 Recte
294 4317 584 4386 sperabatis
605 4359 619 4383 ,
657 4333 842 4372 verum
890 4317 1185 4387 sperabatis
1213 4335 1226 4371 :
1254 4318 1305 4371 in
1342 4317 1432 4372 illo
1465 4325 1548 4373 est
1580 4332 1669 4372 re-

126 4403 326 4477 demptio
364 4409 543 4464 lsrael.
587 4408 692 4467 Sed
739 4410 863 4482 quid
904 4410 1203 4465 festinatis?
1241 4409 1452 4481 Rapere
1487 4410 1667 4464 vultis.

127 4492 232 4552 Illud
255 4501 404 4557 etiam
435 4502 634 4559 indicat
664 4503 815 4558 nobis
841 4502 982 4559 hunc
1007 4518 1223 4558 sensum
1243 4544 1258 4569 ,
1304 4504 1424 4576 quia
1454 4519 1575 4559 cum
1601 4503 1670 4559 ab

126 4600 178 4639 eo
196 4602 478 4661 quaererent
504 4593 747 4665 discipuli
775 4595 842 4649 de
870 4594 992 4662 line,
1022 4595 1271 4651 dixerunt
1294 4596 1341 4650 ei
1369 4614 1383 4652 :
1411 4596 1471 4651 Si
1499 4596 1592 4650 ltoc
1616 4597 1668 4651 in

128 4687 316 4751 tempore
329 4687 706 4758 prasentaberis
725 4689 764 4753 ¹,
788 4695 834 4740 et
861 4687 1062 4757 quando
1092 4705 1300 4758 regnum
1326 4685 1527 4743 Israel?
1551 4687 1668 4744 Jam

126 4770 241 4826 enim
266 4790 374 4833 esse
402 4777 718 4849 cupiebant,
755 4778 864 4847 jam
907 4779 1186 4844 volebant;
1235 4779 1336 4835 hoc
1369 4790 1448 4836 est
1480 4795 1669 4852 rapere

127 4864 256 4932 velle,
283 4880 332 4923 et
357 4885 529 4941 regem
557 4871 757 4927 facere.
789 4870 894 4927 Sed
919 4873 993 4926 ait
1021 4871 1312 4943 discipulis,
1344 4873 1466 4945 quia
1495 4873 1668 4930 adhuc

127 4953 248 5010 solus
270 4973 571 5018 ascensurus
600 4972 716 5019 erat
742 4982 754 5017 :
785 4961 906 5018 Non
924 5005 939 5030 ,
972 4964 1172 5034 inquit,
1201 4974 1271 5020 est
1300 4977 1516 5021 vestrum
1540 4968 1669 5023 scire

129 5053 318 5116 tempora
348 5057 418 5110 uel
445 5058 756 5125 momenta’,
799 5074 912 5129 quae
956 5057 1108 5112 Pater
1147 5061 1312 5130 posuit
1349 5061 1402 5115 in
1440 5077 1536 5116 sua
1574 5079 1666 5132 po-

129 5146 312 5200 testate:
336 5149 418 5202 sed
441 5149 696 5221 accipietis
722 5150 947 5205 virtutem
983 5166 1046 5205 ea:
1086 5149 1224 5215 alto,
1267 5150 1516 5222 Spiritum
1542 5168 1664 5208 san-

129 5241 241 5287 ctam
257 5243 662 5309 supervenientem
690 5241 710 5272 ³
732 5243 784 5296 in
809 5257 914 5312 vos,
944 5251 989 5298 et
1017 5243 1155 5298 eritis
1182 5242 1303 5298 mihi
1331 5252 1475 5300 testes
1496 5245 1548 5300 in
1570 5244 1664 5300 Je-

129 5329 328 5399 malsm,
352 5345 394 5390 et
421 5337 469 5390 in
499 5337 636 5392 omni
660 5334 846 5392 Iudaea
867 5347 911 5392 et
932 5335 1194 5405 Samaria,
1216 5346 1263 5392 et
1283 5353 1437 5409 usque
1461 5339 1515 5393 in
1539 5339 1664 5409 ﬁnes

179 5502 436 5586 ineas;
452 5513 513 5586 ,εἰ
530 5513 586 5586 ίτξ
605 5512 692 5586 ’φο
708 5518 919 5586 tempore
940 5512 1266 5586 manus
1284 5515 1376 5586 ξςθά
1397 5513 1664 5586 Iasensium

126 5565 228 5641 gn
243 5575 364 5641 uss,
378 5574 425 5626 st
444 5573 534 5641 hoc
555 5573 608 5625 in
629 5565 855 5641 tempore
873 5565 1254 5641 pritsentaberis.
1284 5565 1663 5641 steeuim'tﬁiri

272 5634 326 5684 10
345 5637 390 5686 in
413 5631 734 5700 Fpist.itoan.;
759 5651 808 5686 n.
832 5631 884 5687 9:
909 5637 1040 5686 Unde
1077 5637 1126 5686 in
1148 5644 1299 5687 'rract.
1321 5638 1411 5700 101
1440 5639 1488 5689 in
1511 5631 1662 5694 Evan:

125 5688 274 5766 gglium
299 5688 459 5766 toan;
470 5713 524 5766 n.
549 5699 580 5766 4
603 5713 618 5751 ;
645 5716 668 5746 ι
689 5688 1040 5766 interrogatus,
1059 5700 1152 5766 ait,
1175 5699 1364 5765 quando
1395 5688 1660 5766 praesenta-

125 5758 270 5826 rem;
299 5759 356 5819 pi
374 5759 464 5826 tu:
479 5759 533 5814 in
552 5763 762 5826 mpure
781 5758 1132 5826 miseritum}

123 5807 947 5922 Μ’
1173 5822 1371 5888 omisso,
1387 5825 1457 5878 uti
1479 5825 1660 5897 Solem,

170 5920 434 5995 ﬁt};
459 5944 636 6010 Spiritu
655 5952 815 5999 sancto
831 5945 1200 6014 sttpervenieme.

1250 473 1658 536 suasurus
1695 461 1862 532 xxv.
1902 475 2130 540 CAPUT
2165 483 2255 544 γι.

1807 598 1955 690 terra
1989 593 2124 668 (Act.
2155 613 2209 666 ι,
2238 599 2380 672 6-8).
2409 595 2583 662 Vuliis
2606 613 2664 662 ut
2683 606 2794 678 jam
2823 608 3101 669 exhibeam
3131 631 3384 690 regnum;

1805 685 1951 782 prius
1988 689 2229 762 colligam
2263 694 2404 765 quod
2443 693 2724 755 exhibeam
2752 717 2766 755 :
2797 701 3129 761 altitudinem
3171 685 3380 782 amatis,

1803 787 1858 834 et
1881 779 2211 868 altitudinem
2237 786 2632 862 adipiscemini;
2665 791 2759 848 sed
2790 807 2882 864 per
2909 793 3260 856 humilitatem
3293 779 3381 860 me

1801 874 2104 945 sequimini.
2141 876 2232 934 Sic
2263 875 2331 936 de
2367 879 2456 937 illo
2489 883 2648 939 etiam
2678 885 2988 956 praedictum
3015 900 3128 961 est,
3162 893 3225 948 Et
3253 885 3380 955 con-

1800 964 2024 1036 gregatio
2059 967 2360 1039 populorum
2388 966 2714 1030 circumdabit
2740 983 2817 1045 te,
2855 988 2904 1034 et
2935 992 3141 1054 propter
3168 985 3299 1040 Itane
3325 988 3377 1045 in

1799 1054 1958 1109 altum
1980 1059 2240 1129 regredere
2263 1059 2435 1132 (Psal.
2463 1080 2556 1130 vn,
2587 1063 2678 1140 8);
2705 1067 2758 1124 id
2785 1080 2894 1141 est,
2928 1081 2985 1128 ut
3007 1073 3299 1132 circumdet
3324 1086 3380 1138 to

1798 1152 2132 1242 congregatio
2160 1155 2496 1224 populorum,
2529 1169 2585 1215 ut
2610 1157 2804 1220 multos
2828 1161 3065 1238 colligas,
3093 1170 3378 1242 regredere

1798 1237 1851 1294 in
1880 1240 2064 1296 altum.
2099 1243 2187 1298 Sic
2211 1243 2365 1314 fecit;
2400 1250 2560 1319 pavit,
2593 1259 2647 1307 et
2671 1255 2927 1311 ascendit.

1866 1328 1918 1384 4.
1958 1329 2133 1422 Quare
2173 1343 2346 1391 autem
2381 1337 2578 1395 dictum
2618 1351 2732 1412 cst,
2774 1346 2947 1417 ﬁngit?
2989 1345 3171 1422 Neque
3230 1354 3373 1412 enim

1797 1434 1920 1476 vere
1952 1421 1996 1477 si
2037 1422 2204 1480 nollet
2246 1430 2536 1510 teneretur,
2568 1433 2614 1488 si
2645 1434 2808 1490 nollet
2851 1421 3146 1509 raperetur,
3192 1444 3281 1514 qui
3327 1449 3375 1502 si

1794 1514 2091 1611 nolletAnec
2133 1531 2526 1590 agnosceretur.
2570 1523 2702 1582 Nam
2743 1535 2800 1584 ut
2827 1532 3078 1588 noveritis
3117 1533 3219 1591 hoc
3252 1553 3372 1611 my-

1793 1605 1926 1696 stice
1956 1603 2150 1665 l‘actum
2177 1653 2190 1677 ,
2220 1627 2326 1669 non
2347 1629 2410 1670 ex
2438 1617 2755 1676 necessitate
2778 1664 2791 1688 ,
2821 1621 2912 1678 sed
2941 1635 3006 1680 ex
3035 1603 3370 1696 significante

1791 1695 2167 1768 dispositione,
2220 1703 2378 1759 modo
2426 1705 2478 1760 in
2524 1713 2868 1782 consequenti
2919 1695 3198 1786 videbitis;
3245 1722 3370 1793 quia

1792 1791 1992 1847 eisdem
2050 1794 2218 1850 turbis
2277 1814 2397 1868 qute
2446 1815 2568 1856 eum
2616 1805 2922 1874 qumrehant
2973 1811 3214 1881 apparuit
3250 1791 3279 1881 ξ
3315 1827 3373 1874 et

1789 1897 1910 1938 cum
1963 1884 2044 1941 eis
2083 1885 2305 1958 loquens
2354 1892 2517 1948 multa
2554 1893 2632 1950 eis
2681 1894 2847 1965 dixit,
2895 1901 3062 1956 multa
3117 1903 3183 1959 de
3232 1921 3367 1976 pane

1789 1973 1992 2030 caelesti
2039 1975 2366 2048 disputavit:
2398 1997 2575 2039 nonne
2615 1998 2734 2041 cum
2772 1985 2902 2058 ipsis
2951 1988 3018 2045 de
3071 2006 3206 2062 pane
3233 1973 3368 2052 idis-

1789 2076 1981 2136 putans
2043 2078 2158 2124 erat
2184 2111 2198 2136 ,
2241 2087 2270 2125 a
2330 2073 2520 2143 quibus
2589 2089 2658 2133 ne
2715 2078 2986 2136 teneretur
3050 2084 3370 2155 aufugerat?

1788 2157 1903 2214 Non
1941 2175 2068 2232 ergo
2108 2173 2160 2218 et
2192 2172 2316 2221 tunc
2343 2175 2548 2236 poterat
2580 2183 2738 2240 agere
2774 2179 2834 2228 ut
2872 2189 2978 2229 non
3017 2174 3086 2232 ab
3109 2177 3191 2234 eis
3223 2192 3370 2235 com-

1768 2250 2231 2322 prehenderetur,
2277 2259 2723 2328 quemadmodum
2761 2273 2943 2334 postea
2993 2265 3205 2338 quando
3243 2284 3364 2327 cum

1785 2344 1863 2399 eis
1910 2345 2258 2417 loquebatur?
2299 2351 2510 2422 Aliquid
2562 2368 2688 2426 ergo
2732 2355 3048 2428 significavit
3088 2360 3358 2432 fugiendo.

1784 2435 1920 2506 Quid
1962 2445 2063 2507 est,
2101 2441 2270 2514 fugit!
2303 2441 2419 2499 Non
2462 2445 2634 2516 potuit
2683 2447 2903 2522 intelligi
2956 2451 3178 2508 altitudo
3225 2457 3359 2527 ejus.

1783 2527 2045 2601 Quidquid
2066 2531 2208 2586 enim
2235 2547 2339 2588 non
2359 2533 2703 2605 intellexeris,
2730 2537 2883 2609 Fugit
2902 2555 3008 2609 me,
3038 2541 3193 2599 dicis.
3221 2544 3366 2618 Ergo

1784 2617 2113 2692 fugauerunt
2137 2619 2190 2675 in
2220 2631 2438 2678 montem
2464 2625 2572 2695 ipse
2590 2623 2747 2682 solus.
2767 2626 3156 2700 Primogenitus
3170 2648 3198 2686 a
3222 2617 3366 2691 mor-

1783 2708 1889 2765 tuis
1921 2707 2135 2783 (Colore.
2161 2727 2198 2780 r,
2227 2712 2317 2784 l8)
2346 2714 2641 2772 ascendens
2668 2731 2829 2788 super
2857 2733 3045 2777 omnes
3077 2721 3270 2791 celos,
3309 2736 3364 2782 et

1782 2800 2126 2872 interpellans
2147 2819 2241 2875 pro
2261 2805 2412 2861 nobis
2439 2805 2613 2880 (Rom.
2638 2824 2753 2878 vtu,
2776 2809 2889 2884 54).

1853 2887 2134 2951 5.1nterea
2165 2894 2257 2952 illo
2277 2912 2486 2953 sursum
2510 2899 2682 2970 posito
2707 2901 2821 2957 solo
2843 2903 3120 2962 sacerdote
3145 2921 3358 2981 magno,

1782 2982 1899 3057 (qui
1941 2983 2156 3043 intravit
2183 2988 2237 3044 in
2264 2989 2514 3046 interiora
2542 2991 2666 3058 veli,
2698 2991 2826 3050 l'oris
2853 2997 3050 3068 populo
3077 2999 3362 3058 constituto

1782 3074 1923 3132 hunc
1964 3078 2105 3133 enim
2148 3079 2395 3136 sacerdos
2425 3079 2512 3136 ille
2552 3081 2604 3137 in
2631 3083 2773 3155 Lege
2810 3085 2973 3142 veteri
3008 3087 3358 3161 significavit,

1780 3171 1867 3241 qui
1892 3171 1993 3226 hoc
2017 3172 2181 3227 semel
2209 3173 2260 3228 in
2287 3189 2427 3229 anno
2454 3171 2677 3230 faciebat
2700 3174 2892 3250 [Hebr.
2926 3194 3007 3250 tx,
3035 3177 3158 3255 P2,]
3180 3177 3200 3254 )
3226 3201 3239 3239 :
3266 3182 3360 3241 illo

1781 3276 1910 3332 ergo
1937 3277 2147 3318 sursum
2175 3265 2346 3335 posito
2364 3307 2380 3334 ,
2411 3263 2656 3337 discipuli
2682 3269 2733 3322 in
2764 3267 3004 3326 navicula
3033 3272 3157 3342 quid
3189 3273 3358 3344 patie-

1778 3354 2009 3412 bantur?
2033 3355 2163 3412 Nam
2186 3356 2278 3414 illo
2301 3359 2352 3414 in
2382 3359 2505 3416 altis
2530 3357 2838 3429 constituto,
2871 3363 3113 3420 navicula
3140 3361 3229 3421 illa
3254 3365 3358 3423 Ec-

1779 3445 1997 3504 clesiam
2037 3449 2408 3521 prtesignabat.
2441 3451 2498 3508 Si
2539 3467 2643 3508 non
2689 3453 2790 3510 hoc
2826 3455 2996 3527 primo
3025 3455 3079 3512 in
3117 3455 3357 3530 Ecclesia

1778 3543 2140 3616 intelligimus,
2175 3545 2316 3617 quod
2344 3545 2431 3602 illa
2457 3546 2698 3604 navicula
2722 3549 3047 3621 patiebatur;
3074 3566 3178 3608 non
3205 3563 3358 3610 erant

1777 3637 1866 3693 illa
1889 3637 2258 3710 signiﬁcantia,
2281 3639 2374 3695 sed
2395 3639 2706 3712 simpliciter
2730 3643 3052 3699 transeuntis
3078 3662 3090 3699 :
3113 3645 3356 3705 siautem

1777 3729 2020 3787 videmus
2045 3731 2267 3803 exprimi
2295 3731 2346 3787 in
2383 3731 2619 3790 Ecclesia
2646 3733 2920 3790 veritatem
2949 3733 3158 3792 illarunt
3189 3737 3356 3810 signi-

1761 3822 2109 3892 ﬁcationum;
2135 3823 2469 3882 manifestum
2496 3836 2580 3883 est
2606 3827 2728 3898 quia
2764 3826 2900 3884 facta
2929 3826 3124 3886 Christi
3163 3845 3358 3902 genera
3420 3835 3423 3838 ’

1777 3927 1899 3970 sunt
1917 3916 2264 3972 locutionum.
2301 3913 2368 3973 Ut
2387 3926 2554 3972 autent
2573 3933 2683 3974 sero
2709 3923 2900 3990 factum
2932 3929 3023 3989 est,
3052 3921 3240 3992 inquit,
3264 3921 3356 3978 de-

1775 4009 2073 4063 scenderunt
2093 4009 2330 4080 discipuli
2356 4010 2464 4082 ejus
2496 4010 2566 4064 ad
2598 4027 2736 4066 mare
2757 4027 2776 4066 :
2805 4021 2984 4067 etcum
3019 4014 3358 4071 ascendissent

1777 4101 2092 4170 naviculam,
2124 4109 2365 4157 venerunt
2395 4112 2534 4157 trans
2562 4119 2698 4157 mare
2733 4103 2784 4157 in
2826 4098 3203 4176 Cap/tarnaum.
3235 4107 3356 4163 Cito

1777 4193 1911 4250 dixit
1940 4193 2145 4249 ﬁnitum
2174 4193 2313 4265 quod
2341 4203 2526 4265 postea
2566 4191 2763 4250 factum
2792 4201 2892 4250 est.
2927 4193 3182 4250 Venerunt
3216 4205 3356 4251 trans

1775 4301 1916 4342 mare
1943 4285 1996 4339 in
2026 4283 2403 4357 Cap/tarnaum.
2436 4281 2502 4340 Et
2536 4283 2706 4353 redit,
2736 4294 2795 4342 ut
2825 4291 3055 4358 exponat
3088 4285 3356 4358 quomodo

1774 4387 2055 4444 venerunt,
2088 4377 2209 4448 quia
2238 4391 2334 4447 per
2372 4385 2615 4449 stagnum
2652 4377 2960 4448 navigantes
3006 4378 3352 4436 transierunt.

1775 4467 1842 4526 Et
1867 4469 1991 4526 dum
2013 4470 2321 4541 navigarent
2345 4469 2410 4526 ad
2437 4485 2556 4526 eum
2579 4471 2753 4526 locum
2774 4485 2878 4543 quo
2896 4486 2988 4526 eos
3009 4471 3216 4526 venisse
3241 4471 3353 4543 jam

1774 4561 1926 4630 dixit,
1948 4563 2345 4634 recapitulando
2384 4563 2601 4634 exponit
2629 4562 2753 4634 qttld
2790 4561 3042 4620 acciderit
3075 4581 3088 4620 :
3119 4561 3356 4620 Tenebrte

1765 4656 1879 4727 jam
1916 4660 2065 4727 facta
2105 4665 2278 4722 erant,
2307 4663 2354 4710 et
2399 4671 2499 4710 non
2522 4664 2722 4710 venerat
2747 4653 2816 4708 ad
2843 4671 2925 4710 eos
2951 4651 3124 4711 Iesus.
3164 4636 3354 4713 Meriti)

1773 4749 2030 4816 tenebrae,
2061 4749 2182 4820 quia
2227 4748 2314 4802 lux
2361 4763 2466 4804 non
2511 4755 2726 4802 venerat
2754 4765 2768 4802 :
2794 4741 3030 4802 Tenebrae
3052 4746 3168 4818 jam
3201 4750 3351 4819 facta

1773 4849 1934 4905 erant,
1964 4848 2011 4894 et
2043 4855 2144 4893 non
2183 4847 2378 4893 venerat
2420 4837 2488 4892 ad
2525 4851 2612 4895 eos
2647 4835 2816 4892 Iesus.
2845 4836 3107 4904 Quantum
3148 4835 3353 4894 accedit

1775 4931 1894 4987 linis
1932 4930 2152 4998 mundi,
2205 4939 2450 4985 crescunt
2488 4942 2730 4994 errores,
2785 4927 3131 4984 crebrescunt
3161 4937 3350 4996 terro-

1772 5041 1890 5094 res,
1936 5023 2127 5080 crescit
2172 5022 2440 5094 iniquitas,
2485 5022 2677 5078 crescit
2713 5019 2995 5077 inﬁdelitas
3028 5020 3160 5078 :iux
3200 5019 3352 5076 deni-

1771 5128 1874 5188 que
1913 5129 2030 5187 qutn
2065 5113 2294 5170 charitas
2327 5111 2464 5184 apud
2497 5111 2754 5168 Joannem
2778 5111 2946 5183 ipsum
2970 5112 3349 5182 evangelistam

1771 5208 1898 5263 satis
1927 5215 2213 5277 aperteque
2239 5205 2648 5268 demonstratur,
2680 5205 2749 5258 ita
2777 5211 2832 5259 ut
2852 5201 3082 5277 diceret,
3115 5203 3217 5272 Qui
3245 5204 3349 5258 odit

1770 5305 1978 5376 fratrem
1994 5315 2159 5368 suum,
2183 5300 2234 5353 in
2253 5297 2463 5352 tenebris
2477 5306 2548 5352 est
2572 5293 2614 5369 (Ι
2638 5295 2792 5352 Joan.
2818 5313 2872 5364 ιι,
2901 5295 3010 5369 Η),
3025 5295 3345 5352 creberrime

1769 5391 2122 5464 exstinguitur
2155 5409 2166 5445 :
2197 5397 2448 5447 crescunt
2472 5391 2586 5447 istae
2617 5391 2850 5448 tenebras
2884 5389 3125 5447 odiorum
3149 5387 3342 5446 frater-

1769 5499 1980 5553 norum,
2029 5483 2264 5555 quotidie
2308 5491 2591 5549 crescunt;
2632 5493 2685 5540 et
2725 5484 2956 5540 nondum
2989 5482 3130 5538 venit
3167 5481 3342 5537 Jesus.

1768 5576 1920 5635 Unde
1946 5584 2166 5650 apparet
2201 5575 2323 5648 quia
2349 5577 2629 5631 crescunt?
2661 5575 2914 5641 Quoniam
2947 5571 3218 5627 abundabit
3246 5571 3349 5625 ini-

1765 5669 1950 5743 quitas,
1965 5668 2252 5741 refrigescet
2265 5667 2483 5723 charitas
2499 5667 2786 5722 multorum.
2807 5665 3063 5721 Crescunt
3086 5661 3342 5732 tenebras,

1767 5769 1821 5819 et
1842 5753 2074 5816 nondum
2113 5759 2256 5817 venit
2279 5757 2451 5816 Jesus.
2489 5757 2858 5816 Crescentlbas
2891 5753 3148 5824 tenebris,
3188 5757 3345 5814 refri-

1765 5862 2016 5926 gescettte
2059 5847 2346 5912 charitate,
2396 5845 2694 5904 abundante
2731 5847 3036 5919 iniquitate,
3082 5847 3183 5920 ipsi
3224 5859 3348 5905 sunt

1768 5946 1954 6002 lluctns
1984 5958 2166 5999 navem
2189 5939 2459 5997 turbantes
2484 5958 2494 5994 :
2523 5948 2861 6010 tempestates
2882 5950 2936 5998 et
2955 5943 3122 6012 venti,
3149 5943 3348 6002 clamo-
