3916 6366
598 437 741 503 1599

596 575 687 618 res
710 565 837 615 sunt
864 553 1265 613 maledicorum.
1293 551 1421 610 inde
1445 552 1679 610 charitas
1706 551 2037 626 refrigescit,
2060 549 2184 608 inde

595 653 788 710 ﬂuctus
813 657 1096 723 augentur,
1116 656 1172 705 et
1192 647 1431 704 turbatur
1450 646 1617 702 navis.

669 743 726 800 6.
763 740 925 800 Vento
965 756 1149 814 magno
1190 741 1350 811 ﬂante
1393 755 1533 794 mare
1569 737 1882 809 exsurgebat.
1927 733 2187 792 Tenebrae

592 835 945 902 crescebant,
977 834 1324 906 intelligentia
1351 833 1706 900 minuebatur,
1741 830 1990 903 iniquitas
2019 843 2184 901 auge-

598 925 778 986 batur.
811 929 935 986 Cum
962 929 1291 1000 remigasscnt
1323 943 1442 1000 ergo
1463 926 1609 998 quasi
1641 924 1807 981 stadia
1836 924 2011 997 viginti
2037 923 2187 995 quin-

597 1038 696 1097 que
727 1030 815 1076 aut
853 1020 1079 1093 triginta.
1124 1019 1329 1075 Interea
1374 1017 1733 1085 ambulabant,
1776 1014 2183 1089 promovebant,

597 1128 698 1170 nec
735 1113 877 1170 venti
903 1111 982 1168 illi
1017 1120 1073 1168 et
1101 1119 1442 1183 tempestates
1467 1119 1520 1166 et
1558 1109 1749 1167 ﬂuctus
1783 1117 1838 1164 et
1862 1108 2096 1165 tenebrae
2131 1105 2187 1162 id

597 1205 855 1277 agebant,
886 1215 945 1261 ut
971 1205 1055 1261 vel
1083 1205 1230 1261 navis
1273 1219 1380 1260 non
1416 1211 1834 1276 promoveretur,
1877 1202 1962 1258 vel
2009 1199 2185 1256 soluta

597 1307 927 1370 mergeretur
955 1317 968 1355 :
995 1297 1092 1355 sed
1127 1298 1267 1354 inter
1307 1296 1394 1352 illa
1431 1295 1609 1353 omnia
1645 1295 1787 1350 mala
1818 1294 1946 1349 ibat.
1975 1291 2184 1349 Etenim

597 1391 721 1462 quia
750 1389 1036 1446 abundavit
1055 1389 1325 1461 iniquitas,
1355 1397 1410 1444 et
1441 1386 1742 1458 refrigescit
1779 1383 2012 1440 charitas
2040 1382 2182 1438 mul-

599 1491 796 1550 torum,
813 1490 1063 1539 crescunt
1091 1481 1304 1548 ﬂuctus,
1325 1489 1582 1551 augentur
1602 1477 1859 1543 tenebrat,
1882 1474 2037 1531 saavit
2055 1489 2185 1530 ven-

599 1584 719 1631 tus:
748 1575 842 1632 sed
871 1584 1048 1631 tamen
1078 1575 1228 1631 navis
1251 1572 1506 1628 ambulat.
1535 1570 1633 1637 Qui
1663 1571 1804 1626 enim
1836 1583 2184 1640 perseverave-

595 1668 660 1722 rit
680 1683 834 1739 usque
852 1667 904 1721 in
925 1668 1098 1738 ﬁnem,
1130 1666 1211 1720 hic
1229 1664 1398 1719 salvus
1417 1663 1509 1716 erit
1533 1661 1746 1732 (Matth.
1779 1675 1921 1726 xstv,
1955 1658 2043 1726 12,
2068 1659 2180 1728 15).

507 1764 512 1769 ’
595 1759 708 1818 Nec
741 1758 854 1831 ipse
879 1758 1174 1815 stadiorum
1204 1770 1456 1812 numerus
1493 1750 1912 1810 contemnendus
1941 1760 2040 1806 est.
2070 1749 2181 1804 Ne-

597 1866 703 1924 que
732 1851 874 1907 enim
912 1863 1039 1905 vere
1082 1857 1264 1919 posset
1301 1846 1432 1902 nihil
1475 1843 1775 1916 signiﬁcare
1800 1843 1941 1915 quod
1981 1842 2181 1898 dictum

597 1951 702 2006 est,
725 1939 850 1997 Cum
875 1941 1202 2011 remigassent
1228 1939 1397 1994 stadia
1413 1939 1584 2010 viginti
1599 1939 1815 2008 quinque
1839 1947 1926 1990 ant
1953 1935 2179 2006 triginta,

599 2045 720 2090 tunc
742 2034 811 2089 ad
833 2051 917 2090 eos
942 2034 1075 2089 venit
1096 2033 1266 2090 Jesus.
1295 2032 1578 2090 Sufficeret
1604 2031 1780 2103 viginti
1799 2032 2044 2101 quinque,
2072 2028 2184 2084 suf-

600 2125 785 2183 ﬁceret
825 2127 1067 2198 triginta,
1100 2126 1328 2181 maxime
1367 2126 1489 2197 quia
1525 2125 1841 2180 :estimantis
1879 2131 2030 2188 erat,
2076 2136 2181 2186 non

597 2215 934 2273 afllrmantis.
974 2215 1239 2289 Numquid
1280 2216 1669 2287 periclitaretur
1715 2215 1913 2272 veritas
1943 2215 1996 2270 in
2034 2213 2181 2270 :esti-

597 2317 800 2374 mante,
852 2308 897 2363 si
939 2307 1141 2364 diceret
1183 2306 1359 2363 stadia
1398 2306 1566 2362 ferme
1603 2307 1838 2377 triginta,
1877 2314 1970 2360 aut
2011 2305 2182 2360 stadia

597 2401 766 2457 ferme
790 2401 972 2473 viginti
1014 2399 1284 2472 quinque?
1322 2398 1427 2456 Sed
1466 2415 1533 2456 ex
1568 2400 1749 2470 viginti
1787 2401 2021 2471 quinque
2057 2398 2184 2453 fecit

597 2491 830 2563 triginta.
873 2491 1182 2560 Qumramus
1229 2507 1509 2546 numerum
1556 2491 1872 2562 vigesimum
1918 2490 2180 2560 quintum.

602 2583 752 2641 Unde
788 2592 1030 2650 constat,
1073 2582 1211 2639 unde
1250 2583 1341 2638 lit?
1377 2583 1453 2638 De
1485 2583 1750 2654 quinario.
1781 2579 2065 2648 Quinarius
2091 2580 2182 2635 ille

597 2690 855 2734 numerus
878 2674 946 2731 ad
975 2673 1172 2746 Legem
1202 2675 1449 2746 pertinet.
1489 2672 1592 2745 Ipsi
1630 2682 1754 2728 sunt
1790 2673 2022 2744 quinque
2063 2671 2182 2728 libri

598 2767 806 2840 Moysi,
862 2766 992 2836 ipsa:
1037 2775 1162 2821 sunt
1200 2765 1434 2836 quinque
1482 2765 1715 2834 porticus
1760 2764 1862 2818 illae
1907 2762 2182 2833 languidos

598 2859 966 2925 continentes,
1011 2857 1112 2928 ipsi
1154 2856 1387 2927 quinque
1428 2871 1592 2926 panes
1629 2855 1862 2926 quinque
1895 2854 2058 2910 millia
2086 2853 2183 2908 ho-

597 2953 804 3010 minum
831 2957 1126 3021 pascentes.
1156 2947 1297 3018 Ergo
1322 2947 1515 3018 Legem
1543 2947 1804 3017 significat
1830 2960 2082 3000 numerus
2107 2945 2184 3000 vi-

598 3045 834 3116 gesimns
867 3043 1084 3114 quintus
1109 3057 1123 3095 :
1153 3041 1403 3111 quoniam
1441 3039 1672 3110 quinque
1703 3053 1796 3108 per
1821 3038 2052 3108 quinque
2072 3079 2088 3104 ,
2130 3036 2184 3092 id

599 3146 703 3202 est,
729 3135 1009 3208 quinquies
1033 3133 1198 3204 quini,
1234 3133 1430 3187 faciunt
1459 3131 1642 3202 viginti
1671 3130 1921 3201 quinque,
1955 3129 2184 3200 quadra-

601 3237 714 3283 tum
739 3224 1060 3298 quinarium.
1093 3222 1199 3280 Sed
1228 3222 1348 3278 huic
1377 3221 1504 3292 Legi
1530 3231 1812 3291 antequam
1843 3220 2182 3291 Evangelium

600 3317 840 3383 veniret,
871 3315 1056 3370 deerat
1085 3313 1357 3384 perfectio.
1391 3311 1654 3369 Perfectio
1680 3321 1857 3367 autem
1889 3311 1941 3367 in
1970 3312 2184 3368 senario

600 3423 825 3466 numero
862 3405 1349 3476 comprehenditur.
1398 3404 1684 3474 Propterea
1711 3418 1805 3460 sex
1831 3403 2020 3460 diebus
2045 3403 2183 3460 Deus

601 3498 855 3557 mundum
885 3496 1109 3569 perfecit
1153 3495 1304 3569 (Gen.
1347 3495 1424 3566 ι),
1467 3505 1521 3552 et
1560 3497 1791 3567 quinque
1829 3497 1940 3566 ipsa
1972 3511 2066 3566 per
2089 3510 2184 3551 sex

599 3594 1034 3666 multiplicantur,
1081 3601 1140 3648 ut
1177 3591 1285 3648 Lex
1315 3607 1411 3663 per
1437 3590 1782 3661 Evangelium
1810 3589 2180 3659 adimpleatur,

599 3697 660 3743 ut
685 3685 815 3742 llattt
837 3685 1010 3741 sexies
1033 3683 1181 3754 quini
1207 3683 1440 3753 triginta.
1469 3680 1550 3736 Ad
1575 3695 1668 3736 eos
1694 3695 1821 3751 ergo
1846 3680 1935 3750 qui
1963 3679 2184 3750 implent

601 3777 820 3849 Legem,
847 3775 993 3832 venit
1014 3775 1188 3831 Jesus.
1220 3774 1291 3830 Et
1314 3775 1476 3841 venit,
1503 3772 1808 3845 quomodo?
1829 3773 2054 3829 Calcatis
2081 3772 2182 3830 flu-

599 3873 751 3938 ctus;
798 3883 984 3925 omnes
1025 3877 1259 3924 tumores
1303 3867 1487 3922 mundi
1535 3867 1635 3923 sub
1684 3865 1906 3938 pedibus
1946 3866 2179 3933 habens,

600 3977 788 4022 omnes
811 3962 1152 4019 celsitudines
1178 3961 1358 4017 saeculi
1386 3974 1652 4032 premens.
1685 3959 1794 4015 Hoc
1821 3959 1993 4031 agitur
2017 3974 2184 4030 quan-

601 4067 711 4114 tum
735 4055 946 4113 additur
968 4055 1214 4127 tempori,
1243 4065 1297 4110 et
1323 4064 1577 4126 quantum
1601 4052 1804 4108 accedit
1823 4063 1953 4108 setas
1976 4052 2179 4107 saeculi.

599 4149 872 4222 Augentur
894 4149 947 4204 in
973 4150 1075 4204 isto
1097 4145 1295 4203 mundo
1323 4146 1704 4211 tribulationcs,
1730 4154 1995 4215 "augentur
2019 4143 2180 4210 mala,

598 4251 856 4314 augentur
881 4241 1258 4305 contritiones,
1288 4249 1675 4312 exaggerantur
1700 4236 1815 4292 huic
1843 4236 2058 4292 omnia:
2087 4235 2179 4292 Je-

599 4350 692 4392 sus
718 4335 926 4399 transit,
951 4335 1164 4390 calcans
1187 4332 1398 4387 ﬂuctus.
2102 4344 2112 4353 ·

671 4427 724 4481 7.
767 4427 838 4480 Et
862 4433 1038 4480 tamen
1065 4434 1223 4478 tanta:
1243 4431 1365 4477 sunt
1389 4422 1784 4486 tribulationes,
1814 4421 2054 4476 utetiam
2082 4420 2181 4490 ipsi

599 4517 690 4590 qui
719 4515 1059 4573 crediderunt
1094 4517 1146 4569 in
1187 4515 1403 4581 Jesum,
1442 4523 1496 4568 et
1534 4513 1623 4584 qui
1650 4522 1907 4568 conantur
1935 4527 2182 4582 perseve-

601 4623 726 4665 rare
753 4621 920 4677 usque
950 4607 1003 4662 in
1026 4607 1184 4662 linem
1204 4647 1218 4674 ,
1247 4614 1599 4676 expavescunt
1626 4620 1692 4660 ne
1717 4605 1999 4660 deﬁciant:
2030 4603 2182 4661 Chri-

599 4709 686 4756 sto
718 4698 908 4755 lluctus
935 4698 1207 4766 calcante,
1240 4697 1420 4752 saeculi
1453 4696 1769 4751 ambitiones
1793 4707 1847 4752 et
1873 4696 2180 4754 altitudines

599 4793 967 4866 deprimente,
1010 4791 1311 4863 expavescit
1351 4791 1688 4846 Christianus.
1729 4790 1914 4847 Nonne
1951 4791 2065 4847 haec
2106 4793 2180 4848 illi

598 4884 851 4958 praedicta
881 4883 1044 4940 sunt?
1073 4883 1257 4939 Merito
1283 4892 1336 4938 et
1355 4882 1478 4938 Jcsu
1502 4883 1556 4937 in
1585 4881 1830 4938 ﬂuctibus
1853 4883 2176 4951 ambulante,

600 4982 869 5034 timuerunt
914 4995 934 5034 :
979 4977 1246 5050 quomodo
1297 4975 1580 5032 Christiani
1629 4975 1869 5047 quamvis
1921 4975 2180 5032 habentes

598 5087 748 5144 spem
776 5072 830 5128 in
855 5071 1032 5128 futuro
1057 5072 1271 5137 saeculo,
1313 5069 1523 5142 quando
1549 5069 1779 5125 viderint
1801 5069 2024 5141 deprimi
2053 5070 2177 5126 alti-

599 5161 836 5219 tudinem
879 5162 1059 5236 saeculi
1099 5161 1289 5233 hujus,
1340 5162 1651 5232 plerumque
1692 5161 2073 5216 conturbantur
2109 5161 2178 5217 de

595 5252 916 5311 contritione
936 5267 1114 5309 rerum
1135 5252 1508 5308 humanarum.
1532 5253 1787 5322 Aperiunt
1809 5253 2174 5324 Evangelium,

597 5347 842 5418 aperiunt
871 5345 1204 5416 Scripturas;
1231 5355 1286 5402 et
1306 5345 1581 5401 inveniunt
1605 5345 1675 5400 ibi
1703 5345 1804 5399 ista
1833 5345 2009 5400 omnia
2037 5359 2177 5415 pra:-

595 5441 770 5507 dicta;
808 5438 934 5512 quia
963 5437 1068 5493 hoc
1095 5437 1348 5492 Dominus
1376 5437 1516 5493 facit.
1552 5437 1808 5508 Deprimit
1834 5436 2177 5492 celsitudines

597 5534 797 5601 saeculi,
830 5540 891 5590 ut
912 5532 983 5590 ab
1010 5531 1300 5588 humilibus
1328 5530 1669 5603 glorificetnr.
1705 5531 1778 5585 De
1803 5544 2029 5601 quorum
2057 5529 2178 5585 alti-

597 5624 780 5682 tudine
817 5623 1127 5697 pmdictum
1164 5630 1277 5688 est,
1317 5621 1550 5679 Civitates
1578 5621 1893 5692 ﬁrmissimas
1918 5621 2140 5676 destrues
2155 5639 2176 5688 ,-

597 5725 674 5780 et,
704 5715 907 5773 Inimici
935 5716 1222 5789 defecerunt
1251 5719 1456 5787 frameae
1482 5714 1534 5769 in
1559 5713 1742 5783 ﬁnem,
1768 5720 1814 5768 et
1839 5714 2058 5770 civitates
2083 5716 2177 5769 de-

599 5809 826 5872 struxisti
855 5809 1024 5882 (Psal.
1048 5826 1102 5870 ιι
1121 5852 1137 5880 ,
1168 5810 1247 5879 7).
1273 5806 1410 5879 Quid
1437 5821 1564 5879 ergo
1592 5805 1790 5863 timetis
1809 5847 1825 5874 ,
1850 5806 2176 5868 Christiani?

598 5898 843 5970 Cluilium
869 5899 1102 5977 loquitur
1130 5919 1142 5963 :
1179 5899 1284 5978 Ego
1314 5915 1455 5972 sum,
1497 5897 1650 5962 nolite
1676 5898 1862 5962 tintere.
1895 5898 2030 5978 Quid
2063 5900 2174 5963 hinc

1523 433 1590 491 IN
1625 433 1904 493 JOANNIS
1943 431 2411 500 EVANGELIUM,
2452 433 2510 492 S.
2550 433 2924 498 AUGUSTINI
3684 461 3782 521 ισθο

2293 553 2682 653 expavescitis?
2721 553 2858 624 Quid
2894 557 3132 653 timetis?
3174 560 3288 634 Ego
3326 562 3423 620 ista
3463 571 3682 642 prmdixi,
3717 599 3788 653 ego

2293 641 2462 711 facio,
2502 659 2722 702 necesse
2757 656 2840 704 est
2877 658 2934 705 ut
2971 649 3116 708 flant.
3161 654 3274 727 Ego
3307 674 3451 725 sum,
3488 665 3625 720 nolite
3653 641 3791 730 times.

2304 733 2581 794 Voluerunt
2607 755 2725 811 ergo
2746 756 2860 796 eum
2888 743 3113 815 accipere
3139 746 3193 801 in
3212 725 3415 817 navim,
3438 725 3794 825 agnoscentes-ac

2292 828 2585 900 gaudentes
2603 872 2618 898 ,
2647 833 2820 889 securi
2846 833 2991 890 facti.
3017 835 3089 892 Et
3115 841 3286 895 statim
3309 842 3405 912 fuit
3431 847 3562 902 navis
3586 851 3793 913 adferrem

2293 921 2346 977 in
2372 938 2521 994 quam
2547 923 2706 980 ibant.
2738 925 2932 983 Factus
2957 938 3040 986 est
3068 931 3186 988 linis
3211 932 3280 988 ad
3305 942 3531 993 terram:
3555 939 3615 998 de
3636 943 3793 1007 humido

2293 1013 2361 1069 ad
2407 1014 2668 1086 solidum,
2709 1016 2778 1074 de
2820 1019 3030 1078 turbato
3069 1022 3138 1079 ad
3174 1023 3420 1096 firmum,
3467 1029 3531 1087 dc
3569 1033 3722 1094 itinere
3749 1042 3791 1098 ad

2294 1103 2475 1161 linem.

2365 1197 2419 1254 8.
2458 1197 2630 1255 Altera
2659 1201 2742 1257 die
2766 1203 2911 1258 turba
2937 1221 3050 1276 qua:
3074 1208 3239 1262 stabat
3265 1217 3406 1266 trans
3432 1229 3589 1282 mare,
3614 1217 3723 1276 unde
3743 1221 3789 1278 illi

2292 1300 2580 1358 venerant,
2620 1293 2744 1348 vidit
2777 1296 2895 1366 quia
2921 1298 3153 1354 navicula
3177 1317 3280 1356 non
3309 1313 3416 1358 erat
3440 1305 3505 1360 ibi
3531 1308 3620 1364 nisi
3638 1327 3739 1381 una,
3759 1324 3788 1368 et

2290 1381 2410 1451 quia
2448 1399 2549 1437 non
2585 1385 2837 1442 introisset
2862 1404 2977 1443 cum
3014 1390 3278 1464 discipulis
3312 1397 3416 1451 suis
3453 1398 3504 1452 in
3539 1416 3710 1468 navata,
3731 1411 3787 1459 set

2289 1473 2387 1527 soli
2431 1473 2668 1544 discipuli
2702 1477 2810 1548 ejus
2847 1479 3081 1537 abiissent
3111 1499 3133 1537 :
3169 1485 3291 1540 alia:
3327 1503 3442 1542 vero
3481 1506 3789 1563 supervenerunt

2291 1579 2438 1618 naves
2462 1582 2494 1619 a
2519 1564 2781 1658 Tiberiade
2797 1611 2814 1635 ,
2836 1571 2990 1641 juxta
3013 1574 3178 1630 locum
3208 1577 3298 1631 ubi
3321 1580 3707 1640 manducaventnt
3725 1606 3786 1658 ps-

2289 1670 2423 1722 nem,
2453 1657 2642 1726 gratias
2661 1670 2862 1729 agentes
2891 1661 3126 1719 Domino.
3155 1665 3283 1721 Cum
3311 1685 3430 1741 ergo
3451 1671 3662 1729 vidissent
3681 1657 3787 1734 tui-ie

2289 1745 2407 1814 quia
2431 1743 2580 1802 Iesus
2603 1766 2704 1802 non
2732 1761 2857 1806 esset
2880 1752 2950 1808 ibi
2971 1796 2987 1822 ,
3019 1772 3174 1827 neque
3204 1759 3440 1832 discipuli
3462 1763 3590 1832 eius,
3615 1769 3786 1823 accnde-

2288 1847 2404 1928 tiunt
2433 1838 2485 1892 in
2514 1841 2768 1896 naviculas
2792 1885 2806 1908 ,
2849 1853 2896 1898 et
2935 1859 3174 1903 venerunt
3204 1849 3553 1923 Capharnaum
3585 1871 3786 1928 quaram

2288 1926 2481 1983 Iesum.
2512 1929 2840 1989 lnsinnatum
2871 1943 3047 1993 tamen
3085 1949 3168 1996 est
3205 1940 3316 1998 illis
3350 1951 3454 1999 tam
3491 1926 3698 2018 magnum
3719 1952 3785 2006 mi-

2289 2023 2548 2078 raculum.
2583 2023 2838 2084 Viderunt
2864 2031 3004 2086 enim
3030 2033 3173 2103 quod
3202 2033 3447 2108 discipuli
3470 2039 3562 2094 soli
3587 2043 3784 2098 ascendis-

2288 2112 2484 2167 sentin
2511 2129 2696 2170 navem
2717 2159 2732 2184 ,
2763 2128 2817 2174 et
2843 2121 2963 2190 quia
2992 2123 3093 2177 alia
3120 2125 3272 2181 navis
3299 2142 3404 2182 non
3432 2129 3499 2184 ibi
3524 2140 3640 2186 erat.
3663 2133 3780 2187 Vene-

2288 2211 2413 2258 runt
2432 2214 2606 2261 autem
2636 2207 2757 2264 inde
2780 2218 2834 2265 ct
2858 2227 3020 2270 naves
3041 2214 3192 2284 juxta
3223 2217 3397 2274 locum
3427 2221 3564 2277 illum
3591 2222 3664 2278 ubi
3683 2239 3782 2280 man—

2289 2293 2614 2352 ducaverunt
2637 2315 2848 2370 panem,
2875 2304 2925 2358 in
2950 2306 3139 2376 quibus
3159 2323 3284 2365 eum
3313 2312 3475 2367 turba:
3499 2322 3668 2369 secutae
3684 2327 3779 2370 sunt.

2288 2385 2419 2442 Cum
2452 2389 2724 2462 discipulis
2758 2409 2886 2466 ergo
2911 2412 3016 2452 non
3045 2401 3392 2470 ascenderat,
3433 2405 3528 2459 alia
3566 2406 3688 2460 navis
3712 2406 3781 2462 illic

2288 2495 2394 2536 non
2423 2492 2535 2538 erat
2561 2503 2574 2539 :
2599 2485 2739 2542 unde
2774 2489 2949 2545 subito
2989 2500 3134 2548 trans
3173 2509 3324 2551 mare
3357 2496 3518 2552 factus
3549 2506 3622 2553 est
3652 2497 3779 2564 Jcsus,

2289 2573 2388 2627 nisi
2419 2576 2539 2644 quia
2573 2590 2733 2647 super
2765 2595 2912 2636 mare
2937 2583 3261 2654 ambulavit,
3293 2596 3350 2644 ut
3377 2588 3657 2644 miraculum
3679 2603 3782 2642 mon-

2289 2668 2522 2723 straret?

2361 2758 2411 2812 9.
2457 2757 2524 2812 Et
2551 2777 2664 2815 cum
2691 2763 2987 2821 invenissent
3014 2785 3126 2824 eum
3154 2773 3334 2829 turbte.
3377 2774 3510 2831 Ecce
3535 2774 3777 2846 prtesenlat'

2290 2860 2348 2901 se
2387 2849 2552 2904 turbis
2572 2891 2587 2916 ,
2627 2866 2659 2906 a
2694 2854 2883 2922 quibus
2913 2872 2973 2913 se
3003 2861 3116 2930 rapi
3143 2863 3426 2932 timuerat,
3460 2875 3510 2922 et
3540 2867 3586 2921 in
3612 2875 3776 2922 montem

2289 2937 2512 3009 fugerat.
2551 2941 2781 3001 Omnino
2817 2949 3098 3006 confirmat
3129 2963 3183 3009 et
3222 2957 3448 3013 insinuat
3484 2958 3620 3013 nobis
3641 2958 3681 3012 in
3701 2973 3778 3028 my-

2289 3032 2452 3086 sterio
2477 3032 2616 3090 dicta
2641 3051 2760 3092 esse
2787 3039 2876 3094 illa
2905 3043 3114 3108 omnia;
3144 3054 3198 3100 et
3231 3046 3363 3102 facta
3389 3049 3440 3104 in
3465 3063 3632 3119 magno
3653 3063 3776 3103 sacra-

2289 3135 2502 3193 mento,
2548 3137 2604 3183 ttt
2642 3129 2836 3202 aliquid
2878 3135 3257 3204 significarent.
3300 3139 3437 3197 Ecce
3467 3150 3541 3197 cst
3566 3141 3641 3196 ille
3662 3140 3724 3210 qui
3743 3140 3774 3192 in

2289 3229 2525 3277 montem
2561 3220 2768 3294 fugerat
2805 3225 3025 3283 turbas:
3059 3245 3240 3288 nonne
3276 3247 3396 3288 cum
3435 3234 3552 3304 ipsis
3577 3231 3708 3288 turbis
3726 3231 3773 3285 lo-

2288 3311 2502 3380 quitur?
2529 3312 2686 3370 Modo
2719 3325 2958 3385 teneant,
3003 3322 3163 3377 modo
3197 3339 3379 3396 regem
3415 3324 3608 3381 faciant.
3633 3323 3775 3378 Etcum

2287 3400 2590 3460 invenissent
2613 3422 2724 3462 eum
2748 3417 2888 3464 trans
2913 3427 3069 3480 mare,
3093 3414 3331 3472 dixerunt
3353 3418 3402 3472 ei
3422 3433 3440 3473 :
3458 3415 3616 3483 Rob“,
3633 3413 3774 3487 φαΜο

2289 3495 2388 3550 huc
2415 3500 2632 3555 venisti?

2361 3588 2447 3644 10.
2489 3589 2586 3647 Ille
2613 3601 2733 3663 post
2762 3597 3000 3654 miraculi
3027 3614 3450 3672 sacramentum,
3479 3613 3529 3660 et
3551 3612 3773 3658 sermonem

2289 3681 2475 3750 infert,
2505 3695 2561 3740 ut
2588 3687 2631 3742 si
2660 3687 2772 3745 fieri
2803 3702 3005 3762 potest,
3031 3697 3118 3765 qui
3146 3699 3282 3768 pasti
3305 3709 3444 3765 sunt,
3474 3705 3718 3770 pascantur.
3738 3699 3773 3747 ei

2287 3788 2514 3844 quorum
2540 3779 2748 3836 satiavit
2769 3783 2990 3852 panibus
3012 3796 3246 3856 ventres,
3275 3791 3427 3846 satiet
3453 3799 3503 3846 et
3523 3784 3773 3845 sermonibus

2287 3875 2523 3934 mentes;
2564 3871 2656 3926 sed
2695 3873 2739 3927 si
2783 3877 3016 3946 capiunt.
3053 3878 3118 3934 Et
3142 3881 3189 3936 si
3219 3899 3327 3938 non
3355 3883 3579 3954 capiunt,
3602 3884 3772 3934 sumam

2286 3957 2427 4026 quod
2457 3974 2563 4014 non
2589 3963 2804 4033 capiunt
2823 3967 2865 4034 ³,
2891 3984 2958 4024 ne
2994 3968 3290 4042 fragmenta
3325 3983 3545 4046 pereant.
3578 3970 3773 4040 Loquatur

2286 4063 2414 4118 ergo
2433 4091 2448 4116 ,
2479 4059 2533 4106 et
2555 4053 2850 4113 audiamus.
2876 4057 3158 4132 Respondit
3184 4065 3373 4135 Iesus,
3403 4076 3448 4121 et
3470 4061 3768 4121 divitum“.

2285 4157 2431 4196 antcn
2463 4144 2577 4198 dico
2608 4148 2745 4204 vobis
2762 4191 2778 4215 ,
2807 4155 3029 4222 qum-itis
3058 4172 3156 4225 me,
3193 4175 3296 4214 non
3331 4161 3448 4233 quia
3474 4155 3639 4212 vidistis
3655 4154 3767 4222 signa.

2285 4236 2374 4291 sed
2398 4238 2514 4303 quia
2539 4241 2880 4298 manducastis
2907 4262 2970 4300 ea:
2992 4248 3207 4318 panibus
3233 4254 3373 4308 meis.
3404 4253 3604 4322 Propter
3618 4254 3768 4300 carnem

2287 4345 2372 4386 me
2400 4333 2656 4401 quzeritis,
2691 4350 2794 4391 non
2822 4347 3038 4410 prepter
3061 4343 3328 4412 spiritum.
3366 4344 3522 4413 Quam
3553 4335 3673 4396 multi
3698 4345 3768 4387 non

2284 4432 2529 4490 qumrunt
2569 4424 2784 4492 Jesum,
2831 4428 2934 4484 nisi
2970 4439 3027 4486 ut
3060 4431 3166 4489 illis
3204 4435 3362 4492 faciat
3396 4435 3521 4490 bene
3555 4421 3766 4485 secundum

2287 4515 2521 4584 tempus!
2546 4515 2698 4572 Alius
2721 4521 2986 4590 negotium
3009 4523 3186 4592 habet,
3215 4527 3401 4598 quaerit
3421 4517 3765 4580 intercessionem

2284 4605 2634 4675 clericorum;
2660 4611 2793 4666 alius
2823 4615 3078 4682 premitur
3100 4631 3128 4671 a
3155 4620 3473 4688 potentiore,
3500 4613 3610 4684 fugit
3629 4606 3680 4663 ad
3705 4616 3764 4658 ec.

2285 4695 2532 4765 clesiam;
2563 4698 2698 4757 alius
2727 4717 2823 4773 pro
2851 4717 2910 4760 se
2937 4705 3048 4761 vult
3077 4708 3378 4766 interveniri
3403 4704 3529 4778 apud
3551 4714 3648 4759 eum
3671 4689 3763 4764 Il“Id

2283 4802 2440 4858 quem
2479 4805 2662 4859 parum
2712 4794 2892 4850 valet:
2917 4797 3005 4852 ille
3042 4800 3147 4866 sic,
3180 4801 3270 4858 ille
3294 4803 3396 4866 sic;
3427 4797 3642 4869 impletur
3671 4798 3762 4857 απο-

2285 4880 2413 4938 tidie
2436 4884 2628 4940 talibus
2656 4886 2901 4942 ecclesia.
2939 4889 3032 4944 Vix
3061 4895 3316 4962 quaeritur
3341 4892 3490 4950 Iesus
3513 4891 3687 4960 propter
3701 4874 3761 4930 Jo-

2285 4989 2423 5030 sum.
2471 4975 2710 5041 Quteritis
2737 4995 2846 5046 me,
2890 4997 2991 5036 non
3037 4984 3156 5053 quia
3200 4986 3387 5040 vidistis
3420 4985 3577 5054 signa,
3599 4964 3762 5039 sedsit"

2284 5070 2628 5126 manducastis
2652 5088 2714 5126 ea:
2735 5074 2952 5144 panibus
2975 5077 3115 5132 meis.
3144 5076 3432 5149 Operamim'
3451 5089 3541 5130 non
3561 5067 3688 5123 cibum
3705 5054 3763 5125 φεῖ

2285 5161 2431 5231 perit,
2455 5162 2543 5215 sed
2565 5163 2653 5233 qui
2676 5176 2932 5236 permanet
2955 5168 3008 5222 in
3033 5169 3186 5224 vitam
3210 5181 3456 5226 teternant.
3483 5152 3684 5230 Quatritis
3703 5158 3759 5202 me

2284 5261 2500 5324 Propter
2523 5255 2678 5323 aliud,
2714 5260 2934 5331 quaerite
2960 5275 3047 5316 me
3069 5273 3287 5334 propter
3312 5277 3409 5317 me.
3437 5256 3642 5324 seipsunt
3658 5237 3758 5334 enim

2284 5343 2520 5402 insinuat
2541 5347 2699 5403 istum
2727 5350 2924 5418 cibum,
2954 5331 3096 5422 quod
3120 5331 3188 5409 in.
3204 5343 3614 5421 consequentibus
3628 5331 3757 5422 ὶΙΜε·

2283 5437 2402 5492 scit.
2439 5439 2595 5504 Quem
2634 5439 2803 5495 Filius
2829 5420 3046 5497 nomine
3088 5444 3226 5499 dabit
3275 5420 3420 5500 vobis.
3453 5420 3768 5500 Ειςροοωιενι

2282 5531 2465 5601 credo,
2495 5534 2684 5591 iterum
2706 5549 2868 5607 panes
2896 5536 3252 5609 manducare,
3276 5538 3457 5596 iterum
3476 5512 3771 5666 (Ιίείιιιιιιιιειεν1

2281 5728 2298 5772 -'
2345 5719 2924 5816 nene-eest:
2931 5732 3032 5816 52;:
3047 5715 3583 5816 mmml'm
3599 5744 3742 5816 me

2345 5758 2852 5875 sthriqtsﬁzs‘
3047 5758 3753 5875 Mmﬂmm

2282 5817 2850 5974 mitescit“;
2871 5817 3027 5903 es?
3042 5817 3508 5908 ἑῑέΐῆὁηᾚῐιηῖι
3531 5817 3673 5882 tW“
