3916 6374
120 366 238 432 1601

117 487 292 544 iterum
317 483 572 557 saginari.
596 483 704 542 Sed
726 483 934 542 dixerat
956 484 1120 540 cibum
1165 501 1266 541 non
1305 486 1390 557 qui
1420 486 1568 556 perit,
1599 485 1687 540 sed

116 580 192 649 qui
211 589 464 651 permanet
493 580 550 635 in
568 580 723 635 vitam
750 589 990 635 cateruam
1012 595 1032 634 :
1051 578 1318 651 quomodo
1344 578 1543 634 dictum
1571 578 1685 636 fue-

117 680 191 725 rat
223 670 430 726 mulieri
453 670 535 726 illi
558 671 921 736 Samaritanee,
952 671 1014 728 Si
1038 672 1192 727 scires
1218 671 1306 741 qui
1327 671 1448 742 petit
1475 688 1507 724 a
1539 681 1584 725 te
1605 669 1685 724 bi-

115 761 232 828 bere,
259 771 310 816 tu
337 763 556 834 forsitan
581 762 885 834 postulasses
909 763 972 816 ab
997 779 1054 816 eo
1072 804 1089 830 ,
1118 771 1165 817 et
1189 761 1332 816 duret
1375 762 1462 816 tibi
1504 777 1686 833 aquam

115 853 296 906 deum:
321 867 445 909 cum
489 853 578 908 illa
618 853 848 921 diceret,
879 853 1033 911 Unde
1079 853 1207 920 tibi,
1257 853 1685 925 quandoquidem

114 961 208 1002 non
231 944 394 1002 habes
424 943 779 1002 hauritorium
799 985 814 1013 ,
844 953 898 1002 et
923 956 1112 1017 puteus
1137 945 1276 1000 altus
1300 944 1419 1001 est?
1447 945 1685 1000 Samari-

115 1045 237 1092 tana:
262 1036 542 1107 respondit
568 1055 582 1091 :
615 1037 678 1093 Si
701 1038 852 1093 scires
880 1037 968 1108 qui
995 1053 1028 1090 a
1063 1045 1112 1092 te
1140 1037 1261 1108 petit
1287 1036 1467 1102 bibere,
1502 1046 1555 1089 tu
1593 1053 1684 1106 pe-

114 1127 240 1183 tisses
261 1127 322 1181 ab
337 1143 418 1192 eo,
442 1136 490 1182 et
515 1127 660 1183 daret
689 1127 775 1182 tibi
810 1144 994 1200 aquam
1011 1168 1028 1194 ,
1067 1127 1202 1182 unde
1227 1127 1312 1198 qui
1341 1126 1546 1193 biberit,
1571 1144 1681 1180 am-

113 1219 236 1289 plius
255 1236 353 1274 non
371 1219 512 1274 sitiet
535 1235 556 1274 :
573 1236 694 1275 nam
724 1219 787 1274 de
813 1219 908 1274 hac
931 1236 1064 1290 aqua
1086 1218 1174 1290 qui
1198 1219 1398 1284 biberit,
1426 1217 1558 1273 sitiet
1592 1217 1686 1271 ite-

112 1329 229 1368 rum.
255 1311 317 1368 Et
344 1311 528 1384 gavisa
569 1321 654 1369 est
695 1311 800 1378 illa,
831 1320 886 1368 et
911 1311 1080 1366 voluit
1103 1311 1378 1382 accipere,
1408 1310 1556 1381 quasi
1578 1325 1684 1366 non

111 1421 309 1477 passura
335 1406 486 1463 sitim
509 1406 771 1478 corporis,
802 1421 920 1476 qua:
947 1404 1130 1460 labore
1171 1403 1450 1459 hauriendi
1495 1403 1683 1475 fatiga-

112 1497 280 1563 batur;
308 1505 364 1555 et
388 1498 471 1554 sic
492 1497 634 1554 inter
660 1497 964 1569 huiusmodi
992 1496 1468 1553 sermocinationes
1498 1511 1686 1566 perve-

113 1590 182 1644 nit
217 1587 278 1644 ad
324 1599 513 1659 potum
558 1588 884 1660 spiritualem
915 1585 1095 1662 (Joan.
1126 1602 1204 1654 tv,
1234 1587 1390 1658 5-26)
1421 1603 1434 1640 :
1466 1587 1683 1644 omnino

114 1681 200 1736 isto
219 1679 370 1736 modo
393 1688 450 1736 et
472 1679 583 1735 hic.

177 1769 252 1825 ll.
291 1769 448 1825 Hunc
479 1785 612 1841 ergo
641 1767 838 1835 cibum,
871 1786 974 1824 non
999 1769 1082 1842 qui
1126 1769 1284 1840 perit,
1325 1767 1413 1823 sed
1444 1769 1531 1839 qui
1570 1785 1684 1839 per-

115 1869 257 1915 nunct
275 1861 328 1914 in
358 1861 519 1915 vitam
536 1871 798 1927 (sternam,
830 1877 978 1931 quem
1002 1858 1169 1915 Filius
1189 1861 1405 1915 hominis
1429 1860 1567 1914 dabit
1589 1875 1677 1914 vo-

115 1951 360 2006 bis:ltunc
394 1952 538 2006 enim
574 1949 732 2008 Pater
767 1952 987 2023 signavit
1006 1950 1160 2006 Deus.
1209 1949 1370 2006 Istum
1392 1950 1558 2006 lilium
1581 1950 1681 2006 lto-

116 2044 252 2099 minis
276 2043 446 2101 nolite
485 2046 565 2101 sic
593 2045 859 2116 accipere,
892 2045 1043 2115 quasi
1063 2044 1200 2099 alios
1222 2043 1358 2099 filios
1385 2042 1679 2111 hominum,

116 2134 174 2191 de
205 2137 386 2206 quibus
426 2136 636 2192 dictum
667 2145 781 2204 est,
821 2135 949 2190 Filii
975 2145 1146 2190 autem
1177 2136 1435 2190 hominum
1477 2134 1528 2188 in
1559 2151 1681 2206 pro-

118 2228 302 2284 tectionc
327 2229 534 2283 alarum
555 2237 758 2283 tuarum
787 2228 1058 2297 sperabunt
1079 2225 1252 2299 (Psal.
1279 2242 1445 2291 xxxv,
1469 2226 1548 2296 8).
1577 2227 1680 2282 iste

118 2321 236 2377 ﬁlius
261 2323 494 2379 hominis
517 2330 884 2394 sequestratus
905 2320 1132 2392 quadam
1153 2319 1318 2390 gratia
1351 2319 1602 2390 Spiritus,
1627 2327 1683 2374 et

115 2413 377 2469 secundum
417 2428 634 2470 carnem
664 2411 803 2468 illius
828 2411 1058 2467 hominis
1077 2453 1091 2477 ,
1119 2419 1374 2480 exceptus
1393 2428 1422 2463 ει
1449 2425 1676 2465 numero

117 2501 409 2572 hominum;
468 2505 606 2561 illius
643 2503 875 2562 hominis
901 2512 1000 2559 est.
1045 2503 1149 2559 iste
1193 2503 1333 2557 filius
1378 2503 1608 2559 hominis
1632 2511 1686 2559 et

118 2593 263 2651 Filius
283 2595 384 2652 Dei
433 2604 544 2661 est,
595 2597 697 2651 iste
718 2595 880 2651 homo
905 2594 1064 2650 etiam
1095 2594 1234 2650 Deus
1265 2601 1368 2649 est.
1419 2593 1541 2649 Alio
1565 2593 1684 2649 loco

121 2689 433 2763 interrogans
458 2689 748 2761 discipulos
778 2689 886 2744 ait:
922 2688 1081 2755 Quem
1119 2706 1198 2743 me
1235 2690 1408 2743 dicunt
1445 2707 1550 2745 esse
1587 2690 1682 2744 Ito-

121 2785 256 2840 mines
294 2783 495 2840 Filium
541 2785 800 2840 hominis?
830 2783 899 2838 Et
940 2785 1018 2839 illi
1062 2800 1082 2838 :
1124 2783 1228 2840 Alii
1269 2784 1554 2852 Joannem,
1596 2787 1687 2841 alii

126 2874 289 2945 Etiam,
317 2876 411 2933 alii
429 2877 726 2945 Jeremiam,
751 2887 840 2932 aut
861 2895 1016 2932 unum
1037 2894 1099 2933 ea:
1129 2876 1416 2950 Prop/retis.
1459 2878 1527 2932 Et
1551 2878 1640 2934 ille
1666 2896 1685 2935 :

131 2967 217 3026 Vos
241 2987 346 3026 vero
386 2988 532 3042 quem
557 2988 636 3026 me
661 2971 828 3025 dicitis
861 2988 968 3026 esse
986 2972 1012 3026 ?
1054 2970 1332 3042 Respondit
1355 2970 1537 3026 Petrus
1563 2988 1582 3026 :
1607 2971 1687 3026 Tu

125 3060 401 3117 «Christus
430 3061 598 3117 Filius
631 3061 725 3116 Dei
763 3063 859 3116 vivi
902 3061 1134 3133 (Matth.
1165 3078 1251 3117 xw
1275 3103 1288 3128 ,
1331 3060 1540 3134 15-16).
1592 3062 1687 3119 llle

127 3150 239 3208 dixit
265 3169 319 3209 se
341 3153 537 3209 Filium
566 3152 830 3220 hominis,
873 3161 928 3209 et
957 3153 1144 3208 Petrus
1174 3169 1294 3208 eum
1339 3152 1469 3208 dixit
1492 3153 1685 3209 Filium

131 3241 216 3298 Dei
249 3245 368 3300 vivi.
411 3243 622 3314 Optime
670 3245 760 3300 ille
793 3243 1246 3299 commemorabat
1293 3244 1433 3314 quod
1472 3244 1686 3301 miseri-

130 3335 346 3392 corditer
371 3336 710 3393 exhibuerat:
745 3336 834 3392 ille
857 3336 1309 3393 commemorabat
1329 3335 1470 3407 quod
1493 3337 1547 3391 in
1575 3338 1688 3392 cla-

133 3425 270 3483 ritate
307 3427 661 3498 permanebat.
704 3427 940 3484 Verbum
983 3425 1078 3484 Dei
1105 3427 1445 3484 commendat
1473 3427 1685 3483 humili-

135 3526 271 3574 tatem
290 3535 453 3588 suam,
487 3521 651 3577 homo
676 3521 919 3592 agnoscit
936 3520 1227 3575 claritatem
1257 3521 1464 3575 Domini
1485 3521 1588 3576 sui.
1614 3521 1682 3576 Et

139 3623 323 3677 revera,
364 3611 588 3678 fratres,
635 3620 761 3682 puto
789 3611 910 3681 quia
932 3609 1131 3680 justum
1158 3618 1273 3675 est;
1315 3609 1608 3664 humiliavit
1629 3625 1690 3666 se

139 3711 322 3770 propter
347 3717 476 3770 nos,
519 3702 880 3774 gloriﬁcemus
906 3701 1055 3756 illum
1082 3715 1179 3755 nos
1203 3719 1216 3755 :
1245 3715 1350 3755 non
1382 3701 1521 3757 enim
1552 3700 1689 3756 [ilius

142 3789 338 3851 hominis
362 3805 576 3867 propter
603 3810 662 3852 se
691 3804 805 3864 est,
847 3794 940 3850 sed
986 3803 1202 3865 propter
1228 3809 1344 3850 nos.
1391 3795 1533 3866 Ergo
1574 3803 1690 3850 erat

143 3880 259 3939 ﬁlius
287 3887 511 3942 hominis
555 3886 646 3942 illo
690 3887 880 3954 modo,
930 3901 1049 3943 cum
1091 3885 1308 3941 Verbum
1355 3903 1472 3940 caro
1497 3890 1690 3958 factum

144 3985 201 4030 est
219 4019 232 4043 ,
259 3989 299 4034 et
323 3981 558 4036 habitavit
584 3982 637 4036 in
661 3980 800 4036 nobis
823 3970 999 4052 (Joan.
1031 3996 1069 4048 ι,
1102 3978 1213 4051 li).
1237 3978 1361 4036 ldeo
1387 3979 1530 4036 enim
1556 3980 1690 4034 [tunc

145 4066 258 4127 Deus
279 4072 425 4129 Pater
445 4075 684 4146 signavit.
721 4074 943 4145 Signare
967 4073 1096 4146 quid
1119 4082 1230 4138 est,
1276 4071 1378 4128 nisi
1418 4072 1689 4142 proprium

145 4160 311 4234 aliquid
337 4166 566 4236 ponere?
596 4165 710 4222 Hoc
738 4173 821 4222 est
840 4165 981 4220 enim
1009 4164 1217 4235 signare
1237 4204 1251 4229 ,
1283 4163 1558 4234 imponere
1591 4164 1688 4218 ali-

148 4253 250 4321 quid
277 4256 407 4327 quod
429 4273 536 4313 non
567 4255 919 4313 confundatur
933 4270 1053 4311 cum
1080 4255 1306 4311 caeteris.
1341 4254 1584 4325 Signare,
1607 4263 1691 4312 est

149 4344 321 4416 signum
345 4349 418 4405 rei
445 4363 664 4421 ponere.
692 4347 1018 4418 Cuicumque
1036 4345 1115 4401 rei
1140 4345 1294 4416 ponis
1317 4346 1542 4416 signum,
1569 4343 1692 4400 ideo

153 4437 279 4505 ponis
302 4440 532 4512 signum,
565 4455 634 4496 ne
659 4437 880 4496 confusa
909 4453 1030 4494 cum
1061 4437 1180 4492 aliis
1203 4477 1219 4503 ,
1250 4452 1280 4491 a
1307 4446 1359 4492 te
1387 4452 1492 4492 non
1523 4436 1693 4506 possit

153 4532 346 4598 agnosci.
379 4531 534 4588 Pater
568 4545 701 4604 ergo
742 4547 854 4586 eum
883 4529 1115 4602 signavit.
1147 4527 1283 4595 Quid
1313 4538 1414 4594 est,
1437 4526 1693 4599 signavit?

156 4618 391 4693 Proprium
422 4624 675 4698 quiddam
705 4623 781 4679 illi
801 4622 984 4690 dedit,
1024 4637 1093 4678 nc
1119 4621 1326 4676 ueteris
1350 4627 1694 4692 comparetur

159 4711 437 4776 hominibus.
474 4719 602 4775 Ideo
625 4717 694 4774 de
723 4717 816 4772 illo
841 4717 1038 4772 dictum
1069 4722 1152 4770 est
1177 4755 1192 4780 ,
1238 4713 1392 4768 Una-it
1414 4721 1492 4779 te,
1522 4711 1691 4778 Deus,

159 4800 272 4862 Deus
290 4819 394 4866 tuus
412 4809 522 4866 oleo
533 4809 902 4874 cxsultationis,
929 4822 1036 4878 prae
1054 4804 1380 4878 participibus
1401 4804 1500 4859 tuis
1521 4803 1693 4876 (Psal.

163 4910 278 4965 xuv,
298 4900 367 4972 8).
388 4898 543 4974 ‘Ergo
569 4902 781 4973 signare
811 4897 936 4971 quid
961 4897 1080 4954 est?
1120 4897 1414 4968 Exceptum
1459 4895 1693 4951 habere:

166 4987 245 5046 hoc
266 5001 364 5062 est,
391 5010 492 5065 pra:
519 4993 848 5066 participibus
883 4991 998 5045 tuis.
1047 4989 1228 5061 Itaque
1267 4989 1462 5056 nolite,
1491 4987 1693 5058 inquit,

165 5092 234 5136 tne
257 5093 580 5142 contemnere
598 5127 616 5154 ,
646 5084 767 5155 quia
797 5083 938 5138 titius
957 5096 1075 5137 sum
1095 5079 1364 5145 hominis;
1395 5089 1451 5135 et
1474 5077 1698 5150 quaerite

167 5185 281 5232 alue
301 5177 454 5232 cibum
488 5194 592 5233 non
611 5176 699 5248 qui
736 5175 884 5246 perit,
913 5173 1002 5231 sed
1039 5172 1126 5243 qui
1160 5181 1416 5245 permanet
1454 5171 1508 5225 in
1545 5171 1700 5224 vitam

169 5272 384 5325 “non.
425 5270 514 5328 Sic
540 5269 685 5327 enim
729 5267 870 5326 ﬁlius
896 5265 1130 5323 hominis
1168 5278 1319 5331 sum,
1377 5272 1437 5319 ut
1462 5279 1570 5320 non
1597 5263 1700 5318 sim

172 5369 284 5416 unus
303 5377 361 5420 ex
381 5364 528 5422 vobis
552 5382 566 5418 :
594 5363 674 5421 sic
699 5377 818 5419 sum
841 5360 982 5417 titius
1007 5359 1260 5425 hominis,
1291 5366 1351 5413 ut
1375 5357 1534 5413 Pater
1561 5351 1703 5413 Deus

173 5461 242 5506 me
273 5453 508 5526 signaret.
553 5455 690 5524 Quid
731 5462 846 5522 est,
898 5451 1164 5524 signaret?
1191 5449 1471 5522 Proprium
1505 5448 1704 5520 aliquid

172 5539 278 5599 Inibi
314 5544 486 5615 daret,
534 5563 642 5619 quo
670 5562 775 5603 non
803 5543 1156 5603 confunderer
1193 5559 1314 5599 cum
1358 5557 1557 5615 genere
1600 5540 1702 5598 hu-

173 5646 322 5707 mano,
346 5641 435 5698 sed
456 5657 550 5714 per
575 5657 665 5699 me
691 5641 1006 5698 liberaretur
1031 5655 1198 5712 genus
1223 5639 1531 5694 humanum.

230 5729 306 5788 ιι
340 5733 582 5794 Dixerunt
606 5753 724 5809 ergo
747 5735 816 5791 ad
847 5751 960 5791 cum
984 5750 1003 5789 :
1031 5732 1165 5801 Quid
1185 5732 1426 5806 facimus
1452 5741 1507 5788 ut
1527 5748 1701 5804 opere-

131 5825 134 5828 ’
176 5829 424 5902 "Morem
456 5831 583 5889 Dei?
612 5831 824 5890 Dixerat
850 5829 993 5888 enim
1020 5827 1146 5902 illis,
1177 5825 1471 5900 Operamini
1500 5843 1663 5884 escam
1683 5867 1698 5898 ,

1256 364 1662 424 TRACTATUS
1702 360 1866 425 XXV.
1897 361 2120 424 CAPUT
2157 362 2244 423 Vl.

3234 376 3369 439 160!

1794 502 1894 541 non
1919 502 2032 557 qua:
2075 487 2233 558 perit,
2280 487 2370 542 sed
2408 503 2521 560 qua:
2556 499 2810 563 permanet
2845 491 2900 550 in
2919 494 3071 552 vitam
3105 504 3363 559 cateruam.

1793 578 1931 644 Quid
1949 580 2209 651 faciemus,
2243 579 2522 653 inquiunt?
2547 582 2673 653 quid
2701 585 3034 642 observando
3053 629 3070 657 ,
3097 587 3200 646 hoc
3218 605 3364 660 pra:-

1789 681 2001 742 ceptum
2029 673 2248 744 implere
2273 675 2596 744 poterimus?
2621 675 2899 750 Respondit
2921 678 3104 749 Iesus,
3141 691 3190 737 et
3235 683 3367 740 dixit

1789 763 1860 818 eis
1882 779 1902 818 :
1931 763 2043 819 Hoc
2083 774 2156 820 est
2179 782 2305 839 opus
2347 767 2440 823 Dei
2461 811 2477 836 ,
2523 778 2579 824 ut
2613 770 2833 827 credatis
2858 773 2910 827 in
2931 789 3044 828 eum
3063 791 3211 846 quem
3234 776 3367 834 misit

1789 857 1894 913 ille.
1927 859 2038 915 Hoc
2067 871 2149 918 est
2185 878 2313 934 ergo
2338 864 2658 924 manducare
2682 867 2850 923 cibum
2878 886 2979 925 non
2997 871 3082 941 qui
3105 871 3253 942 perit,
3277 869 3366 926 sed

1789 951 1874 1019 qui
1895 963 2150 1024 permanet
2168 955 2223 1010 in
2249 957 2401 1011 vitam
2419 965 2676 1014 aeternam.
2705 959 2903 1031 thuid
2930 976 3085 1033 paras
3103 962 3290 1019 dentes
3309 971 3365 1020 et

1788 1045 2065 1099 ventrem?
2100 1045 2291 1114 crede,
2321 1055 2375 1103 et
2402 1049 2751 1106 manducasti.
2783 1050 3110 1108 Discernitur
3147 1053 3364 1125 quidem

1788 1133 1854 1190 ab
1881 1135 2131 1206 operibus
2161 1137 2313 1207 ﬁdes,
2344 1140 2480 1196 sicut
2499 1143 2784 1212 Apostolus
2808 1144 2956 1214 dicit,
2970 1147 3250 1218 justi/icari
3269 1149 3362 1204 Ito-

1787 1226 1971 1282 minem
1993 1245 2080 1298 per
2100 1230 2254 1299 ﬁdem
2281 1232 2390 1287 sine
2408 1234 2642 1303 aperibus
2665 1234 2813 1308 Legis
2837 1235 3014 1309 (Rom.
3041 1254 3120 1306 tn,
3141 1239 3232 1313 28)
3265 1257 3280 1296 :
3307 1249 3366 1298 et

1788 1327 1913 1373 sunt
1954 1335 2115 1390 opera
2158 1337 2277 1393 qua:
2304 1323 2551 1382 videntur
2578 1326 2714 1382 bona
2731 1368 2746 1394 ,
2773 1329 2889 1386 sine
2916 1329 3020 1387 ﬁde
3055 1330 3284 1399 Christi;
3311 1341 3366 1392 et

1788 1423 1894 1465 non
1920 1421 2041 1467 sunt
2069 1412 2228 1479 bona,
2254 1416 2376 1486 quia
2407 1431 2510 1472 non
2540 1418 2844 1476 referuntur
2870 1421 2939 1476 ad
2959 1437 3082 1478 eum
3110 1422 3270 1480 linem
3294 1438 3365 1481 ex

1786 1516 1893 1571 quo
1919 1510 2042 1558 sunt
2067 1503 2204 1560 bona
2229 1523 2242 1559 :
2277 1505 2420 1562 Finis
2448 1510 2580 1564 enim
2608 1509 2758 1582 Legis
2797 1511 3028 1570 Christus
3047 1555 3062 1580 ,
3101 1516 3170 1569 ad
3201 1516 3364 1586 justi-

1787 1592 1908 1647 tiam
1937 1595 2073 1649 ontni
2094 1597 2315 1652 credenti
2357 1597 2465 1671 (Id.
2497 1615 2564 1666 x,
2600 1602 2680 1672 4).
2712 1602 2837 1658 Ideo
2864 1604 3031 1660 noluit
3058 1604 3364 1664 discernere

1721 1680 1743 1695 ’
1785 1681 1854 1736 ab
1878 1696 2041 1754 opere
2063 1685 2244 1754 tidem,
2275 1686 2370 1743 sed
2398 1687 2565 1758 ipsam
2591 1689 2748 1746 ﬁdem
2774 1691 2908 1748 dixit
2933 1708 3052 1751 esse
3071 1710 3222 1766 opus.
3244 1695 3364 1768 Ipsa

1786 1779 1869 1827 est
1892 1775 2034 1829 enim
2064 1775 2195 1832 ﬁdes
2233 1793 2353 1848 qua:
2381 1793 2476 1849 per
2502 1778 2840 1838 dilectionem
2876 1795 3128 1855 operatur
3152 1785 3350 1858 (Colat.

1787 1878 1843 1931 v,
1871 1863 1946 1935 6).
1968 1863 2079 1922 Nec
2105 1867 2273 1937 dixit,
2294 1868 2408 1925 Hoc
2437 1880 2519 1926 est
2544 1887 2676 1943 opus
2694 1882 2962 1942 vestrum;
2987 1877 3080 1932 sed
3098 1917 3116 1943 ,
3154 1875 3267 1934 Hoc
3293 1888 3366 1936 est

1786 1969 1913 2026 Opus
1940 1954 2066 2023 Dei,
2107 1967 2162 2012 ut
2202 1960 2415 2014 credatis
2451 1961 2504 2016 in
2535 1979 2649 2017 eum
2683 1979 2829 2035 quem
2862 1965 2995 2019 misit
3019 1966 3110 2022 ille
3131 1982 3151 2022 :
3174 1976 3236 2024 ut
3272 1973 3364 2041 qui

1785 2045 2058 2116 gloriatur,
2108 2047 2161 2103 in
2213 2049 2439 2107 Domino
2483 2053 2741 2123 glorietur
2779 2055 2826 2127 (Ι
2845 2055 2964 2112 Cor.
2989 2073 3044 2125 ι,
3088 2059 3202 2132 51).
3231 2059 3367 2128 Quia

1787 2152 1915 2208 ergo
1952 2140 2205 2195 invitabat
2246 2157 2338 2198 eos
2380 2142 2446 2199 ad
2487 2145 2684 2214 tidem,
2732 2147 2808 2203 illi
2852 2148 3027 2207 adhuc
3055 2151 3370 2222 quterebant

1785 2228 1936 2300 signa
1975 2231 2166 2302 quibus
2201 2233 2500 2291 crederent.
2536 2237 2667 2294 Vide
2691 2237 2861 2296 sinon
2900 2239 3073 2297 Judaei
3099 2242 3248 2315 signa
3276 2259 3368 2315 pe-

1787 2329 1924 2376 tunt.
1957 2322 2213 2379 Dixerunt
2231 2341 2358 2396 ergo
2384 2326 2470 2394 ei,
2501 2327 2650 2393 Quod
2675 2345 2792 2401 ergo
2823 2339 2878 2384 tu
2900 2331 3025 2401 {ocis
3048 2333 3248 2406 signum
3265 2374 3283 2402 ,
3309 2342 3367 2390 ut

1786 2414 2041 2471 videamus
2087 2426 2134 2472 et
2180 2418 2445 2474 credamus
2470 2419 2600 2474 tibi?
2645 2422 2766 2492 quid
2790 2425 3058 2493 operaris.’
3099 2420 3365 2485 Parumne

1787 2516 1904 2563 erat
1940 2508 2081 2579 quod
2127 2508 2195 2566 de
2235 2511 2468 2582 quinque
2504 2513 2726 2583 panibus
2753 2516 2890 2586 pasti
2917 2518 3076 2572 sunt?
3117 2517 3369 2576 Sciebant

1788 2597 1890 2654 hoc
1915 2599 2126 2670 quidem
2148 2641 2164 2666 ,
2206 2600 2300 2656 sed
2329 2601 2453 2658 huic
2491 2602 2610 2659 cibo
2645 2620 2840 2662 manna
2867 2606 2934 2663 de
2958 2608 3096 2665 caelo
3120 2611 3368 2681 praetere-

1789 2687 1937 2744 bant.
1964 2691 2221 2748 Dominus
2240 2703 2417 2749 autem
2442 2693 2595 2750 Jesus
2614 2695 2772 2751 talem
2800 2712 2860 2753 se
2877 2698 3106 2766 dicebat,
3130 2709 3189 2756 ut
3201 2701 3367 2773 Moysi

1787 2791 2141 2853 praaponeret.
2169 2783 2285 2840 Non
2315 2784 2457 2840 enim
2497 2801 2658 2842 ausus
2683 2797 2763 2844 est
2787 2788 2996 2862 Moyses
3020 2791 3089 2848 de
3111 2807 3171 2849 se
3189 2792 3369 2851 dicere

1787 2873 1929 2943 quod
1951 2873 2103 2930 daret
2139 2875 2306 2930 cibum
2344 2893 2447 2932 non
2487 2879 2571 2946 qui
2598 2879 2750 2950 perit,
2799 2879 2889 2936 sed
2918 2881 3004 2952 qui
3025 2894 3282 2953 permanet
3313 2885 3370 2940 in

1787 2965 1941 3018 vitam
1988 2975 2244 3020 wternam.
2285 2967 2500 3038 Aliquid
2542 2970 2661 3039 plus
2690 2971 2792 3028 iste
2836 2974 3178 3042 promittebat
3203 2991 3366 3046 quam

1789 3055 2016 3128 Moyses.
2042 3057 2145 3113 Per
2169 3058 2383 3148 Moysen
2404 3059 2600 3132 quippe
2617 3063 3020 3132 promittebatur
3044 3081 3287 3138 regnum,
3313 3077 3371 3126 et

1788 3155 1930 3204 terra
1951 3149 2122 3205 ﬂuens
2146 3151 2231 3206 lac
2266 3159 2321 3206 et
2348 3153 2492 3219 mel,
2525 3155 2830 3224 temporalis
2866 3171 2999 3228 pax,
3045 3158 3370 3217 abundantia

1790 3239 2044 3309 ﬁliorum,
2067 3242 2210 3298 salus
2237 3243 2502 3314 corporis,
2524 3253 2578 3300 et
2603 3255 2795 3303 caetera
2815 3249 2992 3304 omnia
3010 3290 3026 3318 ,
3059 3252 3371 3322 temporalia

1789 3332 2030 3402 quidem,
2075 3333 2126 3388 in
2155 3335 2318 3406 ﬁgura
2347 3344 2523 3392 tamen
2553 3338 2846 3408 spiritualia
2879 3358 2892 3395 :
2925 3342 3048 3412 quia
3069 3344 3238 3401 veteri
3267 3343 3370 3401 ho-

1789 3423 1917 3477 mini
1941 3423 1993 3478 in
2021 3423 2214 3482 Vetere
2237 3425 2582 3484 Testamento
2611 3430 3077 3500 promittebantur.
3101 3435 3363 3492 Attende-

1789 3512 1917 3568 bant
1939 3529 2066 3586 ergo
2091 3517 2350 3586 promissa
2379 3532 2477 3588 per
2499 3518 2715 3591 Moysen
2737 3562 2753 3589 ,
2801 3531 2856 3578 et
2877 3523 3222 3581 attendebant
3245 3541 3372 3596 pro-

1791 3602 1953 3658 missa
1980 3619 2076 3674 per
2102 3604 2390 3661 Christum.
2435 3608 2528 3664 llle
2570 3609 2788 3680 plenum
2829 3621 3068 3670 ventrem
3095 3616 3371 3684 promitte-

1794 3691 1883 3746 bat
1912 3693 1964 3748 in
1997 3703 2135 3750 terra
2161 3737 2176 3764 ,
2208 3696 2302 3752 sed
2330 3697 2450 3754 cibo
2477 3697 2569 3769 qui
2598 3701 2769 3770 perit:
2801 3702 2902 3759 iste
2925 3703 3268 3775 promittebat
3292 3707 3367 3761 ci-

1791 3785 1910 3840 bum
1955 3803 2056 3842 non
2099 3791 2185 3858 qui
2224 3791 2391 3860 perit,
2446 3791 2536 3845 sed
2573 3793 2658 3862 qui
2702 3805 2959 3864 permanet
3005 3796 3060 3851 in
3106 3807 3368 3854 wternum.

1791 3877 2150 3934 Attendehant
2170 3896 2290 3936 eum
2319 3881 2439 3951 plus
2459 3883 2876 3954 promittentem,
2893 3896 2947 3944 et
2964 3889 3114 3959 quasi
3135 3890 3371 3948 nondum

1791 3968 2040 4025 videbant
2064 3971 2262 4041 majora
2289 3970 2590 4030 iacientem.
2608 3976 2970 4035 Attendebant
2995 3981 3172 4053 itaque
3196 3984 3374 4055 qualia

1792 4060 2009 4116 fecisset
2060 4059 2296 4133 Moyses,
2349 4072 2404 4119 et
2453 4063 2629 4121 adhuc
2665 4066 2840 4138 aliqua
2883 4070 3088 4140 majora
3129 4073 3377 4130 volebant

1793 4150 1908 4207 ﬁeri
1948 4151 2014 4208 ab
2057 4167 2124 4208 eo
2163 4153 2254 4224 qui
2295 4159 2406 4208 tam
2441 4169 2629 4225 magna
2667 4157 3035 4227 pollicebatur.
3078 4161 3243 4229 Quid,
3291 4163 3372 4218 in-

1792 4242 2015 4313 quiunt,
2066 4244 2231 4310 facis,
2275 4252 2336 4299 ut
2363 4245 2644 4302 credamus
2672 4246 2802 4302 tibi?
2840 4247 2908 4304 Et
2933 4255 2991 4304 ut
3013 4251 3227 4308 noveris
3250 4253 3373 4324 quia

1793 4333 2049 4390 miracula
2103 4335 2189 4390 illa
2225 4335 2350 4392 huic
2403 4337 2660 4395 miraculo
2711 4341 3124 4412 comparabant,
3166 4352 3221 4400 et
3245 4345 3368 4412 ideo

1793 4425 1944 4498 quasi
1975 4427 2181 4485 minora
2206 4429 2304 4485 ista
2327 4428 2634 4502 judicabant
2659 4446 2776 4503 qua:
2801 4431 3200 4492 faciebatJesus
3221 4454 3237 4492 :
3255 4435 3373 4492 Pa-

1797 4527 1917 4585 tres,
1947 4519 2209 4592 inquiunt,
2238 4523 2397 4578 nostri
2415 4539 2600 4578 manna
2623 4524 3052 4583 manducaverunt
3076 4529 3130 4584 in
3151 4529 3371 4589 deserto.

1796 4608 1902 4666 Sed
1938 4612 2064 4683 quid
2101 4622 2182 4670 est
2225 4614 2454 4671 manna?
2490 4615 2649 4674 Forte
2687 4619 3044 4678 contemnitis.
3077 4621 3222 4678 Sicut
3246 4624 3376 4680 scri-

1799 4713 1941 4776 ptum
1983 4715 2083 4775 est,
2133 4708 2280 4764 Dedit
2306 4709 2408 4765 illis
2436 4727 2623 4766 manna
2647 4713 2972 4769 manducare.
3018 4714 3122 4771 Per
3157 4714 3378 4790 Moysen

1798 4809 1981 4872 patres
2007 4800 2174 4858 nostri
2203 4817 2394 4874 panem
2423 4803 2490 4860 de
2512 4805 2650 4861 creto
2674 4815 3032 4878 acceperunt,
3074 4816 3130 4864 et
3154 4824 3262 4866 non
3293 4811 3374 4867 eis

1800 4893 2000 4949 dictum
2028 4903 2112 4951 est
2153 4909 2184 4949 a
2218 4894 2398 4968 Moyse
2419 4937 2432 4960 ,
2487 4895 2781 4967 Operamim'
2801 4898 2966 4954 cibum
2989 4916 3090 4955 non
3115 4901 3204 4970 qui
3226 4902 3375 4971 perit.

1802 4986 1880 5043 'l‘u
1908 4987 2171 5058 promittis
2198 4988 2361 5042 cibum
2385 5005 2486 5044 non
2508 4989 2594 5060 qui
2613 4991 2776 5061 perit,
2813 4990 2903 5047 sed
2933 4992 3019 5064 qui
3041 5004 3299 5062 permanet
3325 4995 3381 5050 iu

1803 5081 1954 5135 vitam
1981 5088 2254 5146 (sternam,
2302 5089 2357 5136 et
2383 5094 2489 5136 non
2540 5080 2661 5136 talia
2711 5096 2874 5152 opera
2917 5082 3156 5153 operaris
3203 5085 3381 5156 qualia

1803 5171 2035 5244 Moyses.
2076 5171 2246 5227 Panes
2278 5170 2606 5228 hordeaceos
2637 5170 2725 5228 ille
2753 5187 2858 5228 non
2887 5172 3067 5242 dedit,
3112 5173 3207 5232 sed
3236 5174 3384 5232 dedit

1805 5279 1998 5320 manna
2025 5264 2094 5320 de
2116 5264 2275 5321 coelo.

1881 5359 1968 5414 l3.
2012 5358 2152 5412 Discit
2171 5375 2289 5429 ergo
2315 5359 2384 5415 eis
2423 5357 2572 5414 Iesus
2599 5374 2618 5415 .'
2650 5358 2811 5415 Amen
2834 5401 2851 5430 ,
2899 5377 3044 5416 amen
3070 5360 3185 5416 dico
3206 5358 3342 5416 vobis
3360 5400 3377 5428 ,

1813 5467 1914 5506 non
1945 5450 2145 5522 Moyses
2167 5451 2302 5506 dedit
2317 5451 2452 5506 vobis
2473 5468 2654 5523 panem
2685 5453 2750 5507 de
2775 5453 2898 5508 caelo
2917 5493 2932 5517 ,
2959 5452 3048 5508 sed
3071 5451 3224 5505 Pater
3244 5467 3384 5506 meus

1809 5543 1945 5599 dedit
1965 5543 2102 5599 vobis
2123 5560 2304 5615 panem
2329 5543 2392 5598 de
2424 5545 2570 5600 caelo.
2609 5544 2767 5601 Verus
2793 5546 2925 5600 enim
2951 5545 3096 5615 panis
3127 5544 3303 5617 estqui
3321 5544 3386 5600 de

1809 5639 1932 5692 cmlo
1952 5636 2235 5704 descendit,
2281 5646 2327 5691 et
2368 5637 2453 5690 dat
2489 5637 2641 5691 vitam
2675 5635 2880 5690 mundo.
2927 5635 3094 5692 Verus
3128 5650 3254 5706 ergo
3293 5635 3386 5693 ille

1810 5729 1965 5800 panis
1987 5738 2072 5786 est
2095 5729 2184 5800 qui
2211 5728 2303 5785 dat
2327 5729 2488 5784 vitam
2519 5728 2749 5793 mundo;
2788 5735 2844 5781 et
2879 5726 2995 5797 ipse
3035 5726 3186 5784 cibus
3207 5728 3388 5786 estde

1810 5839 1917 5898 quo
1944 5824 2100 5895 paulo
2128 5832 2252 5881 ante
2278 5822 2482 5880 locutus
2510 5836 2648 5890 sum,
2680 5819 2974 5890 Operamini
2992 5820 3154 5879 cibum
3175 5839 3276 5880 non
3299 5823 3389 5897 qui

2039 5973 2063 5981 η..
2103 5963 2257 5983 *ξιον
