3916 6374
145 335 268 396 i605

143 450 292 506 bimus
320 465 506 504 tamen.
546 449 808 506 Prwtende
851 449 1242 506 misericordiam
1269 460 1406 504 tuam
1430 449 1697 506 scientibus

142 551 184 596 te
201 583 215 608 ,
244 550 288 596 et
301 538 562 612 judtiam
590 549 725 595 tuam
768 541 846 596 his
869 544 953 612 qui
978 551 1109 597 recto
1151 550 1266 597 sunt
1290 542 1457 598 corde.
1486 542 1586 610 Qui
1612 556 1700 599 se-

140 645 356 707 quuntur
383 636 706 692 voluntatem
736 638 943 694 Domini
967 639 1080 704 sui,
1113 653 1218 694 non
1248 647 1547 710 quaerentes
1573 653 1697 704 sua,

137 727 224 783 sed
257 740 370 797 qua)
392 725 600 781 Domini
626 723 752 782 Jesu
777 725 1004 796 Christi,
1043 727 1141 799 ipsi
1189 733 1314 783 sunt
1338 729 1466 784 recti
1505 729 1697 798 corde,

136 818 254 888 ipsis
295 830 398 872 non
450 827 854 875 commoventur
913 819 1096 891 pedes.
1145 819 1319 876 Bonus
1368 820 1509 877 enim
1562 817 1699 877 Deus

137 907 286 965 israei
307 907 452 964 rectis
483 907 654 964 corde.
685 907 791 964 Mei
816 919 1016 977 autem,
1045 909 1215 981 inquit
1257 912 1376 979 ille,
1411 927 1536 984 pene
1562 928 1701 966 com-

135 1000 242 1053 moti
274 1008 386 1053 sunt
431 998 606 1069 pedes.
648 1000 865 1067 Quare?
910 999 1042 1070 Quia
1069 1002 1228 1057 zciavi
1250 1004 1303 1057 in
1334 1003 1694 1074 peccatoribus,

136 1108 292 1162 pacem
322 1101 645 1163 peccatorum
688 1093 886 1149 intuens
933 1091 1102 1166 (Psal.
1163 1109 1343 1163 Lxxu,
1379 1097 1511 1168 1-5).
1561 1097 1699 1168 Ergo

140 1183 312 1254 quibus
332 1183 506 1239 bonus
530 1193 613 1240 est
645 1185 814 1253 Deus,
843 1185 941 1241 nisi
993 1186 1152 1242 rectis
1193 1187 1386 1244 corde?
1409 1184 1541 1242 Nam
1569 1185 1698 1242 mihi

135 1281 260 1330 torto
283 1274 440 1330 corde
476 1273 749 1347 displicuit
798 1277 957 1333 Deus.
1004 1277 1178 1348 Quare
1219 1279 1522 1350 dieplieuit?
1564 1279 1699 1346 Quia

133 1365 262 1421 dedit
288 1365 592 1422 felicitatem
619 1368 774 1422 malis
811 1385 824 1421 :
858 1375 911 1424 et
936 1369 1058 1426 ideo
1086 1375 1403 1426 mutaverunt
1433 1371 1562 1426 mihi
1603 1387 1698 1443 pe-

133 1461 240 1525 des,
267 1459 411 1530 quasi
441 1461 564 1516 sine
598 1475 758 1517 causa
788 1458 1070 1518 servissem
1105 1464 1235 1520 Deo.
1262 1463 1388 1520 Ideo
1416 1479 1544 1534 ergo
1590 1464 1697 1520 mei

133 1565 250 1620 pene
269 1553 521 1608 commoti
551 1561 674 1609 sunt
701 1555 884 1624 pedes,
914 1556 1036 1626 quia
1067 1573 1172 1611 non
1207 1555 1280 1612 fui
1311 1566 1485 1613 rectus
1511 1557 1692 1614 corde.

131 1643 248 1709 Quid
274 1651 508 1714 estergo
535 1653 711 1700 rectus
737 1646 1195 1717 corde?Sequens
1225 1645 1550 1703 voluntatem
1578 1648 1692 1704 Dei.

136 1735 260 1790 Felix
274 1745 352 1792 est
368 1737 477 1803 ille,
493 1737 702 1793 laborat
723 1739 808 1793 ille
826 1755 840 1792 :
862 1739 952 1794 ille
971 1738 1110 1794 male
1127 1739 1254 1794 vivit
1273 1747 1323 1794 et
1343 1737 1468 1794 felix
1487 1748 1589 1807 est,
1605 1739 1695 1796 ille

133 1828 250 1897 justo
271 1829 395 1883 vivit
423 1837 480 1884 et
499 1829 726 1884 laborat.
755 1828 872 1884 Non
909 1828 1213 1899 indignetur
1248 1829 1390 1900 justo
1423 1832 1611 1886 vivens
1641 1839 1697 1886 et

135 1919 378 1986 laborans;
406 1923 556 1976 intus
581 1921 740 1977 habet
774 1920 915 1990 quod
941 1920 1064 1976 felix
1095 1921 1181 1976 ille
1211 1935 1316 1976 non
1353 1921 1512 1977 habet
1539 1939 1552 1974 :
1587 1937 1692 1978 non

135 2029 241 2086 ergo
261 2016 522 2082 tristetur,
553 2031 658 2070 non
687 2024 1004 2082 macerctur,
1037 2031 1139 2069 non
1163 2014 1396 2070 deficiat.
1426 2014 1575 2070 Felix
1603 2015 1693 2071 ille

133 2105 269 2161 habet
296 2106 406 2178 ipse
430 2121 625 2162 aurum
669 2109 721 2162 in
751 2122 896 2173 arca,
925 2107 1024 2162 iste
1049 2108 1214 2162 Deum
1254 2106 1309 2161 in
1343 2107 1688 2162 conscientia.

132 2194 360 2267 Compara
401 2213 549 2253 nunc
578 2212 768 2253 aurum
795 2204 850 2254 et
878 2199 1044 2253 Deum
1063 2241 1076 2263 ,
1120 2213 1296 2254 arcam
1327 2206 1380 2254 et
1406 2199 1690 2253 conscien-

135 2289 256 2344 tiam.
305 2289 394 2346 Ille
437 2289 574 2345 illud
619 2290 781 2344 habet
811 2290 952 2360 quod
998 2289 1154 2360 perit,
1182 2300 1234 2344 et
1263 2289 1331 2344 ibi
1365 2289 1519 2344 habet
1551 2290 1692 2347 unde

131 2381 274 2452 perit;
301 2379 397 2438 iste
430 2383 598 2439 Deum
630 2381 822 2448 habet,
852 2383 938 2451 qui
970 2383 1145 2452 perire
1175 2398 1278 2436 non
1309 2388 1514 2451 potest,
1541 2389 1594 2437 et
1618 2382 1690 2437 ibi

132 2473 265 2529 habet
296 2475 396 2530 und
415 2491 445 2530 e
472 2473 664 2530 auferri
687 2487 793 2529 non
821 2484 994 2545 potest
1023 2493 1038 2528 :
1067 2475 1161 2530 sed
1189 2477 1232 2530 si
1250 2475 1320 2529 sit
1359 2485 1538 2531 rectus
1571 2489 1692 2530 cor-

132 2565 208 2630 de;
232 2573 346 2622 tunc
383 2567 536 2621 cnim
579 2567 780 2634 intrat,
809 2574 990 2621 etnon
1016 2566 1144 2621 exit.
1177 2565 1301 2621 ideo
1331 2566 1420 2622 ille
1448 2566 1572 2637 quid
1607 2567 1690 2621 di-

131 2656 290 2712 cebat?
314 2658 574 2724 Quoniam
593 2659 734 2730 apud
763 2666 809 2712 te
836 2668 909 2713 est
935 2660 1049 2728 fons
1075 2659 1188 2713 vitm
1219 2673 1238 2712 :
1268 2674 1371 2713 non
1396 2659 1536 2729 apud
1565 2675 1684 2715 nos.

134 2748 235 2806 Ideo
272 2752 474 2807 intrare
515 2751 776 2806 debemus
813 2757 872 2805 ut
917 2751 1192 2817 vivamus,
1222 2766 1327 2805 non
1357 2751 1508 2821 quasi
1535 2751 1689 2808 nobis

133 2842 346 2901 sufﬁcere
371 2854 437 2900 ut
463 2861 763 2916 pereamus,
798 2859 902 2900 non
927 2845 1077 2915 quasi
1099 2844 1166 2900 de
1197 2853 1379 2900 nostro
1419 2845 1556 2900 velle
1605 2860 1690 2900 sa-

135 2934 232 2989 tiari
255 2943 310 2991 ut
345 2951 654 2992 arescamus
684 2953 696 2989 :
725 2934 818 2990 sed
845 2951 907 2991 os
932 2936 998 2990 ad
1025 2937 1196 3006 ipsum
1223 2935 1420 2991 fontem
1453 2951 1651 3006 ponere
1669 2979 1684 3005 ,

135 3026 208 3082 ubi
228 3041 349 3096 aqua
395 3041 500 3082 non
534 3027 736 3082 deficit.
766 3027 901 3095 Quia
942 3026 1111 3081 voluit
1138 3041 1237 3082 suo
1263 3027 1486 3082 consilio
1509 3027 1690 3083 vivere

137 3117 279 3172 Adam
299 3161 314 3186 ,
334 3124 392 3175 et
417 3119 598 3189 lapsus
616 3127 701 3174 est
724 3134 822 3190 per
849 3133 970 3174 eum
995 3119 1084 3189 qui
1129 3127 1252 3174 ante
1300 3119 1565 3174 ceciderat
1593 3133 1688 3186 per

135 3211 432 3280 superbiam,
473 3213 564 3284 qui
609 3212 658 3267 ei
703 3209 924 3267 calicem
964 3211 1134 3283 ipsius
1159 3213 1420 3281 superbiae
1439 3215 1689 3284 propina~

136 3301 222 3355 vit.
247 3302 371 3370 Quia
395 3317 516 3375 ergo
541 3302 682 3371 apud
707 3312 754 3357 te
778 3312 850 3358 est
872 3306 984 3375 fons
1010 3304 1123 3358 vita
1143 3345 1157 3369 ,
1213 3312 1259 3357 et
1298 3303 1350 3357 in
1377 3302 1566 3358 lumine
1600 3312 1688 3358 tuo

137 3391 384 3448 ridebimus
429 3396 636 3460 lumen;
680 3397 826 3449 intus
869 3394 1148 3460 bibamus,
1196 3395 1336 3449 intus
1389 3394 1682 3450 videamus.

139 3483 286 3551 Quare
303 3486 439 3542 enim
463 3487 586 3542 inde
609 3487 812 3541 exitum
837 3486 958 3541 est?
983 3485 1120 3540 Audi
1137 3501 1300 3557 quare
1330 3503 1344 3541 :
1375 3486 1498 3540 Non
1521 3487 1687 3541 veniat

142 3575 341 3646 mihipes
366 3578 629 3649 superbiat.
664 3578 804 3648 Ergo
841 3577 930 3631 ille
973 3577 1134 3643 exiit,
1177 3582 1260 3632 cui
1304 3579 1448 3633 venit
1474 3592 1568 3648 pes
1597 3591 1686 3633 su-

142 3668 323 3733 perbiat.
347 3669 578 3724 Ostende
598 3669 720 3739 quia
740 3668 860 3724 ideo
887 3668 1036 3722 exiit.
1066 3667 1135 3721 Et
1163 3683 1341 3723 manus
1366 3678 1685 3739 peccatorum

143 3773 224 3813 non
254 3771 469 3816 moveant
517 3777 598 3816 me
633 3779 652 3816 :
689 3771 904 3832 propter
943 3761 1132 3829 pedem
1177 3762 1459 3830 superbius.
1507 3761 1686 3828 Quare

142 3848 222 3906 hoc
236 3853 385 3909 dicis?
407 3855 490 3909 ibi
517 3855 802 3909 ceciderunt
831 3869 1000 3908 omnes
1026 3856 1111 3924 qui
1148 3864 1416 3924 cperantur
1443 3857 1683 3922 iniquita-

141 3951 235 3997 tem.
258 3945 349 4002 Ubi
376 3947 720 4003 ceciderunt?
749 3947 806 4001 In
834 3947 946 4016 ipsa
973 3946 1240 4016 superbia.
1270 3945 1484 4017 Expulsi
1525 3955 1678 4012 sunt,

143 4051 212 4088 nec
231 4048 479 4108 potuerunt
506 4047 646 4094 stare
683 4037 856 4108 (Psal.
881 4052 1037 4093 xxxv
1058 4081 1070 4103 ,
1123 4040 1300 4108 8-13).
1344 4038 1398 4092 Si
1437 4053 1565 4108 ergo
1593 4052 1683 4092 su-

142 4127 289 4196 perbia
308 4132 502 4202 expulit
529 4145 623 4187 eos
648 4131 738 4202 qui
770 4146 875 4185 non
905 4138 1189 4200 potuerunt
1217 4139 1390 4196 stare;
1410 4129 1681 4185 humilitas

143 4218 420 4291 intromittit,
444 4225 534 4295 qui
563 4223 768 4294 possint
811 4223 862 4276 in
897 4231 1208 4292 perpetuum
1239 4231 1399 4277 stare.
1434 4219 1558 4277 Ideo
1594 4228 1680 4278 etc

143 4312 256 4366 enim
281 4315 360 4370 ille
397 4316 486 4386 qui
523 4314 680 4381 dixit,
713 4313 1055 4368 Exsultabunt
1080 4329 1194 4368 ossa
1219 4313 1482 4367 humilium
1499 4330 1519 4380 ;
1539 4329 1681 4383 pra:-

145 4398 264 4468 dixit,
283 4404 483 4459 Aeditui
497 4421 610 4459 meo
627 4405 768 4458 dabis
785 4404 1164 4458 exsultationem
1185 4413 1232 4456 et
1257 4404 1481 4458 lwtitiam
1504 4403 1678 4475 (Psal.

146 4495 304 4569 t.,10).
327 4499 456 4566 Quid
481 4508 594 4564 est,
617 4499 814 4552 auditui
838 4514 947 4551 meo
963 4499 988 4551 τ’
1017 4497 1295 4552 Audienda
1317 4507 1370 4553 te
1393 4497 1512 4552 felix
1538 4512 1674 4565 sum,

146 4583 325 4647 devoce
346 4599 428 4648 tua
460 4591 584 4646 felix
611 4601 764 4658 sum;
802 4591 944 4645 intus
972 4589 1204 4644 bibendo
1231 4587 1352 4643 felix
1383 4603 1522 4644 sum.
1554 4590 1681 4646 Ideo

148 4691 230 4735 non
248 4684 366 4739 cado
382 4725 396 4750 ,
424 4684 544 4739 ideo
571 4681 892 4737 exsultabant
920 4698 1034 4736 ossa
1063 4683 1328 4736 humilium
1355 4698 1374 4736 :
1408 4682 1528 4738 ideo
1551 4685 1678 4738 ami-

149 4783 216 4824 cus
233 4774 382 4842 sponsi
398 4784 516 4841 stat,
543 4783 592 4829 et
615 4773 758 4827 audit
784 4788 897 4826 eum
928 4771 1103 4844 (Joan.
1137 4789 1194 4826 ιιι
1214 4814 1226 4837 ,
1249 4771 1339 4843 29)
1362 4789 1376 4838 ;
1413 4772 1532 4828 ideo
1549 4782 1678 4843 stat,

149 4863 242 4930 quia
262 4866 408 4922 audit.
442 4869 516 4923 De
541 4867 796 4922 interiore
822 4865 966 4920 fonte
997 4867 1160 4932 bibit,
1191 4867 1310 4921 ideo
1339 4873 1454 4922 stat.
1483 4865 1564 4922 Illi
1588 4867 1678 4938 qui

150 4953 382 5012 mliteth
407 4958 472 5015 de
497 4959 753 5013 interiore
796 4957 1006 5023 bibere,
1037 4958 1104 5011 ibi
1138 4959 1678 5029 ceciderunt;ea:pulsi

150 5053 263 5111 nat,
280 5063 360 5102 nec
377 5058 643 5119 potuerunt
672 5058 824 5102 stare.

206 5136 276 5193 18.
308 5141 489 5199 Doctor
511 5143 695 5213 itaque
732 5141 1046 5196 humilitatis
1080 5141 1222 5196 venit
1249 5157 1352 5196 non
1384 5142 1560 5199 facere
1584 5157 1678 5199 vo-

154 5224 360 5287 luntatem
398 5249 543 5290 stram
561 5275 575 5300 ,
606 5233 701 5290 sed
724 5235 1046 5289 voluntatem
1073 5233 1191 5304 ejus
1217 5235 1307 5305 qui
1336 5235 1480 5290 misit
1504 5236 1673 5291 illum.

157 5315 387 5383 Veniamus
403 5329 468 5384 ad
487 5343 610 5384 eum
625 5369 640 5393 ,
695 5328 954 5382 intremus
979 5327 1046 5382 ad
1067 5343 1190 5382 eum
1205 5369 1218 5394 ,
1274 5327 1680 5398 incorporemur

153 5410 190 5463 εἰ
205 5453 218 5477 ,
239 5422 288 5469 ιιι
307 5432 396 5474 nec
414 5431 508 5475 nos
528 5419 784 5474 faciamus
807 5418 1134 5475 voluntatem
1164 5427 1399 5473 nostram
1421 5459 1436 5484 ,
1469 5418 1562 5473 sed
1585 5433 1679 5474 vo-

153 5500 362 5566 luntatem
391 5512 480 5568 Dei
511 5531 524 5566 ε
552 5520 607 5569 et
631 5526 741 5567 non
771 5525 871 5567 nos
887 5511 1068 5582 ejiciet
1095 5510 1258 5574 foras,
1283 5512 1404 5581 quia
1434 5509 1676 5564 membra

153 5592 242 5662 eius
271 5614 463 5670 sumus,
490 5605 610 5676 quia
641 5612 796 5674 caput
821 5611 1064 5658 nostrum
1091 5618 1209 5657 esse
1241 5601 1409 5656 voluit
1434 5601 1677 5656 docendo

154 5683 470 5752 humilitatem.
499 5697 577 5754 Ad
598 5707 894 5754 extremum
917 5739 929 5762 ,
955 5697 1127 5767 ipsum
1153 5695 1330 5751 audite
1355 5695 1679 5750 concionan-

155 5781 265 5836 II:
300 5782 460 5848 Venite
483 5790 550 5845 ad
580 5805 678 5858 me,
703 5790 789 5860 qui
817 5787 1055 5845 laboratis
1085 5798 1128 5843 et
1156 5787 1349 5843 onerati
1375 5787 1490 5842 estis
1525 5801 1544 5838 :
1574 5785 1674 5843 toi.

1237 307 1644 390 TRACTATUS
1681 309 1872 390 xxvi.
1912 333 2139 394 CAPUT
2179 335 2266 392 v1.

3251 345 3392 406 i606

1809 449 1894 505 lite
1907 451 2094 525 jugum
2122 471 2288 509 meum
2313 471 2463 528 super
2497 472 2582 512 uos
2601 499 2616 525 ,
2667 467 2713 514 et
2749 460 2923 517 discite
2940 479 2973 517 a
3015 479 3093 520 me
3119 465 3236 538 quia
3256 471 3391 528 mitis

1806 559 1916 598 sum
1948 554 1995 600 et
2036 544 2240 604 humilis
2264 551 2444 616 corde;
2468 560 2521 608 et
2545 567 2665 608 cum
2694 551 2796 609 hoc
2822 553 3142 624 didiceritis,
3172 558 3390 618 invenie-

1808 638 1870 693 tis
1895 640 2113 713 requiem
2134 643 2397 700 animabus
2425 648 2595 703 vestris
2625 645 2834 721 (Matth.
2865 665 2945 718 xt,
2964 651 3035 707 28
3049 663 3092 706 et
3109 651 3225 725 29),
3246 657 3388 713 unde

1805 745 1912 786 non
1938 732 2222 803 ejiciamini
2249 736 2390 791 foras
2419 755 2431 790 :
2468 737 2587 808 quia
2641 738 2874 795 descendi
2911 739 2975 796 de
3005 744 3157 808 creto,
3189 762 3289 801 non
3328 757 3385 803 ut

1806 823 1989 892 faciant
2015 826 2320 882 uoluntatem
2345 845 2541 899 meam,
2568 829 2658 886 sed
2682 833 2987 889 voluntatem
3006 835 3120 906 ejus
3140 838 3225 908 qui
3253 837 3389 894 misit

1804 929 1916 979 me;
1945 913 2294 974 humilitatem
2321 919 2488 976 doceo
2508 963 2524 989 ,
2549 921 2612 977 ad
2639 939 2724 978 me
2752 923 2934 980 venire
2957 941 3062 980 non
3086 936 3262 997 potest
3285 929 3386 986 nisi

1805 1004 2038 1063 humilis.
2082 1009 2200 1065 Non
2247 1010 2408 1067 mittit
2450 1011 2593 1070 foras
2639 1014 2739 1070 nisi
2790 1017 3037 1087 superbia
3075 1021 3387 1091 :quomodo

1804 1097 1912 1151 exit
1931 1097 2074 1154 foras
2094 1099 2185 1170 qui
2202 1109 2382 1157 servat
2409 1101 2758 1161 humilitatem
2774 1150 2789 1174 ,
2814 1113 2868 1161 et
2896 1124 3000 1163 non
3027 1107 3219 1166 labitur
3240 1127 3269 1166 a
3296 1128 3388 1170 ve-

1804 1193 2000 1250 ritate?
2027 1195 2173 1252 Dicta
2205 1206 2328 1253 sunt
2357 1205 2553 1272 quanta
2599 1201 2701 1256 dici
2756 1214 3042 1273 potuerunt
3068 1203 3136 1262 de
3161 1207 3388 1268 absconc

1803 1284 1914 1340 dito
1956 1302 2114 1343 sensu
2135 1331 2150 1356 ,
2196 1288 2385 1346 fratres
2413 1310 2426 1347 :
2458 1292 2585 1346 satis
2619 1293 2760 1348 enim
2794 1294 2877 1350 hic
2906 1295 3034 1352 latet
3063 1313 3284 1367 sensus,
3330 1309 3385 1358 et

1803 1377 1982 1432 nescio
2011 1383 2182 1434 utrum
2213 1382 2460 1452 congruis
2488 1383 2665 1438 verbis
2695 1399 2722 1436 a
2751 1400 2837 1440 me
2865 1386 2935 1440 sit
2957 1385 3302 1458 depromptus
3328 1399 3386 1448 et

1803 1469 2105 1539 exsculptus
2124 1512 2137 1536 ,
2163 1485 2328 1540 quare
2359 1471 2478 1528 ideo
2502 1489 2606 1527 non
2635 1473 2813 1542 ejiciat
2849 1475 2988 1532 foras
3014 1478 3104 1548 qui
3132 1479 3275 1535 venit
3315 1481 3384 1538 ad

1803 1557 1970 1623 illum,
2005 1559 2124 1628 quia
2149 1576 2251 1614 non
2279 1563 2423 1616 venit
2445 1562 2614 1617 facere
2636 1563 2959 1621 voluntatem
2982 1582 3153 1637 suam,
3171 1569 3264 1624 sed
3284 1586 3382 1626 vo-

1801 1646 2054 1702 luntatem
2077 1649 2192 1720 ejus
2220 1652 2310 1722 qui
2354 1652 2498 1708 misit
2525 1668 2667 1708 eum.

1875 1739 1962 1794 i9.
2009 1739 2132 1795 Hazc
2156 1751 2228 1796 est
2256 1752 2450 1810 autem,
2500 1745 2702 1814 inquit,
2739 1747 2968 1802 voluntas
3007 1750 3114 1822 ejus
3139 1753 3223 1822 qui
3250 1753 3383 1809 misit

1799 1847 1878 1885 mc
1900 1829 2096 1899 Patris,
2130 1843 2182 1887 ut
2202 1852 2346 1889 omne
2361 1836 2496 1907 quod
2521 1837 2655 1891 dedit
2684 1839 2807 1892 mihi
2831 1881 2845 1904 ,
2869 1857 2967 1896 non
2992 1843 3193 1912 perdam
3221 1864 3284 1900 ea:
3302 1865 3378 1904 eo.

1800 1921 1917 1992 Ipse
1947 1925 2019 1979 illi
2041 1925 2192 1980 datus
2219 1937 2299 1982 est
2318 1970 2332 1993 ,
2361 1928 2449 1998 qui
2468 1939 2645 1984 servat
2667 1930 3047 1999 humilitatem;
3083 1935 3220 1992 hunc
3243 1939 3382 1994 acci-

1800 2013 1874 2082 pit
1907 2031 1918 2067 :
1951 2016 2041 2085 qui
2082 2033 2186 2071 non
2227 2026 2404 2073 servat
2446 2019 2832 2088 humilitatem,
2868 2023 3019 2094 longe
3048 2035 3130 2081 est
3155 2044 3183 2081 a
3213 2029 3381 2100 magi-

1798 2113 1910 2161 stro
1930 2105 2264 2165 humilitatis.
2300 2109 2368 2165 Ut
2387 2127 2533 2166 omne
2558 2113 2694 2182 quod
2719 2113 2857 2167 dedit
2882 2117 3024 2184 mihi,
3046 2134 3143 2171 non
3174 2119 3383 2190 perdant

1797 2213 1859 2251 ea:
1883 2213 1959 2252 eo.
1994 2198 2084 2252 Sic
2104 2215 2202 2254 non
2223 2209 2296 2254 est
2317 2200 2545 2255 voluntas
2575 2203 2627 2256 in
2647 2214 2912 2273 conspectu
2935 2205 3105 2260 Patris
3123 2211 3298 2277 vestri,
3328 2218 3383 2264 ut

1798 2295 1966 2357 pereat
1988 2303 2114 2344 unus
2138 2290 2200 2346 de
2225 2290 2424 2363 pusillis
2445 2293 2572 2346 istis.
2603 2295 2680 2349 De
2708 2295 3033 2352 tumentibus
3061 2305 3232 2368 potest
3262 2317 3383 2372 per-

1797 2379 1904 2446 ire,
1935 2380 2003 2436 de
2025 2382 2234 2451 pusillis
2262 2381 2392 2437 nihil
2422 2383 2558 2454 perit
2590 2402 2602 2438 :
2637 2384 2759 2456 quia
2783 2387 2882 2442 nisi
2908 2389 3102 2460 fueritis
3129 2391 3256 2450 sicut
3285 2409 3383 2464 pu-

1795 2471 1940 2525 sillus
1958 2472 2050 2525 iste
2069 2513 2083 2538 ,
2117 2487 2219 2526 non
2239 2472 2489 2527 intrabitis
2514 2473 2564 2527 in
2592 2491 2800 2545 regnum
2822 2477 3059 2532 caelorum
3083 2477 3190 2549 (Id.
3215 2499 3344 2538 xvm
3363 2525 3378 2550 ,

1797 2565 1884 2632 14,
1921 2566 2001 2639 4).
2039 2566 2199 2620 Omne
2239 2565 2374 2638 quod
2416 2565 2552 2621 dedit
2579 2567 2704 2620 mihi
2746 2565 2917 2635 Pater,
2949 2587 3047 2626 non
3087 2574 3293 2641 perdam
3322 2594 3383 2630 ea.

1795 2671 1887 2722 eo;
1910 2657 2000 2712 sed
2024 2655 2330 2714 resuscitabo
2354 2658 2486 2714 illud
2511 2660 2563 2714 in
2583 2661 2849 2715 novissimo
2870 2662 2970 2716 die.
2993 2663 3176 2719 Videte
3198 2683 3383 2736 quem-

1795 2747 2082 2806 admodum
2113 2760 2166 2806 et
2193 2750 2278 2806 hic
2303 2752 2568 2822 geminam
2613 2752 2753 2806 illam
2804 2757 3244 2811 resurrectionem
3287 2757 3383 2814 de-

1794 2843 1978 2900 lineet.
2024 2845 2122 2913 Qui
2146 2845 2276 2900 vertit
2305 2845 2372 2898 ad
2397 2863 2506 2914 me,
2538 2844 2697 2900 modo
2722 2847 2951 2917 resurgit
2977 2844 3187 2904 humilis
3217 2851 3382 2908 factus

1795 2936 1847 2989 in
1877 2933 2131 2990 membris
2162 2937 2336 2991 meis:
2370 2933 2464 2991 sed
2505 2945 2560 2992 et
2597 2937 2902 2992 resuscitabo
2941 2956 3054 2992 eum
3092 2941 3142 2995 in
3183 2939 3383 2996 novissi-

1797 3044 1877 3082 mo
1894 3025 2003 3094 die,
2024 3029 2318 3084 secundum
2344 3044 2581 3086 carnem.
2616 3027 2742 3083 Hrec
2763 3039 2832 3084 est
2862 3033 2992 3084 enim
3023 3034 3252 3088 voluntas
3279 3033 3382 3088 Ρα-

1797 3121 1889 3175 tris
1910 3121 2009 3175 mei
2032 3124 2122 3192 qui
2144 3121 2279 3176 misit
2304 3137 2416 3188 me,
2469 3130 2523 3174 ut
2564 3121 2726 3176 omnis
2771 3123 2858 3192 qui
2901 3122 3032 3177 videt
3067 3118 3286 3193 Filium,
3335 3136 3383 3181 et

1794 3212 1950 3266 credit
1971 3212 2024 3266 in
2053 3229 2185 3278 eunt,
2216 3211 2393 3267 habeat
2415 3213 2564 3266 vitam
2591 3223 2832 3267 (sternam
2853 3230 2872 3277 ;
2897 3223 2944 3268 et
2963 3231 3054 3285 ego
3077 3218 3382 3273 resuscilabo

1795 3317 1908 3356 eum
1933 3301 1986 3356 in
2014 3304 2282 3358 nouissimo
2328 3304 2426 3358 die.
2459 3299 2715 3374 Superius
2743 3303 2904 3370 dixit,
2942 3305 3041 3374 Qui
3084 3308 3229 3362 audit
3273 3327 3383 3364 vcr-

1794 3395 1911 3449 bum
1937 3409 2102 3450 meum
2125 3438 2140 3461 ,
2199 3405 2246 3450 et
2285 3395 2442 3450 credit
2488 3397 2533 3450 ei
2576 3396 2663 3467 qui
2689 3396 2820 3452 misit
2845 3414 2922 3452 me
2947 3414 2965 3452 :
2994 3399 3152 3455 modo
3181 3411 3377 3471 autem,

1799 3485 1899 3555 Qui
1931 3487 2062 3543 videt
2091 3486 2310 3554 Filium,
2357 3495 2404 3542 et
2435 3489 2591 3542 credit
2624 3489 2677 3543 in
2712 3505 2844 3544 eum.
2879 3489 2990 3544 Non
3022 3490 3187 3556 dixit,
3227 3493 3382 3550 Videt

1794 3579 2016 3648 Filium},
2049 3590 2104 3636 et
2133 3580 2299 3636 credit
2327 3581 2378 3635 in
2406 3581 2615 3637 Patrem
2641 3601 2653 3637 :
2684 3582 2784 3638 hoc
2813 3593 2896 3639 est
2915 3583 3054 3639 enim
3083 3585 3304 3642 credere
3327 3588 3379 3644 in

1793 3670 1986 3726 Filium
2007 3714 2021 3737 ,
2045 3671 2188 3742 quod
2209 3680 2264 3729 et
2286 3673 2339 3728 in
2365 3673 2596 3728 Patrem.
2627 3673 2758 3742 Quia
2786 3676 2910 3729 sicut
2939 3675 3083 3729 habet
3114 3674 3267 3731 Pater
3302 3679 3378 3733 vi-

1792 3771 1895 3814 tam
1924 3764 1974 3816 in
2005 3765 2298 3836 semetipso,
2325 3769 2398 3818 sic
2427 3765 2564 3819 dedit
2593 3776 2637 3819 et
2668 3765 2806 3821 Filio
2832 3769 2980 3821 vitam
3009 3769 3190 3823 habere
3219 3771 3269 3825 in
3295 3789 3378 3827 sc-

1791 3854 2002 3924 mctipso
2035 3853 2209 3928 (Joan.
2238 3871 2273 3909 v
2297 3896 2312 3922 ,
2337 3856 2426 3922 24,
2455 3856 2569 3927 26).
2603 3854 2673 3911 Ut
2691 3859 2853 3912 onmis
2876 3860 2963 3930 qui
2987 3859 3118 3914 videt
3142 3859 3189 3914 F
3192 3862 3334 3917 ilium
3361 3905 3376 3930 ,

1792 3954 1838 3998 ct
1859 3945 2013 3999 credit
2041 3947 2091 4000 in
2119 3963 2234 4001 eum
2263 3988 2277 4012 ,
2309 3947 2487 4001 habeat
2526 3948 2676 4001 vitam
2719 3960 2957 4004 wternam
2985 3968 3003 4004 :
3031 3953 3296 4010 credendo
3326 3966 3382 4013 et

1793 4039 2116 4094 transeundo
2163 4039 2230 4092 ad
2273 4037 2465 4105 vitam,
2516 4048 2762 4110 tanquam
2805 4042 2973 4111 prima
3021 4044 3107 4099 illa
3141 4062 3379 4105 resurre-

1790 4131 1985 4186 ctione.
2020 4131 2089 4186 Et
2116 4131 2238 4202 quia
2269 4146 2373 4185 non
2404 4140 2487 4187 est
2528 4131 2668 4198 sola,
2709 4141 2756 4186 et
2787 4133 3089 4188 resuscitabo
3115 4153 3205 4207 ego
3230 4154 3373 4210 eum,

1791 4223 1992 4294 inquit,
2025 4224 2079 4279 in
2108 4221 2376 4279 novissimo
2396 4224 2496 4278 die.

2267 4360 2676 4421 TRACTATUS
2713 4361 2902 4420 XXVI.

1787 4475 1865 4530 Ab
1883 4491 1941 4530 eo
1959 4475 2096 4547 quod
2121 4476 2363 4546 scriptum
2384 4485 2478 4543 est,
2497 4475 2900 4533 Hurmurabant
2935 4493 3063 4548 ergo
3088 4479 3257 4539 Judaei
3307 4484 3375 4541 de

1859 4568 1974 4636 illo,
1995 4568 2116 4639 quia
2139 4567 2379 4634 dixisset,
2395 4567 2505 4638 Ego
2514 4583 2634 4622 sum
2652 4569 2802 4639 panis
2817 4570 2906 4640 qui
2923 4569 2990 4625 de
3004 4572 3141 4626 coelo
3153 4571 3377 4630 descena

1857 4658 1950 4724 di;
1977 4659 2220 4730 usquead
2248 4658 2321 4726 id,
2350 4658 2450 4725 Qui
2493 4655 2779 4714 manducat
2820 4661 2963 4716 hunc
2990 4675 3201 4732 panem,
3231 4663 3375 4722 vivet

1858 4754 1912 4806 in
1935 4761 2215 4808 aternum.
2243 4749 2372 4822 Cap.
2425 4767 2496 4819 vr,
2540 4751 2575 4821 γ
2602 4789 2614 4805 .
2645 4751 2833 4807 41-59.

1858 4866 1912 4920 1.
1957 4863 2090 4920 Cum
2132 4861 2388 4920 Dominus
2431 4874 2610 4920 noster
2647 4864 2802 4920 Jesus
2835 4861 3096 4934 Christus,
3137 4868 3274 4923 sicut
3320 4869 3373 4926 in

1788 4957 2073 5029 Evangelia
2111 4971 2231 5012 cum
2260 4957 2546 5028 legeretur,
2592 4957 2908 5024 audivimus,
2943 4973 3131 5028 panem
3165 4976 3224 5016 se
3253 4977 3374 5019 esse

1785 5049 2028 5116 dixisset,
2060 5048 2151 5121 qui
2179 5049 2246 5104 de
2280 5049 2418 5104 coelo
2447 5049 2739 5115 descendit,
2775 5059 3238 5108 murmuraverunt
3273 5054 3371 5111 lu.

1784 5141 1906 5210 dzei,
1939 5151 1992 5198 et
2015 5141 2280 5208 dixerunt,
2315 5139 2501 5197 Nonne
2517 5143 2598 5196 hic
2620 5151 2690 5197 est
2717 5141 2868 5198 Iesus
2888 5143 3024 5214 ﬁlius
3042 5143 3260 5217 Ioseph,
3285 5165 3370 5202 cu-

1774 5218 1866 5305 jus
1895 5249 1986 5289 nos
2025 5233 2253 5288 novimus
2280 5241 2472 5305 patrem
2506 5243 2553 5287 et
2578 5244 2784 5288 matrem
2801 5234 2828 5288 .9
2856 5234 3119 5303 Quomodo
3145 5255 3262 5310 ergo
3289 5239 3373 5292 hic

1786 5325 1929 5392 dicit,
1958 5323 2090 5390 Quia
2115 5324 2350 5380 descendi
2371 5325 2433 5379 de
2451 5325 2614 5380 caelo?
2637 5325 2725 5380 isti
2753 5341 2782 5381 a
2805 5342 2942 5399 pane
2962 5328 3027 5384 dc
3056 5329 3194 5384 coelo
3213 5329 3369 5397 longe

1785 5425 1956 5484 erant,
1983 5431 2084 5472 nec
2118 5431 2239 5472 eum
2279 5417 2482 5472 esurire
2520 5424 2795 5473 noverant.
2829 5417 3028 5474 Fauces
3052 5418 3225 5472 cordis
3250 5415 3368 5469 lan-

1782 5507 1971 5579 guidas
2002 5507 2299 5576 habebant,
2328 5508 2543 5565 auribus
2572 5511 2769 5579 apertis
2808 5508 2956 5563 surdi
2999 5514 3177 5568 erant,
3213 5505 3364 5559 vide-

1783 5602 1911 5656 bant
1940 5610 1993 5656 et
2020 5602 2145 5656 caeci
2173 5603 2403 5658 stabant.
2433 5603 2591 5657 Panis
2616 5602 2812 5672 quippe
2851 5600 2950 5652 iste
2977 5597 3239 5651 interioris
3267 5595 3366 5651 ho-

1782 5692 1941 5747 minis
1970 5694 2158 5763 quzerit
2184 5693 2412 5749 esuriem
2444 5711 2455 5745 :
2487 5691 2627 5747 unde
2656 5692 2761 5746 alio
2791 5690 2908 5739 loco
2936 5685 3080 5749 dicit,
3115 5683 3257 5736 Beati
3275 5687 3361 5755 qui

1790 5785 2012 5843 esuriant
2035 5795 2082 5843 et
2110 5786 2284 5841 sitiunt
2309 5786 2584 5848 iustitiam.
2618 5777 2857 5846 quaniam
2877 5775 2975 5844 ipsi
3006 5773 3366 5834 saturabunttr

3163 5839 3890 6040 β

3093 6053 3152 6088 κβ
