3916 6374
206 371 365 429 serit!
389 368 446 425 Si
485 365 717 424 trahendi
745 379 962 433 sumus,
992 363 1062 421 ab
1095 362 1192 420 illo
1211 361 1491 418 trahantur
1512 362 1598 416 cui
1642 360 1773 417 dicit

207 465 432 538 quaedam
457 479 569 537 qua;
590 461 784 535 diligit,
813 459 940 518 Post
958 461 1163 516 odorem
1180 469 1550 532 unguentorum
1570 468 1772 512 tuorum

207 572 446 613 canemus
474 554 637 626 (Cant.
670 570 708 620 ι,
737 555 813 626 5).
837 552 941 610 Sed
962 553 1086 624 quid
1112 552 1337 624 intelligi
1366 552 1550 618 voluit,
1581 549 1772 607 adver-

208 661 384 714 tanius,
415 648 616 711 fratres,
644 655 700 702 et
725 656 978 718 quantum
1007 659 1289 716 possumus
1315 642 1609 716 capiamus.
1638 643 1770 696 Trao

207 742 279 799 bit
294 741 438 796 Pater
448 738 515 794 ad
533 738 716 794 Filium
737 752 831 794 eos
849 737 938 808 qui
955 744 1235 808 propterea
1250 733 1473 790 credunt
1487 734 1539 788 in
1554 731 1769 796 Filium,

203 835 312 907 quia
337 847 451 888 eum
497 830 728 900 cogitant
751 829 962 884 Patrem
991 827 1188 883 habere
1213 827 1378 882 Deum
1406 843 1419 879 :
1454 825 1594 880 Deus
1627 823 1770 879 enim

205 924 348 980 Pater
371 921 624 991 :cqualcm
650 919 750 976 sibi
771 919 952 991 genuit
975 918 1168 974 Filium
1198 933 1210 970 :
1241 927 1297 972 ut
1323 918 1412 987 qui
1442 915 1656 987 cogitat,
1687 923 1771 970 at-

203 1031 294 1085 que
321 1015 368 1068 in
397 1012 500 1068 tide
527 1027 618 1068 sua
647 1011 807 1068 sentit
835 1020 888 1067 et
913 1010 1148 1065 ruminat
1174 1008 1432 1080 mqualem
1467 1021 1588 1062 esse
1628 1005 1771 1060 Patri

203 1121 310 1163 cum
333 1105 385 1160 in
410 1119 566 1176 quem
598 1102 844 1168 credidit,
876 1102 1047 1173 ipsum
1075 1100 1238 1155 trahit
1257 1099 1414 1154 Pater
1460 1097 1526 1152 ad
1554 1097 1769 1152 Filium.

207 1197 343 1252 (rius
361 1193 588 1250 credidit
610 1203 931 1258 creaturam,
961 1207 1066 1248 non
1096 1206 1218 1246 eum
1245 1188 1404 1244 traxit
1435 1187 1620 1252 Pater;
1651 1187 1772 1256 quia

207 1302 295 1345 Ion
320 1285 618 1342 considerat
655 1285 898 1349 Patrem,
929 1283 1018 1354 qui
1046 1282 1237 1338 Filium
1267 1295 1372 1336 non
1401 1279 1572 1334 credit
1597 1293 1773 1346 (equa-

209 1388 313 1436 tam.
335 1375 468 1447 Quid
495 1375 652 1443 dicis,
684 1392 717 1430 ο
741 1375 869 1430 Ari?
895 1374 1042 1446 quid,
1065 1371 1334 1435 hmretice,
1357 1368 1626 1439 loqueris?
1647 1366 1773 1438 quid

200 1479 270 1527 est
291 1467 563 1526 Christus?
590 1467 726 1531 Non,
754 1467 944 1538 inquit,
976 1466 1115 1520 Deus
1138 1478 1330 1527 verus;
1353 1462 1447 1518 sed
1467 1477 1623 1531 quem
1652 1460 1776 1514 fecit

201 1562 326 1618 Deus
348 1576 521 1616 verus.
554 1559 672 1615 Non
703 1568 752 1614 te
800 1559 956 1614 traxit
988 1557 1177 1616 Pater;
1204 1571 1309 1612 non
1337 1556 1480 1612 enim
1508 1553 1772 1609 intellexi-

199 1653 255 1708 sti
277 1651 503 1719 Patrem,
532 1650 688 1722 cujus
707 1649 905 1706 Filium
931 1663 1092 1720 negas
1120 1667 1132 1702 :
1158 1647 1298 1704 aliud
1318 1647 1538 1718 cogitas,
1566 1661 1671 1701 non
1691 1654 1776 1701 est

200 1744 301 1816 ipse
323 1742 513 1808 Filius;
541 1757 643 1798 nec
669 1757 700 1796 a
724 1741 880 1797 Patre
902 1739 1148 1804 traheris,
1174 1754 1273 1796 nec
1291 1739 1358 1794 ad
1382 1737 1574 1792 Filium
1599 1735 1778 1791 trahe-

200 1833 266 1889 ris
292 1850 305 1887 :
328 1831 463 1888 aliud
493 1841 582 1888 est
606 1831 749 1888 enim
777 1832 965 1897 Filius,
994 1831 1136 1885 aliud
1159 1830 1297 1901 quod
1327 1839 1382 1885 tu
1408 1828 1559 1884 dicis.
1588 1826 1774 1882 Photi—

199 1940 286 1980 nus
309 1923 434 1978 dixit
463 1921 675 1978 :Homo
703 1923 874 1977 solum
895 1931 978 1978 est
1000 1921 1268 1988 Christus,
1292 1936 1397 1976 non
1420 1929 1500 1974 est
1527 1928 1582 1975 et
1612 1919 1770 1974 Deus.

199 2014 285 2085 Qui
324 2015 397 2070 sic
431 2013 640 2080 credit,
673 2029 778 2069 non
816 2013 974 2068 Pater
1011 2027 1133 2068 eum
1181 2011 1356 2066 traxit.
1405 2010 1574 2079 Quem
1616 2009 1775 2063 Pater

199 2106 353 2171 traxit,
389 2104 466 2161 Tu
488 2121 566 2172 es,
599 2104 789 2176 inquit,
817 2102 1045 2158 Christus
1075 2101 1241 2156 Filius
1271 2100 1364 2155 Dei
1384 2101 1496 2154 vivi.
1529 2099 1643 2154 Non
1666 2099 1771 2152 sic-

196 2206 245 2254 ut
269 2202 536 2269 propheta,
573 2212 680 2251 non
707 2195 847 2250 sicut
864 2193 1119 2262 Joannes,
1149 2209 1254 2248 non
1279 2193 1416 2248 sicut
1443 2191 1635 2261 aliquis
1656 2205 1771 2244 ma-

197 2305 314 2362 gnus
347 2290 561 2359 justus;
609 2287 704 2343 sed
747 2287 882 2341 sicut
929 2286 1133 2350 unicus,
1189 2286 1324 2340 sicut
1361 2283 1599 2354 mqualis,
1632 2291 1685 2335 tu
1722 2299 1774 2336 es

197 2380 400 2436 Christus
422 2379 594 2434 Fitius
620 2378 717 2432 Dei
740 2379 856 2433 vivi.
884 2377 1018 2433 Vide
1041 2378 1163 2448 quia
1193 2387 1392 2432 tractus
1418 2386 1520 2442 est,
1549 2386 1602 2430 et
1623 2391 1652 2429 a
1676 2376 1774 2429 Pa-

198 2479 266 2528 tre
291 2479 481 2528 tractus
525 2481 634 2528 est.
674 2470 862 2527 Beatus
897 2487 948 2525 es
987 2470 1166 2526 Simon
1196 2467 1465 2523 Bar-Jona
1485 2510 1498 2536 ,
1530 2469 1648 2540 quia
1674 2484 1774 2523 non

197 2564 270 2618 tibi
287 2566 510 2620 reuelauit
537 2581 662 2618 caro
683 2573 728 2619 et
752 2564 978 2634 sanguis,
1005 2562 1093 2618 sed
1127 2561 1281 2617 Pater
1302 2578 1437 2616 meus
1457 2562 1541 2631 qui
1561 2562 1611 2614 in
1638 2560 1774 2614 caelis

199 2656 480 2730 est(ifattlt.
515 2673 639 2724 xvr,
673 2657 758 2721 l6,
792 2656 904 2727 17).
931 2655 1030 2710 [sta
1063 2654 1336 2720 revelatio,
1359 2657 1472 2724 ipsa
1499 2662 1578 2708 est
1609 2661 1772 2705 attra-

199 2751 308 2805 ctio.
341 2750 569 2806 Ramum
614 2749 838 2803 viridem
877 2747 1114 2803 ostendis
1157 2746 1265 2811 ovi,
1311 2754 1365 2800 et
1410 2745 1577 2800 trahis
1605 2744 1769 2798 illam.

198 2841 347 2898 Nuces
378 2857 545 2912 puero
573 2840 1029 2904 demonstrantur,
1061 2847 1117 2894 et
1141 2837 1369 2893 trahitur
1394 2857 1408 2894 :
1439 2847 1492 2893 et
1518 2853 1624 2908 quo
1650 2853 1768 2892 cur-

199 2932 257 2987 rit
283 2935 297 2964 ί
323 2933 571 3000 trahitur,
604 2931 834 2986 amando
860 2931 1103 2996 trahitur,
1139 2931 1256 2987 sine
1287 2930 1505 2986 laesione
1533 2929 1774 3000 corporis

199 3023 412 3090 trahitur,
441 3023 629 3079 cordis
658 3024 867 3078 vinculo
895 3020 1139 3077 trahitur.
1170 3021 1227 3078 Si
1253 3037 1380 3093 ergo
1405 3025 1502 3078 ista
1528 3039 1646 3094 qua:
1687 3021 1772 3077 in-

200 3122 268 3168 ter
292 3115 499 3170 delicias
533 3124 590 3170 et
619 3115 918 3184 voluptates
949 3123 1187 3169 terrenas
1213 3115 1518 3169 revelantur
1543 3115 1771 3169 amanti-

199 3202 301 3269 bus,
325 3205 539 3260 trahunt
565 3221 578 3270 ;
605 3205 858 3275 quoniam
882 3220 1063 3260 verum
1089 3215 1192 3272 est,
1220 3223 1238 3255 ι
1268 3204 1452 3260 Trahit
1470 3220 1564 3260 sua
1584 3221 1773 3275 quem-

202 3311 290 3365 que
308 3299 580 3368 voluptas;
607 3315 626 3349 ι
661 3312 765 3352 non
790 3297 952 3352 trahit
980 3297 1242 3352 revelatus
1266 3297 1511 3352 Christus
1529 3315 1559 3352 a
1584 3298 1775 3354 Patre?

201 3386 320 3452 Quid
353 3390 484 3445 enim
519 3389 713 3444 fortius
738 3388 1005 3444 desiderat
1033 3390 1208 3444 anima
1244 3405 1403 3460 quam
1450 3391 1774 3446 veritatem?

198 3476 300 3544 Quo
322 3479 495 3535 avidas
538 3481 723 3535 fauces
756 3479 970 3535 habere
993 3479 1172 3548 debet,
1213 3480 1354 3536 unde
1382 3491 1568 3551 optare
1601 3491 1656 3536 ut
1683 3496 1770 3535 sa-

199 3583 304 3624 num
329 3571 395 3626 sit
421 3573 572 3628 intus
602 3572 830 3642 palatqu
861 3587 986 3627 vera
1007 3571 1305 3642 judicaudi,
1334 3572 1513 3627 nisiut
1542 3573 1771 3628 mandu-

201 3670 274 3715 cet
293 3670 342 3716 et
367 3661 515 3718 bibat
538 3662 888 3733 sapientiam,
913 3662 1208 3734 justitiam,
1233 3663 1528 3731 veritatem,
1553 3664 1768 3719 aeterni-

201 3759 341 3808 tatem
365 3754 388 3807 i

257 3846 305 3899 6.
344 3844 440 3902 Ubi
464 3855 652 3902 autem
703 3845 843 3902 hoc?
867 3845 941 3900 lbi
970 3845 1180 3913 melius,
1213 3847 1386 3902 verius
1429 3846 1522 3912 ibi,
1564 3848 1772 3918 plenius

202 3935 280 3991 ibi.
303 3937 427 3994 Nam
465 3939 564 3994 hic
593 3937 796 3994 facilius
824 3954 1106 4008 possumus
1135 3939 1361 4006 esurire,
1395 3950 1448 3996 et
1475 3941 1577 3996 hoc
1602 3944 1646 3997 si
1677 3943 1774 3998 bo-

200 4044 307 4085 nam
331 4047 474 4101 spem
525 4031 805 4097 habemus,
833 4046 992 4102 quam
1020 4031 1200 4086 satiari
1234 4048 1246 4084 :
1281 4031 1424 4086 Beati
1463 4032 1604 4088 enim
1625 4073 1641 4098 ,
1688 4033 1772 4088 in-

201 4121 316 4189 quit,
340 4123 420 4193 qui
447 4123 682 4177 esuriant
709 4130 758 4176 et
785 4121 958 4176 sitiunt
969 4121 1243 4192 justitiam,
1273 4121 1364 4176 sed
1392 4120 1509 4184 hic;
1535 4123 1774 4193 quoniam

201 4216 544 4269 uturabuntur
592 4211 704 4286 (Id.
728 4229 780 4278 v,
804 4213 880 4284 6),
911 4213 1004 4268 sed
1053 4213 1143 4267 ibi.
1201 4213 1323 4269 Ideo
1359 4229 1478 4268 cum
1516 4214 1771 4284 dixisset,

206 4300 350 4357 Nemo
373 4306 503 4360 venit
523 4304 594 4358 ad
614 4319 712 4370 mc,
735 4303 832 4357 nisi
854 4302 1010 4357 Pater
1029 4305 1114 4374 qui
1135 4304 1267 4358 misit
1293 4321 1389 4372 me,
1412 4307 1617 4359 traxerit
1637 4323 1772 4373 eum,

203 4393 312 4463 quid
339 4395 606 4467 subjecit?
631 4394 703 4451 Et
729 4412 820 4465 ego
849 4395 1153 4470 resuscitabo
1179 4412 1290 4450 eum
1312 4397 1365 4450 in
1392 4397 1656 4452 novissimo
1672 4397 1773 4454 die.

207 4483 372 4542 Reddo
411 4487 490 4544 illi
537 4487 677 4557 quod
715 4497 892 4553 amat,
923 4486 1091 4542 reddo
1127 4486 1268 4557 quod
1304 4496 1483 4557 sperat
1518 4507 1531 4544 :
1579 4489 1778 4546 videbit

207 4577 329 4646 quod
365 4579 543 4636 adhuc
569 4593 674 4634 non
711 4578 940 4634 videndo
966 4579 1226 4645 credidit;
1258 4580 1598 4637 manducabit
1636 4583 1778 4654 quod

210 4670 374 4736 esurit,
401 4672 728 4728 saturabitur
745 4685 811 4727 eo
835 4669 976 4742 quod
998 4671 1127 4726 sitit.
1156 4671 1289 4729 Ubi?
1311 4673 1366 4728 lu
1389 4675 1781 4733 resurrectione

213 4771 546 4831 mortuorum,
564 4762 686 4834 quia
713 4778 802 4834 ego
830 4762 1136 4817 resuscitabo
1161 4780 1275 4817 eum
1303 4764 1354 4817 in
1380 4766 1647 4820 novissimo
1676 4767 1778 4824 die.

273 4851 322 4904 7.
349 4851 607 4925 Scriptum
637 4860 709 4908 est
746 4853 879 4907 enim
908 4854 961 4907 in
989 4851 1256 4923 Prop/telis
1275 4896 1290 4920 ,
1325 4853 1392 4908 Et
1434 4867 1580 4910 erunt
1608 4873 1780 4912 omnes

215 4939 432 4999 docibites
459 4943 575 5001 Dei.
627 4944 804 5013 Quare
852 4944 954 4998 hoc
1000 4945 1150 5011 dixi,
1197 4960 1232 4999 ο
1255 4945 1472 5002 Judaei?
1503 4947 1658 5002 Pater
1683 4963 1780 5006 vos

218 5047 310 5087 non
330 5035 541 5102 docuit;
569 5035 838 5107 quomodo
867 5035 1088 5106 potestis
1109 5051 1194 5090 me
1217 5038 1546 5106 agnoscere?
1583 5036 1780 5095 Omnes

221 5125 352 5192 regni
375 5125 514 5183 illius
548 5126 792 5184 homines
816 5125 1074 5203 docibijes
1103 5125 1192 5180 Dei
1223 5136 1380 5182 erunt
1401 5169 1417 5195 ,
1451 5143 1554 5183 non
1582 5126 1652 5183 ab
1677 5126 1781 5185 ho-

222 5216 674 5277 minibucaudicnt.
709 5219 775 5275 Et
803 5219 848 5274 si
874 5219 939 5274 ab
978 5217 1282 5274 hominibus
1309 5221 1568 5285 audiunt,
1603 5231 1778 5278 tamen

223 5309 348 5376 quod
387 5313 720 5384 intelligunt,
755 5312 894 5367 intus
919 5313 1076 5368 datur
1097 5354 1112 5376 ,
1157 5315 1298 5368 intus
1324 5326 1569 5370 coruscat
1595 5357 1609 5380 ,
1640 5317 1780 5372 intus

225 5402 488 5459 revelatur.
512 5407 648 5476 Quid
674 5405 872 5461 faciunt
890 5406 1130 5462 homines
1151 5406 1446 5463 forinsecus
1465 5408 1782 5465 annuntian-

228 5491 330 5545 tes?
353 5495 476 5563 quid
494 5496 629 5553 facio
649 5513 750 5568 ego
773 5497 932 5553 modo
946 5513 1067 5553 cum
1096 5499 1324 5569 loquor?
1347 5498 1638 5569 Strepitum
1664 5516 1783 5556 ver-

227 5577 402 5640 horum
440 5587 616 5662 iugero
658 5591 876 5646 auribus
911 5591 1122 5647 vestris.
1171 5591 1282 5648 Nisi
1309 5605 1438 5664 ergo
1467 5593 1666 5650 revelet
1693 5594 1781 5652 ille

287 5692 303 5723 ι
327 5693 505 5760 aliquot
524 5707 652 5761 ηδε..
675 5706 732 5753 ει
750 5702 877 5765 quod
893 5702 1064 5755 currit.

345 5847 396 5860 Ἀ
458 5781 674 5844 Sacr.
725 5785 999 5847 Ancusr.
1037 5785 1142 5848 III.

191 5861 238 5873 ι..-

1334 245 1744 306 TRACTATUS
1780 245 1970 303 XXVI.
2008 247 2236 309 CAPUT
2278 249 2364 310 Vl.

3324 260 3468 320 1610

1877 361 1966 432 qui
1997 361 2140 418 intus
2163 362 2432 434 est,,quid
2472 362 2624 432 dico,
2655 374 2744 422 aut
2768 367 2894 438 quid
2933 367 3167 441 loquor?
3217 372 3469 435 Exterior

1877 452 2053 508 cultor
2090 452 2336 521 arboris,
2388 454 2608 512 interior
2629 466 2713 512 est
2739 456 2980 515 Creator.
3028 461 3132 529 Qui
3169 464 3372 533 plantat
3409 476 3470 524 et

1878 546 1968 616 qui
2001 545 2168 620 rigat,
2216 546 2548 620 extrinsecus
2591 560 2842 620 cperatur
2883 551 3032 609 :hoc
3076 553 3300 612 facimus
3339 573 3464 616 nos.

1879 635 1988 693 Sed
2011 653 2170 712 neque
2192 638 2279 709 qui
2303 638 2497 708 plantat
2521 649 2594 694 est
2618 641 2839 710 aliquid,
2869 659 3029 713 neque
3065 645 3152 714 qui
3179 647 3352 719 rigat;
3376 649 3470 706 sed

1877 726 1967 797 qui
2000 727 2359 782 incrementum
2390 741 2479 782 aat
2517 726 2658 785 Deus
2699 729 2756 801 (ι
2792 729 2911 786 Cor.
2939 748 3032 802 m,
3072 735 3135 806 7)
3171 754 3184 792 :
3213 736 3319 792 hoc
3359 748 3467 807 est,

1880 814 2046 874 Erunt
2073 834 2244 874 omnes
2268 818 2506 875 docibiles
2529 819 2644 875 Det.
2685 821 2804 890 Qui,
2827 824 3037 879 omnes?
3067 823 3245 882 Omnis
3263 829 3352 900 qui
3368 846 3468 885 au-

1878 907 2001 963 divit
2023 925 2056 962 a
2087 907 2246 964 Patre
2271 918 2320 964 et
2353 910 2563 979 didicit,
2601 913 2733 968 venit
2756 914 2826 968 ad
2851 932 2948 970 me.
2983 916 3170 974 Videte
3197 922 3471 990 quomodo

1881 999 2041 1055 trahit
2071 1001 2250 1080 Pater
2280 1021 2293 1059 :
2324 991 2571 1060 docendo
2617 1005 2846 1084 delectat
2868 1047 2884 1073 ,
2937 1024 3046 1063 non
3089 1011 3468 1070 necessitatem

1877 1089 2216 1162 imponendo.
2264 1093 2405 1150 Ecce
2428 1095 2694 1166 quomodo
2724 1097 2906 1152 trahit.
2952 1099 3120 1156 Erunt
3137 1118 3309 1158 omnes
3327 1104 3470 1160 doci-

1877 1181 2000 1236 biles
2024 1181 2121 1237 Dei
2153 1199 2171 1238 :
2197 1172 2408 1242 trahere
2436 1187 2530 1242 Dei
2572 1195 2671 1242 est.
2706 1187 2885 1243 Omnis
2908 1190 2994 1256 qui
3028 1191 3219 1247 audivit
3246 1208 3280 1248 α
3306 1192 3468 1249 Patre

1881 1283 1928 1327 et
1954 1274 2150 1340 didicit,
2174 1278 2304 1331 venit
2334 1279 2402 1330 ad
2429 1294 2507 1332 me
2535 1295 2547 1330 :
2576 1278 2788 1334 trahere
2819 1279 2908 1335 Dei
2934 1289 3036 1337 est.

1948 1365 2002 1419 8.
2030 1363 2165 1432 Quid
2195 1367 2352 1438 igitur
2374 1409 2390 1434 ,
2421 1367 2657 1430 fratres?
2685 1369 2738 1425 Si
2761 1372 2934 1426 omnis
2958 1373 3047 1442 qui
3078 1357 3334 1430 audivitna
3365 1375 3472 1432 Pa-

1882 1465 1963 1513 tre
1989 1467 2044 1514 et
2070 1458 2295 1527 didicit,
2328 1459 2443 1530 ipse
2474 1461 2618 1516 venit
2643 1462 2710 1516 ad
2737 1461 3005 1518 Christum
3028 1505 3043 1530 ,
3071 1463 3315 1522 Christus
3337 1467 3472 1524 nihil

1878 1551 1967 1608 hic
1992 1551 2221 1607 docuit?
2271 1552 2408 1620 Quid
2434 1554 2574 1623 quod
2619 1555 2827 1611 Patrem
2871 1557 3180 1628 magistrum
3222 1558 3472 1616 homines

1878 1657 1987 1698 non
2013 1643 2296 1711 viderunt,
2339 1643 2532 1699 Filium
2560 1645 2851 1701 viderunt?
2903 1647 3067 1705 Filius
3103 1649 3343 1718 dicebat,
3370 1653 3472 1709 sed

1878 1732 2042 1789 Pater
2082 1733 2326 1790 docebat.
2369 1735 2484 1806 Ego
2512 1751 2640 1804 cum,
2679 1737 2837 1791 homo
2874 1741 3008 1803 sim,
3051 1756 3211 1810 quem
3257 1741 3471 1799 doceo?

1880 1841 2068 1896 quem,
2096 1826 2308 1894 fratres,
2339 1827 2440 1882 nisi
2466 1843 2589 1884 eum
2609 1869 2625 1895 ,
2654 1829 2743 1900 qui
2772 1830 2973 1886 audivit
2998 1833 3216 1889 verbum
3249 1837 3470 1891 meum?

1877 1917 1934 1974 Si
1956 1933 2056 1990 ego
2077 1933 2200 1974 cum
2226 1918 2389 1974 homo
2421 1920 2521 1975 sim
2548 1962 2564 1986 ,
2593 1920 2736 1976 illum
2767 1921 2937 1978 doceo
2964 1924 3053 1994 qui
3075 1925 3222 1980 audit
3249 1927 3471 1984 verbum

1875 2024 2056 2065 meum
2080 2025 2096 2075 ;
2128 2009 2274 2064 illum
2303 2010 2460 2067 docet
2487 2019 2546 2088 et
2573 2004 2748 2079 Pater,
2773 2014 2861 2082 qui
2887 2015 3033 2070 audit
3061 2015 3289 2072 Verbum
3315 2017 3469 2088 ejus:

1877 2099 1924 2155 si
1952 2100 2099 2154 illum
2123 2099 2280 2156 docet
2309 2101 2467 2156 Pater
2497 2089 2586 2172 qui
2615 2103 2761 2157 audit
2807 2102 3040 2159 Verbum
3083 2106 3202 2175 ejus
3227 2123 3242 2172 ;
3287 2123 3473 2179 quaere

1876 2190 2004 2261 quid
2035 2190 2104 2245 sit
2128 2190 2371 2247 Christus
2393 2233 2408 2258 ,
2438 2200 2492 2246 et
2526 2179 2764 2248 invenies
2794 2192 3024 2249 Verbum
3046 2195 3164 2265 ejus
3192 2214 3204 2250 :
3233 2195 3299 2250 In
3325 2198 3467 2269 prin-

1878 2280 2013 2350 cipio
2037 2289 2145 2334 erat
2180 2279 2423 2335 Verbum.
2455 2280 2591 2346 Non,
2639 2282 2694 2353 lin
2726 2283 2986 2354 principio
3013 2285 3137 2340 fecit
3166 2286 3305 2342 Deus
3336 2287 3472 2343 Ver-

1875 2369 2034 2437 bum;
2081 2371 2379 2442 quomodo,
2413 2371 2480 2425 In
2503 2374 2752 2445 principio
2778 2377 2896 2447 fecit
2921 2375 3059 2431 Deus
3097 2380 3279 2433 calum
3303 2390 3349 2434 et
3370 2389 3472 2436 ter-

1879 2477 1994 2517 ram
2022 2459 2173 2531 (Gen.
2207 2463 2342 2535 1,1)
2372 2481 2386 2517 :
2413 2478 2537 2519 ecce
2581 2466 2702 2534 quia
2731 2481 2834 2519 non
2879 2477 2962 2522 est
3005 2479 3271 2526 creatura.
3314 2471 3472 2528 Disce

1877 2552 2016 2608 trahi
2045 2553 2113 2608 ad
2144 2553 2337 2609 Filium
2362 2571 2392 2609 a
2420 2554 2574 2612 Patre
2598 2574 2612 2624 ;
2661 2558 2853 2614 doceat
2882 2569 2934 2616 te
2960 2561 3152 2628 Pater,
3181 2564 3304 2620 audi
3337 2565 3471 2623 Ver-

1877 2647 2001 2702 bum
2031 2647 2168 2718 ejus.
2195 2647 2351 2717 Quod
2371 2648 2603 2706 Verbum
2623 2653 2758 2722 ejus,
2784 2655 2979 2724 inquis,
3008 2657 3204 2712 audio?
3230 2658 3296 2713 In
3327 2661 3471 2730 prin-

1874 2739 2009 2810 cipio
2028 2737 2136 2794 erat
2179 2739 2432 2808 Verbum;
2468 2758 2572 2798 non
2601 2743 2793 2798 factum
2811 2756 2912 2813 est,
2939 2746 3032 2803 sed
3057 2758 3166 2803 erat
3196 2765 3216 2804 :
3247 2749 3314 2804 Et
3348 2751 3470 2806 Ver-

1877 2833 1994 2887 bum
2023 2843 2129 2888 erat
2151 2835 2290 2906 apud
2313 2835 2492 2902 Deum,
2522 2845 2568 2890 et
2594 2835 2734 2894 Deus
2767 2849 2876 2894 erat
2909 2838 3142 2896 Verbum.
3187 2842 3468 2910 Quomodo

1879 2923 2126 2982 homines
2172 2926 2223 2981 in
2267 2943 2428 2984 carne
2466 2929 2740 2986 constituti
2782 2932 3001 2989 audiant
3048 2935 3151 2990 tale
3190 2936 3469 2995 Verbum?

1877 3017 2010 3082 Quia
2063 3017 2279 3075 Verbum
2321 3039 2441 3078 caro
2487 3023 2682 3095 factum
2719 3037 2827 3094 est,
2870 3038 2916 3082 et
2957 3029 3197 3086 habitavit
3231 3034 3284 3087 in
3322 3034 3469 3091 nobis

1878 3108 2054 3178 (Joan.
2087 3128 2140 3179 ι,
2171 3114 2237 3178 1,
2271 3113 2381 3186 14).

1947 3202 2003 3258 9.
2027 3201 2258 3273 Exponit
2284 3204 2386 3260 hoc
2413 3213 2470 3261 et
2494 3206 2628 3279 ipse,
2656 3216 2713 3263 et
2736 3211 2968 3267 ostendit
2995 3215 3150 3270 nobis
3172 3216 3298 3286 quid
3319 3216 3471 3275 dixe.

1876 3293 1986 3361 rit,
2026 3292 2129 3361 Qui
2155 3295 2346 3351 audivit
2371 3313 2404 3350 a
2434 3296 2590 3353 Patre
2618 3308 2663 3353 et
2699 3300 2911 3371 didicit,
2941 3305 3069 3360 venit
3096 3309 3166 3361 ad
3189 3325 3287 3364 me.
3318 3310 3466 3369 Con-

1877 3387 2027 3441 tinuo
2045 3387 2269 3458 subjecit
2288 3389 2431 3459 quod
2460 3391 2696 3462 cogitare
2716 3410 2993 3464 possemus
3017 3417 3034 3456 ;
3067 3399 3188 3456 Non
3211 3404 3330 3474 quia
3358 3403 3469 3459 Pa-

1881 3486 2009 3532 trem
2036 3479 2159 3533 uidt't
2200 3480 2465 3551 quisquam
2485 3523 2501 3549 ,
2545 3484 2643 3538 nisi
2670 3484 2714 3538 is
2759 3487 2846 3556 qui
2870 3498 2944 3543 est
2981 3507 3014 3542 a
3043 3489 3186 3556 Deo,
3228 3493 3310 3548 hic
3343 3495 3468 3549 vidit

1880 3569 2108 3626 Patrem.
2163 3571 2299 3640 Quid
2327 3581 2412 3627 est
2453 3575 2595 3644 quod
2632 3576 2744 3631 ait?
2774 3577 2889 3649 Ego
2933 3581 3039 3636 vidi
3074 3582 3282 3639 Patrem
3307 3627 3325 3650 ,
3368 3601 3468 3643 vos

1877 3677 1983 3717 non
2014 3661 2222 3718 vidistis
2253 3663 2466 3720 Patrem
2499 3682 2513 3730 ;
2564 3676 2617 3722 et
2653 3676 2831 3724 tamen
2885 3687 2990 3726 non
3037 3675 3230 3729 venitis
3253 3675 3322 3731 ad
3354 3693 3465 3746 me,

1879 3755 1980 3810 nisi
2012 3754 2294 3811 trahamiui
2334 3773 2363 3812 a
2389 3757 2568 3814 Patre.
2613 3760 2752 3829 Quid
2796 3772 2883 3819 est
2920 3773 3095 3820 autem
3137 3783 3232 3823 vos
3271 3769 3407 3824 trahi
3433 3786 3466 3826 a

1877 3845 2055 3911 Patre,
2089 3848 2191 3902 nisi
2218 3848 2430 3906 discere
2453 3865 2483 3904 a
2514 3850 2706 3908 Patre?
2733 3854 2860 3925 quid
2886 3865 2970 3911 est
2993 3857 3201 3914 discere
3225 3874 3255 3912 a
3286 3860 3464 3930 Patre,

1877 3937 1978 3992 nisi
2022 3939 2205 3994 audire
2225 3931 2266 3996 ia
2295 3941 2496 3996 Patre?
2541 3943 2667 4012 quid
2714 3954 2795 4000 est
2837 3947 3074 4003 audirea
3121 3951 3316 4020 Patre,
3363 3953 3467 4009 nisi

1878 4029 2063 4085 audire
2087 4029 2317 4085 Verbum
2349 4031 2542 4099 Patris,
2575 4033 2625 4087 id
2649 4045 2734 4090 est
2773 4037 2900 4092 me?
2923 4038 3000 4093 Ne
3029 4040 3162 4096 forte
3191 4057 3320 4113 ergo
3343 4058 3464 4100 cum

1879 4119 2002 4176 dico
2023 4120 2174 4175 vobis
2197 4162 2212 4185 ,
2247 4120 2423 4175 Omnis
2447 4124 2531 4192 qui
2552 4125 2747 4179 audivit
2776 4143 2807 4178 a
2839 4125 2992 4182 Patre
3015 4140 3062 4182 et
3088 4131 3293 4195 didicit,
3321 4132 3469 4188 dica-

1879 4211 1947 4266 tis
1962 4211 2099 4281 apud
2122 4226 2236 4276 vos,
2261 4211 2367 4268 Sed
2389 4229 2658 4282 nunquam
2679 4214 2906 4270 vidimus
2925 4217 3132 4273 Patrem
3159 4235 3173 4284 ;
3197 4223 3468 4290 quomodo

1879 4301 2086 4357 discere
2113 4303 2422 4373 potuimusa
2446 4304 2639 4360 Patre?
2665 4320 2693 4359 a
2721 4307 2927 4382 meipso
2947 4308 3125 4364 audite
3153 4326 3165 4362 :
3197 4310 3317 4366 Non
3343 4314 3469 4385 quia

1881 4392 2090 4450 Patrem
2122 4395 2246 4449 vidit
2285 4399 2572 4467 quisquam,
2630 4399 2718 4452 sed
2758 4399 2845 4469 qui
2889 4409 2959 4454 est
2987 4418 3018 4453 a
3046 4400 3178 4468 Deo,
3228 4403 3310 4458 hic
3345 4405 3469 4460 uidit

1883 4483 2108 4539 Patrem.
2147 4483 2258 4556 Ego
2284 4487 2404 4540 novi
2428 4486 2661 4553 Patrem,
2688 4487 2758 4542 ab
2785 4488 2876 4544 illo
2893 4504 3010 4544 sum
3044 4508 3056 4544 :
3090 4491 3182 4546 sed
3203 4495 3470 4563 quomodo

1881 4576 2103 4631 verbum
2150 4577 2217 4632 ab
2263 4577 2355 4632 illo
2394 4581 2544 4647 cujus
2579 4587 2664 4635 est
2690 4581 2949 4649 verbum;
2995 4598 3101 4639 non
3141 4586 3281 4657 quod
3316 4597 3474 4645 sonat

1882 4674 1937 4722 et
1968 4667 2193 4733 transit,
2238 4669 2332 4725 sed
2377 4668 2519 4740 quod
2557 4678 2740 4727 manet
2761 4685 2884 4728 cum
2925 4672 3175 4744 dicente,
3214 4685 3270 4732 et
3307 4678 3473 4734 trahit

1883 4759 2204 4814 audientem.

1957 4848 2044 4903 l0.
2091 4847 2388 4904 Admoneat
2430 4849 2573 4922 quod
2617 4852 2858 4924 sequitur
2889 4870 2904 4906 :
2931 4853 3093 4909 Amen
3112 4895 3130 4923 ,
3179 4872 3328 4912 amen
3356 4859 3471 4914 dico

1885 4939 2041 5004 vobis,
2081 4941 2169 5010 qui
2193 4941 2349 4995 credit
2371 4941 2424 4994 in
2446 4957 2544 5010 me,
2571 4942 2720 4997 habet
2739 4944 2893 4998 vitam
2917 4959 3181 5002 (sternam.
3209 4947 3475 5008 Revelare

1886 5045 1946 5085 se
1974 5029 2142 5084 voluit
2179 5030 2306 5101 quid
2352 5037 2500 5086 esset
2529 5048 2542 5084 :
2571 5047 2694 5088 nam
2729 5035 3047 5105 compendio
3071 5037 3252 5095 dicere
3279 5042 3472 5112 potuit,

1885 5123 1985 5192 Qui
2013 5121 2182 5178 credit
2210 5123 2262 5178 in
2289 5139 2395 5190 me,
2424 5121 2585 5179 habet
2605 5139 2711 5181 me.
2738 5122 2859 5197 ipse
2877 5127 3018 5183 enim
3047 5129 3293 5188 Christus
3316 5148 3477 5190 verus

1888 5213 2028 5268 Deus
2057 5221 2140 5268 est
2175 5223 2230 5269 et
2270 5215 2376 5269 vita
2401 5224 2622 5270 aeterna.
2671 5215 2773 5284 Qui
2809 5232 2940 5291 ergo
2966 5221 3136 5278 credit
3158 5222 3212 5279 in
3241 5238 3360 5290 me,
3389 5223 3473 5280 in-

1886 5304 2019 5374 quit,
2050 5305 2090 5359 it
2114 5305 2166 5358 in
2192 5319 2313 5372 me;
2344 5315 2398 5361 et
2420 5306 2510 5376 qui
2533 5307 2575 5361 it
2605 5307 2658 5362 in
2688 5324 2810 5377 me,
2837 5308 2999 5368 habet
3023 5329 3112 5370 me
3137 5314 3177 5370 ⁸.
3227 5313 3367 5382 Quid
3393 5323 3477 5369 est

1886 5404 2065 5451 autem
2115 5395 2314 5452 habere
2361 5396 2493 5452 me?
2540 5398 2754 5457 Habere
2802 5402 2966 5459 vitam
3014 5415 3295 5461 aeternam.
3349 5403 3469 5460 Vita

1953 5525 2480 5596 {vindocinensisplh
2504 5526 2872 5596 vivitinme,e_t
2894 5530 3472 5596 inme/tum.

1887 5588 1998 5659 ead.
2019 5596 2073 5640 et
2089 5595 2165 5659 af,
2189 5588 2758 5659 arent-hac'sententia:
2775 5588 2865 5654 Qui
2879 5588 3036 5644 ci'edit
3056 5593 3108 5645 in
3125 5607 3220 5658 me,
3243 5596 3416 5659 inquit,
3439 5598 3479 5649 it

2433 5665 2528 5714 me,
2552 5651 2694 5706 habet
2721 5647 2802 5706 me
2833 5665 2853 5705 :
2883 5667 2996 5717 quae
3027 5647 3477 5713 tamen'exs'tat'm

2615 5791 3235 5882 {Cinquante—unc.)
