3916 6370
243 411 375 490 1613

1329 427 1739 490 TRACTATUS
1777 430 1964 489 XXVI.
2005 435 2234 494 CAPUT
2278 438 2362 494 Vl.

225 535 512 604 ιιιωρωεὶ,
560 537 692 610 quid
720 537 970 604 dixerint.
997 537 1176 600 Homo
1200 554 1294 607 es,
1339 548 1398 598 et
1439 542 1681 614 spiritum
1712 543 1805 604 ba.-

3367 457 3504 519 16H-

1924 552 2252 619 sumpserim
2278 553 2590 620 moriantur.
2614 555 2796 622 ln.hoc
2812 574 2942 618 vero
2967 562 3088 620 cibo
3106 572 3161 620 et
3184 575 3331 637 potu,
3358 571 3408 625 id
3426 585 3504 630 est

213 635 342 699 με,
383 640 436 686 αι
461 645 670 702 camus
699 629 882 692 babes.
928 630 1184 736 ~ﬁniit-itum
1213 630 1334 690 dico
1354 649 1484 703 quae
1508 635 1685 736 anima
1712 651 1811 703 vo,-
1909 644 2506 718 eospanectsanguine
2535 649 2772 717 Domini,
2807 669 2911 715 non
2939 656 3008 710 ita
3037 665 3135 713 est.
3171 629 3300 715 liam
3319 629 3386 717 iet
3417 673 3503 736 qttt

213 736 386 790 catur,
429 738 537 792 qua
561 731 790 788 constat
807 723 954 790 .quod
985 724 1148 786 homo
1183 740 1250 785 es
1280 741 1295 778 :
1327 734 1542 782 constes
1569 727 1712 795 enim
1741 743 1807 794 ex

211 816 375 871 anima
393 825 453 874 et
471 828 746 882 corpore.
778 813 957 874 Habes
986 815 1165 884 itaque
1189 816 1432 885 spiritum
1460 815 1802 886 invisibilcm,

1915 748 2034 827 eam
2069 752 2181 798 non
2204 740 2402 806 sumit,
2426 757 2533 805 non
2556 743 2724 804 habet
2751 747 2912 806 vitam
2943 759 3035 813 :let
3059 751 3146 822 qui
3173 769 3290 809 eam
3317 761 3504 827 sumit,

1907 824 2082 923 habet
2111 830 2384 894 *πηνα
2410 834 2546 895 hanc
2573 838 2762 908 .tttiqne
2806 851 3083 911 aeternam.
3131 845 3286 908 Hune
3324 824 3504 923 itaque

211 901 666 1006 con-piisv'isibiale.
713 903 810 958 Dic
835 902 1113 974 mihiquid
1141 919 1210 961 ex
1241 921 1348 976 quo
1368 905 1517 964 vivat
1545 924 1558 959 :
1587 906 1805 1009 spiritus
1908 916 2090 981 eiburn
2115 930 2170 982 et
2197 932 2378 991 potum
2408 901 2732 989 societatem.
2768 901 2883 988 .vult
2925 901 3145 1006 intelligi
3447 901 3502 998 ei

211 1007 322 1052 tuus
356 994 484 1050 vivit
509 1009 595 1052 ex
621 1008 852 1064 corpore
873 1002 1000 1062 tuo,
1025 1010 1096 1052 an
1121 1010 1314 1066 corpus
1345 1005 1495 1054 tuum
1521 1012 1585 1054 ex
1613 996 1800 1074 spiritu

215 1090 324 1144 tuo?
371 1086 695 1158 Respondet
720 1087 897 1144 omnis
921 1089 1012 1159 qui
1040 1087 1170 1146 vivit
1197 1107 1210 1143 :
1243 1090 1332 1160 qui
1355 1100 1536 1146 autem
1563 1089 1668 1147 hoc
1690 1107 1799 1154 non

215 1191 378 1252 potest
417 1180 761 1252 respondere
784 1222 800 1248 ,
845 1183 1027 1238 nescio
1049 1182 1095 1244 si
1125 1183 1254 1242 vivit
1283 1201 1294 1237 :
1335 1182 1461 1254 quid
1506 1183 1797 1254 respondet

221 1273 384 1328 clunis
401 1275 492 1344 qui
511 1273 679 1332 vivit?
705 1274 912 1344 Corpus
941 1275 1122 1346 utique
1149 1290 1327 1336 meum
1354 1276 1488 1331 vivit
1513 1276 1580 1338 de
1607 1276 1796 1345 spiritu

225 1383 354 1421 meo.
385 1366 475 1421 Vis
507 1381 634 1435 ergo
661 1376 715 1421 et
736 1376 790 1421 tu
821 1367 997 1423 vivere
1013 1368 1080 1423 de
1098 1368 1296 1437 Spiritu
1325 1367 1561 1424 Christi?
1592 1369 1648 1431 ll)
1677 1383 1798 1435 cor-,-

221 1472 340 1526 pore
365 1468 484 1514 esto
513 1457 730 1512 Chl'isli.
775 1457 1038 1528 Numquid
1069 1459 1210 1514 enim
1239 1474 1434 1529 corpus
1461 1475 1637 1519 meum
1667 1460 1796 1523 vivit

219 1548 282 1603 de
300 1548 485 1618 spiritu
519 1551 647 1604 tuo?
685 1548 858 1604 Meum
890 1550 1013 1603 vivit
1041 1549 1107 1608 de
1134 1551 1320 1618 spiritu
1364 1566 1513 1616 meo,
1557 1560 1612 1606 et
1642 1561 1789 1608 tuum

216 1638 276 1693 de
315 1649 422 1694 tuo.
467 1638 585 1694 Non
631 1648 808 1708 petest
847 1643 1026 1695 vivere
1068 1655 1261 1710 corpus
1303 1639 1538 1706 Christi,
1588 1641 1692 1698 nisi
1723 1642 1791 1700 de

218 1729 405 1800 Spiritu
443 1729 662 1785 Christi.
719 1729 845 1785 Inde
883 1739 969 1785 est
1007 1730 1150 1800 quod
1189 1747 1463 1802 exponens
1486 1733 1638 1788 nobis
1661 1749 1788 1803 apo-

214 1823 369 1878 stolus
393 1822 596 1878 Paulus
619 1822 761 1878 hunc
791 1837 1001 1892 partem,
1035 1821 1176 1877 Unus
1206 1826 1384 1894 panis,
1414 1825 1605 1896 inquit,
1631 1843 1788 1882 unum

214 1933 379 1987 corpus
418 1919 572 1972 multi
613 1933 786 1971 sumus
813 1916 857 1988 (l
888 1916 1006 1970 Cor.
1037 1933 1104 1983 χ,
1141 1915 1250 1988 l7).
1307 1919 1351 1978 Ο
1383 1918 1784 1976 Sacramentum

214 2008 442 2078 pietatis!
487 2023 524 2063 o
562 2008 772 2079 signum
813 2009 1066 2064 unitatis!
1107 2024 1142 2063 ο
1171 2010 1439 2068 vinculum
1477 2011 1780 2068 eharitatisl

215 2102 305 2168 Qui
333 2101 440 2155 vult
463 2102 649 2156 vivere
671 2143 687 2167 ,
737 2101 899 2156 habet
937 2101 1026 2156 ubi
1057 2102 1226 2166 vivat,
1274 2102 1430 2158 habet
1457 2102 1597 2158 unde
1622 2103 1782 2158 vivat.

211 2195 446 2259 Accedat,
475 2193 686 2260 credat,
722 2195 739 2225 ⁸
765 2210 780 2257 ;
812 2193 1210 2263 incerporetur,
1242 2203 1300 2247 ut
1325 2194 1633 2251 viviﬁcetur.
1667 2193 1782 2255 Non

210 2285 445 2341 abhoreat
469 2301 498 2340 a
525 2300 786 2356 compage
803 2285 1184 2350 membrorum,
1203 2301 1310 2339 non
1336 2285 1404 2339 sit
1426 2294 1582 2356 putre
1606 2302 1779 2343 memv

210 2378 344 2432 brum
372 2378 512 2448 quod
546 2395 586 2432 ri
608 2379 783 2433 secari
815 2386 1084 2432 mereatur
1106 2418 1121 2443 ,
1152 2393 1255 2432 non
1300 2379 1367 2432 sit
1403 2379 1685 2436 distortum
1714 2380 1782 2438 de

207 2483 299 2539 quo
326 2471 672 2525 erubescatur
704 2487 718 2524 :
747 2469 817 2523 sit
837 2468 1136 2539 pulchrum,
1159 2468 1229 2523 sit
1249 2479 1449 2539 aptum,
1473 2471 1542 2527 sit
1561 2486 1775 2538 sanum;

207 2561 385 2616 haereat
417 2563 666 2632 corpori,
709 2563 848 2616 vivat
880 2562 988 2616 Deo
1027 2562 1093 2618 de
1123 2562 1233 2619 Deo
1267 2582 1280 2617 :
1309 2579 1450 2620 nunc
1491 2565 1697 2622 laboret
1724 2566 1778 2624 in

205 2662 346 2720 terra,
371 2664 426 2707 ut
443 2663 634 2723 postea
667 2663 846 2724 regnet
877 2654 929 2707 in
949 2653 1106 2710 caelo.

263 2745 341 2800 id.
393 2744 690 2817 Litignbant
737 2762 852 2816 ergo
885 2743 1060 2799 Judtei
1105 2745 1171 2799 ad
1221 2746 1466 2811 invicem,
1516 2746 1735 2809 dicentes
1759 2765 1778 2804 :

203 2836 442 2902 Quomodo
463 2847 634 2909 potest
657 2838 740 2891 hic
763 2853 964 2894 carnem
984 2854 1129 2891 suam
1154 2839 1293 2892 nobis
1314 2839 1436 2904 dare
1463 2841 1531 2894 ad
1556 2843 1776 2900 mandu-

201 2931 430 2983 eandm?
457 2929 767 3000 Liligabant
799 2931 977 3000 utique
1000 2929 1065 2984 ad
1098 2930 1324 2986 invicem
1351 2972 1366 2997 ,
1396 2934 1652 3002 quoniam,
1681 2951 1775 3006 pa-

202 3036 306 3077 nem
329 3022 636 3077 concordia:
677 3038 785 3078 non
826 3023 1220 3092 intelligebant,
1259 3039 1361 3082 nec
1385 3041 1594 3084 sumere
1623 3029 1774 3088 vole-

203 3112 306 3167 bant
330 3131 344 3168 :
373 3129 488 3168 nam
509 3113 614 3184 qui
643 3113 962 3170 ntanducant
992 3114 1153 3171 talem
1185 3128 1373 3184 partem
1394 3159 1409 3182 ,
1439 3132 1545 3173 non
1569 3118 1774 3188 litigent

202 3211 256 3259 ad
275 3205 512 3273 invicem;
565 3208 820 3277 quoniam
847 3223 975 3262 unus
1013 3210 1164 3280 ponis
1182 3251 1197 3275 ,
1231 3225 1386 3264 unum
1415 3228 1600 3282 corpus
1627 3215 1774 3271 multi

207 3312 370 3354 amns.
396 3299 458 3355 Et
478 3315 590 3370 μιν
617 3299 762 3354 hunc
800 3300 922 3368 facit
961 3299 1098 3355 Deus
1139 3303 1287 3358 unius
1306 3304 1441 3357 modi
1466 3304 1692 3360 habitare
1717 3306 1772 3361 in

207 3389 332 3446 deum
351 3389 509 3460 (Ptol.
559 3407 730 3458 exvit,
767 3394 843 3464 7).
1343 3385 1350 3388 ’

262 3485 336 3540 15.
371 3485 534 3553 Ωιιοά
581 3491 758 3542 autem
799 3487 868 3542 ad
911 3487 1137 3543 invicem
1178 3487 1443 3559 litigantes
1489 3502 1765 3560 quaerunt,

201 3578 432 3646 quomodo
460 3579 644 3649 ιιυεέίι
669 3577 928 3634 Dominus
959 3593 1174 3634 carnem
1199 3596 1351 3636 suam
1381 3581 1509 3636 dare
1528 3583 1597 3637 ad
1618 3600 1768 3640 nian-

204 3665 463 3723 ducendum
486 3712 500 3737 ,
545 3685 654 3723 non
681 3671 856 3723 statim
885 3669 1102 3724 audiunt
1130 3690 1142 3722 :
1185 3671 1278 3726 sed
1317 3672 1490 3727 adhuc
1528 3676 1606 3728 eis
1631 3675 1766 3729 dici-

208 3767 294 3822 tur,
320 3763 482 3827 Amen,
508 3778 666 3815 mn
688 3761 800 3813 dico
823 3761 957 3814 vobis
971 3803 986 3825 ,
1009 3762 1106 3816 nisi
1129 3763 1549 3819 manducaveritis
1567 3781 1766 3819 carnem

212 3848 313 3905 Filii
331 3855 540 3909 borm'uis
557 3896 571 3920 ,
615 3864 661 3906 et
689 3853 905 3906 biberitis
935 3854 1043 3924 ejus
1070 3855 1361 3925 sanguinem
1384 3896 1399 3922 ,
1430 3873 1531 3910 non
1559 3857 1765 3912 habebi-

208 3939 260 3994 tis
279 3943 414 3998 vitam
439 3944 490 3998 in
522 3944 684 3998 vobis.
704 3944 988 4010 Quomodo.
1016 3944 1229 4012 quidem
1272 3945 1478 4009 edatur,
1519 3955 1574 4002 et
1613 3948 1764 4017 quis-

209 4045 311 4090 mm
333 4035 510 4091 modiis
535 4034 614 4094 sit
642 4035 992 4092 manducandi
1023 4035 1181 4089 istum
1225 4052 1443 4105 panem,
1474 4038 1758 4108 ignoratis;

209 4136 540 4183 Verumtamen
599 4127 699 4180 nisi
739 4127 1154 4180 manducaui-itis
1189 4144 1389 4182 carnem
1431 4128 1555 4187 Filii
1594 4131 1759 4188 homi-

212 4214 298 4284 nis,
333 4229 378 4273 et
418 4220 643 4275 biberitis
685 4219 794 4290 ejus
834 4221 1148 4290 sanguinem,
1191 4238 1291 4275 non
1331 4222 1570 4277 [rubebitis
1609 4226 1762 4280 vitam

210 4307 253 4360 is
287 4311 424 4366 vobis.
465 4311 594 4366 llaec
631 4326 736 4364 non
775 4311 952 4379 utique
990 4310 1364 4377 cadaveribus,
1398 4314 1490 4367 sed
1535 4314 1760 4372 viventi-,-

212 4395 292 4454 btts
317 4401 644 4472 loquellam.
679 4401 862 4467 l‘nde,
906 4417 974 4456 ne
1018 4403 1170 4456 istam
1209 4405 1364 4458 vitam
1408 4405 1760 4477 inbelligentes

213 4491 333 4548 etde
357 4493 448 4549 hac
483 4511 548 4552 re
585 4495 885 4563 litigat-ent,
915 4503 1127 4550 secutus
1160 4496 1431 4564 adjunxit,
1468 4501 1568 4564 Qui
1611 4517 1758 4556 man-

215 4576 337 4636 ducet
375 4600 534 4640 meum
578 4600 798 4647 carnem,
828 4595 872 4638 et
907 4583 1026 4638 bibit
1059 4602 1221 4638 meum
1265 4591 1579 4658 sanguinem,
1613 4591 1760 4646 habet

213 4673 334 4729 vitam
353 4688 606 4732 (sternam.
635 4677 779 4730 Hanc
797 4692 924 4747 cego
947 4694 1048 4731 non
1073 4677 1252 4744 habet,
1270 4679 1359 4749 qui
1391 4682 1546 4735 istum
1569 4698 1757 4752 panem

217 4778 300 4818 non
311 4769 599 4833 maduerat,
614 4783 712 4821 nec
729 4768 886 4821 istum
904 4769 1210 4838 satiguinem
1230 4769 1359 4823 bibit
1379 4788 1394 4823 :
1418 4787 1542 4826 nam
1563 4781 1761 4844 tempo-

215 4856 350 4912 nlem
364 4859 517 4916 vitam
536 4860 651 4914 sine
673 4858 762 4913 illo
777 4857 972 4914 habere
993 4859 1232 4914 homines
1251 4872 1490 4930 possunt,
1504 4874 1756 4921 aiternam

217 4959 320 5002 vero
341 4952 548 5005 omnim
585 4965 691 5004 non
744 4957 982 5018 possunt.
1030 4949 1128 5017 Qui
1170 4967 1296 5021 ergo
1338 4968 1443 5007 non
1475 4955 1756 5012 manducet

217 5039 309 5106 ejus
332 5057 532 5100 carnem
552 5085 567 5110 ,
601 5059 701 5098 nec
724 5043 856 5097 bibit
882 5044 999 5112 ejus
1024 5045 1356 5112 sanguinem,
1390 5064 1494 5102 non
1523 5047 1682 5106 habet
1701 5050 1752 5108 in

219 5143 265 5182 se
280 5133 420 5188 vitam
433 5151 460 5188 με
489 5138 548 5190 et
567 5135 666 5205 qui
689 5134 973 5188 manducet
993 5135 1108 5203 ejus
1131 5151 1344 5191 carnem
1359 5177 1374 5201 ,
1402 5146 1456 5193 et
1484 5139 1617 5200 bibit
1637 5141 1754 5210 ejus

221 5226 518 5294 lianguinum,
550 5227 714 5281 habet
755 5227 936 5282 vitam.
984 5227 1064 5282 Ad
1114 5236 1394 5299 utrumque
1443 5240 1619 5286 autem
1662 5249 1753 5289 re-

223 5314 411 5378 sponda
429 5318 568 5387 quod
591 5317 746 5380 dixit,
771 5326 1031 5374 retentum.
1058 5315 1174 5372 Non
1303 5327 1385 5373 est
1406 5319 1457 5374 in
1486 5320 1585 5377 bac
1606 5338 1751 5394 esca,

223 5414 352 5468 quain
367 5407 718 5464 sustentanda:
747 5407 905 5478 hujus
931 5409 1236 5477 temporalis
1257 5408 1379 5464 vita:
1400 5425 1560 5468 causa
1583 5416 1753 5474 sumi-

223 5503 336 5548 ηις.
360 5497 484 5554 Nam
504 5502 592 5572 qui
617 5516 736 5557 eam
759 5516 862 5555 non
887 5502 1194 5570 sumpserit,
1225 5515 1330 5556 non
1351 5503 1530 5558 vivet:
1552 5517 1650 5561 nec
1678 5515 1756 5562 tan

225 5595 324 5642 meo
339 5590 418 5658 qui
434 5606 544 5646 eam
572 5593 876 5661 sumpserit,
895 5591 1053 5647 vivet.
1078 5591 1218 5648 Fieri
1239 5595 1383 5649 enim
1412 5603 1584 5665 potest
1600 5603 1655 5652 ut
1670 5613 1754 5654 se-

227 5688 317 5742 nto,
337 5679 411 5736 vel
432 5683 644 5751 morbo,
675 5683 758 5741 vel
781 5684 962 5755 aliquo
999 5699 1156 5752 casu,
1201 5686 1413 5757 plurimi
1437 5695 1493 5744 et
1517 5687 1606 5759 qui
1632 5703 1753 5745 eam

226 5788 1195 5913 ὠιέἀθοεωωτάαηαυαὰιαό,
1234 5800 1448 5866 om;
1483 5799 1751 5869 ὑσοαρονθ-

1907 1011 2270 1075 memhrorttm
2307 1031 2558 1084 suorum.
2601 1016 2743 1092 quod
2793 1033 2878 1083 est.
2923 1036 3106 1088 sancta
3158 1029 3395 1089 Ecclesia
3424 1035 3498 1090 'in

1899 1100 2298 1167 prmdestinatis
2315 1117 2378 1165 .et
2404 1112 2604 1168 vocatis
2623 1153 2638 1178 ,
2665 1121 2720 1168 et
2739 1113 3041 1182 justiticatis
3063 1159 3079 1185 ,
3105 1129 3162 1176 et
3179 1122 3500 1191 .gloriﬁcatis

1904 1194 2121 1257 sanctis,
2143 1204 2202 1251 et
2225 1196 2463 1256 ﬁdelibus
2489 1202 2624 1270 ejus.
2656 1203 2890 1272 Quorum
2913 1212 3139 1278 primum
3161 1211 3272 1281 jam
3296 1214 3490 1282 factum

1902 1290 2012 1346 est,
2045 1283 2095 1340 id
2125 1295 2204 1342 est
2226 1327 2239 1351 ,
2271 1289 2666 1358 prmdestinatio
2698 1312 2710 1347 :
2739 1298 3032 1355 secundum
3077 1311 3132 1356 et
3169 1305 3379 1360 tertium
3412 1307 3489 1366 fa-

1899 1381 2045 1432 ctum
2071 1384 2172 1441 est,
2200 1386 2256 1436 et
2284 1381 2366 1445 lit,
2399 1391 2453 1437 et
2476 1381 2587 1449 lict,
2617 1383 2668 1440 id
2691 1395 2801 1450 est,
2832 1389 3036 1448 vocatio
3060 1403 3108 1446 et
3137 1391 3448 1462 jttstiiicatio
3472 1415 3487 1451 ε

1899 1473 2144 1532 quartum
2174 1483 2300 1524 vero
2339 1486 2482 1528 nunc
2510 1473 2561 1534 in
2580 1488 2689 1543 spe
2709 1486 2823 1539 εει,
2855 1479 2905 1532 in
2951 1496 3009 1542 re
3047 1492 3223 1549 autem
3248 1486 3486 1544 futurum

1897 1565 1978 1612 est
1997 1597 2011 1621 ,
2045 1558 2094 1612 id
2121 1570 2197 1616 est
2225 1601 2239 1626 ,
2266 1561 2600 1632 glorilicatio.
2645 1567 2810 1636 Hujus
2843 1571 2915 1625 rei
2958 1571 3360 1641 Sacramentum
3381 1621 3397 1646 ,
3432 1580 3485 1637 id

1894 1657 1997 1713 est,
2022 1650 2237 1708 unitatis
2266 1655 2506 1724 corporis
2533 1666 2587 1712 et
2614 1659 2883 1728 sanguinis
2910 1662 3110 1718 Christi
3137 1666 3327 1723 alicubi
3347 1686 3482 1740 quo-

1893 1739 2049 1805 tidie,
2091 1742 2284 1801 alicubi
2325 1747 2485 1806 certis
2535 1749 2825 1812 intervallis
2868 1751 3072 1814 dierum
3118 1758 3168 1812 in
3209 1759 3481 1836 dominica

1892 1845 2074 1888 mensa
2119 1845 2466 1903 praeparatam
2509 1847 2563 1892 et
2599 1838 2666 1896 de
2694 1855 2877 1902 mensa
2909 1842 3181 1914 dominica
3215 1851 3481 1922 sumitur;

1891 1922 2209 1990 quibusdam
2237 1925 2302 1982 ad
2327 1928 2512 1994 vitam,
2534 1930 2847 1999 quibusdam
2874 1933 2938 1988 ad
2959 1936 3178 1998 exitium
3203 1956 3217 1993 :
3240 1956 3329 1996 res
3352 1923 3482 2007 vero

1891 2015 2002 2084 ipsa
2032 2017 2186 2087 cujus
2223 2030 2753 2089 sacramentumest,
2781 2028 2922 2092 omni
2947 2028 3152 2092 homini
3189 2034 3258 2094 ad
3284 2036 3442 2102 vitam
3463 2079 3478 2106 ,

1888 2105 2021 2162 nulli
2050 2107 2118 2162 ad
2143 2109 2366 2170 exitium
2383 2151 2398 2175 ,
2427 2114 2747 2186 quicumque
2772 2117 2890 2188 ejus
2917 2122 3184 2195 particeps
3208 2125 3388 2196 fuerit,

1960 2200 2048 2294 lli.
2075 2200 2153 2294 Ne
2177 2213 2356 2262 autem
2384 2216 2623 2275 putarent
2655 2209 2811 2268 sicin
2843 2213 2947 2271 iSto
2972 2215 3094 2271 cibo
3119 2227 3173 2272 et
3203 2228 3327 2288 potu
3349 2237 3478 2294 pro-

1887 2292 2022 2346 mitti
2052 2293 2213 2350 vitam
2250 2306 2536 2364 aiternam,
2569 2309 2626 2356 ut
2655 2302 2744 2372 qui
2772 2317 2888 2360 eam
2920 2318 3220 2375 sumerent,
3248 2292 3478 2382 jam-nec

1885 2397 2109 2454 corpore
2157 2399 2520 2458 morerentur;
2572 2391 2694 2454 huic
2733 2395 3038 2464 cogitationi
3093 2399 3339 2471 dignatus
3392 2417 3477 2464 est

1887 2488 2186 2532 occurrere.
2233 2477 2363 2536 Nam
2407 2495 2530 2537 eum
2582 2482 2838 2552 dixisset,
2892 2487 2992 2554 Qui
3019 2494 3287 2549 manducet
3312 2514 3478 2562 meum

1884 2581 2084 2621 carnem
2102 2607 2116 2632 ,
2157 2577 2204 2622 et
2246 2570 2367 2629 bibit
2419 2589 2584 2630 meum
2613 2578 2908 2645 sanguinem
2921 2622 2937 2644 ,
2982 2583 3130 2638 habet
3151 2587 3302 2642 vitam
3329 2601 3476 2652 ceter-

1882 2673 2038 2722 nam;
2085 2661 2339 2722 continuo
2380 2663 2639 2733 subjecit,
2688 2666 2756 2722 Et
2799 2685 2890 2742 ego
2930 2676 3234 2732 resuscitaba
3279 2695 3393 2750 eum
3419 2684 3473 2739 in

1883 2751 2150 2807 novissimo
2170 2753 2270 2808 die.
2318 2753 2388 2812 Ut
2414 2755 2605 2813 habeat
2651 2759 2864 2826 interim
2907 2767 3198 2830 secundum
3223 2771 3467 2842 spiritum

1879 2843 2040 2898 vitam
2055 2853 2310 2906 aeternam
2337 2847 2388 2902 in
2410 2849 2611 2918 requie,
2633 2867 2751 2921 qua:
2775 2862 3079 2912 sanctorum
3097 2860 3314 2928 Spiritus
3341 2878 3466 2934 sus-

1879 2935 2046 3004 cipit:
2078 2937 2219 3007 quod
2261 2948 2439 3004 autem
2485 2940 2552 2998 ad
2591 2957 2786 3013 corpus
2833 2947 3049 3014 attinet,
3088 2966 3188 3007 nec
3215 2954 3330 3022 ejus
3355 2958 3464 3018 vita

1878 3034 2075 3084 aeterna
2123 3026 2418 3096 fraudetur,
2446 3030 2544 3088 sed
2587 3032 2642 3090 in
2691 3038 3082 3096 resurrectione
3126 3053 3465 3104 mortuorum

1879 3118 2172 3180 novissimo
2190 3120 2296 3181 die.

1949 3209 2038 3262 i7.
2080 3209 2209 3264 Caro
2228 3214 2362 3272 enim
2382 3228 2494 3272 mea
2513 3255 2528 3281 ,
2556 3215 2754 3286 inquit,
2787 3233 2897 3276 vere
2916 3232 2986 3299 est
3011 3224 3168 3290 cibus,
3193 3236 3238 3280 et
3261 3232 3467 3302 sanguis

1876 3315 2014 3353 naeus
2037 3316 2149 3356 uere
2183 3313 2257 3356 est
2293 3314 2458 3372 potus.
2505 3304 2638 3376 Cum
2667 3309 2806 3368 enim
2842 3311 2960 3365 cibo
2987 3323 3038 3369 et
3063 3325 3190 3387 potu
3221 3318 3272 3372 id
3299 3335 3464 3392 appe-

1877 3398 1986 3446 tant
2027 3392 2296 3458 homines,
2340 3403 2398 3450 ut
2449 3411 2556 3459 non
2601 3401 2870 3467 eSuriant,
2911 3420 3080 3476 neque
3117 3409 3332 3479 sitiant;
3361 3413 3466 3478 hoc

1873 3486 2132 3538 veraciter
2155 3499 2260 3542 non
2293 3495 2508 3554 praestat
2529 3488 2631 3550 nisi
2664 3491 2763 3546 iste
2792 3493 2944 3552 cibus
2969 3506 3022 3550 et
3048 3507 3202 3567 potus
3222 3542 3235 3566 ,
3260 3504 3463 3572 quieos

1871 3589 1900 3628 a
1922 3576 2112 3644 quibus
2133 3578 2380 3644 sumitur,
2404 3580 2732 3642 immortales
2752 3593 2804 3640 et
2827 3589 3250 3659 incorruptibiles
3276 3594 3402 3664 facit
3420 3601 3462 3665 ί,

1868 3668 1924 3723 id
1952 3671 2279 3727 estsocietas
2305 3671 2417 3741 ipsa
2452 3684 2791 3742 sanctorum,
2831 3679 2916 3746 ubi
2951 3696 3053 3752 pax
3084 3685 3186 3742 erit
3209 3696 3264 3744 et
3287 3691 3464 3759 unitas

1870 3761 2024 3827 plena
2055 3770 2214 3832 atque
2251 3764 2502 3833 perfecta.
2549 3767 2838 3838 Propterea
2875 3774 3071 3845 quippe
3091 3817 3106 3843 .
3134 3779 3272 3839 sicut
3299 3784 3461 3846 etiam

1869 3860 1991 3906 ante
2029 3868 2127 3907 nos
2171 3855 2270 3908 hoc
2313 3856 2687 3914 intellexerunt
2731 3860 2976 3926 homines
3018 3867 3144 3934 Dei,
3203 3871 3461 3938 Dentium

1869 3952 2050 4001 noster
2073 3945 2229 4002 Jesus
2255 3947 2494 4006 Christus
2536 3964 2731 4020 corpus
2772 3962 2828 4012 et
2879 3961 3190 4030 Sanguinem
3224 3978 3378 4026 suum
3404 3967 3459 4022 in

1867 4036 1947 4092 eis
1964 4038 2122 4092 rebus
2137 4040 2548 4106 continendavit,
2568 4059 2685 4110 quae
2709 4046 2773 4100 ad
2796 4063 2956 4103 unum
2985 4051 3180 4120 aliquid
3208 4056 3458 4128 redigun-

1867 4135 1951 4181 tur
1978 4142 2045 4182 ex
2071 4128 2270 4182 multis.
2295 4129 2532 4201 Namque
2551 4133 2693 4188 aliud
2714 4137 2764 4193 in
2789 4153 2950 4193 unum
2981 4156 3043 4196 ex
3073 4145 3248 4202 multis
3275 4152 3455 4215 granis

1865 4220 2029 4275 conlit
2060 4237 2074 4274 :
2103 4220 2242 4275 aliud
2285 4224 2338 4276 in
2384 4240 2542 4278 unum
2587 4240 2652 4279 ex
2697 4227 2874 4284 multis
2911 4232 3078 4288 acinis
3101 4235 3321 4294 conﬂuit
3352 4240 3452 4310 (α).

1937 4313 2022 4369 18.
2068 4315 2302 4386 Benique
2324 4316 2431 4386 jam
2466 4319 2681 4386 exponit
2719 4325 2986 4391 quomodo
3010 4327 3060 4381 id
3091 4325 3185 4384 liat
3209 4333 3349 4400 quod
3376 4335 3454 4392 10-.

1864 4405 2062 4473 quitur,
2092 4413 2144 4460 et
2169 4406 2292 4475 quid
2322 4409 2392 4461 sit
2419 4409 2735 4465 manducare
2763 4427 2957 4483 corpus
2977 4417 3093 4486 ejus
3111 4461 3126 4484 ,
3156 4431 3211 4476 et
3241 4429 3455 4493 sangui-

1864 4512 1986 4550 nem
2038 4497 2237 4553 bibere.
2292 4499 2392 4565 Qui
2431 4503 2700 4558 manducet
2748 4523 2950 4562 carnem
2989 4528 3182 4580 meam,
3231 4527 3279 4572 et
3333 4521 3454 4577 bibit

1864 4603 2027 4641 nteant
2048 4591 2372 4660 sanguinem,
2400 4593 2450 4647 in
2487 4611 2564 4648 me
2599 4609 2799 4664 manet,
2825 4610 2875 4654 et
2899 4617 2988 4670 ego
3012 4605 3062 4658 in
3091 4605 3201 4663 illo.
3235 4609 3345 4668 Hoc
3371 4625 3454 4668 est

1863 4692 1991 4748 ergo
2020 4680 2336 4736 manducare
2365 4683 2508 4737 illam
2538 4701 2715 4740 escam
2739 4729 2753 4752 ,
2781 4699 2834 4744 et
2861 4692 3005 4746 illum
3033 4694 3214 4752 bibere
3240 4710 3446 4768 petum,

1864 4767 1916 4822 in
1938 4770 2150 4824 Christo
2177 4789 2419 4839 manere,
2449 4783 2506 4831 et
2541 4776 2687 4831 illum
2721 4790 3020 4836 manentem
3059 4785 3108 4838 in
3146 4801 3205 4840 se
3233 4767 3446 4845 habere.

1862 4860 1940 4914 Ac
1969 4875 2064 4929 per
2099 4859 2200 4916 hoc
2228 4864 2316 4932 qui
2345 4880 2450 4919 non
2483 4879 2660 4921 manet
2693 4869 2743 4922 in
2773 4869 3009 4936 Christo,
3034 4884 3089 4930 et
3118 4876 3166 4940 in
3203 4894 3308 4948 quo
3343 4897 3450 4936 non

1862 4959 2040 5006 manet
2068 4949 2331 5020 Christus,
2356 4957 2534 5023 procul
2560 4958 2720 5014 dubio
2747 4976 2844 5014 nec
2870 4964 3151 5022 manducat
3180 4967 3450 5040 [spiritua-

1862 5042 2002 5115 liter]
2031 5059 2243 5099 carnem
2283 5046 2430 5116 ejus,
2461 5063 2559 5102 nec
2586 5050 2714 5104 bibit
2755 5052 2872 5121 ejus
2911 5059 3256 5127 sanguinem,
3301 5062 3451 5136 [licet

1859 5136 2145 5190 carnaliter
2170 5147 2223 5191 et
2245 5137 2520 5194 visibiliter
2543 5151 2750 5211 premat
2768 5143 3014 5202 dentibus
3039 5148 3442 5210 Sacramenttnn

1860 5227 2098 5297 corporis
2135 5238 2188 5282 et
2223 5229 2492 5298 sanguinis
2520 5231 2714 5287 Christi
2741 5232 2798 5307 :]
2836 5237 2928 5291 sed
2980 5242 3146 5312 magis
3187 5252 3346 5299 tanta:
3373 5249 3447 5301 rei

1861 5318 2263 5376 Sacramentum
2301 5322 2368 5376 ad
2402 5322 2656 5394 judicium
2705 5327 2807 5383 sibi
2858 5331 3141 5388 inanducat
3178 5345 3232 5389 et
3277 5337 3445 5405 bibit,
3482 5327 3488 5342 ³

1859 5412 1981 5483 quia
2010 5411 2310 5468 immundus
2359 5416 2696 5486 prtesumpsit
2734 5418 2799 5472 ad
2834 5420 3028 5476 Christi
3060 5425 3314 5480 accedere
3343 5427 3446 5483 Sa-

1860 5513 2165 5568 cramenta,
2212 5518 2332 5574 qua:
2368 5506 2559 5572 aliquis
2611 5523 2719 5564 non
2763 5509 2920 5580 digne
2961 5513 3158 5580 sumit,
3207 5516 3309 5571 nisi
3353 5523 3446 5590 qui

1861 5592 2091 5650 mundus
2131 5604 2241 5661 est;
2285 5592 2353 5652 de
2383 5597 2572 5668 quibus
2607 5597 2820 5668 dicitur,
2865 5601 3010 5657 Beati
3034 5605 3221 5660 mundo
3249 5609 3403 5664 corde

1861 5748 2361 5933 epatriéaﬁ'r‘iiha
2391 5810 2449 5863 ad
2473 5809 2726 5875 (κακίω,
2751 5812 2895 5878 Otila.
2937 5815 3016 5882 63,
3043 5826 3094 5873 et
3113 5821 3173 5875 ad
3215 5832 3450 5894 maguum,
