3916 6382
459 355 599 413 1615

456 471 695 546 quoniam
721 466 818 538 ipsi
846 463 1008 519 Deunt
1032 460 1263 517 uidebunt
1287 460 1303 491 ⁸
1335 458 1548 531 (Matth.
1574 475 1631 526 ν,
1657 458 1737 529 8).

528 563 616 619 i9.
659 561 832 626 Sicut,
864 558 1058 629 inquit,
1087 555 1223 610 misit
1245 569 1325 608 nte
1347 555 1513 609 vivens
1534 551 1712 621 Pater,
1738 561 1786 607 et
1807 568 1899 625 ego
1931 550 2040 607 viro

455 666 662 727 propter
686 650 931 715 Patrem;
965 655 1012 702 et
1028 646 1116 718 qui
1136 644 1409 700 manducet
1437 661 1517 700 me
1534 686 1551 712 ,
1577 653 1627 700 et
1651 644 1761 716 ipse
1776 643 1905 699 uiuet
1923 657 2044 714 pro-

455 758 563 816 pter
584 760 682 799 me.
712 741 829 798 Non
858 740 934 795 ait
964 756 980 795 :
1006 737 1155 794 Sicut
1177 735 1442 792 manduco
1468 734 1703 803 Patrem,
1725 744 1780 792 et
1797 749 1899 807 ego
1923 734 2045 790 vive

451 846 670 909 propter
697 834 944 898 Patrem;
984 840 1039 887 et
1073 830 1164 902 qui
1194 828 1480 884 manducet
1503 843 1619 893 me,
1658 836 1716 883 et
1753 828 1868 898 ipse
1898 826 2046 881 vivet

451 938 671 1000 propter
696 942 803 983 me.
836 924 951 980 Non
977 922 1122 980 enim
1156 920 1324 978 Filius
1348 919 1754 991 participatione
1786 917 1960 973 Patris
1986 916 2046 974 lit

451 1020 663 1088 melior,
685 1018 775 1089 qui
802 1025 887 1073 est
912 1022 1068 1070 natus
1086 1012 1340 1084 aequalis;
1368 1013 1505 1067 sicut
1524 1010 1931 1081 participatione
1956 1009 2046 1065 Fi-

412 1168 415 1171 .
451 1112 508 1167 lii
538 1127 633 1182 per
657 1109 910 1165 unitatem
935 1104 1175 1176 corporis
1200 1103 1318 1173 ejus
1341 1112 1397 1159 et
1421 1102 1695 1174 sanguinis
1712 1143 1728 1169 ,
1770 1100 1912 1172 quod
1954 1100 2045 1156 illa

416 1202 423 1285 ξ
454 1200 801 1259 manducatio
827 1196 1132 1269 potatioque
1168 1194 1451 1265 significat,
1482 1208 1582 1250 nos
1607 1192 1867 1249 el'licimur
1884 1194 1905 1226 ⁸
1931 1207 2046 1247 me-

415 1283 423 1313 '
453 1295 635 1350 liores.
678 1291 919 1346 Vivimus
953 1302 1082 1359 ergo
1117 1301 1215 1342 nos
1245 1294 1463 1357 propter
1491 1285 1684 1355 ipsum,
1712 1283 2043 1339 manducan-

451 1393 534 1442 tes
561 1399 719 1449 eum;
765 1381 819 1437 id
856 1387 938 1437 est
957 1419 973 1445 ,
1013 1380 1186 1449 ipsum
1218 1376 1541 1446 accipientes
1565 1382 1819 1429 aeternam
1846 1373 2040 1439 vitam,

451 1489 611 1548 quam
637 1490 744 1531 non
765 1473 1093 1528 habebamus
1115 1484 1181 1524 ex
1203 1467 1358 1522 nobis
1388 1484 1402 1521 :
1435 1466 1562 1521 vivit
1581 1474 1759 1520 autem
1786 1464 1901 1534 ipse
1920 1478 2043 1534 pro-

450 1577 570 1639 pter
596 1568 809 1624 Patrem
829 1606 844 1631 ,
877 1564 1071 1619 missus
1095 1562 1164 1617 ab
1189 1574 1288 1625 eo;
1332 1558 1454 1628 quia
1479 1557 1823 1627 semetipsum
1855 1557 2042 1610 exina-

448 1658 583 1715 nivit
601 1701 615 1724 ,
644 1657 814 1714 iactus
840 1654 1099 1711 obediens
1137 1665 1304 1720 usque
1328 1648 1393 1703 ad
1420 1657 1645 1703 mortem
1674 1647 1849 1703 crucis
1884 1645 2043 1720 (Phi-

451 1751 579 1822 lipp.
607 1765 682 1816 ιι,
710 1746 790 1818 8).
843 1745 899 1801 Si
940 1741 1084 1799 enim
1124 1739 1419 1797 secundum
1461 1738 1516 1793 id
1550 1737 1877 1809 accipimus,
1919 1736 2042 1791 Vivo

449 1850 657 1912 prapter
695 1838 931 1901 Patrem,
972 1832 1116 1905 quod
1156 1830 1283 1886 alibi
1318 1830 1423 1895 ait,
1459 1826 1615 1883 Pater
1652 1830 1819 1900 major
1855 1844 1935 1882 me
1970 1837 2043 1882 est

450 1931 630 2003 (Joan.
663 1944 772 1993 xiv,
801 1927 933 1998 28);
964 1924 1101 1980 sicut
1123 1931 1179 1979 et
1217 1936 1315 1978 nos
1344 1920 1570 1976 vivimus
1589 1928 1810 1991 propter
1839 1918 2037 1988 ipsum,

449 2025 542 2096 qui
570 2022 744 2093 major
769 2029 850 2076 est
881 2018 1035 2075 nobis
1063 2034 1079 2073 :
1113 2015 1215 2072 hoc
1251 2029 1318 2070 ex
1347 2028 1414 2070 eo
1440 2013 1581 2085 quod
1607 2013 1803 2068 missus
1822 2021 1932 2077 est,
1967 2011 2042 2065 fa-

448 2125 594 2173 ctum
633 2124 735 2170 est.
783 2111 964 2167 Missio
993 2109 1189 2180 quippe
1218 2108 1334 2177 ejus
1360 2104 1652 2163 exinanitio
1679 2103 2042 2173 suimetipsius

448 2216 563 2278 est,
606 2215 660 2261 et
699 2205 882 2260 forma:
906 2202 1113 2259 servilis
1139 2199 1378 2269 acceptio
1409 2216 1424 2252 :
1456 2196 1597 2269 quod
1623 2204 1768 2252 recte
1796 2192 2042 2264 intelligi-

449 2311 559 2369 tur,
586 2307 794 2355 servata
824 2297 982 2352 etiam
1007 2293 1127 2348 Filii
1154 2305 1275 2346 cum
1302 2290 1460 2345 Patre
1484 2288 1788 2359 mqualitate
1817 2295 2038 2340 naturai.

447 2393 619 2463 Major
654 2391 796 2446 enim
824 2397 907 2443 est
936 2387 1092 2442 Pater
1116 2385 1331 2439 homine
1358 2383 1500 2450 lilio,
1533 2381 1629 2439 sed
1654 2381 1910 2452 aequalem
1941 2378 2057 2457 ha--~

447 2486 539 2541 bet
562 2485 725 2539 Demn
752 2479 943 2535 Filium
969 2496 982 2531 :
1006 2493 1127 2532 cum
1155 2477 1295 2531 idem
1322 2474 1437 2546 ipse
1455 2474 1524 2528 sit
1545 2483 1598 2527 et
1623 2473 1762 2527 Deus
1782 2481 1836 2527 et
1856 2471 2033 2537 homo,

446 2577 544 2633 Dei
591 2575 756 2629 Filius
782 2582 835 2629 et
865 2571 1095 2625 hominis
1120 2568 1260 2623 ﬁlius
1279 2610 1294 2633 ,
1340 2582 1478 2622 unus
1502 2565 1749 2621 Christus
1774 2563 1950 2620 Jesus.
1982 2562 2038 2618 In

446 2692 605 2749 quam
651 2673 968 2731 sententiam
997 2670 1041 2725 si
1067 2676 1213 2724 recte
1238 2666 1567 2736 accipiuntur
1605 2663 1721 2718 haec
1744 2662 1903 2718 verba
1922 2702 1939 2727 ,
1967 2660 2038 2715 ita

445 2766 611 2831 dixit,
655 2764 800 2820 Sicut
825 2779 904 2816 me
927 2760 1064 2815 misit
1096 2759 1264 2812 vivens
1291 2755 1464 2819 Pater,
1495 2764 1542 2808 et
1569 2770 1659 2824 ego
1687 2754 1796 2807 vivo
1836 2761 2041 2821 propter

445 2856 690 2918 Patrem;
719 2864 766 2909 et
790 2854 877 2925 qui
901 2850 1172 2905 manducat
1198 2864 1301 2912 me,
1335 2856 1381 2900 et
1407 2847 1517 2916 ipse
1540 2846 1664 2898 vivet
1695 2852 1902 2915 prapter
1924 2858 2040 2896 me:

445 2966 510 3007 ac
533 2951 578 3007 si
602 2950 829 3011 diceret,
863 2945 933 3001 Ut
958 2958 1057 3013 ego
1081 2942 1252 2995 vivam
1297 2947 1515 3007 propter
1560 2936 1770 2990 Patrem
1792 2976 1806 2999 ,
1841 2934 1891 2989 id
1922 2944 2036 2995 est,

445 3041 513 3095 ad
535 3041 684 3095 illum
708 3047 955 3107 tanquam
987 3034 1245 3102 majorem
1269 3028 1495 3084 referam
1519 3028 1680 3083 vitam
1704 3041 1900 3091 meam,
1926 3025 2038 3079 exi-

444 3130 646 3187 nanitio
677 3143 790 3183 mea
821 3126 962 3190 fecit,
994 3124 1046 3177 in
1076 3136 1177 3192 qua
1204 3135 1290 3175 me
1320 3119 1491 3183 misit;
1521 3127 1580 3172 ut
1605 3127 1787 3172 autem
1811 3117 2039 3186 quisque

444 3220 589 3275 vivat
612 3226 830 3288 praptcr
856 3229 959 3278 me,
990 3210 1320 3282 participatio
1342 3208 1464 3263 facit
1484 3222 1587 3278 qua
1614 3206 1899 3261 manducat
1925 3222 2034 3261 me.

444 3311 561 3382 Ego
588 3309 767 3379 itaque
796 3304 1101 3364 humiliatus
1128 3301 1249 3355 vivo
1275 3310 1494 3370 propter
1521 3299 1730 3353 Patrem
1750 3338 1766 3364 ,
1799 3297 1887 3353 ille
1915 3312 2037 3353 ere-

443 3413 564 3459 ctus
583 3401 711 3456 vivit
754 3405 971 3469 propter
995 3411 1100 3450 me.
1144 3394 1201 3451 Si
1228 3402 1407 3449 autem
1433 3394 1503 3448 ita
1533 3390 1730 3448 dictum
1757 3400 1868 3458 est,
1909 3389 2035 3445 Vivo

445 3502 651 3568 prapter
691 3490 930 3554 Patrem,
979 3486 1103 3559 quia
1154 3486 1268 3556 ipse
1313 3484 1381 3539 de
1416 3483 1543 3549 illo,
1580 3498 1684 3539 non
1711 3482 1802 3538 ille
1825 3481 1893 3538 de
1921 3482 2038 3554 ipso

442 3597 560 3654 est;
607 3587 723 3641 sine
746 3582 1066 3640 detrimento
1092 3578 1406 3649 aequalitatis
1430 3576 1629 3632 dictum
1658 3585 1760 3632 est.
1799 3574 1909 3631 Nec
1952 3583 2034 3630 ta-

441 3694 567 3736 men
596 3675 823 3732 dicendo
843 3715 857 3739 ,
899 3682 948 3726 et
984 3672 1070 3741 qui
1113 3669 1387 3724 manducet
1417 3683 1496 3722 me
1516 3709 1529 3733 ,
1556 3678 1605 3722 et
1633 3668 1741 3739 ipse
1764 3667 1888 3721 vivet
1914 3684 2035 3737 pro-

443 3779 556 3841 pter
582 3784 679 3834 me,
701 3763 945 3821 eamdem
971 3776 1123 3817 suam
1148 3768 1203 3817 et
1226 3768 1465 3815 nostram
1494 3758 1849 3829 aequalitatem
1873 3758 2039 3829 signi-

443 3858 652 3922 ﬁcavit;
683 3854 778 3911 sed
804 3853 1027 3925 gratiam
1059 3848 1365 3907 mediatoris
1391 3848 1646 3905 ostendit.

514 3950 606 4007 20.
649 3949 751 4004 Hic
792 3957 864 4002 est
911 3945 1057 4017 panis
1080 3944 1167 4016 qui
1211 3943 1274 3998 de
1315 3943 1440 3998 caelo
1470 3942 1724 3997 descendit
1757 3957 1779 3996 :
1804 3950 1861 3997 ut
1888 3941 2034 3997 illum

443 4038 813 4101 manducando
841 4038 1079 4093 vivamus
1097 4077 1112 4103 ,
1156 4035 1277 4106 quia
1318 4043 1571 4090 aeternam
1597 4033 1759 4088 vitam
1784 4048 1852 4089 ex
1880 4033 2035 4089 nobis

441 4134 643 4191 habere
671 4147 775 4188 non
802 4143 1105 4202 possumus.
1140 4126 1260 4181 Non
1280 4127 1406 4181 sicut
1427 4167 1443 4192 ,
1470 4125 1669 4196 inquit,
1694 4125 2033 4179 manducare-

440 4236 559 4282 runt
586 4235 752 4299 patres
789 4223 936 4279 vestri
960 4237 1175 4284 manna,
1216 4228 1264 4273 et
1306 4218 1489 4273 mortui
1517 4225 1634 4271 sunt
1663 4231 1682 4272 :
1709 4217 1795 4287 qui
1820 4216 2037 4271 mandu-

444 4329 526 4374 cat
554 4318 683 4372 hunc
710 4332 905 4388 panem,
931 4314 1053 4369 vivet
1081 4312 1134 4366 in
1157 4322 1418 4366 teternum.
1446 4307 1601 4375 Quod
1629 4322 1757 4377 ergo
1783 4307 1859 4361 illi
1889 4321 2033 4361 mor-

445 4411 524 4465 tui
554 4417 712 4473 sunt,
737 4408 808 4461 ita
829 4406 939 4460 vult
960 4401 1179 4472 intelligi
1201 4443 1214 4467 ,
1248 4409 1305 4455 ut
1331 4415 1435 4455 non
1464 4400 1644 4452 vivant
1670 4397 1721 4451 in
1748 4406 2030 4452 aeternum.

448 4500 582 4557 Nam
609 4496 978 4567 temporaliter
999 4502 1054 4549 et
1080 4492 1133 4546 hi
1156 4491 1392 4561 profecto
1418 4488 1734 4553 morientur,
1766 4487 1855 4556 qui
1880 4485 2036 4541 Chri-

418 4606 425 4617 '
450 4602 593 4649 stum
625 4589 943 4645 manducant
975 4603 988 4640 :
1020 4583 1114 4641 sed
1134 4584 1317 4639 vivunt
1337 4582 1390 4636 in
1417 4589 1675 4636 :eternum
1696 4619 1710 4642 ,
1738 4579 1857 4646 quia
1878 4577 2029 4632 Chri-

450 4691 567 4739 stus
593 4682 803 4738 estvita
831 4688 1048 4735 aeterna.

410 4792 435 4839 τι
917 4785 1324 4845 TRAC'I‘ATUS
1361 4783 1571 4842 XXVII.

398 4844 427 4955 ι,
447 4889 521 4943 AI:
544 4906 600 4943 eo
616 4886 751 4958 quod
773 4886 1020 4958 scriptum
1047 4891 1139 4947 est,
1173 4879 1297 4935 Haec
1316 4878 1450 4933 dixit
1475 4878 1527 4933 in
1554 4890 1819 4958 snyttagqga
1835 4875 2032 4958 docens

400 4947 416 5023 ἶ
517 4947 739 5015 sabbato
773 4958 823 5011 in
863 4947 1269 5023 Capharnaum;
1317 4966 1474 5019 usque
1518 4947 1586 5001 ad
1610 4947 1683 5012 id,
1739 4947 2029 5023 llle_enim

402 5016 416 5081 ἕ
518 5028 813 5083 traditurus
841 5016 960 5081 erat
981 5038 1124 5088 eum,
1152 5037 1272 5078 cum
1299 5016 1441 5077 esset
1469 5034 1605 5075 unus
1631 5033 1699 5073 ex
1725 5017 2027 5074 duodecim.

518 5098 647 5167 Cap.
672 5112 745 5159 γι,
796 5096 829 5167 ᾖ
858 5134 869 5148 .
899 5093 1081 5149 60-72.

523 5192 575 5247 i.
617 5187 791 5244 Verba
838 5185 1045 5242 Domini
1087 5201 1149 5241 ex
1199 5182 1517 5253 Evangelio,
1570 5194 1689 5250 qua:
1724 5193 2028 5236 sermonem

509 5328 523 5357 ¹
551 5325 625 5375 sic
648 5321 767 5372 editi
793 5318 1016 5383 quidam;
1042 5324 1092 5367 at
1112 5314 1397 5383 Mss._uostri
1419 5325 1592 5383 omnes
1611 5311 1795 5383 habent
1814 5310 1908 5383 hoc
1927 5325 2029 5360 mo-

442 5388 536 5439 do:
556 5373 657 5437 iter
674 5373 934 5446 ntanducat
957 5373 1152 5430 carnem
1183 5376 1310 5446 ejus,
1343 5388 1429 5446 nec
1454 5373 1569 5446 bibit
1600 5373 1711 5446 ejus
1726 5374 2026 5446 sanguirwm,

926 5431 1273 5510 armti”:
1298 5431 1363 5510 ad

439 5500 650 5565 attribui.
672 5506 820 5567 sicut,
840 5500 1155 5568 inquinandi
1167 5500 1423 5568 me__vivens
1438 5504 1605 5568 pater,
1620 5504 1740 5557 etc.,
1757 5503 2029 5568 careatque

440 5558 842 5629 ﬁniemus,
878 5558 1090 5631 quaa'bic
1121 5560 1304 5631 ansulis
1323 5558 1704 5631 concluduntur;
1735 5570 1847 5630 qua:
1878 5558 2029 5608 verba

440 5625 577 5686 nullo
599 5636 745 5683 etiam
790 5625 837 5681 e'
863 5625 963 5679 suis
1000 5634 1108 5676 Mss.
1132 5625 1370 5689 contineri
1404 5628 1640 5689 testantur
1664 5625 1987 5689 mvanienses
2012 5631 2025 5667 :

442 5682 685 5746 habentur
727 5696 829 5757 ipsa
875 5692 923 5741 in
967 5690 1106 5739 Beda:
1150 5692 1202 5737 et
1245 5684 1424 5737 Alcuini
1465 5682 1829 5734 Commentariis
1879 5693 2029 5742 super

443 5766 687 5808 munem.

512 5821 532 5850 ³
550 5825 603 5867 lu
628 5817 850 5866 omnibus
872 5816 973 5864 t‘crc
998 5820 1123 5871 Mss,
1146 5822 1230 5860 nos
1253 5806 1409 5875 eﬂicit.

1371 344 1436 401 IN
1475 343 1754 401 JUANNIS
1796 341 2037 397 EVANGI

2151 341 2264 410 UM,
2306 343 2365 398 S.
2407 340 2779 402 AUGUSTINI
3553 350 3666 408 1616

2154 457 2433 527 pristinum
2459 467 2877 530 consequuntur,
2898 458 3213 518 audivimus.
3264 461 3391 519 iiine
3423 477 3580 520 sermo
3598 467 3675 525 de-

2150 551 2307 609 betur
2351 553 2571 610 auribus
2612 562 2669 610 et
2711 554 2981 613 mentibus.
3002 557 3196 613 vestris
3214 597 3231 624 .
3255 563 3309 613 et
3335 543 3571 615 hodierno
3590 560 3675 617 diei

2150 659 2256 702 non
2288 647 2623 716 importunus
2646 656 2730 704 est
2758 665 2772 701 :
2804 656 2888 704 est
2912 648 3054 705 enim
3097 648 3168 705 de
3214 663 3431 720 corpore
3471 651 3675 721 Domini,

2150 737 2292 807 quod
2318 737 2530 794 dicebat
2552 753 2610 795 se
2633 738 2763 795 dare
2790 737 2855 794 ad
2882 739 3306 795 manducandum
3334 750 3533 812 propter
3555 754 3680 800 aeter-

2150 843 2272 883 nam
2298 828 2480 883 vitam.
2511 828 2769 898 Exposuit
2790 837 2968 885 autem
2994 829 3208 884 modum
3237 831 3571 888 attributionis
3602 832 3684 890 bu-

2144 918 2234 990 jus
2262 927 2318 974 et
2341 918 2465 974 doni
2494 919 2611 985 sui,
2640 919 2907 990 quomodo
2929 917 3081 976 daret
3098 935 3313 976 carnem
3332 935 3475 976 suam
3500 923 3685 977 mandu-

2149 1023 2303 1076 care,
2336 1009 2548 1075 dicens,
2601 1010 2701 1079 Qui
2746 1010 3019 1065 manducat
3054 1022 3260 1066 carnem
3302 1028 3490 1077 nteant,
3519 1023 3562 1067 et
3593 1016 3687 1068 bibit

2148 1098 2444 1173 sanguinem
2464 1119 2648 1171 meum,
2677 1104 2732 1157 in
2759 1117 2838 1157 me
2862 1112 3047 1169 manet,
3065 1113 3111 1157 et
3134 1120 3228 1173 ego
3250 1105 3305 1158 in
3331 1104 3417 1157 illo
3447 1103 3604 1174 (Joau.
3626 1119 3685 1168 τι,

2149 1192 2263 1265 57).
2290 1191 2508 1263 Signum
2529 1193 3015 1273 quiamandncavit
3039 1203 3094 1250 et
3116 1193 3249 1249 bibit
3273 1192 3373 1249 hoc
3397 1204 3500 1261 est,
3530 1195 3569 1249 si
3594 1211 3687 1250 ma-

2148 1290 2241 1339 net
2267 1289 2321 1339 et
2344 1293 2607 1347 manetur,
2635 1284 2680 1338 si
2708 1282 2912 1340 habitat
2948 1292 3004 1339 et
3031 1283 3372 1347 inhabitatur.
3403 1283 3446 1338 si
3474 1285 3620 1338 lueret
3645 1293 3692 1340 ut

2148 1390 2256 1429 non
2295 1374 2636 1431 deseratur‘.
2689 1374 2801 1430 Hoc
2818 1390 2947 1446 ergo
2995 1389 3095 1431 nos
3139 1373 3323 1430 docuit
3361 1384 3416 1429 ct
3458 1373 3691 1429 admonuit

2148 1467 2387 1538 mysticis
2415 1466 2594 1523 verbis
2620 1508 2633 1527 .
2679 1475 2735 1521 ut
2784 1466 2953 1521 simus
2993 1466 3044 1521 in
3088 1466 3208 1536 ejus
3247 1481 3466 1537 corpore
3489 1466 3578 1520 sub
3600 1467 3691 1535 ipso

2148 1559 2320 1628 capite
2368 1560 2419 1613 in
2468 1559 2731 1613 membris
2755 1558 2871 1628 ejus
2893 1599 2910 1625 ,
2954 1557 3178 1614 edentes
3202 1573 3417 1613 carnem
3445 1558 3580 1628 ejus,
3607 1575 3690 1614 non

2148 1649 2508 1719 relinquentes
2551 1650 2803 1703 unitatem
2856 1648 2991 1717 ejus.
3042 1647 3149 1705 Sed
3176 1651 3266 1719 qui
3292 1649 3504 1703 aderant
3538 1649 3687 1719 plures

2146 1755 2253 1795 non
2295 1740 2635 1811 intelligendo
2665 1740 3004 1795 scandalizati
3031 1750 3157 1795 sunt
3183 1757 3197 1794 :
3229 1757 3333 1795 non
3362 1740 3499 1796 enim
3522 1740 3689 1810 cogita-

2145 1833 2273 1888 bant
2311 1834 2424 1887 haec
2468 1833 2766 1899 audiendo,
2816 1832 2914 1888 nisi
2961 1848 3216 1898 carnem,
3262 1832 3403 1904 quod
3429 1833 3520 1903 ipsi
3545 1841 3685 1887 erant.

2146 1925 2432 1994 Apostolus
2458 1932 2635 1979 autem
2666 1924 2827 1990 dicit,
2858 1932 2910 1979 et
2942 1940 3122 1981 verum
3146 1925 3307 1990 dicit,
3341 1924 3523 1996 Sapere
3540 1939 3687 1979 secun-

2145 2014 2267 2069 dum
2290 2030 2515 2081 cantent,
2564 2031 2696 2068 mors
2724 2025 2797 2068 est
2824 2012 2997 2086 (Rom.
3028 2030 3118 2070 vut
3139 2056 3155 2080 ,
3185 2016 3263 2085 6).
3313 2014 3530 2069 Carnem
3563 2029 3687 2069 suam

2145 2108 2236 2162 dat
2260 2106 2412 2162 uobis
2440 2107 2693 2161 Dominus
2735 2108 3057 2163 manducare
3079 2149 3094 2172 ,
3142 2118 3197 2163 et
3246 2124 3421 2178 sapere
3454 2107 3690 2162 secundum

2144 2214 2345 2255 carnem
2374 2217 2509 2253 mors
2532 2208 2642 2264 est;
2671 2216 2791 2255 cum
2814 2200 2882 2255 de
2901 2215 3063 2255 carne
3087 2214 3189 2253 sua
3209 2198 3350 2253 dicat
3369 2239 3383 2264 ,
3406 2198 3520 2268 quia
3544 2197 3606 2251 ibi
3627 2203 3692 2251 est

2144 2293 2250 2348 vita
2276 2303 2494 2348 interna.
2525 2291 2668 2362 Ergn
2696 2307 2793 2348 nec
2817 2306 3034 2347 carnem
3061 2291 3322 2347 debemus
3344 2305 3525 2361 sapere
3542 2303 3690 2344 secun-

2143 2384 2268 2440 dum
2296 2399 2513 2439 carnem
2532 2425 2547 2449 ,
2580 2384 2715 2438 sicut
2741 2385 2791 2438 in
2820 2383 2903 2436 his
2929 2383 3111 2437 verbis
3146 2400 3160 2437 :

2212 2476 2267 2529 2.
2311 2475 2461 2529 Multi
2489 2476 2657 2544 itaque
2680 2475 2979 2539 audientes;
3011 2489 3117 2528 non
3143 2490 3211 2530 ex
3251 2472 3502 2540 inimicis,
3538 2471 3619 2528 sed
3641 2485 3690 2525 es

2144 2566 2379 2636 dicipttlis
2405 2569 2535 2635 ejus,
2561 2566 2796 2620 dixerunt
2820 2582 2840 2619 :
2867 2564 3041 2620 Durus
3065 2574 3138 2620 est
3167 2566 3249 2619 hic
3273 2579 3469 2628 sermo;
3495 2563 3592 2635 quis
3612 2579 3686 2632 po-

2145 2671 2237 2716 test
2274 2677 2388 2715 eum
2416 2659 2637 2713 audire?
2675 2659 2731 2715 Si
2756 2658 2996 2730 discipuli
3034 2659 3227 2713 durum
3261 2658 3540 2714 habuerunt
3562 2656 3687 2711 istum

2142 2767 2464 2817 sermonem,
2502 2751 2629 2822 quid
2655 2751 2894 2806 inimici?
2931 2751 2998 2806 Et
3029 2759 3207 2806 tamen
3239 2749 3319 2805 sic
3356 2747 3611 2819 oportebat
3645 2755 3688 2799 ut

2142 2847 2410 2903 diceretur
2438 2887 2452 2911 ,
2483 2844 2623 2916 quod
2675 2860 2779 2899 non
2820 2844 2890 2899 ab
2916 2842 3165 2898 omnibus
3195 2842 3578 2912 intelligeretur.
3609 2837 3685 2893 Se-

2141 2947 2347 2993 cretum
2376 2938 2470 2992 Dei
2501 2937 2733 2991 intentos
2768 2935 2930 2991 debet
2958 2934 3134 2990 facere
3154 2976 3170 3002 ,
3201 2951 3307 2990 non
3334 2933 3587 2988 adversus.
3620 2928 3686 2984 Isti

2140 3040 2316 3087 autem
2343 3032 2450 3086 cito
2496 3029 2841 3095 deiecerunt,
2876 3027 2997 3083 talia
3026 3028 3281 3098 loquente
3306 3026 3519 3082 Domino
3551 3022 3684 3079 Iesu:

2141 3138 2247 3179 non
2274 3122 2618 3179 crediderunt
2641 3119 2841 3190 aliquid
2869 3133 3118 3189 magnum
3149 3118 3411 3174 dicentem
3433 3157 3447 3181 ,
3470 3125 3519 3172 et
3548 3111 3687 3169 verbis

2142 3211 2246 3268 illis
2271 3212 2501 3283 aliquam
2532 3210 2752 3283 gratiam
2782 3209 3218 3280 cooperientem;
3247 3208 3342 3265 sed
3370 3215 3516 3279 prout
3535 3205 3684 3261 volue-

2141 3313 2266 3358 runt
2295 3303 2364 3357 ita
2392 3302 2788 3367 intellexerunt,
2807 3285 2860 3355 et
2879 3314 3029 3354 more
3051 3298 3348 3367 hominum,
3374 3299 3495 3369 quia
3519 3301 3687 3368 poterat

2139 3392 2316 3458 Jesus,
2344 3402 2437 3448 aut
2477 3393 2579 3447 hoc
2618 3390 2933 3462 disponebat
2957 3389 3137 3458 Jesus,
3176 3406 3393 3447 carnem
3424 3389 3536 3459 quia
3561 3384 3687 3443 induo

2140 3493 2255 3540 tum
2293 3494 2410 3541 erat
2450 3484 2710 3551 Verbum,
2740 3483 2904 3539 veluti
2931 3483 3206 3540 concisam
3247 3484 3555 3542 distribuere
3589 3493 3684 3535 cre-

2139 3577 2386 3633 dentibus
2411 3577 2464 3632 in
2489 3592 2570 3634 se.
2611 3575 2783 3631 Durus
2822 3585 2918 3640 est,
2956 3576 3238 3649 inquiunt,
3268 3578 3355 3633 llic
3390 3570 3682 3644 sermo;th

2141 3678 2300 3739 potest
2326 3684 2443 3721 eum
2468 3668 2685 3721 audire?

2211 3765 2261 3819 5.
2306 3762 2487 3817 Sciens
2509 3764 2679 3816 autem
2705 3759 2860 3816 Jesus
2895 3762 3037 3831 apud
3077 3764 3400 3834 metipsttnt
3426 3760 3536 3830 quia
3568 3770 3681 3811 taur-

2139 3862 2394 3907 murarent
2436 3852 2498 3905 de
2526 3868 2583 3906 eo
2609 3851 2844 3921 discipuli
2885 3852 3015 3922 ejus.
3055 3850 3145 3908 Sic
3179 3854 3322 3908 enim
3348 3850 3481 3922 apud
3515 3863 3567 3905 se
3605 3847 3681 3901 ista

2139 3945 2407 4012 dixerunt,
2437 3952 2494 3999 ut
2519 3943 2587 3998 ab
2616 3942 2708 3997 illo
2745 3957 2849 3997 non
2895 3941 3245 4009 audirentur;
3274 3942 3368 3998 sed
3392 3942 3477 3997 ille
3499 3938 3577 4012 qui
3608 3948 3681 3992 eos

2139 4045 2359 4093 noverat
2384 4036 2435 4091 in
2461 4034 2672 4104 seipsis,
2701 4033 2925 4089 audiens
2951 4032 3094 4106 apud
3114 4035 3474 4106 semetipsum,
3497 4041 3681 4100 respon-

2139 4129 2253 4195 dit,
2282 4137 2335 4184 et
2358 4128 2468 4195 ait,
2505 4126 2615 4181 Hoc
2656 4143 2741 4180 ros
2785 4126 3097 4180 scandalizat
3129 4143 3148 4180 :
3176 4127 3296 4198 quia
3322 4126 3455 4192 dixi,
3490 4122 3678 4179 Caruelt

2138 4235 2312 4276 meam
2339 4220 2411 4276 do
2450 4219 2600 4275 vobis
2628 4217 2949 4274 manducare
2968 4259 2984 4285 ,
3014 4226 3070 4275 et
3095 4221 3409 4291 sanguinem
3437 4228 3593 4272 meum
3618 4210 3678 4266 bi-

2138 4314 2287 4381 bere,
2318 4311 2419 4367 boc
2441 4326 2536 4367 vos
2567 4326 2757 4381 nempe
2783 4308 3123 4366 scandalizat.
3155 4311 3215 4366 Si
3244 4326 3360 4382 ergo
3383 4304 3584 4364 videritis
3606 4298 3678 4354 Fi-

2140 4402 2265 4458 lium
2286 4403 2504 4457 hominis
2526 4401 2871 4457 ascendentem
2887 4400 2971 4455 ubi
2986 4412 3095 4467 erat
3122 4403 3265 4474 prius
3281 4404 3308 4457 .9
3326 4398 3455 4469 Quid
3475 4405 3547 4455 est
3565 4390 3675 4450 hoc?

2139 4492 2275 4548 Hinc
2316 4492 2480 4548 solvit
2515 4492 2656 4562 quod
2700 4492 2820 4548 illos
2861 4492 3131 4548 moverat?
3174 4493 3299 4549 hinc
3340 4489 3534 4565 aperuit
3564 4482 3674 4542 unde

2141 4584 2354 4641 fuerant
2381 4583 2764 4640 scandalizati?
2800 4582 2938 4639 Hinc
2958 4584 3135 4655 plane,
3163 4585 3209 4639 si
3238 4583 3587 4655 intelligerent.
3608 4570 3670 4629 Illi

2140 4676 2285 4733 enim
2332 4674 2584 4746 putabant
2623 4690 2747 4731 eum
2790 4683 3127 4746 erogaturum
3171 4689 3364 4747 corpus
3402 4685 3569 4732 suum;
3601 4663 3673 4721 ille

2137 4777 2314 4825 autem
2332 4765 2468 4822 dixit
2484 4781 2543 4823 se
2566 4781 2908 4822 ascensurum
2926 4766 2978 4822 in
2997 4767 3214 4833 ctelunt,
3235 4767 3411 4838 utique
3429 4765 3667 4833 integrum.

2137 4856 2267 4914 Cum
2315 4857 2536 4913 uideritis
2585 4855 2778 4912 Filium
2818 4856 3034 4913 hominis
3081 4858 3421 4913 ascendentem
3468 4852 3544 4909 ubi
3587 4853 3669 4904 eral

2139 4951 2319 5021 prius;
2342 4961 2487 5006 certe
2518 4949 2596 5004 vel
2627 4957 2750 5004 tunc
2780 4948 3023 5005 videbitis
3049 4951 3173 5021 quia
3203 4966 3311 5006 non
3334 4963 3398 5005 eo
3425 4943 3567 5003 modo
3586 4952 3667 5010 Q00

2138 5044 2356 5115 putatis,
2381 5053 2565 5114 erogat
2587 5058 2781 5112 corpus
2807 5058 2960 5098 suum
2984 5059 3001 5110 ;
3031 5053 3176 5098 certe
3202 5044 3283 5099 vel
3303 5051 3420 5098 tunc
3444 5033 3667 5101 intellige-

2136 5136 2204 5191 tis
2231 5135 2354 5207 quia
2380 5135 2546 5205 gratia
2572 5134 2692 5204 ejus
2717 5149 2820 5189 non
2846 5136 3175 5192 consumitur
3201 5133 3476 5191 morsibus.

2209 5228 2263 5281 4.
2303 5225 2371 5280 Et
2393 5225 2468 5280 ait
2492 5242 2505 5278 :
2530 5224 2757 5295 Spiritus
2782 5233 2855 5279 est
2877 5225 2961 5295 qui
2986 5226 3221 5295 uiaiﬁcat,
3243 5241 3360 5281 caro
3382 5239 3477 5278 non
3500 5214 3669 5292 prodet!

2134 5318 2425 5391 quidquam.
2459 5317 2572 5374 Hoc
2588 5327 2873 5389 antequam
2892 5332 3245 5389 exponamus,
3267 5325 3326 5373 ut
3341 5316 3573 5372 Dominus
3584 5306 3666 5362 άοσ

2136 5421 2227 5467 nat
2247 5453 2262 5479 ,
2293 5409 2421 5466 illud
2450 5425 2560 5467 non
2589 5409 2918 5481 negligenter
2958 5408 3379 5482 praetereundum
3418 5412 3527 5471 est,
3548 5392 3665 5471 (Ιυοθ

2134 5503 2226 5570 ait,
2260 5503 2320 5558 Si
2360 5518 2481 5574 ergo
2510 5502 2732 5555 uideritis
2770 5499 2817 5553 F
2819 5502 2966 5556 ilium
2992 5502 3207 5555 hominis
3242 5497 3561 5555 ascendean
3594 5482 3662 5540 υθέ

2136 5605 2244 5649 erat
2273 5594 2410 5665 prius
2432 5596 2457 5646 Ρ
2486 5592 2650 5647 Filius
2676 5592 2816 5647 enim
2850 5592 3077 5648 hominis
3104 5592 3370 5653 Christus,
3398 5603 3456 5644 ex
3491 5577 3660 5665 vin-situ?

2138 5684 2318 5740 Maria.
2353 5684 2490 5754 Ergo
2517 5683 2652 5737 Illius
2674 5683 2901 5737 hominis
2926 5684 3011 5737 hic
3028 5685 3186 5752 etrapit
3211 5697 3325 5739 csse
3348 5681 3396 5735 in
3422 5686 3562 5733 terra.
3584 5662 3652 5720 ubi

2200 5801 2214 5831 ι
2242 5804 2316 5847 Er.
2343 5796 2482 5859 legit,
2505 5801 2550 5847 et
2571 5808 2661 5847 non
2684 5794 2945 5847 deseram.
3011 5802 3065 5843 at.

3852 2044 3857 2173 Ι
