3916 6376
99 533 271 596 sicut
294 534 408 589 ovis
425 531 508 590 ad
537 529 920 588 immolandum
945 528 1136 584 ductus
1158 533 1272 593 eat,
1293 535 1348 581 et
1380 524 1520 579 sicut
1545 535 1713 594 agnus

112 621 318 689 suam
345 613 600 682 tondente
627 621 824 680 senon
858 610 1074 694 aperuit
1099 635 1161 676 os
1187 612 1350 676 'su’utn
1397 615 1549 690 (Isai.
1598 627 1710 683 Lm,

128 723 223 792 τ).
277 713 457 774 Veniet
496 727 552 774 et
587 702 696 772 an
727 707 940 771 'silebit.
994 713 1174 776 Tacui,
1209 711 1423 782 inquit,
1465 706 1714 780 numquid

139 829 332 884 semper
359 799 529 865 tacebo
559 808 668 882 (Id.
701 825 831 872 ml,
855 809 1069 875 14,.sec.
1099 803 1299 876 LXX)?
1403 817 1408 819 ·

219 908 270 960 7.
289 903 435 960 Modo
455 899 633 958 autem
657 901 783 972 quid
809 890 1166 956 necessarium
1190 906 1274 954 est
1296 899 1376 953 eis
1401 897 1491 968 qui
1515 895 1715 950 habent

135 983 430 1067 justitiam?
464 994 616 1066 Quod
648 995 703 1049 in
734 995 824 1050 illo
852 995 968 1064 ipso
998 993 1202 1063 psalmo
1248 991 1461 1062 legitur,
1509 988 1718 1056 Quoad-

140 1105 296 1160 usque
307 1085 504 1159 )ustitia
513 1093 830 1142 convertatur
843 1086 894 1139 in
917 1085 1164 1158 iudicium
1178 1100 1196 1148 ;
1212 1093 1258 1137 et
1277 1083 1364 1153 qui
1379 1081 1558 1136 habent
1578 1095 1708 1144 eam,

141 1197 313 1236 omnes
337 1165 456 1235 recti
502 1179 675 1234 corde.
718 1177 973 1246 Quaeritis
1008 1177 1237 1232 fortasse
1281 1174 1370 1246 qui
1415 1182 1540 1229 sunt
1580 1175 1712 1229 recti

39 1317 58 1341 ,
143 1273 343 1329 corde?
381 1271 506 1327 illos
557 1265 878 1327 invenimus"
901 1271 955 1326 in
991 1267 1266 1340 Scriptura
1311 1265 1487 1324 rectos
1527 1260 1710 1333 corde,

143 1366 242 1435 qui
275 1359 398 1418 mala
425 1363 630 1418 seculi
682 1352 936 1428 tolerant,
989 1370 1046 1416 et
1072 1375 1179 1416 non
1227 1367 1480 1414 accusant
1520 1358 1709 1411 Deum.

145 1454 348 1519 Videte,
377 1453 598 1518 fratriss;
627 1468 746 1508 rara
774 1453 890 1508 avis
914 1459 996 1508 eSt
1026 1455 1125 1506 ista
1155 1464 1314 1521 quam
1337 1449 1526 1520 loquor
1554 1451 1592 1502 ί.
1612 1449 1713 1504 Ne-

148 1550 262 1603 scio
283 1543 382 1619 quo
421 1541 563 1602 enim
595 1545 758 1601 modo
779 1545 992 1616 quando
1036 1544 1214 1599 evenit
1261 1542 1464 1596 hemini
1517 1540 1714 1611 aliquid

146 1641 296 1708 mali,
326 1627 490 1694 Deum
520 1636 687 1692 currit
706 1641 987 1702 accusare,
1018 1635 1109 1706 qui
1138 1632 1463 1690 deberet'se.
1491 1631 1715 1700 Quando

147 1731 268 1787 boni
283 1728 472 1800 aliquid
501 1729 639 1799 agis,
671 1736 724 1783 te
748 1725 969 1781 laudas:
997 1725 1209 1796 quando
1235 1723 1360 1779 mali
1394 1721 1591 1793 aliquid
1619 1737 1713 1792 pa-

150 1822 288 1886 teris,
318 1821 477 1876 Deum
504 1831 744 1874 accusas.
786 1815 898 1872 Hoc
931 1825 1017 1872 est
1058 1823 1196 1886 ergo
1221 1821 1316 1872 cer
1343 1823 1537 1868 tortum
1559 1853 1576 1880 ,
1605 1828 1715 1868 non

150 1921 359 1969 rectum.
383 1911 462 1966 Ab
486 1911 589 1966 ista
619 1909 935 1965 distortione
969 1918 1024 1963 et
1055 1907 1313 1978 pravitate
1337 1907 1382 1961 si
1408 1906 1712 1974 corrigaris,

150 2010 471 2058 convertetur
498 2002 550 2056 in
568 1999 894 2057 contrarium
925 1999 1064 2070 quod
1093 1997 1343 2054 faciebas.
1365 1998 1535 2052 Antea
1571 1996 1713 2052 enim

152 2095 267 2168 quid
292 2084 552 2152 faciebas?
573 2089 870 2148 'Laudabas
889 2100 944 2147 te
982 2095 1034 2146 in
1065 2087 1220 2146 bonis
1266 2089 1393 2155 Dei,
1426 2088 1716 2144 accusabas

149 2188 307 2243 Deum
329 2187 378 2240 in
411 2185 563 2238 malis
603 2184 743 2238 tuis:
772 2195 1034 2236 converso
1061 2180 1222 2235 corde
1249 2189 1304 2234 et
1347 2179 1572 2244 directo,
1602 2181 1716 2234 lau-

155 2278 292 2334 dabis
321 2273 478 2331 Deum
511 2276 564 2329 in
607 2275 761 2329 bonis
786 2274 916 2338 suis,
946 2270 1222 2328 accusabis
1248 2280 1300 2327 te
1327 2271 1378 2325 in
1409 2270 1563 2325 malis
1589 2269 1711 2324 tuis.

153 2369 236 2424 Isti
253 2369 517 2424 sunt'recti
542 2367 725 2422 corde.
748 2361 981 2434 Denique
999 2364 1086 2419 ille
1100 2363 1332 2418 nondum
1355 2361 1501 2417 recto
1530 2359 1710 2426 corde,

137 2461 226 2516 'cui
249 2460 552 2529 displicebat
593 2457 812 2512 felicitas
843 2456 1106 2510 malorum
1142 2463 1197 2509 et
1238 2451 1711 2518 labor'bonorum,

133 2546 218 2605 ait
255 2545 521 2605 correctus
549 2567 561 2603 :
586 2547 760 2612 'Quom
798 2547 956 2601 bonus
986 2543 1122 2600 Deus
1155 2543 1323 2600 Israel
1349 2544 1498 2599 rectis
1525 2542 1716 2597 corde!

158 2641 246 2694 Hei
273 2647 430 2694 autem
447 2683 464 2708 ,
496 2637 710 2710 quando
741 2653 846 2693 non
876 2653 1022 2693 eram
1044 2645 1192 2692 recto
1221 2635 1404 2701 corde,
1429 2650 1554 2704 pene
1571 2649 1715 2688 cotu-

155 2732 263 2786 tuoti
289 2738 398 2784 sum
419 2731 610 2801 pedes;
621 2728 777 2800 paulo
815 2729 979 2795 minus
1021 2724 1169 2794 emisi
1213 2733 1330 2778 sunt
1365 2739 1567 2795 gressus
1594 2724 1713 2777 mei.

155 2823 350 2890 Quare?
380 2820 690 2889 Qu‘io‘zelaui
705 2821 772 2874 'in
799 2820 1163 2890 peccatoribus,
1193 2834 1366 2888 pacem
1399 2826 1717 2886 peccatorum

151 2913 332 2967 intuens
355 2911 521 2984 (Psal.
549 2927 713 2975 LXXII,
737 2909 872 2980 1-5).
908 2910 1047 2974 Vidi,
1082 2910 1273 2980 inquit,
1305 2909 1478 2963 malos
1507 2907 1713 2972 felices,

151 3014 195 3057 et
219 3003 481 3072 displicuit
522 3000 868 3056 mihi'Deus“:
891 2999 994 3054 hoc
1033 3002 1176 3054 enim
1215 2998 1478 3065 volebam,
1506 3006 1566 3052 ut
1609 3013 1715 3053 non

149 3095 464 3163 permitteret
487 3095 630 3149 Deus
647 3093 820 3148 malos
844 3106 966 3147 esse
985 3090 1190 3147 felices.
1221 3090 1482 3162 lntelhgat
1512 3091 1673 3146 homo
1696 3109 1708 3145 :

151 3197 403 3254 nunqtmm
441 3185 542 3239 hoc
587 3183 846 3254 permittit
882 3182 1178 3246 Deus;'sed
1216 3181 1335 3237 ideo
1371 3181 1544 3236 malus
1585 3180 1716 3237 felix

137 3284 374 3344 putatur,
389 3276 516 3346 quia
543 3274 671 3345 quid
699 3274 770 3328 sit
794 3273 1020 3329 felicitas
1043 3273 1350 3344 ignoratur.
1370 3271 1552 3330 Simus
1581 3281 1710 3345 ergo

154 3368 286 3422 recti
322 3367 508 3423 corde:
542 3376 756 3437 tempus
795 3365 978 3436 gloria:
1014 3371 1230 3420 'ttosftraa
1267 3367 1519 3421 nondum!
1547 3368 1713 3422 venit.

157 3460 705 3517 Dicataram'atoribus
718 3459 876 3529 huius
895 3459 1100 3524 steculi,
1127 3460 1312 3528 quales
1345 3467 1498 3514 erant
1523 3459 1718 3515 fratres

159 3550 372 3614 Domini,
396 3551 612 3622 Mpus
628 3559 845 3605 uestrum
882 3561 1084 3619 semper
1105 3559 1180 3602 est
1224 3559 1493 3616 paratum;
1519 3559 1718 3619 tempus

163 3649 378 3698 nostrum
399 3641 627 3697 nondum
651 3641 806 3696 venit:
826 3639 1132 3694 Audeamus
1159 3640 1301 3694 enim
1331 3640 1434 3694 hoc
1462 3641 1641 3696 dicere
1661 3651 1718 3696 et

129 3725 134 3730 ’
166 3743 273 3792 nos;
305 3735 674 3806 Et'quoniatn-
688 3740 884 3801 corpus
926 3731 1135 3786 Domini
1178 3732 1343 3784 nostri
1370 3731 1498 3787 Jesu
1523 3731 1720 3788 Christi

133 3841 346 3890 "sumus;
371 3827 618 3899 quoniam
646 3823 883 3880 membra
907 3823 1023 3892 ejus
1049 3831 1254 3890 sumus,
1275 3825 1535 3893 "quoniam
1562 3831 1722 3895 caput

166 3926 378 3975 uestrum
419 3919 706 3991 gratanter
749 3917 1126 3987 agnoscimus;
1166 3917 1408 3972 dicamus
1461 3921 1716 3987 prorsus;

129 4027 138 4036 ·
168 4015 387 4082 quoniam
414 4017 633 4084 proptbr
651 4017 750 4066 nus
773 4011 966 4079 et-ipse
995 4009 1102 4065 ho‘c
1133 4009 1381 4080 dignatus
1407 4020 1490 4064 est
1517 4010 1718 4066 dicere.

167 4103 364 4172 Quando
385 4104 826 4162 nobis‘insultant
855 4109 1120 4158 amatores
1141 4102 1297 4171 hujus
1327 4101 1541 4169 saeculi,
1568 4102 1721 4158 dica-

170 4201 272 4251 mus
291 4197 395 4265 eis,
413 4194 641 4266 Tempus
651 4205 874 4249 uestrum
893 4210 1090 4263 semper
1125 4197 1204 4248 est‘
1223 4195 1457 4265 paratum
1478 4193 1502 4260 ;'
1526 4195 1724 4265 tempus

169 4299 388 4344 nostrum
419 4287 649 4343 nondum
677 4287 836 4340 venit.
858 4283 1022 4340 Nobis
1050 4285 1192 4340 enim
1233 4286 1369 4340 dixit
1392 4285 1719 4355 Apostolus,

167 4377 336 4434 Hormi
372 4381 503 4434 enim
533 4379 674 4445 estis;
718 4387 764 4432 et
789 4379 906 4431 cita
953 4384 1114 4431 vestra
1145 4378 1445 4432 abscondita
1489 4389 1562 4434 est
1607 4394 1724 4435 cum

161 4468 339 4525 Christo
355 4472 408 4524 in
430 4469 561 4524 Deo.
587 4467 814 4534 Quando
836 4468 1017 4523 veniet
1044 4479 1252 4537 tempus
1283 4469 1560 4523 nostrum?
1596 4469 1725 4524 Cum

158 4557 600 4632 Clu-ictus,'inquit,
624 4559 1035 4629 appa'rueritoita
1063 4569 1244 4621 uestra,
1290 4568 1408 4613 tunc
1435 4569 1482 4613 et
1515 4576 1601 4616 vos
1629 4576 1724 4632 ap-

111 4677 116 4681 ·
161 4653 376 4721 pmbitis
399 4662 514 4706 carm
533 4651 646 4721 ipso
668 4651 723 4704 in
745 4650 910 4721 gloria
940 4648 1155 4718 (Coloss.
1180 4664 1257 4715 tu,
1289 4649 1342 4711 5.
1371 4651 1448 4720 t).
1477 4671 1484 4674 ·

143 4773 146 4775 -
223 4743 271 4797 8.
307 4742 444 4810 Quid
481 4741 686 4797 deinde
715 4740 898 4796 addit?
940 4739 1061 4795 Non
1101 4735 1266 4812 pateat
1297 4743 1521 4798 mundus
1563 4742 1729 4800 odisse

163 4850 254 4888 τοι.
279 4835 430 4904 Quid
474 4843 558 4890 est
597 4834 733 4900 hoc,
765 4834 901 4900 nisi,
945 4832 1063 4888 Non
1093 4845 1270 4904 potest
1296 4834 1524 4890 mundus
1549 4836 1726 4892 odisse

169 4939 408 4983 amatores
437 4941 596 4993 suos,
627 4926 788 4981 falsos
816 4924 1014 4981 testes?
1043 4925 1186 4980 Bona
1228 4927 1370 4980 enim
1399 4927 1575 4982 dicitis
1607 4944 1726 4997 qua:

174 5019 290 5068 mala
315 5029 455 5085 sunt,
485 5027 540 5072 et
565 5017 703 5071 mala
741 5031 861 5086 quas
894 5015 1032 5070 bona
1077 5026 1220 5071 sunt.
1268 5016 1355 5070 Me
1386 5028 1568 5072 autem
1597 5019 1722 5082 odit,

183 5108 278 5168 atria
317 5119 414 5179 ego’
455 5108 792 5163 teslitnoniunt
847 5107 1080 5177 peritiam
1121 5111 1198 5162 de
1243 5110 1351 5173 illo,
1403 5111 1522 5180 quia
1573 5127 1727 5182 opera

181 5197 278 5265 'tjur
303 5200 603 5255 mala-sunt.
626 5197 772 5253 “Vos‘
800 5199 1052 5252 ascendite
1086 5199 1154 5252 ad
1191 5200 1323 5253 diem
1350 5201 1531 5269 festum
1570 5203 1722 5258 Iutnc.

153 5303 158 5308 '
191 5286 722 5372 Quid‘est'nunc?i)hi
747 5291 968 5362 gloriam
997 5293 1280 5348 humanam
1308 5295 1562 5365 quaeritis.
1589 5297 1726 5364 Quid

148 5397 173 5408 ’-
194 5386 257 5433 est
275 5379 436 5437 Illud
453 5382 558 5439 Ubi
573 5383 873 5438 extendere
903 5381 1062 5438 vultis
1089 5383 1320 5438 Carnalia
1358 5385 1547 5454 gaudia
1567 5427 1582 5450 ,
1621 5381 1727 5442 'n'on

169 5479 362 5528 eterna
383 5476 670 5547 'cogitare.‘
692 5459 804 5542 Ego
853 5483 954 5529 non
993 5475 1210 5529 ascendo
1259 5476 1328 5529 ad
1372 5476 1504 5530 diem
1548 5481 1730 5548 festum

189 5563 458 5638 intactis
476 5579 642 5622 mm
671 5571 863 5637 tempus
881 5565 1110 5620 nondum
1131 5569 1398 5637 impletum
1427 5569 1518 5622 ast.
1560 5567 1613 5624 In
1641 5570 1730 5626 die

188 5651 298 5711 festo
319 5658 666 5730 hoc-gloriam
680 5655 1084 5712 vosvhumananr
1106 5658 1378 5727 quaeritis;
1405 5659 1581 5714 meum
1603 5674 1729 5716 vero

235 5769 684 5872 Ἓλίξζιξξὲνθιξεξίο
902 5794 1226 5869 Ιιιιιῃᾳδιοαιηις
1249 5755 1371 5866 tiara
1556 5803 1626 5863 est
1789 5799 1794 5802 ’
1827 5805 1832 5814 '

187 5853 512 5916 «alloquor;
565 5859 620 5905 at.

1199 401 1610 466 TRACTATUS
1646 400 1884 458 XXVIII.
1923 403 2154 464 CAPUT
2189 403 2305 462 Vll.

3264 403 3408 462 ιω

1826 528 2058 591 tempus,
2095 519 2148 577 id
2172 529 2257 577 est
2279 520 2460 592 gloria:
2485 534 2645 586 mete,
2668 519 2904 576 nondum
2930 519 3097 576 venit.
3143 517 3263 590 Ipse
3300 520 3403 576 erit

1819 609 2122 668 dies-festus
2139 627 2312 675 meus,
2333 627 2440 666 non
2460 611 2647 666 diebus
2667 611 2782 667 istis
2797 625 3133 681 praecurrens
3152 618 3205 665 et
3229 621 3402 665 trans.

1821 702 1955 768 iens,
1981 702 2074 758 sed
2122 687 2438 773 permanens
2462 701 2516 756 in
2539 709 2797 756 aeternum
2821 717 2836 756 :
2857 701 2971 770 ipsa
2993 701 3096 755 erit
3120 699 3401 765 feStivitas,

1818 793 2065 864 gaudium
2092 795 2208 849 sine
2234 795 2357 860 line,
2388 793 2660 848 aeternitas
2684 793 2804 848 sine
2835 793 2972 857 labe,
2990 793 3260 846 serenitas
3285 792 3402 846 sine

1819 885 1979 941 nube.
2010 883 2135 940 Hatc
2163 901 2278 938 cum
2314 885 2553 950 dixisset,
2598 886 2704 956 ipse
2738 890 2921 939 mansit
2947 885 3000 938 in
3045 883 3277 938 Galiltea.
3335 882 3404 938 Ut

1816 986 1985 1031 autem
2007 976 2338 1031 ascenderunt
2366 980 2548 1048 fratres
2577 978 2707 1048 ejus,
2735 986 2850 1030 tunc
2875 986 2923 1030 et
2950 977 3064 1045 ipse
3083 977 3308 1030 ascendit
3333 975 3401 1028 ad

1820 1068 1953 1123 diem
1981 1066 2199 1136 festum;
2224 1083 2324 1121 non
2351 1068 2632 1137 manifeste,
2659 1067 2750 1122 sed
2771 1067 2932 1134 quasi
2949 1068 3005 1122 in
3027 1068 3245 1121 occulto.
3279 1066 3402 1122 Ideo

1821 1173 1926 1211 non
1943 1157 2013 1211 ad
2037 1142 2168 1210 diem
2193 1159 2378 1229 festum
2404 1157 2558 1222 hunc,
2580 1157 2701 1226 quia
2731 1171 2835 1212 non
2859 1156 3077 1226 gloriari
3099 1155 3403 1226 temporali-

1819 1256 1922 1313 ter,
1952 1246 2044 1301 sed
2072 1246 2271 1315 aliquid
2293 1245 2488 1300 docere
2517 1245 2823 1312 salubriter,
2845 1245 3116 1315 corrigere
3131 1245 3400 1308 homines,

1819 1336 1887 1392 de
1913 1336 2001 1391 die
2027 1335 2162 1390 festo
2201 1346 2403 1392 :eterno
2432 1336 2721 1392 admonere
2739 1378 2755 1402 ,
2797 1352 3035 1392 amorem
3069 1338 3138 1393 ab
3163 1336 3268 1393 hoc
3295 1352 3400 1393 Sie-

1819 1429 1943 1483 culo
1970 1436 2232 1490 avertere,
2260 1436 2316 1483 et
2341 1428 2394 1481 in
2428 1429 2593 1482 Deum
2622 1437 2934 1484 convertere
2970 1430 3234 1498 cupiebat.
3264 1428 3401 1498 Quid

1821 1529 1905 1575 est
1926 1527 2126 1585 autem,
2141 1519 2294 1589 quasi
2315 1503 2524 1573 latentia
2552 1519 2774 1574 ascendit
2799 1521 2869 1573 ad
2889 1521 3022 1574 diem
3046 1522 3267 1592 festum?
3284 1520 3402 1576 Non

1820 1618 1974 1664 vacat
2007 1618 2062 1664 et
2091 1609 2192 1664 hoc
2229 1609 2494 1664 Domini‘.
2537 1608 2757 1664 Videtur
2775 1610 2926 1677 mihi,
2970 1609 3194 1676 fratres,
3220 1611 3401 1666 .etiam

1821 1700 1970 1767 hinc,
2001 1701 2142 1771 quod
2173 1701 2324 1771 quasi
2351 1701 2578 1756 latenter
2604 1701 2864 1768 ascendit,
2885 1701 3082 1771 aliquid
3109 1701 3406 1772 signiﬁcare

1824 1793 2097 1847 voluisse:
2122 1807 2245 1846 nam
2268 1793 2643 1863 consequentia
2667 1791 2946 1850 docebunt.
2961 1793 3037 1848 sic
3065 1808 3186 1848 eum
3214 1808 3402 1849 ascen-

1819 1883 1964 1939 disse
2005 1883 2237 1940 mediato
2269 1882 2357 1939 die
2385 1883 2558 1951 festo,
2590 1883 2642 1940 id
2669 1894 2752 1940 est
2787 1884 3032 1940 mediatis
3062 1884 3166 1939 illis
3188 1884 3399 1952 diebus,

1810 1979 2066 2033 utetiam
2099 1978 2271 2047 palam
2293 1976 2530 2031 doceret.
2556 1977 2661 2032 Sed
2685 1979 2828 2048 quasi
2851 1978 3060 2032 latenter
3083 1976 3237 2043 dixit,
3260 1992 3328 2031 ne
3347 1992 3407 2034 se

1821 2067 2128 2124 ostenderet
2156 2067 2478 2123 hominibus.
2499 2065 2617 2122 Non
2642 2076 2792 2121 vacat
2823 2067 2964 2136 quod
2983 2067 3207 2122 latenter
3221 2081 3405 2122 ascen-

1821 2158 1901 2213 dit
1925 2156 2170 2212 Christus
2199 2157 2262 2211 ad
2289 2156 2428 2211 diem
2460 2157 2672 2221 festum,
2706 2158 2828 2227 quia
2859 2158 2971 2226 ipse
3009 2157 3206 2212 latebat
3229 2157 3282 2212 in
3317 2157 3406 2212 illo

1823 2250 1913 2305 die
1939 2250 2093 2305 festo.
2126 2249 2312 2304 Adhuc
2342 2252 2501 2304 etiam
2527 2265 2626 2320 ego
2654 2250 2796 2320 quod
2820 2250 2949 2315 dixi,
2974 2251 3024 2305 iu
3055 2252 3275 2306 latibulo
3301 2260 3401 2307 est.

1821 2339 2184 2396 Manifestetur
2209 2355 2335 2411 ergo
2356 2382 2370 2403 ,
2405 2340 2623 2395 tollatur
2654 2340 2828 2396 velum
2850 2381 2866 2407 ,
2909 2350 2963 2395 et
2988 2351 3240 2411 appareat
3267 2339 3407 2410 quod

1822 2443 1936 2487 erat
1959 2440 2245 2486 secretum.
2301 2465 2304 2468 -
2717 2481 2720 2486 ,
2875 2479 2880 2484 ,
3325 2479 3331 2486 .

1893 2523 1948 2578 9.
1987 2523 2174 2580 Omnia
2213 2540 2332 2594 qua:
2359 2523 2499 2578 dicta
2541 2533 2667 2579 sunt
2694 2523 2910 2594 antiquo
2941 2526 3134 2594 populo
3166 2525 3326 2582 Israel
3353 2527 3405 2582 in

1825 2616 2108 2688 multiplici
2127 2617 2388 2686 scriptura
2414 2627 2613 2671 sanctae
2633 2615 2810 2686 Legis,
2832 2632 2952 2686 qua:
2974 2629 3193 2687 agerent
3216 2619 3327 2673 sive
3355 2620 3407 2675 in

1823 2708 2124 2773 sacriﬁciis,
2153 2708 2268 2762 sive
2291 2709 2345 2761 in
2374 2707 2707 2771 sacerdotiis,
2731 2708 2843 2762 sive
2867 2708 2920 2762 in
2948 2707 3138 2763 diebus
3164 2707 3333 2774 festis,
3355 2717 3410 2766 et

1823 2800 2046 2856 omnino
2073 2800 2126 2854 in
2154 2799 2480 2870 quibuslibet
2506 2799 2666 2854 rebus
2691 2799 2893 2869 quibus
2934 2799 3099 2854 Deum
3127 2798 3373 2856 colebant
3390 2840 3406 2866 ,

1826 2905 2177 2963 quaecumque
2203 2891 2308 2947 illis
2345 2891 2483 2946 dicta
2509 2889 2564 2945 et
2593 2900 2855 2961 praecepta
2888 2900 3040 2958 sunt,
3071 2891 3269 2946 umbra:
3299 2892 3411 2947 l‘ue-

1825 2992 1954 3040 runt
1977 2983 2295 3039 futurorum.
2327 2983 2563 3050 Quorum
2593 2981 2928 3048 futurorum?
2953 2981 3102 3049 Quae.
3125 2983 3412 3052 implentur

1827 3075 1881 3130 in
1907 3075 2141 3131 Christo.
2171 3073 2322 3130 Unde
2351 3073 2478 3129 dicit
2506 3074 2814 3143 Apostolus,
2854 3073 3103 3144 Quotquot
3131 3073 3260 3127 enim
3294 3089 3412 3144 pro-

1828 3167 2090 3222 missiones
2119 3164 2235 3230 Dei,
2263 3167 2316 3219 in
2341 3165 2430 3219 illo
2455 3165 2606 3218 etiam
2649 3161 2733 3238 (Il
2785 3161 2906 3219 Cor.
2950 3180 2987 3229 ι,
3013 3163 3126 3234 20.)
3159 3182 3172 3218 ;
3210 3164 3261 3218 id
3292 3173 3409 3227 .est,

1824 3261 1884 3315 in
1915 3260 2006 3314 illo
2033 3259 2265 3328 impleta:
2299 3267 2445 3313 sunt.
2475 3255 2676 3312 Deinde
2711 3255 2842 3311 dicit
2877 3253 2980 3310 alio
3007 3255 3128 3312 loco
3166 3273 3186 3316 ε,
3229 3255 3414 3310 Omnia

1825 3353 1880 3406 in
1902 3354 2068 3424 ﬁgura
2105 3351 2454 3422 contingebant
2487 3350 2628 3416 illis;
2654 3350 2842 3418 scripta
2870 3359 2988 3404 sunt
3014 3361 3182 3406 autem
3208 3360 3414 3421 propter

1827 3459 1943 3507 nos,
1970 3442 2027 3496 in
2053 3458 2178 3511 quos
2218 3441 2336 3510 ﬁnis
2361 3441 2664 3496 saeculorum
2697 3440 2888 3495 obvenit
2926 3440 3134 3511 (lCor.
3179 3457 3248 3508 χ,
3277 3443 3336 3497 il
3368 3439 3408 3513 ).

1832 3535 1974 3590 Dixit
2015 3543 2073 3590 et
2120 3533 2243 3588 alibi
2278 3551 2290 3586 :
2319 3532 2468 3588 Finis
2492 3533 2624 3587 enim
2650 3531 2799 3604 Legit
2823 3532 3053 3589 Christus
3075 3543 3151 3588 est
3187 3531 3208 3604 (
3237 3533 3410 3601 Rom.,

1827 3640 1887 3690 ι,
1915 3626 1952 3681 4
1974 3625 2013 3696 ).
2048 3625 2178 3679 Item
2205 3624 2312 3680 alio
2343 3624 2492 3680 loco:
2536 3622 2702 3678 Nemo
2730 3639 2817 3678 vos
2841 3624 3036 3695 judicet
3073 3624 3125 3678 in
3162 3623 3292 3688 cibo,
3327 3633 3414 3680 aut

1797 3753 1800 3756 -
1828 3719 1883 3771 in
1909 3727 2052 3788 potu,
2081 3727 2169 3770 aut
2199 3718 2254 3771 in
2282 3727 2424 3787 parte
2450 3716 2550 3772 diei
2578 3715 2710 3788 festi,
2743 3726 2830 3770 aut
2856 3716 3146 3773 neoment'te.
3175 3726 3262 3771 aut
3287 3715 3409 3770 sab-

1831 3810 2082 3873 batorum,
2106 3809 2242 3879 quod
2261 3819 2332 3864 est
2358 3809 2536 3863 umbra
2559 3812 2843 3880 futurorum
2862 3807 3082 3874 (Coloss.
3102 3824 3160 3872 ll,
3191 3804 3412 3881 16,417.).

1827 3899 1887 3958 Si
1911 3915 2040 3970 ergo
2065 3900 2245 3955 omnia
2267 3900 2355 3954 illa
2382 3899 2586 3955 umbra:
2616 3899 2832 3966 fuerunt
2859 3899 3152 3956 futurorum
3174 3915 3190 3962 ;
3211 3909 3265 3954 et
3284 3899 3415 3955 Sce-

1829 3992 2052 4062 nopegia
2084 3991 2270 4045 umbra
2296 3999 2410 4045 erat
2432 3989 2750 4045 futurorum.
2777 3991 2876 4046 llic
2907 4006 3036 4061 ergo
3073 3990 3188 4046 dies
3224 3989 3413 4055 festus,

1831 4097 2134 4154 quatramus
2151 4081 2302 4152 cujus
2329 4083 2488 4136 futuri
2519 4081 2706 4136 umbra
2731 4093 2865 4137 erat.
2896 4082 3128 4150 Exposui
3147 4081 3272 4151 quid
3301 4091 3417 4137 erat

1829 4176 2157 4247 ScenOpegia
2197 4193 2210 4230 :
2252 4175 2537 4230 celebratio
2578 4183 2693 4230 erat
2757 4174 3243 4239 tabernaculorum,
3288 4188 3415 4241 pro-

1832 4276 2016 4338 pterea
2044 4267 2164 4336 quia
2193 4265 2415 4337 populus
2442 4264 2508 4320 de
2523 4263 2756 4334 Egypto
2781 4263 3032 4318 liberatus
3061 4261 3283 4318 tendens
3324 4277 3416 4332 per

1795 4401 1802 4406 -
1833 4361 2102 4416 desertum
2129 4359 2195 4414 ad
2223 4367 2419 4413 terram
2446 4356 2831 4427 promissionis,
2856 4355 2907 4409 in
2939 4354 3289 4409 tabernaculis
3317 4354 3410 4408 ha-

1833 4453 2039 4508 bitavit.
2071 4451 2206 4520 Quid
2232 4451 2301 4505 sit
2324 4448 2827 4511 animadvertamus,
2849 4455 2902 4502 et
2925 4461 3026 4500 nos
3048 4445 3276 4512 erimus;
3296 4459 3415 4511 nos,

1833 4546 2074 4616 inquam,
2105 4544 2194 4614 qui
2221 4543 2457 4601 membra
2483 4540 2680 4598 Christi
2711 4555 2913 4601 sumus.
2943 4539 2986 4594 si
3017 4553 3202 4593 sumus
3225 4537 3246 4568 ³
3274 4556 3286 4592 :
3331 4537 3418 4593 illo

1834 4636 2306 4706 autemdignante
2342 4648 2558 4698 sumus,
2601 4648 2714 4688 non
2758 4632 2912 4687 nobis
2968 4632 3414 4702 promerentihus.

1834 4728 2187 4784 Attendamus
2241 4742 2368 4798 ergo
2420 4741 2551 4792 nos,
2598 4726 2787 4779 fratres
2836 4741 2850 4778 :
2901 4723 3074 4778 educti
3123 4737 3305 4777 sumus
3349 4722 3419 4778 de

1836 4819 2086 4890 Egypto,
2111 4819 2200 4872 ubi
2220 4818 2429 4872 diabolo
2455 4826 2704 4885 tanquam
2727 4814 2989 4869 Pharaoni
3011 4813 3374 4868 serviebamus
3403 4831 3416 4866 :

1782 4921 1785 4923 '
1836 4900 1924 4966 ubi
1956 4911 2094 4966 lutea
2125 4925 2285 4979 opera
2316 4910 2368 4963 in
2395 4908 2620 4963 terrenis
2647 4906 2925 4962 desideriis
2949 4905 3262 4974 agebamus,
3288 4905 3419 4958 utin

1836 5003 1915 5058 eis
1941 5003 2161 5056 multum
2181 5000 2569 5054 laborabamus.
2595 4997 2804 5052 Etenim
2826 4996 2982 5051 nobis
3007 4994 3246 5049 Christus
3268 4994 3418 5060 quasi

1836 5094 2030 5148 lateres
2059 5089 2370 5146 facientibus
2397 5089 2646 5143 clamavit
2671 5106 2685 5142 :
2722 5085 2900 5141 Venite
2924 5086 2991 5138 ad
3017 5101 3116 5148 nte,
3143 5102 3314 5138 omnes
3336 5086 3421 5154 qui

1840 5185 2079 5238 laboratis
2107 5194 2155 5237 et
2177 5183 2369 5238 onerati
2398 5182 2513 5235 estis
2542 5178 2561 5253 (
2590 5178 2779 5233 Matth.
2809 5194 2864 5234 χι
2884 5219 2898 5242 ,
2925 5177 2998 5234 28
3014 5175 3056 5248 ).
3088 5177 3219 5234 Hinc
3244 5178 3419 5232 educti

1836 5291 1934 5347 per
1959 5275 2284 5345 Baptismum
2312 5282 2562 5342 tanquam
2589 5286 2684 5340 per
2704 5285 2851 5325 mare
2877 5269 3138 5333 Rubrum,
3170 5268 3291 5325 ideo
3327 5283 3406 5320 ru-

1810 5369 2024 5435 brum,
2057 5367 2179 5438 quia
2205 5365 2401 5438 Christi
2446 5363 2705 5434 sanguine
2743 5372 3112 5418 consecratum
3134 5400 3148 5424 ,
3194 5359 3415 5413 mortuis

1835 5450 2093 5516 omnibus
2125 5457 2354 5512 inimicis
2392 5457 2590 5511 nostris
2617 5455 2708 5526 qui
2755 5470 2851 5510 nos
2898 5451 3312 5514 insectabantur,
3367 5450 3415 5504 id

1904 5617 1918 5645 ι
1943 5619 2019 5662 Er.
2041 5620 2092 5662 et
2113 5613 2258 5676 Lugd.
2284 5611 2446 5664 ferunt
2462 5647 2478 5675 ,
2499 5625 2593 5663 non
2622 5618 2755 5662 vacat
2783 5615 2829 5660 et
2849 5609 2937 5658 hoc
2960 5607 3018 5658 ab
3035 5603 3291 5656 intellectu.
3336 5605 3415 5656 Vi-

1840 5677 1998 5733 detur,
2025 5683 2118 5724 etc.
2187 5683 2237 5722 tt.

1902 5740 1921 5768 ³
1945 5739 2016 5787 sic
2039 5743 2132 5796 Er.,
2154 5736 2205 5788 in
2227 5735 2312 5788 illo
2331 5743 2418 5788 est.
2494 5742 2552 5784 nl.

1901 5800 1922 5830 ³
1944 5803 2018 5848 Er.
2042 5788 2186 5870 Lugd”.
2213 5807 2328 5870 Ven.
2366 5799 2430 5847 ita
2450 5797 2648 5870 legunt,
2671 5793 2753 5858 qui
2783 5791 3002 5844 ntembra
3021 5788 3199 5844 Christi
3233 5804 3418 5845 stantis.

1840 5859 1886 5910 si
1905 5874 2084 5923 sumus,
2108 5859 2191 5912 illo
2211 5866 2384 5910 andem.
2449 5866 2504 5907 st.
