3916 6374
89 375 279 482 mzdum
321 421 480 476 fuerit
522 419 805 494 educatus;
837 389 1104 485 ttunqitam
1132 403 1253 468 etim
1281 399 1526 465 viderant
1554 396 1646 463 lii-

89 528 208 574 teras
235 501 575 570 discentem":
600 499 884 565 addieb‘ant
909 504 1082 562 autem
1113 493 1345 576 dc‘Leg‘e
1370 501 1648 572 diriputan-

87 623 205 674 tem,
235 601 390 678 Legis
422 595 721 660 testimonia
751 599 1125 672 proferentem,
1149 603 1265 669 dum
1287 613 1449 653 nemo
1473 585 1652 666 posset

89 703 300 775 proferre
342 697 444 752 nisi
491 683 737 767 legisset,
771 709 924 748 nemo
957 691 1134 761 legere
1161 689 1258 744 nisi
1285 691 1487 744 litteras
1516 687 1654 741 didi-

87 799 263 851 cisset:
306 801 357 845 et
398 790 523 844 ideo
560 788 908 843 mirabantur.
949 783 1142 839 E0rum
1168 792 1341 836 autem
1371 780 1652 834 admiratio

89 886 309 954 Magisll‘o
327 880 474 934 Tacta
503 887 585 934 est
613 872 942 932 insinuanda:
971 873 1128 928 altius
1154 865 1390 926 veritatis
1418 869 1648 924 occasio.

89 980 149 1032 Et
179 990 352 1031 L‘tll'llm
385 973 584 1042 quippe
611 971 960 1025 admiratione
989 975 1044 1020 et
1073 966 1249 1020 verbis
1268 1005 1283 1030 ,
1310 963 1440 1018 (ﬁxit
1471 961 1652 1016 Domi-

87 1083 168 1123 nus
204 1065 522 1137 profundunt
563 1063 760 1134 aliquid
780 1105 794 1127 ,
832 1070 886 1118 et
919 1059 1223 1128 diligentius
1250 1056 1433 1126 inspici
1463 1067 1514 1110 et
1545 1055 1655 1110 dis~

86 1162 173 1213 culi
203 1158 430 1228 dignum.
465 1152 692 1224 PrOpter
716 1153 854 1224 quod
884 1153 1138 1206 intentam
1173 1148 1305 1203 iacio
1332 1148 1653 1203 Charitatcm

86 1241 322 1313 vestram‘,
366 1251 490 1302 non'
525 1247 694 1299 solum
738 1243 804 1298 ad
853 1239 1172 1296 audiendum
1217 1246 1315 1308 pro
1347 1237 1532 1304 vobis,
1560 1237 1655 1292 sed

88 1343 221 1397 etiam
247 1339 309 1392 at!
333 1336 600 1392 orandum
630 1351 724 1405 pro
752 1334 922 1388 nobis.

143 1433 189 1486 5.
230 1407 384 1498 Quid"
406 1445 541 1498 ergo
579 1427 834 1502 Dominus
864 1423 1136 1495 reSpondit
1166 1421 1243 1478 eis
1273 1417 1654 1476 admirantibus

89 1522 322 1592 quonmdo
368 1521 542 1574 sciret
583 1517 787 1572 litteras
834 1527 966 1585 quas
1011 1525 1113 1568 neu
1157 1503 1456 1566 didicerat?
1499 1511 1649 1576 Mea,

91 1615 248 1682 inquit,
277 1612 515 1665 doctrina
543 1618 732 1664 nonest
754 1624 880 1669 mea,
906 1608 1000 1662 sed
1020 1605 1131 1677 ejus
1151 1606 1234 1676 qui
1260 1607 1390 1659 tttisit
1411 1621 1504 1682 me.
1531 1603 1656 1659 nec

91 1715 155 1758 est
191 1701 518 1772 prdinitditas
565 1701 731 1768 prima
777 1715 790 1751 :

91 1802 211 1866 quasi
251 1791 519 1849 contraria
565 1794 792 1848 locutus.
839 1787 950 1845 Non
983 1790 1122 1844 enim
1153 1789 1385 1854 ait,'lsta
1415 1787 1658 1844 doctrina‘

93 1902 176 1942 non
211 1895 288 1940 est
324 1900 440 1939 utea
471 1901 488 1948 ;
521 1884 614 1938 sed
636 1926 652 1946 .
686 1883 800 1936 Mra
828 1880 1054 1937 doctrina
1082 1884 1179 1934 non
1202 1880 1438 1934 'est'iitea'.
1463 1879 1517 1934 Si
1550 1887 1654 1934 no'n

94 1989 192 2040 tua,
230 1977 501 2048 quomodo
548 1976 674 2030 tua?
717 1973 769 2029 Si
811 1985 930 2040 tua,
972 1974 1237 2044 Quomodo
1278 1989 1382 2028 non
1421 1973 1654 2028 tua.’Tu

95 2077 208 2128 enim
233 2072 360 2126 dicis
387 2080 678 2137 utrumque
709 2085 720 2120 :
751 2077 832 2132 et,
862 2083 969 2120 mea
998 2064 1225 2119 doctrina
1247 2082 1266 2131 ;
1292 2073 1373 2131 et,
1402 2082 1499 2118 non
1520 2082 1648 2118 mea.

95 2162 199 2218 Nam
222 2161 260 2217 si
283 2162 533 2225 dixisset,
558 2159 661 2213 ista
689 2157 924 2212 doctrina
953 2171 1056 2210 non
1086 2155 1172 2211 est
1195 2171 1333 2216 utea.
1359 2157 1493 2210 nulla
1512 2163 1654 2226 esset

97 2255 301 2324 qtttvstio.‘
326 2251 482 2306 Nunc
507 2265 637 2304 vero
656 2292 670 2314 ,
704 2249 895 2302 i'ratres
914 2288 928 2313 ,
963 2246 1205 2315 primitus
1230 2246 1484 2300 intendite
1508 2262 1654 2314 qua:-

95 2347 317 2410 stieuem,
359 2352 421 2398 et
465 2343 545 2397 sic
587 2341 772 2395 ordine
813 2347 1115 2408 exSpectate
1153 2339 1488 2392 solutionem.
1520 2337 1651 2392 Nam

94 2438 164 2507 qui
185 2452 278 2490 non
307 2436 462 2490 videt
488 2435 833 2504 qu:estioncm
861 2448 980 2502 qua:
1009 2431 1341 2500 proponitur,
1385 2430 1652 2501 quomodo

97 2530 300 2604 intelligit
325 2528 479 2598 quod
506 2526 831 2596 esponitur?
864 2525 974 2580 lloc
999 2535 1080 2579 est
1103 2540 1231 2596 ergo
1259 2525 1312 2590 in
1338 2524 1649 2596 quaestione,

95 2622 206 2691 quod
229 2623 328 2687 ait,
353 2636 479 2674 mea
498 2634 599 2672 non
622 2635 730 2671 mea
755 2616 896 2670 :ltoc
921 2615 1126 2670 videtur
1156 2630 1273 2670 esse
1297 2616 1650 2681 contrarium,

97 2712 322 2780 quotttodo
350 2729 472 2765 mea
493 2753 508 2782 ,
535 2709 804 2781 quomodo
834 2725 932 2762 non
963 2725 1090 2761 mea.
1123 2709 1175 2762 Si
1206 2723 1331 2776 ergo
1355 2708 1653 2762 intueamur

100 2785 341 2874 diligenter
379 2804 520 2873 quod
551 2805 663 2870 ipse
693 2803 743 2856 in
772 2801 988 2856 exordio
1017 2801 1144 2854 dicit
1167 2811 1382 2878 sanctus
1408 2799 1652 2867 Evange-

101 2894 225 2962 lista,
262 2893 320 2948 In
372 2895 622 2965 principio
650 2903 754 2947 erat
795 2890 1004 2946 Verbum
1025 2934 1038 2958 ,
1067 2900 1113 2944 et
1151 2890 1362 2954 Verbum
1387 2903 1490 2944 erat
1517 2892 1654 2960 apud

100 2977 232 3038 Deum
254 3029 266 3051 ,
292 2996 336 3040 et
375 2973 511 3038 ﬁcus
540 2995 648 3039 erat
677 2987 876 3038 verbum
908 2981 1082 3054 (Joan.
1117 2971 1164 3047 ιζ
1193 2967 1284 3056 1)’;
1313 2975 1432 3038 itide
1457 2985 1654 3055 pendet

101 3069 230 3143 hujus
268 3067 465 3130 solutio
500 3075 827 3144 qumstionis.
869 3065 996 3141 Qua:
1026 3083 1106 3128 cst
1133 3067 1259 3144 ergo
1284 3073 1521 3128 doctrina
1551 3075 1650 3129 Pa-

103 3165 207 3230 tris,
234 3169 324 3224 nisi
365 3169 593 3224 Verbum
624 3168 836 3222 Patris?
867 3167 980 3237 Ipse
1009 3183 1134 3238 ergo
1153 3152 1394 3222 Christus
1415 3167 1652 3224 doctrina

102 3257 246 3312 Patris
268 3301 280 3321 ,
317 3257 364 3312 si
403 3258 628 3312 \‘crbum
661 3258 849 3312 Patris.
881 3248 986 3312 Sed
1012 3256 1128 3326 quia
1163 3249 1390 3311 Verbum
1423 3263 1524 3311 non
1552 3253 1649 3330 pu-

103 3358 190 3403 te~t
233 3363 346 3405 esse
386 3350 603 3410 nullius.
645 3348 736 3404 sed
776 3349 997 3419 alicujus
1041 3366 1053 3402 :
1099 3357 1152 3402 et
1177 3341 1650 3404 suatit'doctrinam

107 3438 246 3506 dixit,
272 3427 498 3510 seipsunt
523 3456 539 3506 ;
569 3449 621 3494 et
647 3457 747 3494 non
773 3445 944 3506 suam,
967 3437 1085 3509 quia
1110 3424 1280 3494 Patris
1299 3449 1377 3493 est
1398 3437 1649 3495 Verbum.

109 3525 216 3597 Quid
239 3535 374 3588 enim
399 3544 502 3588 tam
533 3543 676 3586 ιιιιιηι
705 3547 859 3603 quam
891 3532 982 3585 tu?
1009 3543 1059 3585 et
1084 3519 1207 3604 quid
1237 3525 1475 3588 ιωήήοη
1508 3543 1652 3590 tuum

110 3609 237 3691 quatit
262 3635 312 3679 tu
329 3665 346 3690 ,
378 3626 421 3679 si
448 3625 670 3693 alicujus
693 3635 774 3678 est
798 3613 935 3694 quod
964 3624 1064 3678 es?

164 3716 208 3769 Ι.
243 3715 470 3773 Verbum
516 3733 644 3788 ergo
687 3725 738 3772 et
780 3718 916 3771 Deus
949 3725 1060 3781 est,
1089 3725 1141 3772 et
1167 3709 1421 3772 doctrinm
1451 3719 1652 3776 stabilis

112 3801 304 3862 Verbum
351 3818 463 3874 est,
512 3825 618 3862 non
659 3808 910 3862 sanabilis
936 3824 1031 3879 per
1060 3807 1289 3880 syllabas
1314 3817 1367 3864 et
1396 3811 1649 3877 volatilis,

112 3895 183 3952 sed
205 3903 454 3957 manentis
479 3918 600 3956 cum
625 3901 778 3956 Patre
800 3943 814 3967 ,
836 3901 900 3955 ad
931 3918 1087 3972 quam
1111 3902 1126 3932 ¹
1147 3911 1517 3957 convertamur
1538 3921 1651 3958 ma-

113 3999 290 4070 nentem
311 4033 326 4055 ,
356 3993 498 4048 sonis
530 3992 926 4046 transeuntibus
951 3991 1226 4046 admoniti.
1249 3991 1364 4046 Non
1391 3995 1529 4047 enim
1557 4010 1653 4049 nos

112 4082 168 4138 ita
183 4085 415 4141 admonet
437 4086 576 4156 quod
603 4088 817 4156 transit,
849 4094 902 4138 ut
926 4084 990 4137 ad
1016 4085 1319 4140 transitoria
1345 4094 1516 4140 vocet.
1546 4086 1655 4140 Ad-

113 4192 355 4234 mouemur
380 4189 435 4233 ut
461 4177 746 4250 diligamus
774 4152 956 4230 Deum.
986 4175 1175 4229 Totum
1208 4175 1306 4230 hoc
1331 4175 1470 4247 quod
1500 4177 1607 4231 dixi
1633 4220 1648 4244 ,

113 4269 294 4341 syllabae
322 4271 565 4335 fuerunt;
596 4285 900 4340 percussum
930 4284 1106 4323 acrem
1130 4268 1540 4323 verberaveruut
1558 4312 1573 4336 ,
1597 4279 1655 4324 ut

115 4359 167 4414 ad
190 4378 384 4419 sensum
404 4363 426 4396 ¹
455 4373 750 4418 vestrarum
782 4360 984 4434 aurium
1015 4359 1382 4429 pervenirent,
1414 4359 1654 4415 sonando

116 4455 396 4510 transierunt
416 4472 428 4507 :
448 4470 555 4509 non
578 4463 751 4507 tamen
777 4451 902 4506 illud
924 4448 1062 4522 quod
1083 4465 1174 4503 vos
1195 4451 1464 4516 admonui,
1485 4461 1655 4507 trans-

117 4544 178 4600 ire
205 4548 347 4622 debet
367 4565 383 4616 ;
407 4549 530 4620 quia
578 4547 664 4600 ille
693 4562 847 4617 quem
875 4559 968 4597 vos
997 4540 1216 4622 diligere
1250 4542 1518 4609 admonui,
1549 4562 1654 4600 non

117 4639 308 4704 transit;
335 4649 387 4696 et
407 4655 529 4695 cum
555 4636 952 4693 transeuntibus
974 4629 1190 4704 syllabis
1214 4632 1501 4712 admoniti,
1522 4651 1654 4690 con-

118 4732 232 4787 versi
269 4733 328 4788 ad
369 4749 491 4788 eum
537 4731 742 4786 fueritis
762 4771 777 4796 ,
819 4743 915 4783 nec
944 4743 1036 4782 vos
1064 4717 1383 4798 transibitis,
1413 4728 1503 4781 sed
1533 4744 1654 4784 cum

122 4832 328 4878 manente
345 4824 642 4880 manebitis.
671 4822 778 4877 lloc
803 4830 1025 4891 estergo
1043 4819 1095 4872 in
1111 4818 1350 4873 doctrina
1374 4836 1618 4890 magnum
1636 4863 1650 4887 ,

121 4911 250 4968 altum
287 4925 336 4971 et
373 4927 631 4972 a-ternum
671 4911 808 4983 quod
845 4922 1058 4975 manet;
1090 4927 1194 4980 quo
1220 4922 1407 4966 vocant
1431 4912 1450 4942 ³
1478 4913 1654 4967 omnia

123 5019 212 5074 quae
229 5009 575 5082 temporaliter
589 5014 874 5076 transeunt
892 5045 908 5068 ,
932 5001 1142 5074 quando
1161 5002 1296 5058 bene
1319 5002 1615 5074 signiﬁcant
1635 5046 1650 5072 ,

123 5108 196 5152 nec
218 5100 528 5158 endaciter
557 5097 910 5172 proferuntur.
943 5091 1126 5148 Omnia
1157 5095 1348 5170 quippe
1368 5095 1512 5166 signa
1534 5110 1652 5164 qua:

123 5190 392 5256 Proierimus
434 5192 619 5255 sonis,
665 5187 860 5258 aliquid
906 5186 1203 5256 signiﬁcant
1247 5187 1386 5256 quod
1427 5203 1532 5240 non
1572 5194 1654 5240 est

121 5292 266 5340 sonus.
306 5285 417 5341 Non
458 5284 601 5338 enim
641 5281 759 5335 dua:
807 5280 990 5334 breves
1030 5278 1247 5349 syllaba:
1290 5279 1427 5333 Deus
1455 5288 1568 5345 est,
1600 5291 1654 5335 et

121 5367 225 5430 duas
246 5374 427 5433 breves
445 5373 675 5447 syllabas
699 5371 921 5438 colimus
940 5410 954 5436 ,
986 5378 1039 5426 ct
1058 5368 1189 5424 duas
1217 5369 1402 5424 breves
1421 5370 1653 5442 syllabas

167 5549 320 5625 item,
338 5561 402 5614 ad
424 5575 565 5625 quem
593 5573 610 5611 :
631 5551 987 5624 refragantibus
1009 5553 1152 5605 editis
1173 5549 1280 5605 aliis
1302 5560 1354 5605 et
1371 5559 1480 5606 Mss.

167 5622 677 5688 lutudwmo

170 5677 384 5752 {seu
417 5692 480 5739 At
503 5685 621 5738 editi
644 5691 745 5736 sm.
901 5685 998 5741 tua,
1021 5677 1148 5743 quod
1182 5685 1362 5729 vocatu.
1403 5685 1535 5743 Lov.,
1559 5691 1653 5745 quo

1155 292 1566 374 manus
1601 290 1794 378 xstx.
1835 294 2064 354 CAPUT
2103 298 2212 355 vn.

837 1696 1043 1751 videtur"
1082 1696 1222 1750 enim
1262 1695 1440 1766 paucis
1479 1696 1660 1751 verbis

3194 316 3332 374 i630

1758 406 2042 466 adoramus
2063 452 2078 478 ,
2111 417 2162 495 et.
2186 407 2252 469 ad
2277 411 2409 470 dua's
2436 416 2621 475 breves
2645 421 2873 493 syllabas
2893 427 3170 496 pervenire
3193 427 3340 484 desi-

1760 501 2010 560 deramus
2032 511 2180 576 :qnze
2196 517 2331 590 pene
2351 497 2476 568 ante
2491 499 2972 584 desiniiitts‘dnare,
2989 531 3147 590 quam
3165 529 3340 592 Cmpe-

1759 593 1865 647 riut
1891 609 1906 659 ;
1935 611 2032 649 nec
2057 596 2106 649 tn
2135 599 2214 652 eis
2239 600 2484 654 secunde
2509 603 2803 672 locusest,
2837 607 2937 663 nisi
2964 611 3131 679 prima
3159 621 3338 668 trans-

1763 682 1903 738 ierit.
1945 683 2120 740 Manet
2145 703 2272 759 ergo
2301 689 2496 760 aliquid
2535 709 2778 764 magnum
2806 700 2945 768 quod
2970 701 3162 756 dicitur
3180 704 3339 772 Deus,

1761 777 2006 844 quamvis
2031 791 2135 831 non
2167 790 2377 836 maneat
2400 798 2561 837 sonus
2587 801 2708 841 cum
2739 787 2932 845 dicitur
2957 790 3114 847 Deus.
3144 793 3232 850 Sic
3262 797 3340 852 iu-

1762 865 1962 920 tendite
2003 866 2295 924 doctrinam
2333 869 2562 939 Christi,
2591 885 2646 930 et
2673 880 2994 946 pervenietis
3019 882 3083 937 ad
3115 884 3363 943 Verbum

1765 955 1860 1009 Dei
1891 974 1906 1011 :
1932 970 2053 1012 cum
2075 969 2250 1013 autem
2280 966 2626 1030 perveneritis
2654 967 2719 1020 ad
2751 967 2977 1024 Verbum
3005 972 3132 1039 Dei,
3168 975 3356 1030 iuten-'

1762 1049 1908 1118 dite,
1958 1051 2097 1107 Deus
2142 1065 2248 1108 erat
2303 1054 2629 1122 Verbum:et
2657 1053 2902 1119 videbitis
2926 1079 3111 1122 verum
3144 1045 3357 1126 dictum

1762 1155 1903 1206 esse,
1927 1159 2037 1196 mea
2061 1145 2292 1199 doctrina
2311 1163 2332 1200 :
2353 1149 2608 1206 intendite
2631 1151 2791 1207 etiam
2813 1154 2964 1223 cuius
2982 1167 3064 1211 est
3082 1157 3343 1227 Verbum;

1764 1241 1818 1285 et
1846 1231 2090 1288 videbitis
2110 1247 2254 1290 recte
2273 1236 2472 1292 dictum
2502 1254 2623 1295 esse
2643 1283 2659 1308 ,
2688 1259 2787 1297 non
2813 1256 2886 1298 est
2911 1262 3039 1300 mea.

1835 1323 1888 1376 5.
1920 1324 2160 1380 Breviter
2179 1343 2307 1396 ergo
2327 1328 2447 1384 dico
2472 1330 2723 1387 Charitati
2747 1345 2978 1402 vestrae;
3008 1337 3109 1396 hoc
3132 1339 3348 1398 videtur

1762 1414 1891 1470 mihi
1934 1416 2138 1474 dixisse
2183 1420 2448 1505 Dominus,
2471 1423 2627 1479 Jesus
2663 1423 2902 1485 Christus
2925 1471 2940 1496 ,
2972 1431 3091 1487 Mea
3118 1435 3348 1491 doctrina

1764 1523 1864 1562 non
1907 1518 1978 1564 est
2016 1523 2156 1577 mea,
2198 1526 2260 1568 ac
2301 1514 2347 1568 si
2377 1514 2580 1572 diceret
2601 1560 2615 1584 ,
2645 1519 2756 1590 Ego
2779 1535 2884 1576 non
2912 1537 3032 1578 sum
3059 1540 3088 1578 a
3119 1529 3340 1598 meipso.

1763 1599 2014 1666 Quamvis
2035 1603 2173 1656 enim
2193 1604 2381 1659 Filium
2401 1605 2538 1662 Patri
2559 1609 2795 1665 dicamus
2808 1620 2862 1667 et
2874 1615 3152 1670 credamus
3167 1634 3344 1688 aequa-

1765 1691 1890 1754 lem,
1911 1707 2007 1747 nec
2026 1695 2185 1749 ullam
2199 1695 2252 1749 in
2269 1696 2348 1750 eis
2367 1712 2486 1753 esse
2503 1708 2704 1756 naturze
2718 1703 3125 1777 substantiteque
3141 1709 3344 1766 distan-

1763 1785 1889 1838 tiam
1914 1826 1928 1849 ,
1973 1801 2071 1841 nec
2109 1785 2246 1841 inter
2264 1798 2605 1858 generantem
2628 1795 2784 1863 atque
2801 1805 3110 1864 generatum
3129 1802 3343 1871 aliquod

1763 1875 2066 1932 interfuisse
2105 1879 2360 1948 temporis
2397 1879 2726 1936 intervallum
2752 1900 2770 1949 ;
2799 1894 2975 1943 tamen
3005 1887 3105 1944 hoc
3131 1901 3344 1948 servato

1762 1976 1818 2023 et
1860 1970 2124 2024 custodito
2173 1970 2270 2025 ista
2317 1971 2578 2038 dicimus,
2627 1976 2770 2045 quod
2809 1977 2898 2032 ille
2925 1978 3084 2035 Pater
3110 1991 3227 2047 est,
3256 1984 3346 2041 ille

1763 2060 1947 2114 Filius.
1996 2060 2152 2114 Pater
2189 2071 2367 2117 autem
2411 2071 2654 2132 nonest,
2691 2067 2735 2120 si
2763 2073 2872 2127 non'
2897 2069 3088 2126 habeat
3110 2069 3342 2140 Filium;

1761 2159 1816 2205 et
1853 2149 2021 2206 Filius
2065 2167 2170 2206 non
2198 2161 2279 2206 est
2300 2195 2314 2218 ,
2345 2155 2389 2208 si
2419 2170 2523 2209 non
2554 2156 2741 2212 habeat
2768 2158 2974 2215 Patrem
3005 2180 3017 2216 :
3047 2164 3139 2218 sed
3169 2175 3343 2223 tamen

1763 2242 1926 2296 Filius
1955 2243 2089 2297 Deus
2113 2245 2179 2299 de
2210 2245 2363 2300 Patre
2388 2263 2402 2312 ;
2437 2249 2592 2303 Pater
2615 2261 2788 2307 autem
2817 2253 2956 2308 Deus
2979 2295 2994 2318 ,
3026 2256 3120 2310 sed
3147 2273 3250 2312 non
3275 2259 3346 2316 de

1762 2333 1916 2388 Filio.
1962 2333 2116 2388 Pater
2144 2336 2294 2401 Filii,
2324 2353 2427 2391 non
2460 2339 2597 2393 Deus
2627 2341 2692 2394 de
2723 2340 2856 2396 Filio
2885 2361 2898 2396 ε
2931 2344 3021 2400 ille
3044 2356 3219 2402 autem
3248 2349 3340 2404 Fi-

1762 2427 1863 2482 lius
1891 2428 2064 2482 Patris
2083 2469 2097 2492 ,
2129 2437 2183 2482 et
2207 2430 2344 2483 Deus
2373 2430 2440 2486 de
2466 2432 2638 2488 Patre.
2669 2436 2920 2491 Dominus
2940 2440 3080 2493 enim
3104 2441 3353 2499 Christus

1760 2522 1952 2576 dicitur
1985 2521 2185 2577 Lumen
2223 2538 2288 2578 ex
2323 2523 2562 2579 Lumine.
2595 2526 2795 2581 Lumen
2824 2543 2950 2598 ergo
2976 2531 3115 2600 quod
3145 2547 3248 2587 non
3275 2549 3348 2590 ex-

1759 2613 1957 2668 lumine
1980 2655 1994 2679 ,
2040 2621 2094 2668 et
2137 2615 2335 2670 Lumen
2384 2617 2585 2686 tequale
2625 2618 2763 2688 quod
2801 2624 2868 2674 ex
2897 2619 3152 2689 Lumine,
3183 2624 3340 2680 simul

1761 2720 1923 2759 unum
1950 2705 2150 2761 Lumen
2172 2748 2187 2772 ,
2215 2724 2318 2761 non
2343 2707 2449 2762 duo
2475 2708 2690 2764 lumina.

1831 2795 1883 2850 6.
1919 2797 1973 2851 Si
1999 2797 2356 2852 intelleximus
2380 2838 2395 2864 ,
2427 2799 2534 2853 Deo
2561 2801 2758 2869 gratias
2784 2819 2798 2854 τ
2828 2801 2872 2856 si
2901 2801 3024 2873 quis
3045 2809 3220 2859 autem
3251 2821 3341 2875 pa-

1760 2901 1876 2941 rum
1927 2888 2210 2954 intellexit,
2254 2887 2378 2944 fecit
2407 2890 2565 2944 homo
2592 2906 2697 2960 quo
2727 2907 2890 2962 usque
2919 2895 3121 2962 potuit,
3149 2905 3340 2952 cattera

1759 2977 1935 3033 videat
1970 2980 2110 3034 unde
2144 2989 2339 3050 speret.
2384 2980 2698 3038 Forinsecus
2724 2993 2781 3038 ttt
2804 2986 3032 3054 operarii
3063 2999 3353 3056 possumus-

1760 3071 1997 3137 plantare
2037 3081 2091 3125 et
2136 3071 2310 3142 rigare
2338 3113 2353 3135 ,
2393 3073 2486 3127 sed
2537 3074 2630 3128 Dei
2668 3084 2751 3129 est
2797 3076 3182 3132 incrementum
3211 3079 3342 3134 dare

1761 3160 1805 3234 (I
1848 3163 1965 3217 Cor.
2012 3178 2106 3229 ιιι,
2151 3164 2230 3233 6).
2277 3163 2424 3231 Mea,
2467 3166 2667 3235 inquit,
2710 3167 2938 3221 doctrina
2963 3184 3062 3222 non
3092 3179 3168 3222 est
3194 3187 3338 3236 mea,

1759 3255 1848 3310 sed
1875 3255 1983 3323 ejus
2007 3255 2096 3324 qui
2119 3255 2253 3309 misit
2273 3271 2367 3308 me.
2389 3255 2579 3310 Audiat
2597 3257 2898 3324 consilium,
2921 3259 3011 3329 qui
3029 3259 3177 3326 dicit,
3202 3260 3343 3315 Non-

1760 3347 1884 3402 dum
1916 3346 2172 3402 intellexi.
2197 3347 2381 3416 Magna
2401 3347 2597 3417 quippe
2619 3363 2705 3403 res
2725 3359 2777 3404 et
2801 3349 3055 3418 profunda
3074 3365 3196 3406 cum
3214 3351 3343 3406 fuis-
3373 3355 3381 3376 '

1760 3448 1842 3494 set
1861 3438 2030 3503 dicta,
2060 3437 2192 3492 vidit
2219 3439 2400 3507 utique
2429 3439 2544 3507 ipse
2568 3438 2822 3494 Dominus
2845 3440 3088 3495 Christus
3113 3442 3213 3497 hoc
3233 3451 3340 3497 tam

1760 3528 2080 3600 profundum
2113 3544 2216 3583 non
2238 3545 2424 3584 omnes
2451 3529 2830 3593 intellecturos,
2853 3542 2905 3584 et
2926 3532 2976 3585 iu
2993 3533 3352 3600 cmtsequenti'

1760 3621 1904 3677 dedit
1932 3622 2229 3677 consilium.
2264 3622 2560 3691 intelligere
2581 3622 2659 3678 vis
2678 3623 2702 3676 ?
2720 3622 2900 3678 crede.
2926 3623 3066 3678 Deus
3084 3624 3224 3679 enim
3247 3639 3343 3692 per

1760 3715 2073 3784 prophetam
2116 3714 2249 3768 dixit
2297 3733 2310 3768 :
2365 3712 2482 3768 Nisi
2526 3715 2872 3780 credideritis,
2918 3730 3018 3768 non
3056 3714 3342 3785 intelligetis

1761 3803 1914 3874 (lsai.
1949 3820 2054 3870 vn,
2081 3804 2114 3858 9
2133 3846 2146 3868 ,
2178 3821 2276 3858 sec.
2309 3804 2496 3874 LXX).
2529 3805 2607 3859 Ad
2637 3805 2737 3858 hoc
2766 3805 2990 3873 pertinet
3017 3806 3155 3875 quod
3182 3806 3342 3860 etiam

1763 3894 1848 3948 hic
1879 3893 2130 3947 Dominus
2155 3904 2369 3948 secutus
2391 3895 2631 3962 adjuuxit
2665 3913 2678 3950 :
2710 3896 2768 3950 Si
2792 3897 2902 3966 quis
2929 3895 3136 3950 voluerit
3160 3897 3341 3950 volun-

1760 3993 1910 4038 tatem
1937 3985 2046 4053 ejus
2072 3985 2238 4052 facerc
2259 4024 2274 4049 ,
2307 3995 2566 4052 cognoscet
2595 3985 2658 4038 de
2677 3987 2905 4039 doctrina
2924 4025 2939 4050 ,
2961 3998 3128 4039 utrum
3152 4003 3215 4041 ex
3239 3987 3343 4041 Deo

1758 4078 1857 4142 sit,
1910 4092 1976 4128 an
1999 4091 2089 4144 ego
2113 4091 2146 4126 α
2163 4076 2352 4145 meipso
2375 4075 2570 4144 loquar.
2598 4075 2732 4142 Quid
2763 4083 2846 4130 est
2866 4077 2965 4130 hoc
2988 4117 3002 4140 ,
3031 4076 3094 4130 Si
3115 4077 3224 4140 quis
3251 4093 3342 4130 uo-

1761 4165 1908 4220 luerit
1963 4167 2266 4220 voluntatem
2325 4167 2437 4236 ejus
2476 4167 2685 4236 facere?
2717 4167 2821 4220 Sed
2857 4180 2956 4234 ego
2984 4167 3220 4221 dixeram
3241 4208 3254 4229 .
3284 4166 3342 4222 Si

1760 4261 1877 4332 quis
1895 4259 2181 4314 crediderit
2206 4277 2220 4324 ;
2247 4268 2301 4316 et
2324 4260 2423 4315 hoc
2444 4260 2721 4316 consilium
2745 4258 3017 4314 dederam.
3045 4259 3100 4315 Si
3130 4273 3234 4314 non
3261 4260 3342 4315 iuo

1762 4354 2010 4410 tellesisti
2027 4395 2040 4417 ,
2070 4354 2304 4424 inquam,
2330 4354 2509 4409 crede.
2542 4353 2843 4407 Intellectus
2868 4353 3008 4407 enim
3031 4367 3238 4408 merces
3260 4364 3344 4410 est

1763 4446 1904 4502 ﬁdei.
1949 4446 2090 4516 Ergo
2130 4447 2235 4500 noli
2276 4460 2514 4516 quterere
2555 4445 2848 4513 intelligere
2883 4452 2940 4497 ut
2975 4443 3197 4509 credas,
3247 4445 3344 4499 sed

1760 4538 1919 4594 crede
1947 4547 2003 4592 ttt
2032 4537 2324 4607 intelligas;
2355 4537 2604 4607 quooiam
2635 4535 2734 4589 nisi
2758 4535 3068 4590 credideritis
3089 4574 3105 4599 ,
3136 4551 3234 4588 non
3265 4535 3344 4590 itt-

1760 4631 2008 4699 telligetis.
2037 4629 2168 4684 Cum
2197 4644 2325 4698 ergo
2349 4629 2413 4681 ad
2442 4627 2839 4697 possibilitatem
2868 4625 3190 4695 intelligendi
3217 4640 3344 4680 con-

1761 4723 1935 4776 silium
1962 4715 2199 4776 dederim
2230 4720 2582 4775 obedientiam
2611 4717 2857 4774 credendi
2877 4758 2893 4782 ,
2916 4725 2970 4772 ct
2991 4715 3215 4771 dixerim
3239 4716 3346 4771 Do-

1761 4814 1961 4868 minum
1981 4812 2162 4867 Jesum
2183 4811 2452 4866 Christum
2480 4811 2579 4866 hoc
2601 4812 2768 4881 ipsum
2795 4810 3100 4878 adiunxisse
3123 4809 3174 4863 in
3216 4824 3344 4864 con-

1761 4903 1998 4974 sequenti
2040 4905 2300 4958 sententia
2325 4945 2340 4968 ,
2384 4903 2680 4957 invenimus
2716 4917 2837 4956 eum
2875 4900 3072 4955 dixisse
3094 4941 3108 4965 ,
3142 4900 3201 4954 Si
3229 4900 3343 4968 quis

1760 4997 1967 5051 voliterit
2003 4996 2303 5048 voluntatem
2339 4994 2450 5063 ejus
2486 4995 2650 5063 facere
2671 5032 2684 5056 ,
2717 5000 2975 5061 cognoscet
3001 4988 3063 5044 de
3090 4989 3340 5046 doctrina.

1759 5088 1892 5157 Quid
1933 5097 2013 5142 est
2031 5129 2044 5147 .
2078 5095 2336 5156 cognoscet
2354 5085 2380 5137 .9
2407 5085 2516 5138 lloc
2541 5093 2625 5138 est
2653 5082 2925 5151 intelliget.
2956 5081 3105 5151 Quod
3135 5090 3219 5137 est
3241 5097 3342 5136 au-

1761 5188 1864 5235 tem
1890 5221 1904 5244 ,
1949 5177 2010 5232 Si
2045 5178 2155 5248 quis
2192 5177 2399 5230 voluerit
2433 5176 2733 5228 uoluntatem
2770 5175 2878 5243 ejus
2909 5178 3104 5243 facere,
3137 5177 3237 5230 hoc
3261 5185 3345 5231 est

1759 5276 1995 5329 credere.
2016 5270 2119 5327 Sed
2139 5270 2260 5340 quia
2287 5278 2544 5339 cognoscet
2563 5309 2578 5334 ,
2612 5268 2711 5322 hoc
2730 5277 2810 5323 est
2834 5267 3129 5338 intelliget,
3156 5280 3343 5322 omnes

1760 5365 2054 5434 intelligunt
2083 5379 2096 5416 :
2126 5363 2246 5433 quia
2275 5377 2402 5415 vero
2429 5361 2567 5431 quod
2596 5361 2687 5425 ait,
2717 5359 2778 5416 Si
2797 5362 2908 5430 quis
2927 5360 3138 5416 uoluerit
3158 5360 3339 5414 volun-

1759 5467 1910 5512 tatem
1933 5459 2039 5529 cjus
2066 5460 2264 5527 facere,
2295 5456 2396 5510 hoc
2425 5455 2648 5524 pertinet
2671 5453 2736 5508 ad
2758 5454 2980 5510 credere
2997 5496 3012 5513 .
3039 5462 3094 5507 ut
3114 5453 3341 5521 diligen-

1759 5551 1864 5604 tius
1909 5549 2227 5618 intelligatur
2247 5587 2264 5614 ,
2301 5561 2436 5616 opus
2478 5554 2559 5601 est
2587 5545 2740 5600 nobis
2767 5547 2880 5614 ipso
2908 5545 3128 5599 Domino
3158 5553 3344 5600 nostro

1759 5640 2100 5711 espositore,
2130 5649 2188 5694 ut
2213 5639 2410 5695 iudicet
2438 5638 2590 5693 nobis
2612 5647 2784 5693 utrum
2811 5651 2995 5692 revera
3024 5635 3090 5690 ad
3119 5634 3344 5694 credere

1761 5735 2024 5805 pertineat
2065 5733 2241 5789 lacere
2276 5733 2599 5789 voluntatem
2626 5729 2797 5784 Patris
2817 5727 2954 5797 ejus.
2981 5727 3112 5796 Quis
3141 5729 3345 5790 nesciat
