3916 6370
141 464 255 525 facit
274 461 468 531 Legem
498 477 511 513 :
540 472 667 513 nam
692 455 737 511 si
762 454 952 526 Legem
982 451 1248 520 faceretis,
1281 449 1334 506 in
1361 448 1493 520 ipsis
1513 447 1712 504 litteris

144 553 390 612 Cbristum
417 546 800 620 agnosceretis,
833 553 886 599 et
911 550 1228 614 praesentem
1246 555 1353 596 non
1374 537 1708 594 occideretis.

147 648 208 706 Et
236 645 302 700 illi
330 638 762 712 responderunt‘
787 654 802 690 :
825 634 1102 706 Respondit
1135 634 1178 688 ei
1214 631 1378 687 turba.
1418 628 1713 699 Respondit

148 737 280 811 quasi
307 735 454 791 turba
484 747 592 787 non
621 728 934 802 pertinentia
972 726 1040 782 ad
1076 725 1316 781 ordinem
1335 765 1352 791 ,
1381 722 1473 779 sed
1499 723 1566 777 ad
1594 736 1715 792 per-

150 827 480 888 turbationem
508 841 522 878 :
548 819 780 893 denique
806 819 958 875 turba
999 819 1208 873 turbata
1245 815 1422 872 videte
1458 812 1585 885 quid
1622 826 1710 868 re-

150 919 397 995 sponderit
417 933 433 973 :
457 915 780 970 Dwmonium
803 912 990 976 habes;
1028 910 1140 980 quis
1174 917 1222 963 te
1248 906 1426 974 quierit
1451 903 1714 960 occidere?

151 1014 293 1086 Qmsi
315 1026 416 1067 non
441 1009 593 1079 pejus
617 1006 777 1062 fuerit
800 1004 998 1068 dicere,
1020 1001 1342 1058 Danuuium
1364 999 1534 1066 habes,
1554 1012 1712 1068 quam

153 1122 260 1165 cum
286 1101 538 1160 occidere.
569 1099 629 1154 Ei
655 1099 851 1169 quippe
877 1096 1074 1151 dictum
1110 1103 1194 1150 est
1226 1093 1367 1164 quod
1392 1091 1712 1148 daemonium

157 1197 386 1260 haberet,
423 1192 510 1263 qui
541 1191 814 1246 daemones
842 1187 1156 1258 expellebat.
1188 1185 1326 1252 Quid
1367 1184 1535 1254 possit
1569 1181 1712 1237 aliud

155 1290 309 1346 dicere
350 1285 494 1341 turba
533 1281 871 1338 turbulenta?
900 1279 1023 1350 quid
1053 1278 1220 1349 possit
1247 1275 1388 1332 aliud
1417 1276 1564 1332 olere
1597 1290 1712 1331 cm-

155 1395 266 1436 num
284 1375 632 1433 commotum?
652 1373 826 1428 Turba
849 1372 1055 1425 turbata
1075 1379 1182 1434 est;
1211 1368 1382 1424 unde?
1402 1369 1444 1422 A
1468 1369 1710 1423 veritate.

153 1469 359 1526 Turbam
379 1463 708 1536 lippitudinis
732 1461 963 1516 turbavit
981 1460 1196 1516 claritas
1219 1459 1368 1513 lucis.
1397 1457 1546 1513 Oculi
1568 1457 1712 1513 enim

153 1579 246 1620 non
274 1561 517 1615 habentes
552 1558 864 1620 sanitatem,
914 1569 1018 1608 non
1059 1559 1282 1624 possunt
1321 1550 1461 1606 ferre
1500 1550 1714 1605 lutiiinis

151 1656 439 1712 claritatem.

215 1747 263 1801 3.
296 1743 541 1799 Dominus
567 1749 746 1796 autem
775 1753 883 1795 non
923 1738 1080 1809 plane
1108 1738 1382 1803 turbatus,
1415 1735 1509 1792 sed
1537 1736 1588 1791 in
1617 1749 1714 1790 sua

152 1839 355 1895 veritate
379 1834 690 1906 tranquillus
708 1825 741 1900 ,’
762 1847 866 1888 non
906 1830 1138 1887 reddidit
1174 1831 1372 1886 malum
1413 1844 1510 1901 pro
1547 1829 1710 1896 malo,

155 1943 244 1984 nec
266 1925 594 1982 maledictum
623 1937 718 1994 pro
746 1921 1028 1976 maledicto
1057 1920 1102 1990 (l
1128 1919 1269 1974 Petr.
1295 1934 1382 1985 ιιι,
1405 1918 1484 1989 9).
1511 1918 1713 1984 Quibus

153 2019 428 2082 sidiceret,
460 2013 789 2070 Darmonium
819 2011 1023 2066 habetis
1047 2026 1172 2076 vos;
1203 2025 1384 2065 verum
1423 2010 1603 2080 utique
1629 2009 1712 2063 di-

151 2119 301 2166 ceret.
333 2107 442 2163 Non
471 2105 613 2161 enim
653 2103 777 2159 talia
821 2102 896 2157 illi
939 2102 1147 2156 veritati
1191 2100 1457 2162 dicerent,
1491 2099 1591 2154 nisi
1621 2114 1716 2153 eos

151 2198 329 2255 diaboli
361 2198 554 2254 falsitas
583 2195 837 2249 irritaret.
867 2192 1001 2260 Quid
1028 2206 1156 2262 ergo
1182 2190 1487 2260 respondit?
1520 2189 1717 2243 Audia-

152 2308 261 2350 mus
286 2289 590 2361 tranquille,
622 2296 677 2343 et
707 2285 1048 2355 tranquillum
1080 2283 1320 2338 bibamus
1352 2299 1367 2335 :
1401 2280 1568 2337 Unum
1591 2297 1716 2351 opus

151 2385 270 2454 fed.
310 2395 356 2440 et
390 2397 557 2437 omnes
595 2377 870 2433 miramini.
919 2375 1190 2446 Tanquam
1234 2375 1449 2440 dicens,
1497 2372 1632 2440 Quid
1671 2373 1717 2428 si

149 2477 315 2533 omnia
352 2490 506 2547 opera
541 2488 661 2528 mea
688 2468 972 2526 videretis?
1003 2468 1170 2540 Ipsius
1207 2468 1348 2523 enim
1379 2481 1540 2536 opera
1567 2475 1718 2520 erant

152 2586 262 2641 qua:
285 2569 338 2624 in
361 2565 554 2624 mundo
575 2564 846 2628 videbant,
873 2570 928 2617 et
953 2562 1123 2632 ipsum
1151 2559 1240 2629 qui
1267 2558 1390 2614 fecit
1413 2558 1589 2612 omnia
1612 2572 1717 2610 non

149 2660 427 2718 videbant:
455 2658 579 2713 fecit
605 2671 764 2711 unam
791 2669 924 2718 rem,
957 2661 1012 2708 et
1039 2651 1232 2708 turbati
1262 2658 1387 2705 sunt
1409 2691 1422 2712 ,
1454 2649 1576 2720 quia
1610 2649 1718 2702 sal-

149 2769 266 2810 vum
296 2753 415 2808 fecit
438 2750 710 2806 hominem
741 2747 982 2804 sabbato.
1018 2743 1178 2812 Quasi
1218 2757 1344 2798 vero
1371 2742 1414 2796 si
1443 2742 1718 2812 quisquam

150 2854 368 2916 motus
388 2843 603 2898 sabbato
625 2841 918 2895 sinceraret
941 2838 986 2901 ',
1012 2836 1146 2890 alius
1173 2835 1318 2888 illum
1345 2848 1532 2887 sanum
1562 2831 1720 2887 fecis-

150 2946 226 2992 set
248 2952 399 3008 quam
429 2936 537 3001 ille,
564 2933 652 3004 qui
673 2948 768 2988 eos
793 2928 1188 2992 scandalizavit,
1212 2927 1332 2998 quia
1361 2942 1522 2980 unum
1550 2925 1720 2980 homi-

151 3040 266 3082 ηοω
289 3041 330 3082 s.
348 3027 482 3082 lvutn
508 3023 635 3080 fecit
653 3021 895 3077 sabbato.
922 3019 1051 3086 Quis
1070 3019 1213 3073 enim
1239 3016 1374 3071 alius
1394 3015 1526 3070 alios
1545 3016 1720 3070 salvos

156 3114 267 3172 iecit
291 3132 441 3188 quam
473 3116 582 3186 ipsa
614 3115 793 3178 salus;
824 3111 910 3180 qui
941 3111 1083 3164 illam
1117 3109 1342 3163 salutem
1380 3122 1536 3177 quam
1575 3106 1721 3162 dedit

164 3205 268 3266 huic
297 3209 520 3275 homini,
550 3208 645 3263 dat
671 3215 726 3261 et
748 3202 1045 3276 iumentis?
1077 3202 1232 3257 Salus
1258 3202 1399 3255 enim
1427 3200 1720 3270 corporalis

163 3314 287 3358 erat.
322 3303 468 3359 Salus
503 3301 681 3358 carnis
709 3309 764 3354 et
799 3305 1104 3367 reparatur,
1133 3305 1187 3349 et
1229 3295 1489 3358 moritur;
1519 3302 1720 3348 etcum

72 3363 80 3482 ἑ
165 3405 436 3466 reparatur,
465 3409 606 3449 mors
635 3391 897 3450 ditl‘ertur.
931 3405 1034 3443 non
1066 3388 1320 3442 aufertur.
1355 3387 1577 3449 Tamen,
1610 3385 1719 3440 fra-

74 3503 78 3554 ζ
169 3491 293 3548 tres.
332 3487 482 3542 etiam
521 3485 636 3554 ipsa
675 3483 820 3538 salus
848 3496 876 3533 a
906 3481 1128 3536 Domino
1153 3489 1262 3543 est,
1305 3493 1399 3547 per
1436 3479 1723 3549 quemlibet

171 3573 343 3632 detur:
371 3549 702 3648 quocumque
729 3581 950 3628 curante
987 3580 1043 3626 et
1080 3571 1410 3624 ministrante
1450 3569 1719 3639 impertia-

76 3711 80 3732 ,
174 3673 262 3733 tur,
287 3669 348 3721 ab
375 3668 462 3723 illo
485 3667 642 3722 datur
667 3681 697 3718 a
728 3679 833 3734 quo
858 3671 940 3718 est
959 3661 1135 3717 omnis
1161 3661 1324 3722 salus,
1349 3658 1434 3714 cui
1455 3660 1646 3715 dicitur
1667 3661 1721 3715 in

77 3739 80 3808 Ῐ
177 3755 390 3825 Psalnto,
422 3758 666 3814 Homines
705 3766 749 3812 et
783 3757 1015 3828 jnmenta
1050 3753 1215 3808 salvos
1259 3752 1439 3824 facies,
1469 3750 1722 3818 Domme;

80 3837 82 3842 ’
180 3849 281 3904 sicut
301 3849 631 3919 multiplicasti
653 3845 1044 3901 misericordiam
1065 3853 1222 3906 tuam,
1246 3841 1401 3896 Deus.
1426 3843 1558 3909 Quia
1579 3843 1720 3898 enim

180 3936 296 3996 Deus
314 3955 369 3997 es
386 3983 399 4004 .
425 3940 769 4009 multiplicata
797 3935 1159 3993 misericordia
1191 3943 1278 3988 tua
1307 3934 1542 4004 pervenit
1561 3934 1722 3990 etiam

84 4023 86 4028 ’
180 4031 231 4086 ad
246 4035 446 4090 salutem
466 4031 647 4089 carnis
667 4031 936 4095 humanm,
962 4027 1204 4100 pervenit
1225 4027 1386 4081 etiam
1410 4024 1477 4080 ad
1497 4024 1723 4079 salutem

86 4113 88 4146 ⁵
182 4137 407 4182 lautorum
443 4125 747 4182 animalium
773 4140 784 4176 :
811 4120 904 4177 sed
929 4120 1018 4191 qui
1053 4119 1148 4173 das
1178 4118 1401 4172 salutem
1429 4116 1604 4171 carnis
1629 4116 1724 4170 ho-

183 4219 376 4275 minibus
390 4219 748 4291 iumentisque
769 4227 1129 4278 communem,
1145 4209 1398 4280 numquid
1421 4208 1558 4262 nulla
1579 4207 1724 4263 salus

84 4300 88 4374 ξ
184 4317 251 4363 est
272 4325 412 4379 quam
445 4323 631 4365 servas
669 4304 1008 4360 hominibus?
1035 4303 1130 4358 Est
1157 4310 1304 4356 certe
1332 4300 1433 4354 alia
1461 4315 1579 4370 qua:
1616 4313 1722 4352 non

82 4395 88 4404 ’
186 4400 322 4456 solum
346 4398 638 4457 communis
667 4413 772 4451 non
799 4404 883 4451 est
909 4393 1213 4448 hominibus
1239 4400 1295 4447 et
1314 4390 1598 4461 jumentis,
1629 4389 1723 4445 sed

82 4511 86 4544 :
188 4503 267 4546 nec
296 4492 409 4563 ipsis
450 4489 756 4547 hominibus
793 4483 1091 4544 communis
1135 4491 1220 4539 est
1266 4483 1419 4537 bonis
1459 4491 1513 4536 et
1548 4482 1720 4536 malis.

84 4629 88 4634 .
189 4579 384 4655 Denique
417 4600 536 4641 cum
568 4581 642 4637 ibi
669 4581 736 4636 de
775 4580 872 4635 ista
907 4577 1077 4632 salute
1111 4575 1358 4640 dixisset,
1385 4589 1542 4645 quam
1579 4589 1724 4630 com-

84 4659 88 4664 ’
193 4679 377 4734 munitet-
409 4675 677 4747 accipiunt
714 4686 905 4744 pecora
939 4679 993 4725 et
1021 4668 1302 4734 homines;
1337 4675 1553 4738 propter
1581 4667 1725 4722 illam

192 4772 370 4829 salutem
393 4787 550 4844 quam
580 4781 796 4839 sperare
829 4763 1022 4820 debent
1051 4762 1293 4818 homines
1311 4802 1327 4826 ,
1353 4759 1446 4814 sed
1476 4759 1598 4814 boni
1625 4758 1725 4812 ho-

193 4863 350 4929 mines,
390 4873 603 4920 secutus
645 4856 915 4928 adjunxit,
964 4853 1088 4908 Filii
1129 4861 1295 4919 autem
1336 4851 1593 4905 hominum
1633 4849 1726 4904 sub

194 4957 362 5028 tegmine
401 4957 603 5011 alarum
651 4962 852 5006 tuarum
897 4946 1166 5018 sperabunt
1203 4959 1222 4998 :
1253 4942 1630 4998 inebriabuntur
1663 4941 1727 4996 ab

195 5049 369 5106 Ibatate
392 5051 573 5106 domus
609 5056 747 5110 ture,
788 5052 834 5096 et
864 5048 1079 5096 torrente
1114 5037 1380 5108 voluptatis
1408 5045 1507 5090 tua:
1533 5034 1727 5108 potabis

198 5155 286 5207 tot;
306 5143 532 5215 quoniam
556 5137 695 5208 apud
722 5145 767 5190 te
788 5143 860 5190 est
889 5137 1002 5203 fons
1021 5130 1153 5197 vilw,
1185 5138 1229 5183 et
1252 5129 1304 5182 in
1331 5128 1516 5182 lumine
1541 5137 1625 5182 tuo
1649 5128 1728 5181 vi-

197 5230 374 5290 debimus
397 5236 570 5289 iumen
594 5227 767 5300 (Psal.
789 5239 961 5291 xxxv,
982 5222 1154 5293 7-10).
1183 5219 1305 5274 Haec
1333 5227 1414 5273 est
1442 5219 1583 5273 salus
1610 5234 1730 5289 qua:

243 5366 259 5399 ⁸
277 5365 388 5477 Ἐπὶ
407 5372 483 5415 Er.
507 5361 657 5436 Lugd.
681 5367 800 5410 ven.
823 5358 1107 5428 omittuntur
1144 5353 1312 5411 verba,
1332 5356 1378 5402 et
1399 5363 1492 5402 non
1529 5348 1731 5422 habent;

243 5426 264 5477 tl
355 5429 449 5477 itur
470 5433 733 5477 continuo:
762 5420 1010 5477 Respondit
1030 5429 1158 5468 emm
1187 5413 1478 5477 tnr_ba._Lov.
1505 5411 1649 5461 lectio
1670 5415 1731 5461 ah

197 5426 264 5477 sed
278 5411 456 5480 addi—tur
470 5411 733 5477 continuo:
762 5418 1010 5484 Respondit
1030 5415 1158 5468 enim
1187 5413 1478 5484 turbantem
1505 5411 1649 5461 lectio
1670 5415 1731 5461 ah

620 5473 684 5535 eo
702 5481 833 5548 quod
847 5473 1026 5541 ierant,
1047 5474 1292 5543 respondit
1312 5473 1376 5536 ei,
1411 5489 1513 5538 pro,
1537 5486 1733 5537 respon-

198 5547 635 5669 ᾱιῗιηιίιηὲ’ω,
1119 5598 1381 5672 sinceram
1407 5609 1426 5648 .'
1449 5597 1500 5646 in
1520 5597 1731 5672 caeteris,

205 5657 886 5738 ιιιᾶἇπῡῶῖΜα
902 5677 920 5728 ῖ
938 5665 1000 5738 id
1029 5672 1106 5738 es}
1135 5663 1518 5738 etiam}???
1544 5657 1734 5738 -9539}?

649 5742 799 5801 seu:
815 5723 972 5801 om
996 5752 1058 5801 —,.
1072 5731 1146 5776 εει
1170 5723 1516 5801 reseces
1534 5733 1735 5774 we-

211 5795 280 5859 ω,
297 5797 367 5848 ubi
385 5791 528 5862 uigil.
553 5791 675 5845 ven.
698 5791 890 5855 legunt,
909 5791 1139 5852 aegrotum
1158 5792 1368 5837 sanaret.
1431 5791 1487 5835 ll.

1245 326 1653 387 rnacrx'ws
1693 328 1860 386 xxx.
1902 332 2126 409 caper
2166 332 2276 391 vn.

3261 341 3400 401 1634

1817 444 1885 501 ad
1925 445 2095 504 bonos
2134 450 2394 520 pertinet,
2426 465 2558 521 quos
2585 451 2867 521 appellavit
2905 453 3043 509 ﬁlios
3081 453 3394 523 hominum;

1818 554 1939 596 cum
1965 556 2124 612 supra
2155 543 2405 611 dixisset,
2441 543 2682 600 Homines
2710 554 2753 600 et
2774 546 3006 615 jumenta
3029 546 3194 602 salvos
3219 548 3396 617 facies,

1817 633 2053 690 Domine.
2080 635 2216 704 Quid
2243 637 2422 692 enim?
2449 637 2522 692 illi
2561 637 2802 693 homines
2839 654 2945 694 non
2979 648 3131 694 erant
3169 640 3259 694 filii
3300 639 3398 694 ho-

1817 728 2040 796 minum,
2071 737 2127 784 ut
2146 745 2267 785 cum
2293 729 2534 796 dixisset,
2561 728 2823 797 Homines,
2849 741 3159 802 sequeretur
3181 743 3234 788 et
3259 733 3403 789 dice-

1817 831 1921 888 ret,
1954 820 2079 876 Filii
2105 831 2273 878 autem
2297 821 2593 887 hominum;
2621 823 2772 894 quasi
2798 822 2940 878 aliud
2969 833 3118 879 erant
3151 825 3399 893 homines,

1817 919 1871 968 et
1894 913 2035 968 aliud
2062 916 2157 984 lilii
2183 915 2478 970 hominum?
2503 913 2617 969 Non
2642 923 2815 971 tamen
2841 916 3070 971 arbitror
3091 917 3205 972 sine
3225 918 3400 988 aliqua

1817 1005 2199 1075 significatione
2225 1007 2579 1061 distinctionis
2619 1006 2722 1062 hoc
2757 1007 2953 1063 dixisse
2985 1007 3239 1078 Spiritum
3275 1023 3402 1064 san-

1817 1104 1983 1151 ctum.
2016 1093 2257 1152 Homines
2297 1097 2364 1152 ad
2399 1098 2626 1168 primum
2667 1097 2868 1164 Adam,
2902 1098 2996 1168 ﬁlii
3038 1099 3296 1153 hominum
3333 1097 3400 1155 ad

1817 1185 2109 1242 Christum.
2141 1187 2301 1244 Forte
2329 1189 2472 1243 enim
2505 1188 2728 1242 homines
2765 1188 3021 1259 pertinent
3064 1189 3129 1243 ad
3170 1189 3400 1260 primum

1819 1278 2086 1334 hominem
2121 1299 2134 1335 :
2161 1281 2257 1350 ﬁlii
2293 1290 2471 1336 autem
2499 1281 2759 1334 hominum
2800 1283 3065 1352 pertinent
3101 1281 3168 1337 ad
3206 1281 3399 1338 Filium

1819 1369 2070 1426 hominis.

1889 1463 1942 1516 4.
1987 1459 2157 1516 Unum
2186 1478 2312 1531 opus
2340 1462 2456 1531 feci,
2488 1470 2536 1516 et
2559 1478 2731 1517 omnes
2756 1462 3027 1516 miramini.
3061 1462 3128 1518 Et
3149 1463 3403 1517 continuo

1818 1551 2085 1622 subjungit
2120 1569 2135 1607 :
2171 1551 2448 1622 Propterea
2477 1551 2677 1624 Moyses
2713 1551 2848 1607 dedit
2888 1552 3024 1607 vobis
3060 1552 3400 1608 circumcisio-

1819 1660 1950 1697 nem.
1983 1643 2128 1698 Bene
2166 1643 2359 1698 factum
2391 1653 2472 1698 est
2506 1653 2564 1698 ut
2597 1645 2909 1714 acciperetis
2945 1645 3402 1701 circumcisionem

1817 1749 1850 1789 a
1871 1734 2068 1806 Moyse.
2097 1733 2216 1789 Non
2237 1734 2354 1806 quia
2375 1752 2438 1789 ex
2459 1733 2638 1805 Moyse
2656 1745 2748 1801 est,
2771 1735 2860 1789 sed
2881 1752 2942 1790 ea:
2962 1733 3218 1789 Panibus.
3243 1736 3403 1791 Abra-

1819 1823 1940 1880 ham
1967 1826 2162 1895 quippe
2189 1826 2391 1896 primus
2416 1825 2622 1896 accepit
2644 1825 3101 1882 circumcisionem
3125 1842 3156 1881 a
3181 1827 3402 1882 Domino

1824 1913 1972 1986 (Gen.
2004 1933 2142 1983 xvn,
2173 1916 2282 1988 10).
2319 1915 2382 1969 Et
2418 1918 2470 1971 in
2505 1917 2709 1972 sabbato
2752 1919 3126 1973 circumciditis.
3164 1919 3406 1975 Convicit

1820 2021 1915 2060 vos
1937 2007 2165 2078 Moyses.
2191 2015 2246 2062 tn
2268 2007 2408 2079 Lege
2427 2009 2706 2078 accepistis
2733 2017 2789 2063 ut
2808 2008 3196 2064 eircumcidatis
3216 2020 3404 2065 octavo

1820 2098 1905 2155 die
1931 2099 2112 2170 (Leuit.
2142 2117 2236 2168 xu,
2267 2101 2322 2172 5)
2343 2119 2357 2166 ;
2381 2102 2663 2171 accepistis
2693 2103 2743 2156 in
2771 2103 2910 2172 Lege
2941 2111 2998 2158 ut
3020 2107 3214 2160 vaCetis
3237 2106 3402 2174 septi-

1821 2207 1909 2246 mo
1929 2191 2018 2247 die
2044 2191 2236 2262 (Exod.
2264 2209 2358 2259 xx,
2386 2194 2477 2265 lO)
2504 2213 2516 2248 :
2543 2195 2585 2249 si
2607 2205 2824 2251 octavus
2847 2195 2960 2251 dies
2983 2197 3120 2251 illius
3141 2199 3227 2268 qui
3252 2212 3406 2254 natus

1821 2291 1902 2337 est
1925 2293 2168 2337 occurret
2197 2283 2262 2338 ad
2288 2284 2428 2339 diem
2456 2286 2742 2356 septimum
2770 2287 2995 2352 sabbati,
3021 2289 3147 2359 quid
3171 2288 3406 2344 facietis?

1828 2373 2112 2442 Vacahitis,
2143 2386 2199 2430 ut
2224 2378 2446 2433 servetis
2471 2378 2782 2442 Sabbatutn;
2815 2395 2882 2434 an
2915 2381 3324 2448 eircumcidatis,
3351 2391 3408 2437 ut

1824 2465 2088 2536 impleatis
2118 2480 2508 2523 sacramentum
2541 2469 2646 2524 diei
2671 2471 2881 2525 octavi?
2915 2472 3018 2527 Sed
3045 2475 3187 2539 novi,
3217 2475 3403 2544 inquit,

1823 2555 1948 2625 quid
1973 2558 2195 2613 faciatis.
2224 2558 2592 2614 Circumciditis
2614 2561 2884 2616 hominem.
2915 2563 3123 2629 Quare?
3151 2566 3280 2632 Quia
3305 2567 3407 2620 cir-

1822 2649 2078 2704 cumcisio
2109 2651 2340 2720 pertinet
2379 2653 2445 2707 ad
2483 2655 2694 2724 aliquod
2735 2656 3063 2725 signaculum
3102 2659 3315 2722 salutis,
3353 2669 3406 2714 ct

1824 2757 1928 2797 non
1956 2743 2154 2798 debent
2192 2744 2433 2800 homines
2474 2747 2692 2801 sabbato
2736 2763 2925 2803 vacare
2966 2764 2995 2802 a
3035 2747 3223 2804 salute.
3271 2751 3406 2820 Ergo

1824 2850 1923 2890 nec
1947 2836 2068 2890 mihi
2095 2837 2412 2902 irascamini,
2441 2838 2559 2908 quia
2598 2839 2794 2892 salvum
2829 2840 2925 2910 feci
2963 2849 3118 2895 totum
3155 2841 3406 2896 hominem

1821 2925 2026 2980 sabbato
2065 2942 2085 2980 :
2124 2927 2169 2980 si
2204 2929 2663 2994 circumcisionem,
2707 2931 2899 3000 inquit,
2945 2933 3128 3001 arcipit
3164 2933 3311 2988 homo
3354 2935 3407 2988 in

1822 3019 2026 3073 sabbato
2047 3061 2061 3083 ,
2101 3030 2154 3074 ut
2184 3038 2282 3074 non
2309 3020 2536 3076 solvatur
2561 3023 2643 3077 lea:
2671 3022 2838 3095 Moysi
2871 3023 3094 3097 (aliquid
3134 3027 3273 3081 enim
3315 3043 3408 3096 per

1825 3109 2039 3180 Moysen
2071 3110 2122 3164 in
2162 3110 2248 3164 illa
2277 3113 2652 3166 constitutione
2681 3114 3104 3169 circutucisionis
3124 3117 3408 3172 salubriter

1825 3200 2121 3256 institutum
2161 3203 2312 3272 est),
2353 3203 2483 3258 mihi
2521 3204 2760 3281 operanti
2815 3205 3041 3261 salutem
3088 3206 3140 3260 in
3189 3209 3408 3263 sabbato

1824 3309 1989 3363 quare
2017 3293 2401 3365 indignatnitti?
2786 3311 2789 3314 ‘

1897 3384 1948 3439 5.
1993 3384 2151 3440 Forte
2177 3388 2317 3441 enim
2351 3386 2436 3440 illa
2464 3387 2796 3442 circumcisio
2826 3388 2996 3457 ipsum
3030 3388 3308 3445 Dominum
3336 3391 3408 3446 si-

1825 3476 2130 3546 gnifiCabat,
2167 3479 2252 3532 cui
2294 3478 2378 3532 isti
2414 3480 2619 3533 curanti
2647 3487 2704 3534 et
2727 3481 2933 3535 sonanti
2983 3481 3404 3551 indignabantur.

1825 3567 1978 3624 Jussa
2018 3579 2101 3626 est
2143 3571 2284 3625 enim
2328 3572 2568 3627 adhiberi
2609 3581 2794 3627 octavo
2831 3572 2918 3629 die
2961 3575 3408 3631 circumcisiozct

1826 3659 1949 3730 quid
1971 3670 2054 3715 est
2074 3662 2432 3727 circumcisio,
2453 3662 2551 3716 nisi
2573 3665 2748 3717 carnis
2765 3664 3118 3734 exspoliatio?
3139 3665 3410 3736 Significat

1827 3766 1953 3821 ergo
1981 3753 2080 3806 ista
2110 3754 2443 3808 circumcisio
2465 3755 2900 3824 exspoliationcm
2921 3770 2950 3809 a
2972 3755 3132 3812 corde
3153 3757 3410 3826 cupidita-

1828 3852 1936 3897 tum
1967 3845 2276 3899 carnalium.
2306 3845 2421 3900 Non
2443 3862 2569 3916 ergo
2594 3847 2709 3901 sine
2735 3862 2892 3902 causa
2915 3847 3034 3901 data
3059 3858 3160 3912 est,
3181 3858 3233 3904 et
3263 3848 3314 3903 iu
3343 3865 3410 3905 eo

1827 3935 2068 3989 membro
2109 3935 2257 4005 jussu
2313 3937 2458 4000 fieri;
2504 3936 2753 4006 quoniam
2798 3952 2893 4007 per
2939 3937 3065 3991 illud
3111 3940 3408 3998 membrum

1828 4036 2136 4100 procreatur
2156 4038 2396 4084 creatura
2420 4029 2738 4082 mortalium.
2758 4029 2818 4084 Et
2838 4045 2932 4098 per
2953 4046 3114 4085 unum
3138 4031 3406 4087 hominem

1830 4135 1992 4184 mors,
2022 4120 2157 4176 sicut
2185 4136 2283 4190 per
2309 4135 2470 4174 unum
2514 4117 2782 4173 hominem
2815 4123 3134 4174 resurrectio
3165 4133 3404 4176 mortuo-

1828 4229 1945 4268 rum
1978 4211 2154 4283 (lCor.
2187 4229 2272 4279 xv,
2301 4211 2391 4282 21)
2413 4231 2425 4266 :
2449 4222 2500 4267 et
2527 4227 2621 4282 per
2645 4228 2805 4265 unum
2835 4211 3102 4266 hominem
3134 4222 3406 4282 peccatum

1829 4305 2045 4360 intravit
2069 4306 2119 4359 in
2150 4305 2424 4369 mundum,
2451 4313 2506 4360 et
2533 4321 2624 4374 per
2652 4315 2926 4374 peccatqu
2955 4320 3099 4358 mors
3131 4305 3148 4375 (
3173 4303 3321 4358 Itoni.
3349 4322 3403 4372 v,

1831 4394 1942 4467 1‘2).
1971 4393 2094 4450 Ideo
2123 4396 2348 4466 quisque
2377 4411 2495 4450 cum
2525 4395 2782 4466 praeputio
2809 4395 3061 4461 nascitur,
3085 4397 3205 4469 quia
3231 4400 3407 4454 omnis

1831 4487 1990 4541 homo
2018 4502 2137 4542 cum
2175 4486 2301 4540 vitio
2334 4486 2636 4556 prOpaginis
2662 4487 2931 4542 nascitur:
2963 4496 3017 4542 et
3046 4504 3150 4544 non
3189 4490 3409 4546 mundat

1831 4579 1970 4634 Deus
1997 4580 2107 4633 sive
2132 4594 2162 4632 a
2190 4579 2317 4633 vitio
2347 4594 2464 4634 cum
2493 4595 2597 4650 quo
2627 4579 2913 4646 nascimur,
2938 4579 3050 4636 sive
3071 4596 3099 4634 a
3122 4582 3261 4636 vitiis
3289 4599 3409 4652 qua:

1829 4672 1969 4726 male
1994 4671 2224 4725 vivendo
2257 4669 2534 4737 addimus,
2565 4671 2663 4725 nisi
2694 4687 2789 4741 per
2817 4672 3087 4728 cultellum
3117 4674 3404 4743 petrinum,

1834 4761 2111 4816 Dominum
2142 4761 2433 4818 Christum.
2459 4761 2612 4817 Petra
2641 4763 2780 4816 enim
2809 4771 2924 4817 erat
2949 4761 3189 4818 Christus
3217 4764 3260 4831 (l
3289 4763 3408 4820 Cor.

1832 4868 1886 4919 x,
1910 4851 1986 4925 4).
2010 4853 2250 4908 Cultellis
2270 4853 2410 4908 enim
2434 4853 2653 4923 petrinis
2678 4853 3145 4919 circumcidebant,
3169 4867 3221 4909 et
3249 4867 3410 4926 petrae

1831 4945 2047 4999 nomine
2066 4944 2332 4999 Christum
2354 4945 2648 5015 figurabant
2675 4964 2686 4998 :
2711 4955 2764 4999 et
2786 4957 3099 5015 praesentem
3120 4964 3222 5001 non
3246 4962 3411 5017 agno-

1831 5035 2086 5100 scebant,
2118 5035 2212 5090 sed
2243 5034 2459 5106 insuper
2486 5051 2606 5090 eum
2637 5035 2881 5090 occidere
2909 5035 3212 5105 cupiebant.
3236 5039 3314 5106 Qu
3338 5057 3412 5096 .re

1831 5135 2010 5182 autem
2056 5134 2245 5182 octavo
2287 5125 2404 5193 die,
2442 5125 2542 5180 nisi
2571 5126 2693 5196 quia
2725 5135 2844 5197 post
2884 5126 3166 5196 septimum
3207 5130 3411 5185 sabbati

1834 5218 2089 5273 Dominus
2130 5217 2216 5271 die
2260 5217 2529 5273 dominico
2573 5218 2894 5273 resurrexit?
2923 5218 3067 5292 Ergo
3093 5226 3413 5278 resurrectio

1833 5311 2051 5375 Christi,
2075 5330 2192 5382 quae
2219 5312 2354 5366 facta
2379 5319 2462 5366 est
2490 5309 2645 5366 tertio
2664 5311 2876 5382 quidem
2902 5312 2987 5369 die
3013 5316 3293 5386 passionis,
3319 5315 3412 5370 sed

1835 5411 2022 5457 octavo
2047 5401 2134 5458 die
2164 5403 2215 5456 in
2241 5401 2430 5456 diebus
2456 5400 2801 5457 hebdomadis
2819 5440 2836 5469 ,
2870 5404 2979 5475 ipsa
3007 5420 3105 5459 nos
3128 5404 3412 5460 circumci-

1835 5497 1930 5551 dit.
1947 5495 2082 5551 Audi
2105 5495 2445 5550 circumeisos
2460 5509 2582 5550 vera
2602 5505 2768 5564 petra,
2788 5497 3043 5566 Apostolo
3059 5496 3376 5551 admonente
3398 5511 3410 5548 :

1840 5589 1901 5645 Si
1944 5606 2063 5662 ergo
2113 5587 2454 5643 resurrexistis
2497 5603 2611 5642 cum
2653 5585 2885 5653 Christo;
2913 5601 3025 5654 quae
3065 5603 3262 5640 sursum
3300 5594 3416 5639 sunt

1838 5683 2064 5754 quterite,
2100 5682 2185 5738 ubi
2223 5681 2448 5737 Christus
2491 5689 2563 5735 est
2607 5680 2657 5734 in
2697 5679 2903 5733 dextera
2930 5677 3025 5732 Dei
3061 5678 3272 5744 sedens;
3305 5696 3417 5748 qua:

1841 5791 2039 5831 sursum
2064 5783 2179 5831 sunt
2207 5775 2384 5843 sapite,
2416 5789 2516 5827 non
2541 5787 2654 5841 quae
2680 5786 2831 5838 super
2858 5778 3040 5824 terram
3069 5770 3087 5840 (
3115 5769 3309 5825 Coloss.
3339 5787 3414 5838 nt,
