1958 3185
80 179 142 222 tibi

81 244 229 285 putatum.
237 244 398 283 putaverunt
406 246 552 283 principum
564 252 623 275 esse
635 247 785 280 scientiam,
793 247 863 283 quod

82 295 126 332 qui
145 297 324 330 cognoverant
346 295 468 323 eumdem
490 300 549 322 esse
569 291 703 322 ChriStutn
715 302 721 321 :
737 294 796 321 ideo
819 302 864 329 pe-

82 346 214 379 pc'rcetuttt
225 339 259 370 ei.
272 335 351 376 quem
363 345 499 375 tantopere
508 338 682 367 occidendum
691 341 862 375 quzesierunt.

112 388 133 415 2.
159 381 257 415 Deiade
281 386 318 414 illi
345 386 395 421 ipsi
417 385 486 422 apud
507 386 628 421 seipsos,
653 386 697 421 qui
722 386 862 418 dixerant,

85 433 205 467 Nunquid
222 437 391 468 cognoverunt
407 433 531 467 principes
544 432 605 466 quia
623 432 663 458 hic
680 437 716 458 est
730 430 864 459 Christus?

80 478 193 507 iecerunt
205 474 254 505 sibi
268 478 441 514 qua-stionem
461 485 511 512 qua
535 477 575 505 eis
592 477 725 505 videretur
738 481 791 504 non
807 477 864 511 ipse

79 531 133 553 esss
143 523 259 552 Christus
274 532 281 550 :
297 520 470 558 adiungemus
486 523 558 551 ettitn
571 516 703 555 dixerunt,
721 522 774 550 Sed
788 523 863 550 istum

79 571 185 599 norimus
203 571 269 598 unde
290 564 342 602 sit;
356 564 471 598 Christus
493 576 576 598 autem
592 580 648 598 cum
667 571 775 604 venerit,
790 577 863 598 nemo

77 616 122 644 scit
133 615 196 644 unde
211 616 251 644 sit.
268 614 329 643 Ιῐιῐιε
344 608 434 651 opinio
446 616 515 652 apud
525 616 631 645 Judtcos
645 617 715 645 unde
728 622 786 644 nata
804 617 862 645 fue-

77 663 119 696 rit,
133 661 202 697 quod
214 662 328 690 Christus
338 670 396 689 cum
406 663 509 695 venerit,
524 672 595 691 nemo
609 664 656 691 scit
670 663 737 691 unde
749 665 781 691 sit
795 663 861 699 (non

76 709 142 736 enim
152 701 261 735 inaniter
270 713 330 736 nata
339 708 402 743 est);
413 709 433 736 si
442 709 642 737 consideremus
651 709 811 745 Scripturas,
822 710 862 737 in-

76 754 201 785 venimus,
215 753 319 787 fratres,
330 752 454 789 quoniam
469 760 567 783 sanctae
580 755 723 791 Scriptum
736 756 862 784 dite-runt

76 799 108 827 de
128 799 240 833 Christo,
261 800 381 834 quoniam
396 799 535 827 Nazartcus
557 801 685 828 vocabitur
702 801 816 837 (Matth.
830 810 860 836 tt,

75 845 130 882 93).
145 845 213 881 Ergo
228 846 405 880 prtcdixerunt
418 846 487 874 unde
506 847 549 873 sit.
563 847 664 874 Rursus
678 849 698 874 si
715 848 799 874 locum
814 856 862 875 tta-

77 892 183 919 tivitatis
201 891 256 926 ejus
273 900 435 926 quaeramus,
456 897 577 927 tanquam
598 893 658 920 inde
676 899 710 919 snt
725 893 768 920 ubi
782 898 861 920 natus

75 943 129 970 est;
141 946 188 965 nec
203 937 250 965 hoc
269 938 364 965 latebat
379 937 484 965 Juda-os
494 960 501 971 ,
518 944 624 975 propter
636 938 786 973 Scripturas
799 947 860 974 quas

77 983 122 1010 ista
137 982 317 1018 praedixerant.
331 982 395 1010 Nam
408 991 468 1010 cum
480 991 540 1010 eum
554 983 609 1010 visa
623 984 699 1011 stella
711 984 776 1019 Magi
788 992 860 1019 qua:-

79 1034 166 1056 rerent
185 1028 303 1062 adorare,
321 1034 451 1056 venerunt
472 1029 505 1056 atl
526 1029 668 1062 Herodem,
688 1034 716 1057 et
735 1030 862 1058 dixerunt

78 1074 139 1109 quid
154 1081 297 1109 quarrercttt
309 1079 336 1101 et
347 1074 409 1109 qttid
426 1074 539 1101 vellent:
553 1075 596 1102 ille
607 1080 694 1102 autent
706 1075 860 1103 convocatis

78 1120 114 1147 eis
128 1118 171 1156 qui
189 1118 282 1155 Legem
303 1120 430 1151 sciebant.
446 1120 566 1155 quazsivit
581 1120 614 1147 ab
627 1121 666 1148 eis
679 1121 722 1148 ubi
736 1120 859 1148 Christus

79 1171 242 1194 nasceretur:
258 1165 293 1193 illi
307 1166 439 1198 dixerunt,
457 1164 489 1192 In
506 1163 650 1193 Betltlehem
667 1166 761 1196 Judw:
773 1172 799 1194 et
818 1172 859 1195 te-

77 1213 224 1250 stimonium
237 1213 317 1240 etiam
330 1203 510 1247 propheticum
526 1212 692 1247 protulerunt
707 1213 814 1248 (Matth.
828 1220 858 1245 tt,

78 1256 143 1292 1-6).
158 1258 183 1286 Si
196 1266 256 1294 ergo
271 1258 411 1293 Propheta:
431 1258 607 1293 pmrdixcrant
628 1263 654 1286 et
679 1258 765 1286 locum
788 1259 860 1286 unde

76 1308 131 1330 erat
143 1304 214 1339 origo
227 1307 315 1332 carnis
327 1304 395 1339 ejus,
410 1300 436 1331 et
449 1304 534 1331 locum
550 1304 593 1331 ubi
608 1312 669 1332 eum
684 1305 785 1339 peperit
799 1313 859 1332 ma-

77 1354 114 1377 ter
136 1351 206 1385 ejus;
223 1350 291 1377 unde
314 1356 374 1377 nata
396 1354 436 1377 est
459 1350 509 1377 ista
531 1350 622 1385 opinio
646 1351 715 1385 apud
738 1351 857 1384 Judteos,

77 1403 153 1430 quam
163 1385 239 1423 modo
249 1390 408 1428 audivimus,
420 1395 534 1423 Christus
546 1405 601 1422 cum
613 1397 713 1427 venerit.
726 1405 797 1424 nemo
811 1397 860 1424 scit

79 1433 143 1467 unde
155 1441 195 1474 sit,
211 1432 262 1468 nisi
277 1441 337 1475 quia
358 1445 498 1476 utrumque
519 1441 725 1476 pra-dicaverant
746 1446 772 1469 et
792 1450 861 1477 pra:-

79 1486 254 1514 nuutiaverant
275 1486 435 1520 Scriptum?
458 1486 606 1513 Secundum
632 1487 765 1514 hominem
791 1495 862 1522 prae.

77 1524 195 1568 diaetam
206 1531 348 1566 Scriptura:
362 1532 431 1558 unde
443 1536 515 1558 esset
527 1541 532 1558 :
544 1532 688 1559 secundum
701 1532 783 1559 Deum
798 1534 860 1559 late.

82 1569 120 1604 liat
143 1578 243 1613 impios,
262 1583 289 1606 et
311 1571 446 1613 quam-bat
466 1578 532 1613 pios.
554 1578 594 1605 Ad
617 1578 668 1605 hoc
688 1578 758 1605 euitn
774 1584 800 1605 et
816 1578 859 1606 isti

82 1615 328 1656 dixeruutxhristus
338 1632 394 1651 cum
406 1624 507 1656 venerit,
519 1631 591 1651 nemo
600 1624 646 1650 scit
660 1623 726 1651 unde
737 1624 769 1650 sit
778 1631 787 1655 ;
797 1624 858 1658 quia

36 1682 38 1686 ι
83 1667 149 1695 hanc
160 1668 211 1696 illis
220 1670 367 1704 opinionem
379 1674 552 1703 generaverat
566 1669 636 1704 quod
649 1677 696 1703 per
710 1669 801 1696 Isaiam
816 1669 858 1696 di-

83 1717 148 1741 uum
160 1718 206 1745 est,
218 1713 405 1741 Cmeralionem
419 1719 501 1741 autent
515 1715 569 1749 ejus
580 1714 635 1749 quis
645 1714 770 1741 enarrabit
781 1714 857 1749 (lsat'.

86 1765 134 1793 un,
142 1759 181 1795 8)?
189 1760 302 1795 Denique
312 1764 340 1787 et
348 1760 406 1795 ipse
416 1760 543 1787 Dominus
553 1760 586 1787 ad
598 1766 737 1795 utrumque
748 1768 859 1794 respou-

37 1799 40 1811 ἶ
87 1805 129 1843 dit,
138 1810 163 1833 et
173 1806 231 1841 quia
244 1810 373 1834 noverant
383 1814 444 1833 eum
459 1806 527 1834 unde
542 1810 622 1839 esset,
634 1811 661 1833 et
674 1806 733 1840 quia
747 1814 799 1833 non
815 1813 858 1833 no-

88 1855 182 1884 vennt;
195 1857 222 1879 ut
233 1857 404 1879 attestaretur
419 1852 563 1886 prophetia-
578 1856 675 1879 saucta:
690 1860 747 1886 qute
766 1852 799 1879 tle
813 1852 859 1879 illo

88 1902 141 1925 ante
154 1898 271 1932 pradicta
287 1903 339 1931 est,
350 1904 376 1926 et
386 1898 532 1926 secundum
546 1898 734 1925 humanitatem
748 1897 859 1925 inﬁrmi-

90 1942 149 1976 tatis,
163 1949 186 1971 et
198 1944 340 1971 secundum
355 1944 517 1971 divinitatem
531 1944 687 1978 majestatis.

119 1988 141 2016 5.
155 1988 242 2017 Audite
250 1997 313 2025 ergo
321 1989 434 2017 Verbutn
450 1990 565 2022 Domini,
580 1990 682 2022 fratres,
695 1990 781 2017 videte
791 1998 855 2025 que-

91 2034 238 2062 madmodum
248 2036 464 2064 conlirtnaviteis
474 2041 501 2064 et
515 2037 584 2071 quod
596 2036 730 2069 dixerunt,
747 2047 756 2062 ι
776 2037 858 2065 Istum

92 2072 193 2109 mviuuts
211 2081 279 2108 unde
303 2074 355 2113 siti
371 2090 381 2107 ι
405 2085 433 2108 et
451 2081 522 2116 quod
547 2081 680 2114 dixerunt,
711 2091 719 2107 l
737 2083 859 2110 Christus

92 2131 139 2153 ann
151 2128 261 2160 venerit,
278 2135 358 2154 nemo
372 2128 420 2155 scit
435 2127 504 2154 unde
523 2128 566 2155 sit.
580 2128 717 2155 Clamabat
735 2136 797 2163 ergo
811 2128 858 2156 do-

92 2178 144 2199 eum
156 2173 179 2199 itt
192 2175 288 2208 templo
300 2173 377 2200 Jesus
395 2182 401 2200 :
417 2174 448 2200 Et
463 2182 504 2200 me
519 2174 602 2205 scitis,
618 2178 644 2200 et
658 2174 726 2201 unde
741 2175 790 2200 sint
804 2175 857 2201 sci-

93 2216 133 2249 ὡς
146 2223 190 2245 eta
203 2219 304 2253 meipso
315 2227 366 2245 ιιυιι
383 2219 441 2245 veni
453 2239 459 2250 ,
473 2218 519 2245 sed
535 2224 575 2246 est
589 2227 667 2246 verus
685 2219 729 2254 qui
749 2228 791 2247 me
805 2221 856 2247 mi-

92 2262 133 2296 sit,
145 2272 214 2297 quem
227 2273 275 2292 vos
289 2265 404 2292 nescitis.
428 2274 437 2290 ι
455 2264 510 2292 Hoc
525 2269 566 2291 est
579 2265 668 2292 dicere
678 2285 685 2296 ,
701 2265 734 2292 Et
748 2273 791 2292 me
805 2266 858 2293 sci-

94 2309 134 2344 ti,
145 2317 169 2339 et
178 2320 219 2340 me
236 2312 344 2340 nescitis
360 2320 366 2337 :
383 2312 432 2339 hoc
445 2316 486 2339 est
494 2312 582 2339 dicere
592 2332 598 2344 ,
616 2312 650 2339 Et
663 2312 732 2339 ttnde
745 2313 794 2339 sim
807 2313 859 2340 sci-

95 2357 157 2388 liget
167 2358 233 2386 unde
244 2359 296 2386 siut
310 2358 428 2385 nescitis.
443 2357 519 2385 Unde
528 2357 577 2385 sim
588 2358 670 2390 scitis,
684 2358 761 2386 Jesus
775 2367 789 2385 a
805 2359 858 2386 Na-

94 2402 179 2436 ureth,
200 2404 277 2439 wjus
290 2404 369 2431 etiam
391 2407 516 2437 parentes
539 2403 632 2430 nostis.
654 2403 816 2432 Solusteuitn
832 2406 859 2433 iu

94 2447 131 2482 hac
140 2457 210 2478 causa
219 2450 321 2478 latebat
333 2449 442 2485 virginis
454 2454 553 2484 partus,
565 2450 607 2477 cui
620 2455 706 2477 tamen
718 2451 792 2479 testis
802 2457 859 2479 erat

94 2495 181 2536 naritus
189 2505 200 2537 ξ
211 2496 268 2531 ipse
280 2495 352 2523 enim
366 2495 416 2522 hoc
428 2499 530 2529 poterat
539 2494 654 2522 ﬁdeliter
667 2496 783 2524 iudicare
792 2517 800 2529 .
814 2497 859 2532 qui

94 2544 162 2576 μω
170 2541 324 2569 ntaritaliter
337 2545 364 2579 et
381 2541 467 2568 zelare
479 2541 497 2567 ¹.
515 2540 569 2567 Hoc
580 2548 643 2576 ergo
654 2547 766 2576 excepto
777 2542 859 2577 virgi-

95 2585 212 2623 llitpttrtu,
223 2593 308 2618 totum
328 2592 456 2615 noverant
472 2588 497 2615 in
509 2586 571 2614 Jesu
586 2586 657 2622 quod
677 2588 709 2615 ad
725 2588 858 2617 hominem

96 2633 298 2664 pertittctﬂ'acies
317 2633 398 2667 ipsius
421 2637 481 2659 nota
501 2638 574 2664 erat,
592 2633 673 2667 patria
698 2634 777 2667 ipsius
799 2640 857 2662 uota

96 2682 146 2710 mt,
155 2686 232 2713 genus
243 2679 325 2714 ipsius
337 2685 425 2706 notum
440 2684 505 2709 erat.
519 2680 560 2705 ubi
575 2685 652 2705 natus
662 2686 701 2707 t‘st
715 2682 856 2708 sciebatur.

98 2720 159 2752 herle
168 2732 227 2760 ergo
240 2726 306 2752 dixit
318 2746 325 2757 ,
341 2724 372 2751 Et
385 2733 423 2751 nte
437 2725 514 2751 nostis
525 2746 532 2756 ν
544 2731 565 2751 rt
582 2726 645 2751 unde
660 2726 705 2751 sint
717 2728 782 2753 scitis
796 2749 801 2757 ,
818 2736 859 2753 se-

97 2769 187 2798 cundum
201 2779 307 2798 carnem
330 2775 356 2797 et
375 2771 487 2806 efﬁgiem
505 2772 617 2797 hominis
632 2781 709 2806 quam
727 2774 833 2806 gerebat
851 2783 856 2799 ε

100 2816 217 2844 iocundum
231 2821 319 2844 autem
334 2816 512 2849 divinitatem,
530 2817 560 2843 Et
570 2826 585 2843 ιι
596 2826 634 2844 me
654 2819 707 2852 ipso
719 2828 767 2845 non
785 2820 837 2845 ueni
849 2840 855 2851 ,

239 2870 382 2905 medius
397 2876 445 2905 Ain.
459 2876 483 2898 et
500 2873 552 2897 uad.
568 2877 637 2898 Att-1r.
653 2878 675 2898 ιιι
692 2879 745 2898 tm.
761 2876 857 2905 ιιςεςιηημ,

99 2900 129 2932 vlli
137 2900 352 2933 W‘ntaritatiter
361 2905 383 2928 et
396 2902 480 2928 celare.

619 183 821 220 rkaciarus
839 182 934 219 xxxn
955 191 1069 222 CAPUT
1088 190 1145 222 vn.

1646 188 1712 226 tsss

917 248 961 275 s'ed
981 254 1017 276 est
1034 257 1106 277 verus
1120 249 1163 284 qut
1184 254 1224 277 nte
1243 245 1327 284 tﬁ'isit,
1339 257 1411 287 quem
1427 250 1469 279 nos
1484 252 1601 286 nescitis;
1616 254 1664 281 sed
1684 260 1712 282 ut

917 301 976 322 eum
993 297 1099 330 sciatis,
1115 296 1215 324 credite
1229 297 1254 324 in
1274 304 1334 325 eum
1354 306 1431 332 quem
1449 299 1536 331 misit,
1559 305 1584 327 et
1608 301 1708 328 scit-tis.

918 338 1000 367 Deum
1015 342 1084 368 enim
1099 350 1170 368 nemo
1190 343 1250 369 vidit
1265 351 1373 377 unquam
1384 365 1390 375 ,
1405 344 1452 371 nisi
1469 345 1610 380 unigenitus
1627 346 1711 374 Filius

917 386 960 420 qui
974 392 1009 413 est
1019 388 1044 413 in
1058 386 1114 414 sinu
1130 386 1229 419 Patris,
1241 388 1294 422 ipse
1306 389 1431 415 enarravit
1445 388 1533 423 (ltum.
1546 398 1570 423 t,
1583 391 1629 424 18)
1643 401 1649 418 :
1664 397 1690 419 et
1700 414 1707 425 ,

917 432 1020 459 Putrem
1036 442 1085 460 non
1098 435 1225 469 cognoscit
1239 435 1286 461 nisi
1301 433 1385 463 Filius
1396 456 1403 469 ,
1419 441 1442 463 et
1454 437 1496 464 cui
1509 437 1612 465 voluerit
1627 438 1710 465 Filius

917 480 1026 506 revelare
1036 479 1140 514 (Matth.
1155 489 1182 507 ιιι
1191 502 1198 514 ,
1214 481 1273 517 27).

952 522 980 552 ι;
991 524 1111 560 Denique
1131 527 1192 554 cum'
1214 526 1341 560 dixisset,
1366 528 1420 556 Sed
1440 534 1477 556 est
1492 538 1564 557 verus
1579 531 1622 566 qui
1642 532 1709 559 misit

917 579 971 603 me,
984 579 1056 606 quem
1068 580 1109 599 vos
1119 573 1220 600 nescitis
1231 582 1240 606 ,-
1255 578 1282 600 ut
1296 574 1449 602 ostenderet
1466 575 1505 602 eis
1517 576 1587 604 unde
1599 584 1708 611 possent

916 616 986 644 scire
997 617 1066 652 (ιυόά
1079 618 1241 651 nescit-bant,
1253 619 1365 653 subjecit
1376 641 1382 651 ,
1400 619 1455 656 Ego
1465 621 1516 647 scio
1531 630 1594 648 eum.
1612 622 1681 658 Ergo
1695 632 1708 649 a

917 669 960 689 me
975 662 1101 696 quaerite,
1116 667 1144 690 ut
1159 663 1248 690 sciatis
1263 671 1333 691 eum.
1348 664 1435 698 Quare
1450 670 1537 693 autem
1556 666 1612 693 seio
1627 669 1708 694 eunt?

919 706 984 739 Quia
997 704 1027 733 tib
1039 707 1094 742 ipso
1104 717 1158 735 sum
1169 729 1176 740 ,
1186 714 1208 735 et
1219 709 1272 742 ipse
1283 717 1322 735 me
1334 710 1409 736 misit.
1419 704 1557 745 Magnifice
1569 717 1708 747 utrumque

917 752 1082 779 monstravit.
1098 753 1134 779 Ab
1150 754 1204 789 ipso
1215 775 1222 786 ,
1238 754 1338 788 inquit,
1352 763 1406 781 sunt
1417 764 1425 788 ;
1437 755 1496 791 quia
1511 756 1593 784 Filius
1609 757 1641 785 de
1658 758 1707 784 Pa-

891 824 895 827 .
917 803 957 826 tre
968 819 974 831 ,
990 802 1016 826 et
1029 798 1155 834 quidquid
1170 804 1211 827 est
1231 799 1329 833 Filius,
1351 801 1384 828 de
1407 801 1450 828 illo
1462 808 1501 829 est
1516 803 1591 837 cujus
1609 810 1649 831 est
1665 803 1707 831 Fi-

916 844 978 871 lius.
988 843 1051 871 Ideo
1066 845 1205 871 Dominum
1218 845 1307 873 .lesum
1320 846 1431 874 dicimus
1446 848 1526 874 Demn
1538 848 1570 875 de
1583 849 1646 882 Deo;
1660 849 1707 878 Pa-

917 893 985 916 trem
1001 898 1052 916 non
1068 889 1180 917 dicimus
1195 891 1275 917 Deum
1289 890 1322 918 de
1338 892 1407 924 Deo,
1420 893 1465 919 sed
1482 897 1583 920 tantum
1604 895 1705 922 Deum:

915 938 945 962 et
956 933 1067 962 dicimus
1084 934 1222 966 Dominum
1241 935 1331 963 Jesum
1345 937 1445 964 Lumen
1460 937 1493 965 de
1510 938 1636 972 Lumine;
1656 940 1706 968 Pa-

917 984 984 1006 trem
997 989 1047 1006 nou
1063 980 1174 1008 dicimus
1187 980 1286 1008 Lumen
1298 981 1331 1009 dc
1344 982 1466 1014 Lumine,
1481 984 1527 1011 sed
1541 989 1639 1011 tantum
1653 985 1707 1013 Lu-

917 1033 988 1053 men.
1001 1026 1041 1053 Ad
1058 1027 1106 1054 hoc
1120 1035 1183 1061 ergo
1198 1028 1308 1061 pertinet
1321 1050 1327 1060 ,
1340 1029 1409 1063 qttod
1424 1030 1505 1060 dixit,
1520 1029 1557 1056 Ab
1572 1030 1626 1065 ipso
1641 1040 1705 1059 sum.

915 1071 992 1105 Quod
1013 1076 1100 1099 autem
1119 1073 1213 1101 videtis
1227 1082 1269 1101 tne
1292 1074 1316 1101 itt
1332 1083 1428 1108 carne,
1443 1076 1495 1111 ipse
1507 1085 1545 1103 me
1565 1077 1640 1104 misit.
1658 1077 1707 1105 Ubi

915 1118 1002 1149 audis,
1019 1118 1073 1153 ipse
1087 1115 1124 1145 nte
1132 1120 1213 1152 misit,
1232 1120 1284 1147 noli
1300 1120 1446 1151 intelligere
1462 1127 1561 1149 mttunt:
1572 1122 1707 1151 dissimili-

917 1163 1035 1191 tudinem
1048 1185 1054 1194 .
1067 1164 1113 1191 sed
1126 1166 1279 1199 generantis
1290 1167 1485 1194 auctoritatem.

952 1210 978 1236 5.
995 1208 1143 1242 Quasi-ebant
1158 1218 1216 1245 ergo
1232 1219 1288 1237 eum
1305 1213 1507 1246 apprehendere,
1523 1219 1546 1241 et
1557 1223 1628 1241 nemo
1641 1215 1707 1244 misit

915 1254 942 1281 in
958 1254 1029 1281 illum
1044 1260 1133 1282 manus
1143 1276 1150 1288 ,
1164 1256 1224 1290 quia
1244 1255 1355 1283 nondum
1377 1263 1473 1284 cenem!
1492 1260 1554 1286 hora
1568 1261 1623 1295 ejus
1636 1270 1645 1289 .'
1658 1262 1707 1290 hoc

916 1304 957 1327 est
967 1321 974 1331 ,
986 1301 1046 1334 quia
1058 1299 1172 1329 nolebat.
1186 1301 1253 1336 Quid
1267 1307 1307 1330 est
1317 1303 1397 1334 cuitu.
1412 1305 1522 1332 nondum
1533 1313 1631 1334 venerat
1645 1308 1707 1336 hora

916 1346 991 1382 ejus?
1003 1347 1059 1374 Non
1076 1349 1146 1376 enim
1163 1348 1288 1376 Dominus
1301 1351 1350 1378 sub
1364 1351 1417 1378 fato
1433 1358 1510 1380 natus
1523 1359 1573 1381 est.
1589 1355 1644 1383 Hoc
1658 1364 1707 1384 nec

916 1392 948 1419 de
965 1396 989 1419 te
1002 1393 1163 1421 credendum
1183 1400 1241 1428 est,
1259 1395 1354 1422 nedum
1370 1396 1403 1423 de
1419 1397 1462 1424 illo
1480 1399 1487 1414 ¹
1507 1407 1554 1435 per
1568 1408 1646 1435 quem
1667 1401 1706 1429 fa-

915 1442 974 1466 cttts
984 1447 1022 1466 es.
1038 1439 1065 1467 Si
1077 1446 1119 1466 tua
1135 1440 1198 1468 hora
1211 1441 1331 1469 voluntas
1342 1447 1382 1470 est
1398 1443 1478 1474 illius;
1488 1444 1559 1472 illius
1573 1445 1636 1473 hora
1648 1438 1706 1481 qua:

915 1488 965 1515 est,
982 1484 1031 1511 nisi
1047 1485 1166 1512 voluntas
1180 1486 1247 1513 sua?
1260 1486 1316 1514 Non
1335 1496 1397 1522 ergo
1412 1488 1503 1515 horam
1518 1489 1583 1517 dixit
1594 1499 1645 1525 qua
1659 1499 1706 1519 eo-

915 1534 1022 1563 geretur
1043 1530 1129 1562 tnori,
1156 1530 1203 1557 scd
1229 1539 1280 1565 qua
1305 1531 1459 1566 dignaretur
1482 1534 1575 1561 occidi.
1591 1535 1706 1570 Templis

915 1574 986 1600 enim
1012 1575 1180 1609 («spectabat
1205 1584 1257 1609 quo
1281 1583 1444 1610 moreretur,
1472 1579 1532 1614 quia
1557 1584 1585 1607 et
1604 1585 1706 1616 tempus

915 1621 1079 1654 exspectavit
1093 1629 1145 1655 quo
1166 1627 1329 1649 nasceretur.
1344 1623 1379 1650 De
1392 1623 1442 1651 hoc
1461 1630 1578 1660 tempore
1592 1626 1706 1662 Aposto-

915 1663 957 1690 lus
972 1664 1096 1699 loqueus,
1112 1665 1149 1692 ait
1164 1675 1171 1693 :
1185 1665 1248 1693 Cant
1258 1672 1340 1694 autem
1353 1669 1417 1695 venit
1430 1670 1558 1704 plenitudo
1572 1674 1705 1707 temporis,

914 1709 983 1737 misit
997 1710 1065 1737 Deus
1081 1710 1176 1738 Filium
1189 1721 1261 1739 suum
1274 1712 1370 1748 (Colat.
1386 1723 1424 1747 tv,
1441 1716 1478 1750 4).
1494 1716 1555 1744 Ideo
1569 1719 1643 1746 mttlti
1664 1719 1706 1746 di-

914 1761 979 1784 cunt
1000 1766 1006 1783 :
1030 1758 1116 1790 Quare
1138 1767 1189 1785 non
1210 1764 1272 1787 ante
1287 1761 1358 1788 venit
1378 1761 1519 1790 Christus?
1541 1764 1641 1798 Quibus
1662 1773 1706 1793 re-

914 1802 1098 1836 spondendum
1112 1808 1161 1836 est,
1172 1805 1232 1839 quia
1247 1805 1362 1833 nondum
1375 1813 1481 1835 venerat
1493 1808 1627 1842 plenitudo
1641 1815 1707 1838 tem-

914 1848 987 1881 poris
997 1869 1003 1879 ,
1019 1849 1174 1877 moderante
1190 1849 1234 1877 illo
1248 1859 1294 1885 per
1314 1860 1390 1886 quem
1406 1852 1473 1880 facta
1487 1860 1548 1881 sunt
1564 1861 1681 1890 tempora
1697 1865 1704 1884 :

914 1893 1016 1920 sciebat
1030 1895 1101 1921 enim
1117 1896 1223 1930 quando
1236 1897 1327 1924 venire
1341 1898 1460 1925 deberet.
1478 1899 1567 1928 Primo
1578 1909 1625 1936 per
1638 1903 1706 1931 ntul-

914 1941 967 1964 tam
984 1939 1079 1966 seriem
1097 1945 1244 1974 tempormn
1258 1946 1285 1969 et
1299 1950 1428 1971 annorum
1445 1946 1629 1979 prtctlicendus
1639 1947 1705 1982 fuit;

914 1990 966 2009 non
980 1983 1050 2010 enim
1073 1984 1170 2019 aliquid
1187 1994 1295 2020 parvum
1317 1992 1455 2016 venturum
1474 1990 1523 2018 fuit
1542 1999 1550 2018 :
1566 1992 1610 2019 diu
1624 1992 1707 2022 fuerat

914 2028 1098 2062 praediCendus
1109 2050 1117 2062 ,
1140 2038 1244 2065 semper
1258 2032 1397 2060 tenendus.
1412 2033 1516 2067 Quanto
1529 2037 1613 2071 major
1624 2038 1706 2072 judex

912 2072 1045 2106 veniebat,
1062 2078 1134 2101 tanto
1149 2082 1300 2110 princonuut
1316 2078 1417 2112 longior
1429 2079 1513 2106 series
1525 2082 1704 2114 praecedebat.

913 2119 1033 2153 Denique
1054 2120 1097 2146 ubi
1118 2121 1190 2148 venit
1211 2122 1346 2155 plenitudo
1365 2124 1510 2158 temporis,
1528 2126 1598 2152 venit
1621 2132 1648 2154 et
1661 2128 1706 2156 Ille

913 2163 958 2198 qu‘i
971 2171 1019 2190 nos
1030 2164 1155 2192 liberaret
1167 2173 1181 2192 a
1197 2170 1324 2201 tempore.
1338 2166 1453 2195 Liberali
1464 2169 1534 2195 enim
1548 2178 1562 2195 a
1575 2175 1704 2206 tempore,

913 2211 1017 2237 venturi
1031 2219 1124 2239 sumus
1137 2212 1169 2239 ad
1184 2213 1358 2241 :rtcrnitatem
1375 2214 1456 2246 illam,
1470 2216 1513 2242 abi
1527 2224 1577 2242 non
1592 2222 1630 2244 est
1644 2223 1706 2245 tem-

913 2263 962 2291 pus
979 2264 985 2282 :
1002 2264 1051 2284 nec
1070 2257 1166 2285 dicitur
1187 2258 1240 2290 ibi,
1254 2259 1365 2292 Quando
1380 2261 1468 2287 veniet
1488 2261 1569 2294 hora;
1588 2263 1646 2290 dies
1665 2268 1706 2292 est

912 2303 982 2330 enim
998 2303 1189 2338 sempiternus,
1205 2304 1249 2340 qui
1262 2312 1310 2332 nec
1326 2307 1486 2341 pra-ceditur
1500 2308 1640 2342 hesterno,
1657 2318 1706 2338 nec

913 2349 1064 2376 excluditur
1085 2350 1212 2378 crastino’.
1235 2351 1263 2378 In
1277 2351 1326 2378 hoc
1344 2356 1432 2379 autem
1453 2354 1549 2380 surculo
1565 2354 1706 2383 volvuntur

912 2394 980 2427 dies,
996 2400 1024 2422 et
1037 2396 1081 2423 alii
1098 2400 1245 2430 transeunt,
1258 2402 1284 2424 et
1299 2398 1342 2424 alii
1353 2399 1479 2431 veniunt;
1494 2399 1581 2427 nullus
1592 2405 1681 2429 manet
1697 2410 1716 2429 :7

913 2444 939 2468 ct
953 2446 1085 2468 momenta
1099 2442 1195 2476 quibus
1218 2443 1360 2478 loquimur,
1376 2444 1487 2471 invicem
1502 2453 1531 2473 se
1550 2447 1703 2481 expellunt,

913 2493 962 2512 nec
977 2490 1029 2513 stat
1041 2488 1123 2521 prima
1139 2488 1238 2523 syllaba
1252 2509 1259 2520 ,
1277 2493 1305 2516 ut
1317 2497 1412 2517 sonare
1426 2491 1508 2525 possit
1521 2492 1649 2520 secunda.
1662 2493 1703 2522 Ex

913 2538 965 2566 quo
976 2532 1108 2567 loquimur
1117 2533 1279 2567 aliquantum
1296 2535 1442 2567 senuimus,
1454 2539 1481 2563 el
1495 2537 1553 2565 sine
1564 2538 1616 2565 ulla
1629 2538 1705 2567 dubi-

913 2577 1011 2604 tatione
1029 2577 1117 2604 senior
1129 2581 1189 2605 sum
1202 2578 1280 2605 modo
1297 2587 1375 2613 quam
1386 2588 1464 2607 mane
1478 2590 1485 2608 :
1498 2582 1532 2609 ita
1555 2583 1618 2611 nihil
1635 2590 1704 2618 stat,

913 2621 978 2648 nihil
990 2622 1069 2649 fixum
1085 2628 1172 2650 manet
1185 2624 1210 2650 in
1225 2627 1353 2659 tempore.
1368 2627 1465 2655 Amare
1476 2627 1564 2664 itaque
1577 2630 1704 2658 debemus

912 2668 1044 2702 p‘erqnem
1054 2666 1122 2695 facta
1134 2673 1196 2696 sunt
1211 2674 1338 2704 tempora,
1349 2675 1376 2697 ut
1387 2671 1531 2700 liberemur
1543 2682 1558 2702 a
1573 2680 1702 2709 tetnporc,

912 2717 939 2740 et
952 2713 1063 2747 ﬁgamur
1076 2714 1101 2740 iu
1118 2715 1280 2746 aeternitate,
1296 2716 1339 2743 ubi
1352 2717 1406 2751 jam
1425 2719 1494 2746 nulla
1508 2725 1549 2747 est
1569 2721 1703 2748 mutabili-

913 2764 1123 2794 tas‘temporutn.
1138 2759 1228 2795 Magna
1241 2761 1319 2796 igitur
1338 2763 1517 2790 misericordia
1532 2765 1633 2791 Domini
1652 2774 1703 2793 no-

911 2806 960 2833 stri
973 2805 1035 2833 Jesu
1049 2805 1156 2839 Christi,
1167 2805 1264 2834 factum
1277 2816 1336 2835 esse
1348 2816 1407 2835 euut
1420 2814 1526 2843 propter
1537 2818 1585 2837 nos
1595 2810 1619 2837 in
1633 2815 1701 2838 tctu-

913 2862 976 2889 pore
986 2874 993 2886 ,
1011 2859 1152 2888 per-quem
1162 2852 1230 2881 facta
1243 2858 1303 2881 sunt
1318 2858 1452 2888 tempora;
1469 2853 1567 2884 factum
1582 2863 1642 2885 esse
1656 2858 1698 2885 itt-

946 2911 951 2925 ι
966 2914 1000 2933 t‘r.
1019 2908 1092 2940 Lugd.
1106 2912 1165 2934 \‘eu.
1179 2910 1205 2934 et
1216 2911 1268 2935 [ιον.
1282 2909 1325 2939 sic,
1337 2907 1510 2940 quantum
1521 2910 1611 2938 deuio.
1643 2916 1673 2939 tl.
