3916 6370
616 350 754 408 1659

616 470 699 518 ter
723 458 901 515 omnia
919 499 934 525 ,
962 471 1057 527 per
1083 470 1240 526 quem
1279 454 1416 510 facta
1458 460 1583 509 sunt
1609 451 1826 507 omnia:
1859 449 2053 503 factum
2074 459 2195 500 esse

615 552 759 624 quod
790 552 928 606 fecit.
963 547 1155 603 Factus
1179 557 1263 602 est
1287 548 1428 602 enim
1469 544 1611 617 quod
1651 546 1882 607 fecerat;
1921 541 2089 596 factus
2114 547 2198 594 est

615 646 756 700 enim
788 643 947 696 homo
982 641 1072 711 qui
1097 639 1363 695 hominem
1389 638 1617 704 fecerat,
1645 652 1712 692 ne
1736 637 1932 706 periret
1955 632 2094 704 quod
2119 631 2195 686 fe-

614 743 780 790 cerat.
807 731 1108 788 Secundum
1156 729 1292 786 hanc
1333 728 1782 798 dispensationem
1829 727 1940 796 jam
1979 731 2197 779 venerat

616 823 746 878 hora
777 820 1064 876 nativitatis
1087 861 1103 887 ,
1135 827 1187 875 et
1219 827 1374 874 natus
1398 827 1513 873 erat
1537 835 1550 871 :
1579 816 1675 873 sed
1716 815 1950 870 nondum
1975 820 2197 869 venerat

616 916 746 971 hora
778 912 1062 985 passionis,
1093 912 1212 967 ideo
1230 910 1464 966 nondum
1494 924 1680 980 passus
1703 909 1876 963 erat‘.

685 1009 739 1063 6.
769 1007 1005 1076 Denique
1043 1012 1102 1058 ut
1130 1003 1384 1058 noveritis
1406 1017 1512 1057 non
1537 1001 1907 1057 necessitatem
1929 1039 1944 1063 ,
1974 997 2068 1054 sed
2102 1011 2196 1066 po-

617 1108 862 1156 testatem
911 1095 1185 1150 morientis
1219 1091 1292 1166 (a)
1322 1110 1335 1145 :
1365 1102 1581 1162 propter
1630 1090 1912 1145 nonnullos
1969 1089 2070 1144 hoc
2119 1087 2197 1142 lo-

616 1205 781 1262 quor,
821 1189 908 1259 qui
946 1179 1068 1243 cum
1116 1185 1411 1252 audierint,
1452 1184 1674 1238 nondum
1715 1188 1844 1236 venit
1884 1181 2008 1234 hora
2049 1181 2192 1250 ejus,

618 1282 944 1338 aediﬁcantur
972 1279 1038 1333 ad
1075 1277 1337 1332 credenda
1381 1277 1481 1330 fata
1506 1317 1524 1342 ,
1565 1283 1619 1328 et
1657 1273 1788 1328 ﬁunt
1825 1270 1985 1326 corda
2010 1284 2194 1325 eorum

618 1372 760 1428 fatua
786 1388 799 1424 :
829 1381 884 1426 ut
913 1385 1040 1441 ergo
1068 1367 1321 1423 noveritis
1348 1374 1660 1436 potestatem
1688 1362 1963 1418 morientis
1985 1402 2000 1425 ,
2028 1361 2195 1429 ipsam

619 1465 922 1535 passionem
972 1461 1224 1524 recolite,
1277 1458 1584 1513 crucifixum
1631 1455 1922 1510 intuemini.
1956 1453 2096 1507 Dixit
2143 1453 2194 1506 in

618 1555 758 1625 ligno
783 1552 1050 1624 pendens,
1086 1551 1237 1606 Sitio.
1259 1550 1334 1603 llli
1359 1551 1458 1602 hoc
1482 1548 1662 1602 audito
1686 1589 1701 1613 ,
1735 1545 1787 1600 in
1813 1544 2074 1600 arundine
2104 1558 2198 1612 per

616 1646 892 1716 spongiam
923 1643 1228 1697 obtulerunt
1256 1641 1303 1694 ei
1330 1650 1535 1694 acetum
1566 1639 1616 1691 in
1647 1651 1803 1692 cruce
1833 1653 1845 1688 :
1873 1636 2112 1703 accepit,
2144 1643 2199 1688 et

616 1738 722 1801 ait,
756 1735 1045 1806 Perfectum
1074 1743 1181 1796 est;
1202 1741 1252 1785 ct
1283 1731 1534 1784 inclinato
1561 1729 1763 1798 capite,
1790 1727 2018 1783 reddidit
2040 1725 2198 1795 spiri-

619 1838 750 1883 tum.
781 1825 983 1880 Videtis
1016 1831 1328 1893 potestatem
1368 1819 1642 1874 morientis
1663 1860 1677 1883 ,
1708 1819 1828 1889 quia
1867 1818 1968 1872 hoc
2005 1831 2196 1886 eXSpe-

623 1917 822 1981 ctabat,
851 1916 1023 1970 donec
1059 1913 1234 1967 omnia
1259 1913 1651 1980 complerentur
1674 1925 1792 1978 qua:
1827 1907 1894 1963 de
1935 1908 2023 1962 illo
2058 1922 2196 1976 pra:-

620 2010 759 2065 dicta
788 2008 994 2062 fuerant
1019 2015 1141 2060 ante
1167 2014 1391 2060 mortem
1431 2003 1622 2056 futura.
1657 2001 1869 2054 Dixerat
1893 1999 2034 2052 enim
2077 2013 2202 2067 pro-

621 2103 776 2174 pheta
807 2118 819 2153 :
844 2098 1099 2154 Dederunt
1127 2099 1176 2152 in
1204 2113 1366 2150 escam
1395 2112 1553 2149 meum
1588 2095 1656 2165 fel
1675 2135 1690 2159 ,
1723 2103 1769 2146 et
1795 2093 1847 2146 in
1874 2093 1954 2145 siti
1982 2107 2090 2144 mea
2110 2107 2203 2158 po-

622 2201 848 2247 taverunt
886 2207 964 2244 me
989 2199 1127 2244 aceto
1159 2186 1326 2258 (Psal.
1366 2201 1557 2249 vatn,
1594 2183 1708 2253 22).
1751 2180 2106 2250 Exspectabat
2141 2188 2202 2234 ut

621 2285 741 2340 hmc
784 2283 958 2337 omnia
1021 2280 1417 2349 complerentur
1468 2295 1480 2328 :
1537 2286 1881 2346 posteaquam
1939 2273 2200 2342 completa

623 2385 768 2440 sunt,
797 2375 944 2440 dixit,
982 2372 1264 2441 Perfectum
1295 2378 1387 2433 est;
1413 2369 1739 2423 etabscessit
1768 2374 2048 2437 potestate,
2078 2364 2200 2435 quia

623 2484 728 2524 non
758 2475 976 2522 venerat
1001 2462 1336 2520 necessitate.
1365 2460 1486 2514 Ideo
1512 2458 1720 2529 quidam
1740 2457 1858 2528 plus
1879 2455 2054 2510 mirati
2079 2464 2204 2510 sunt

623 2562 775 2615 istam
809 2566 1119 2628 potestatem
1161 2555 1471 2618 morientis,
1516 2567 1672 2622 quam
1717 2550 2006 2618 potentiam
2045 2548 2203 2602 mira-

620 2651 737 2705 cula
772 2649 1029 2702 facientis.
1066 2645 1292 2699 Ventum
1321 2652 1404 2698 est
1441 2641 1580 2695 enim
1623 2639 1688 2694 ad
1719 2654 1926 2693 crucem
1949 2679 1962 2704 ,
1995 2647 2052 2692 ut
2086 2652 2204 2693 cor-

623 2758 752 2815 pora
783 2741 1177 2809 deponerentur
1205 2737 1272 2791 de
1301 2737 1442 2806 ligno
1466 2777 1481 2802 ,
1509 2735 1754 2804 quoniam
1782 2733 2056 2788 sabbatum
2082 2733 2202 2787 illu-

621 2833 885 2895 cescebat;
909 2841 961 2885 et
987 2830 1186 2884 inventi
1211 2837 1333 2881 sunt
1353 2828 1583 2880 latrones
1603 2827 1855 2879 viventes.
1877 2825 2202 2896 Supplicium

622 2925 815 2994 quippe
841 2922 1015 2976 crucis
1042 2919 1160 2972 ideo
1181 2917 1363 2971 durius
1386 2925 1520 2981 erat,
1545 2915 1665 2984 quia
1688 2915 1888 2971 diutius
1912 2916 2202 2982 cruciabat,

623 3023 676 3068 et
692 3027 880 3066 mnnes
904 3009 1142 3064 crucifixi
1166 3008 1316 3077 longa
1337 3016 1506 3060 morte
1533 3007 1873 3060 necabantur.
1903 3006 1981 3059 Illi
2002 3015 2200 3071 autem,

625 3119 693 3158 ne
737 3109 1072 3158 remanerent
1110 3099 1161 3152 in
1191 3099 1362 3168 ligno,
1414 3097 1656 3150 cruribus
1683 3097 1859 3150 fractis
1888 3097 2056 3150 coacti
2082 3103 2205 3150 sunt

625 3194 791 3259 mori,
819 3200 874 3245 ut
900 3198 1117 3260 possent
1147 3189 1268 3243 inde
1297 3188 1511 3257 deponi.
1544 3187 1794 3241 Dominus
1823 3196 1995 3240 autem
2023 3188 2204 3241 inven-

627 3293 712 3339 tus
737 3291 820 3338 est
847 3290 1084 3336 mortuus
1115 3279 1289 3351 (Joan.
1320 3271 1428 3342 xix,
1458 3274 1652 3350 28-53)
1679 3318 1694 3343 ,
1722 3287 1775 3332 et
1803 3276 2044 3330 admirati
2083 3285 2206 3332 sunt

626 3375 872 3429 homines
914 3390 926 3427 :
967 3383 1020 3426 et
1061 3372 1150 3440 qui
1190 3387 1309 3425 cum
1340 3371 1516 3424 vivum
1546 3378 2011 3438 contempserunt,
2058 3384 2203 3423 mor-

627 3477 775 3524 tuum
804 3468 881 3520 sic
909 3463 1152 3519 admirati
1183 3471 1324 3526 sunt,
1357 3472 1414 3516 ut
1437 3462 1674 3517 dicerent
1697 3461 1930 3531 quidam,
1965 3460 2088 3514 Vere
2110 3460 2205 3514 Fi-

625 3559 725 3614 lius
752 3555 844 3610 Dei
869 3565 938 3610 est
971 3555 1049 3608 hic
1079 3552 1289 3628 (Matth.
1321 3568 1470 3608 xxvn
1491 3594 1505 3620 ,
1534 3552 1645 3623 54).
1675 3551 1828 3608 Unde
1852 3560 1934 3606 est
1959 3561 2013 3606 et
2037 3551 2162 3608 illud
2185 3592 2201 3618 ,

626 3649 836 3715 fratres,
866 3647 949 3702 ubi
978 3648 1051 3700 ait
1079 3644 1438 3716 quaerentibus
1463 3659 1540 3709 se,
1569 3642 1680 3715 Ego
1709 3660 1816 3696 sum
1834 3660 1853 3708 ;
1879 3652 1931 3697 et
1960 3641 2032 3696 illi
2063 3651 2206 3698 retro

625 3741 910 3797 redeuntes
949 3754 1136 3796 omnes
1181 3737 1486 3792 ceciderunt
1530 3736 1709 3806 (Joan.
1760 3752 1913 3802 xvm,
1957 3733 2032 3808 6).
2078 3735 2207 3789 Erat

627 3847 755 3902 ergo
802 3833 852 3884 in
900 3832 990 3885 illo
1037 3839 1272 3900 potestas
1322 3845 1547 3883 summa.
1597 3827 1703 3883 Nec
1746 3828 1876 3882 hora
1921 3827 2207 3898 cogebatur

629 3925 800 3988 mori;
846 3923 940 3978 scd
981 3922 1163 3977 horam
1193 3922 1570 3992 exspectabat,
1601 3938 1703 3992 qua
1731 3931 2026 3992 opportune
2053 3920 2208 3976 ﬁeret

628 4016 909 4080 voluntas,
937 4030 1042 4068 non
1065 4029 1166 4084 qua
1187 4012 1334 4068 inviti
1361 4014 1666 4084 impleretur
1694 4019 2004 4068 necessitas.

697 4108 750 4160 7.
785 4105 857 4159 De
883 4106 1027 4159 turba
1055 4115 1220 4159 autem
1247 4105 1394 4158 multi
1432 4105 1748 4159 crediderunt
1773 4107 1825 4160 in
1859 4123 1989 4160 eum.
2025 4106 2207 4162 Humi-

628 4205 704 4257 les
745 4210 798 4256 et
837 4215 1096 4271 pauperes
1131 4200 1305 4255 salvos
1347 4199 1569 4254 faciebat
1609 4199 1883 4254 Dominus.
1929 4201 2204 4273 Principes

628 4293 980 4356 insaniebant;
999 4300 1052 4345 et
1069 4290 1188 4346 ideo
1209 4289 1470 4345 medicum
1495 4305 1596 4345 non
1622 4291 1792 4345 solum
1819 4307 1925 4345 non
1954 4307 2208 4362 agnosce-

628 4387 793 4451 bant,
841 4383 934 4439 sed
966 4384 1123 4437 etiam
1161 4382 1403 4436 occidere
1449 4383 1750 4451 cupiebant.
1801 4383 1929 4436 Erat
1965 4384 2204 4452 qnwdam

630 4475 782 4529 turba
811 4489 930 4542 qua:
954 4488 1102 4526 suam
1132 4472 1498 4541 mgritudinem
1525 4474 1631 4526 cito
1654 4473 1816 4540 vidit,
1845 4482 1899 4528 ct
1929 4474 2069 4529 illius
2097 4490 2208 4530 me-

628 4563 857 4618 dicinam
903 4561 1020 4616 sine
1075 4561 1328 4616 dilatione
1377 4562 1644 4632 cognovit.
1697 4563 1882 4619 Videte
1935 4565 2061 4634 quid
2107 4565 2207 4621 sibi

628 4653 821 4709 dixerit
868 4652 1021 4707 turba
1077 4652 1190 4720 ipsa
1252 4662 1517 4708 commota
1564 4654 1833 4710 miraculis
1885 4674 1899 4710 :
1949 4656 2208 4728 Numquid

627 4745 856 4802 Christus
883 4761 997 4799 cum
1025 4745 1209 4798 venerit
1227 4786 1242 4810 ,
1276 4746 1427 4814 plura
1457 4746 1602 4817 signa
1628 4747 1852 4815 facturus
1885 4749 1991 4802 est?
2017 4749 2208 4821 Utique

627 4838 671 4892 si
713 4836 817 4892 duo
843 4851 949 4891 non
974 4843 1162 4900 erunt,
1210 4835 1296 4890 hic
1325 4845 1426 4890 est.
1456 4835 1806 4892 Crediderunt
1833 4853 1960 4908 ergo
2005 4839 2056 4894 in
2085 4856 2206 4897 eum

627 4928 868 4982 dicentes
894 4927 1012 4981 ista.

610 5056 616 5076 .
699 5019 752 5073 8.
786 5017 1058 5088 Principes
1086 5031 1212 5071 vero
1242 5016 1316 5070 illi
1338 5015 1514 5072 audita
1539 5017 1890 5074 multitudinis
1912 5019 2036 5087 fide,
2065 5028 2208 5078 eteo

630 5123 901 5163 murmure
934 5123 1040 5177 quo
1073 5107 1318 5162 Christus
1355 5107 1778 5178 glorificahatur,
1832 5112 2074 5166 miserunt
2112 5112 2209 5166 mi-

629 5199 847 5264 nistros,
895 5210 948 5252 ut
993 5200 1421 5270 apprehenderent
1448 5217 1581 5255 eum.
1623 5200 1789 5266 Quem
1843 5204 2209 5272 apprehende-

629 5287 791 5343 rent?
820 5287 1006 5344 Adhuc
1032 5289 1340 5346 nolentem?
1377 5289 1508 5358 Quia
1543 5305 1670 5362 ergo
1713 5307 1816 5346 non
1845 5302 2086 5363 poterant
2110 5310 2208 5366 ap-

630 5381 962 5451 prehendere
983 5381 1280 5447 nolentem,
1312 5383 1460 5438 missi
1505 5394 1626 5439 sunt
1658 5393 1714 5439 ut
1743 5385 1987 5441 audirent
2014 5386 2212 5442 docen-

633 5482 758 5528 tem.
781 5472 917 5542 Qnid
941 5472 1219 5528 docentem
1247 5475 1268 5527 ?
1291 5473 1422 5528 Dicit
1451 5491 1568 5546 ergo
1602 5475 1752 5531 Iesus
1784 5493 1802 5530 :
1842 5477 2020 5533 Adhuc
2044 5480 2208 5534 modi-

631 5579 745 5617 cum
776 5573 970 5634 tempus
999 5564 1251 5619 vobiscum
1285 5582 1415 5618 sunt.
1443 5566 1596 5634 Quod
1625 5567 1782 5622 modo
1815 5569 1974 5624 vultis
1999 5569 2205 5643 facere,

699 5683 714 5747 ξ
739 5679 856 5747 [aditi
891 5694 916 5747 ξ,
927 5680 1037 5730 ideo
1058 5693 1150 5730 non
1166 5694 1392 5747 missurus
1412 5685 1533 5747 erat.
1570 5688 1624 5732 At
1651 5687 1780 5742 Mss,
1804 5696 1990 5747 passim.

696 5739 768 5801 (τι)
798 5741 967 5790 Confer
990 5749 1143 5792 't‘ract.
1166 5739 1256 5800 '37,
1281 5754 1329 5789 η.
1355 5741 1480 5791 8-1Ο.

1536 340 1601 397 IN
1636 333 1913 395 JOANNIS
1940 331 2402 402 EVANGELIUM,
2440 333 2499 394 S.
2541 335 2906 396 AUGUSTINI

2304 447 2492 502 facturi
2516 449 2651 508 estis
2671 490 2688 515 ,
2719 449 2814 504 sed
2840 463 2946 503 non
2969 449 3164 515 modo;
3190 450 3311 522 quia
3333 453 3482 510 modo
3514 456 3634 512 nolo.
3655 460 3779 529 Qum

2301 538 2474 594 adhuc
2507 539 2665 594 modo
2692 541 2860 595 nolo?
2889 540 3021 608 Quia
3043 541 3210 597 adhuc
3233 545 3471 599 modicum
3496 559 3656 618 mpm
3670 554 3780 609 satis.

2300 644 2414 682 eum
2451 646 2563 684 sum
2601 646 2620 684 :
2640 639 2687 684 et
2729 639 2849 686 tunc
2875 631 3002 686 vado
3029 632 3096 686 ad
3122 650 3237 688 eum
3263 636 3348 705 qui
3370 653 3444 690 me
3464 639 3594 695 misit.
3623 640 3781 712 [inplere

2299 719 2469 776 debeo
2524 722 2972 791 dispensationem
3023 740 3231 792 meam,
3279 736 3333 783 et
3373 729 3445 785 sic
3487 734 3711 802 pervenire
3737 740 3780 793 ad

2303 825 2604 881 passronem
2633 829 2826 869 meam.
3786 843 3808 881 ξ,

2371 902 2424 957 9.
2458 904 2700 970 ρυωνειὶε
2726 923 2833 972 me,
2863 916 2910 962 et
2947 924 3047 962 non
3087 909 3380 975 invenietis;
3416 921 3460 966 et
3485 913 3560 967 ubi
3587 931 3676 970 sum
3697 879 3800 989 τρο,ι

2301 1007 2385 1046 vos
2414 1009 2514 1047 non
2541 996 2747 1063 potestis
2767 997 2952 1051 venire.
2994 997 3089 1052 Hic
3109 997 3222 1066 jam
3248 1002 3654 1060 resurrectionem
3681 989 3806 1062 smmi

2301 1084 2547 1153 prmdixit
2576 1103 2589 1139 :
2624 1086 2908 1142 noluerunt
2946 1090 3086 1142 enim
3124 1104 3415 1160 agnoscere
3442 1103 3784 1163 praesentem,el

2301 1183 2482 1243 postea
2509 1177 2848 1245 quaesierunt,
2871 1193 2991 1233 cum
3013 1179 3257 1234 viderunt
3276 1180 3328 1234 in
3349 1196 3467 1238 eum
3485 1184 3782 1242 multitudinem

2297 1265 2405 1334 jam
2432 1268 2755 1322 credentem.
2787 1267 2970 1339 Magna
2994 1271 3134 1324 enim
3173 1270 3321 1341 signa
3348 1273 3476 1326 facta
3519 1283 3649 1340 sunt,
3677 1277 3784 1332 etiam

2301 1371 2422 1411 cum
2454 1357 2708 1413 Dominus
2730 1360 3049 1424 resurrexit,
3076 1368 3130 1415 et
3155 1359 3394 1416 ascendit
3415 1361 3463 1415 in
3490 1363 3784 1420 calumiain

2304 1463 2396 1516 per
2415 1448 2704 1517 discipulos
2732 1449 2866 1503 facta
2892 1460 3013 1504 sunt
3037 1465 3248 1520 magna;
3280 1450 3374 1505 sed
3403 1450 3486 1504 ille
3507 1468 3590 1521 per
3606 1454 3709 1517 illos,
3728 1456 3782 1524 qui

2302 1546 2356 1592 et
2386 1554 2478 1608 per
2507 1538 2735 1609 seipsum
2779 1557 2790 1592 :
2834 1540 2947 1611 ipse
2972 1540 3168 1610 quippe
3211 1540 3314 1595 illis
3351 1539 3574 1609 dixerat,
3615 1541 3709 1596 Sine
3736 1561 3782 1597 ne

2303 1628 2433 1681 nihil
2471 1630 2674 1698 potestis
2715 1630 2878 1697 facere
2917 1627 3093 1701 (Joan.
3131 1645 3232 1696 xv,
3275 1629 3353 1701 5).
3403 1629 3603 1695 Quando
3635 1631 3784 1686 claudus

2306 1718 2391 1771 ille
2415 1718 2503 1787 qui
2535 1718 2750 1772 sedebat
2775 1719 2840 1772 ad
2869 1728 3070 1788 portam
3093 1762 3106 1785 ,
3146 1719 3213 1773 ad
3244 1735 3422 1774 vocem
3448 1719 3575 1776 Petri
3596 1723 3779 1784 surrexit,

2305 1818 2358 1864 et
2385 1809 2494 1863 suis
2519 1810 2738 1879 pedibus
2766 1811 3083 1876 ambulavit,
3111 1812 3179 1865 ita
3208 1821 3262 1866 ut
3284 1811 3514 1865 homines
3534 1811 3781 1876 mirarentur,

2305 1900 2382 1954 sic
2408 1917 2501 1954 eos
2527 1902 2786 1955 allocutus
2811 1913 2890 1956 est
2923 1901 3130 1966 Petrus,
3153 1901 3277 1972 quia
3305 1902 3475 1956 nonin
3500 1917 3583 1955 sua
3598 1910 3782 1972 potestate

2306 1992 2403 2045 ista
2438 1992 2559 2046 fecit
2583 2032 2598 2056 ,
2627 1991 2717 2046 sed
2762 1993 2813 2046 in
2852 1994 3041 2046 virtute
3071 1993 3210 2047 illius
3239 2007 3394 2061 quem
3438 1991 3530 2062 ipsi
3563 1991 3782 2046 occiderunt

2310 2081 2444 2150 (Act.
2474 2097 2549 2140 III,
2575 2081 2751 2151 216).
2775 2080 2917 2135 Multi
2937 2083 3240 2152 compuncti
3262 2082 3499 2136 dixerunt
3522 2100 3534 2136 :
3556 2080 3666 2146 Quid
3683 2082 3782 2151 [atie-
3836 2123 3837 2132 χ

2308 2188 2416 2225 mus
2457 2171 2566 2243 (Id.
2610 2188 2678 2236 n,
2713 2171 2842 2241 57)?
2867 2171 3124 2227 Viderunt
3167 2173 3308 2228 enim
3353 2187 3409 2227 se
3437 2173 3610 2242 ingenti
3634 2171 3782 2226 crimine

2308 2263 2590 2331 impietatis
2619 2264 2863 2317 astrictos
2891 2303 2907 2328 ,
2938 2263 3152 2334 quando
3183 2264 3328 2319 illum
3359 2263 3660 2328 occiderunt,
3679 2277 3779 2332 quem

2306 2352 2547 2407 venerari
2576 2362 2628 2407 et
2659 2352 2883 2408 adorare
2909 2352 3212 2410 debuerunt
3243 2372 3256 2408 :
3288 2355 3459 2410 ethoc
3484 2353 3781 2424 putabantesse
3836 2405 3837 2418 1

2308 2441 2640 2511 inexpiabile.
2669 2442 2908 2512 Magnum
2935 2444 3077 2498 enim
3110 2444 3317 2501 facinus
3344 2453 3483 2510 erat,
3516 2443 3644 2512 cujus
3669 2440 3780 2495 oonsi-
3836 2461 3837 2490 γ

2307 2533 2513 2587 deratio
2547 2533 2666 2588 illos
2691 2533 2888 2590 faceret
2909 2535 3200 2605 desperare
3226 2553 3239 2589 :
3266 2534 3358 2590 sed
3382 2549 3482 2589 non
3507 2529 3781 2588 debebantde-
3836 2567 3837 2582 η

2307 2639 2556 2694 sperare,
2593 2640 2686 2694 pro
2729 2627 2920 2696 quibus
2961 2627 3012 2681 in
3053 2643 3215 2683 cruce
3253 2625 3481 2697 pendens
3515 2623 3780 2678 Dominusesl
3836 2659 3837 2696 1

2307 2715 2550 2787 dignatus
2593 2732 2766 2772 orare.
2816 2719 3027 2774 Dixerat
3067 2720 3213 2774 enim
3243 2737 3255 2772 :
3289 2716 3469 2784 Pater,
3503 2715 3669 2786 ignosce
3692 2711 3779 2773 illis.

2306 2809 2423 2878 quia
2463 2810 2686 2863 nesciunt
2724 2809 2843 2880 quid
2887 2810 3075 2880 faciunt
3123 2809 3276 2880 (Luc.
3322 2823 3477 2873 XXIII,
3517 2803 3613 2875 31).
3633 2800 3782 2857 Videbat
3836 2873 3837 2890 χ

2309 2900 2567 2970 quosdam
2596 2915 2721 2954 suos
2747 2901 2883 2955 inter
2913 2902 3104 2955 multos
3132 2901 3373 2963 alienos;
3414 2898 3508 2952 illis
3527 2895 3618 2963 jam
3641 2890 3780 2962 petebat
3836 2921 3837 2952 1

2313 2995 2543 3059 veniant,
2563 3009 2591 3047 a
2617 2994 2806 3064 quibus
2827 2993 2998 3048 adhuc
3018 2994 3315 3063 accipiebat
3337 2990 3575 3059 injuriam.
3589 2986 3676 3041 Non
3691 2981 3779 3037 enim

2309 3086 2767 3155 attendebatquod
2794 3087 2859 3139 ab
2878 3087 3004 3155 ipsis
3027 3086 3370 3142 moriebatur.
3387 3083 3474 3137 sed
3491 3079 3595 3150 quia
3614 3091 3685 3146 pro
3701 3070 3780 3140 ἱιιδίε
3836 3083 3837 3134 l

2309 3178 2649 3232 moriebatur.
2676 3176 2892 3229 Multum
2911 3185 2992 3229 est
3010 3176 3147 3245 quod
3173 3176 3282 3230 illis
3299 3186 3587 3228 concessum
3604 3174 3680 3227 est,
3695 3160 3780 3216 etab

2309 3266 2455 3336 ipsis,
2477 3276 2530 3320 et
2553 3281 2648 3336 pro
2669 3266 2814 3336 ipsis;
2835 3275 2889 3319 ut
2908 3280 3062 3320 neuio
3075 3264 3142 3320 de
3157 3266 3242 3320 sui
3259 3264 3453 3335 peccati
3469 3249 3780 3316 dimissiouede-

2309 3368 2508 3427 speret,
2528 3357 2738 3428 quando
2755 3357 2827 3411 illi
2842 3357 3050 3410 veniam
3069 3364 3392 3418 meruerunt,
3406 3352 3488 3421 qui
3505 3346 3714 3406 Christum
3726 3351 3781 3428 oo

2309 3425 2570 3503 ciderunt.
2593 3447 2825 3502 Mortuus
2845 3456 2928 3502 est
2946 3447 3195 3501 Christus
3220 3461 3314 3518 pro
3335 3443 3494 3505 nobis;
3511 3437 3592 3494 sed
3609 3425 3780 3497 numquid

2310 3555 2338 3592 a
2363 3540 2539 3594 nobis?
2559 3541 2623 3594 At
2644 3554 2770 3594 vero
2789 3539 2863 3593 illi
2886 3538 3129 3594 viderunt
3150 3538 3415 3594 Christum
3436 3549 3524 3588 suo
3540 3528 3698 3584 scelere
3711 3533 3780 3573 mo-
3836 3528 3837 3600 ξ

2315 3631 2540 3686 rientem
2567 3646 2580 3695 ;
2608 3639 2663 3685 et
2697 3629 3039 3685 crediderunt
3065 3631 3118 3684 in
3156 3630 3423 3685 Christum
3459 3623 3557 3680 suis
3582 3611 3780 3673 sceleribus
3836 3617 3837 3694 ξ

2311 3720 2690 3788 ignoscentem.
2738 3719 3023 3788 Quousque
3076 3719 3325 3776 biberent
3374 3713 3642 3784 sanguinem
3679 3712 3779 3792 ηυςπι
3836 3773 3837 3792 ξ

2309 3813 2571 3878 fuderant,
2595 3811 2660 3866 de
2689 3826 2783 3866 sua
2806 3813 2974 3868 salute
2995 3811 3428 3881 desperaverunt.
3452 3805 3573 3873 Ergo
3590 3799 3666 3852 hoc
3681 3789 3778 3849 dixit,

2313 3902 2555 3970 Quavetis
2583 3920 2678 3970 me,
2702 3915 2747 3957 et
2774 3919 2874 3958 non
2899 3904 3192 3969 invenietis;
3220 3913 3266 3958 et
3294 3901 3374 3956 ubi
3401 3914 3503 3954 sum
3525 3910 3617 3966 ego,
3637 3902 3699 3942 v03
3718 3896 3781 3934 παπ

2312 3997 2512 4066 potestis
2540 3996 2705 4049 venire
2735 3996 2891 4066 :quia
2912 3995 3185 4066 quaesituri
3215 3995 3358 4050 illum
3383 3995 3524 4047 erant
3546 3990 3642 4056 post
3662 3987 3779 4068 resur:

2311 4089 2600 4142 rectionem
2627 4059 2950 4155 compuncti:
2980 4085 3088 4141 Nec
3123 4085 3300 4153 dixit,
3340 4082 3425 4138 ubi
3461 4093 3573 4140 ero;
3603 4067 3701 4132 sed.

2311 4194 2439 4231 sum.
2471 4177 2696 4247 Semper
2714 4175 2854 4231 enim
2886 4175 2956 4230 ibi
2977 4185 3090 4231 erat
3117 4175 3361 4231 Christus
3380 4215 3394 4239 ,
3424 4184 3519 4241 quo
3545 4165 3676 4219 fuerat
3703 4148 3776 4247 reti

2311 4271 2514 4325 diturus
2543 4288 2554 4322 :
2584 4270 2660 4324 sic
2687 4269 2830 4324 enim
2859 4269 3037 4334 venit,
3064 4277 3121 4323 ut
3150 4285 3256 4324 non
3289 4265 3560 4323 recederet.
3584 4238 3777 4344 Unde-fill?

2311 4362 2426 4416 loco
2451 4363 2557 4426 ait,
2587 4360 2748 4414 Nemo
2778 4360 2998 4414 ascendit
3031 4361 3082 4414 in
3105 4361 3300 4424 caelum,
3332 4352 3523 4418 nisiniti
3544 4329 3778 4438 ίίθπίηίξίίξί

2311 4454 2432 4507 cwlo
2452 4495 2466 4519 ,
2499 4451 2662 4505 Filius
2692 4451 2909 4504 hominis
2927 4492 2943 4518 ,
2973 4451 3058 4521 qui
3085 4462 3156 4505 est
3183 4453 3235 4505 in
3278 4450 3395 4504 coelo
3422 4444 3574 4516 (Joun.
3602 4446 3669 4496 tu.
3691 4418 3774 4521 ﬁl:

2313 4558 2417 4596 non
2439 4541 2592 4607 dixit,
2623 4541 2710 4611 qui
2742 4540 2838 4595 fuit
2863 4541 2915 4595 in
2943 4519 3098 4596 coelo.
3128 4541 3187 4599 In
3215 4551 3350 4596 terra
3378 4531 3671 4604 loquebatur,
3690 4519 3774 4611 (ει-ιη

2311 4635 2447 4689 εωιο
2469 4649 2526 4688 se
2553 4601 2672 4688 esse
2698 4633 2921 4687 dicebat.
2955 4632 3042 4688 Sic
3071 4635 3246 4699 venit,
3278 4639 3333 4687 ut
3356 4601 3468 4684 inde
3494 4631 3582 4676 non
3602 4601 3774 4706 altsﬂtlle‘

2312 4736 2393 4782 ret
2425 4745 2438 4780 :
2470 4726 2547 4780 sic
2576 4725 2767 4792 rediit,
2801 4733 2858 4779 ut
2883 4741 2978 4780 nos
2999 4740 3102 4780 non
3127 4725 3518 4794 derelinqueret.
3542 4704 3651 4777 Quid
3671 4704 3774 4754 mira-

2313 4819 2478 4873 mini?
2510 4819 2649 4873 Deus
2688 4818 2785 4873 hoc
2816 4818 2959 4872 facit.
2991 4818 3160 4874 Hanno
3185 4821 3324 4878 enim
3366 4807 3618 4870 secundum
3647 4796 3774 4859 corl’us

2310 4911 2363 4965 in
2395 4911 2512 4966 loco
2539 4920 2620 4964 est
2644 4952 2658 4974 ,
2691 4910 2834 4965 etde
2865 4910 2980 4966 loco
3008 4913 3230 4982 migrat;
3260 4919 3311 4967 et
3344 4921 3454 4965 cum
3481 4899 3539 4956 ad
3571 4880 3773 4982 alium_l°‘

2311 5018 2430 5058 cum
2466 5002 2703 5067 venerit,
2743 5003 2794 5056 in
2838 5018 2903 5058 eo
2936 5004 3054 5058 loco
3083 5004 3222 5059 unde
3261 5001 3402 5058 venit
3428 5009 3521 5052 non
3545 4987 3658 5045 erit:
3685 4976 3774 5031 υθυδ

2310 5103 2485 5147 autem
2512 5092 2695 5162 implet
2718 5094 2894 5148 omnia
2911 5137 2926 5161 ,
2950 5104 3002 5149 et
3034 5095 3223 5165 ubique
3249 5103 3383 5152 totus
3407 5096 3512 5150 est;
3537 5094 3622 5138 ηοη

2286 5183 2436 5236 "dum
2475 5149 2640 5252 spatia
2679 5193 2885 5238 tenetur
2912 5149 3061 5239 locis.
3098 5149 3223 5240 Erat
3247 5195 3412 5240 tamen
3435 5171 3647 5233 Dominus
3670 5149 3773 5252 CW

2312 5288 2426 5331 stus
2461 5275 2749 5330 secundum
2778 5277 3035 5334 visibilem
3065 5294 3276 5335 carnem
3309 5277 3357 5332 in
3387 5283 3543 5333 terra.
3562 5248 3771 5345 secundqu

2310 5366 2627 5422 inuisibilem
2660 5366 2993 5436 majestatem
3024 5369 3076 5423 in
3104 5372 3241 5426 ρωιο
3263 5369 3381 5425 etin
3409 5373 3530 5419 terra
3557 5371 3568 5408 :
3592 5350 3682 5405 ideo
3702 5342 3770 5394 Illo

2315 5455 2413 5513 Ubi
2439 5474 2529 5530 ⁸90
2553 5474 2696 5525 sum,
2727 5473 2813 5511 υοδ
2849 5476 2949 5513 non
2985 5463 3185 5530 potestis
3209 5461 3383 5517 venire.
3425 5454 3520 5510 Nec
3545 5441 3679 5501 dixit,
3701 5439 3769 5530 ηοιξ

2309 5527 2589 5623 poteritis;
2619 5549 2736 5618 sed,
2767 5567 2869 5605 non
2895 5527 3095 5622 potestis
3118 5570 3138 5610 :
3158 5557 3284 5612 tales
3303 5552 3432 5608 enim
3461 5553 3565 5599 tunc
3583 5527 3767 5621 emn‘i‘”

2311 5661 2422 5703 non
2459 5654 2692 5717 possent.
2733 5644 2862 5702 Nam
2890 5656 2946 5702 ut
2987 5649 3165 5704 sciatis
3189 5665 3288 5704 non
3316 5646 3408 5700 hoc
3432 5638 3490 5694 ad
3521 5624 3767 5717 ἀθέρφῗθί

2321 5757 2440 5798 nem
2460 5705 2689 5805 dictum,
2720 5748 2770 5796 et
2799 5739 3072 5811 discipulis
3101 5743 3208 5799 suis
3226 5740 3347 5797 dixit
3372 5734 3462 5789 tale
3482 5715 3666 5793 aliquid,
3693 5705 3766 5768 0υο
