  <div class='ocr_page' id='page_1' title='image "/cluster/home/n/w/nwhite01/storage/ocr_20150623/35/uva.x000827104/172.png"; bbox 0 0 3916 6374; ppageno 0'>
   <div class='ocr_carea' id='block_1_1' title="bbox 242 356 351 412">
    <p class='ocr_par' dir='ltr' id='par_1_1' title="bbox 242 356 351 412">
     <span class='ocr_line' id='line_1_1' title="bbox 242 356 351 412; baseline -0.028 0"><span class='ocrx_word' id='word_1_1' title='bbox 242 356 351 412; x_wconf 76' lang='grc' dir='ltr'>ιθιι</span> 
     </span>
    </p>
   </div>
   <div class='ocr_carea' id='block_1_2' title="bbox 237 467 1799 548">
    <p class='ocr_par' dir='ltr' id='par_1_2' title="bbox 237 467 1799 548">
     <span class='ocr_line' id='line_1_2' title="bbox 237 467 1799 548; baseline 0.001 -20"><span class='ocrx_word' id='word_1_2' title='bbox 237 491 314 546; x_wconf 75' lang='lat' dir='ltr'><strong><em>ego</em></strong></span> <span class='ocrx_word' id='word_1_3' title='bbox 335 475 477 541; x_wconf 76' lang='lat' dir='ltr'><strong><em>mdo,</em></strong></span> <span class='ocrx_word' id='word_1_4' title='bbox 507 490 593 528; x_wconf 76' lang='lat' dir='ltr'><strong><em>sos</em></strong></span> <span class='ocrx_word' id='word_1_5' title='bbox 617 489 717 527; x_wconf 89' lang='lat' dir='ltr'><strong><em>non</em></strong></span> <span class='ocrx_word' id='word_1_6' title='bbox 742 475 947 545; x_wconf 79' lang='lat' dir='ltr'><strong><em>potestis</em></strong></span> <span class='ocrx_word' id='word_1_7' title='bbox 972 476 1140 529; x_wconf 83' lang='lat' dir='ltr'><strong><em>venire</em></strong></span> <span class='ocrx_word' id='word_1_8' title='bbox 1163 467 1348 545; x_wconf 76' lang='lat' dir='ltr'><strong><em>(Joan.</em></strong></span> <span class='ocrx_word' id='word_1_9' title='bbox 1369 492 1496 540; x_wconf 87' lang='lat' dir='ltr'><strong><em>xm,</em></strong></span> <span class='ocrx_word' id='word_1_10' title='bbox 1521 473 1650 548; x_wconf 78' lang='lat'><strong>35);</strong></span> <span class='ocrx_word' id='word_1_11' title='bbox 1679 489 1799 530; x_wconf 89' lang='lat' dir='ltr'><strong><em>cum</em></strong></span> 
     </span>
    </p>
   </div>
   <div class='ocr_carea' id='block_1_3' title="bbox 237 565 1800 638">
    <p class='ocr_par' dir='ltr' id='par_1_3' title="bbox 237 565 1800 638">
     <span class='ocr_line' id='line_1_3' title="bbox 237 565 1800 638; baseline -0.002 -16"><span class='ocrx_word' id='word_1_12' title='bbox 237 581 322 638; x_wconf 87' lang='lat' dir='ltr'><strong><em>pro</em></strong></span> <span class='ocrx_word' id='word_1_13' title='bbox 339 565 440 622; x_wconf 84' lang='lat' dir='ltr'><strong><em>illis</em></strong></span> <span class='ocrx_word' id='word_1_14' title='bbox 465 579 626 620; x_wconf 83' lang='lat' dir='ltr'><strong>orans</strong></span> <span class='ocrx_word' id='word_1_15' title='bbox 649 565 878 631; x_wconf 87' lang='lat' dir='ltr'><strong><em>dixerit,</em></strong></span> <span class='ocrx_word' id='word_1_16' title='bbox 911 565 1071 621; x_wconf 87' lang='lat' dir='ltr'><strong><em>Pater</em></strong></span> <span class='ocrx_word' id='word_1_17' title='bbox 1089 609 1104 634; x_wconf 94' lang='lat'><strong><em>,</em></strong></span> <span class='ocrx_word' id='word_1_18' title='bbox 1134 568 1247 621; x_wconf 76' lang='lat' dir='ltr'><strong><em>volo</em></strong></span> <span class='ocrx_word' id='word_1_19' title='bbox 1273 577 1326 620; x_wconf 88' lang='lat' dir='ltr'><strong><em>ut</em></strong></span> <span class='ocrx_word' id='word_1_20' title='bbox 1353 567 1438 620; x_wconf 89' lang='lat' dir='ltr'><strong><em>ubi</em></strong></span> <span class='ocrx_word' id='word_1_21' title='bbox 1463 583 1553 638; x_wconf 85' lang='lat' dir='ltr'><strong><em>ego</em></strong></span> <span class='ocrx_word' id='word_1_22' title='bbox 1580 581 1690 622; x_wconf 87' lang='lat' dir='ltr'><strong><em>sum</em></strong></span> <span class='ocrx_word' id='word_1_23' title='bbox 1712 608 1727 634; x_wconf 94' lang='lat'><strong><em>,</em></strong></span> <span class='ocrx_word' id='word_1_24' title='bbox 1755 576 1800 620; x_wconf 92' lang='lat' dir='ltr'><strong><em>et</em></strong></span> 
     </span>
    </p>
   </div>
   <div class='ocr_carea' id='block_1_4' title="bbox 235 656 1803 729">
    <p class='ocr_par' dir='ltr' id='par_1_4' title="bbox 235 656 1803 729">
     <span class='ocr_line' id='line_1_4' title="bbox 235 656 1803 729; baseline 0.001 -19"><span class='ocrx_word' id='word_1_25' title='bbox 235 659 318 727; x_wconf 83' lang='lat' dir='ltr'><strong><em>ipsi</em></strong></span> <span class='ocrx_word' id='word_1_26' title='bbox 345 659 437 714; x_wconf 78' lang='lat' dir='ltr'><strong><em>sint</em></strong></span> <span class='ocrx_word' id='word_1_27' title='bbox 450 671 640 710; x_wconf 74' lang='lat' dir='ltr'><strong><em>mecum</em></strong></span> <span class='ocrx_word' id='word_1_28' title='bbox 672 656 785 725; x_wconf 87' lang='lat' dir='ltr'><strong><em>(Id.</em></strong></span> <span class='ocrx_word' id='word_1_29' title='bbox 816 672 928 713; x_wconf 89' lang='lat' dir='ltr'><strong><em>xvn</em></strong></span> <span class='ocrx_word' id='word_1_30' title='bbox 951 698 964 723; x_wconf 94' lang='lat'><strong><em>,</em></strong></span> <span class='ocrx_word' id='word_1_31' title='bbox 988 657 1104 728; x_wconf 64' lang='lat' dir='ltr'><strong>2i).</strong></span> <span class='ocrx_word' id='word_1_32' title='bbox 1140 658 1378 729; x_wconf 82' lang='lat' dir='ltr'><strong><em>Denique</em></strong></span> <span class='ocrx_word' id='word_1_33' title='bbox 1399 658 1502 713; x_wconf 89' lang='lat' dir='ltr'><strong><em>hoc</em></strong></span> <span class='ocrx_word' id='word_1_34' title='bbox 1530 658 1687 714; x_wconf 90' lang='lat' dir='ltr'><strong><em>Petro</em></strong></span> <span class='ocrx_word' id='word_1_35' title='bbox 1707 673 1803 714; x_wconf 88' lang='lat' dir='ltr'><strong><em>ex-</em></strong></span> 
     </span>
    </p>
   </div>
   <div class='ocr_carea' id='block_1_5' title="bbox 238 747 1800 822">
    <p class='ocr_par' dir='ltr' id='par_1_5' title="bbox 238 747 1800 822">
     <span class='ocr_line' id='line_1_5' title="bbox 238 747 1800 822; baseline 0 -19"><span class='ocrx_word' id='word_1_36' title='bbox 238 750 422 816; x_wconf 72' lang='lat' dir='ltr'><strong><em>posuit,</em></strong></span> <span class='ocrx_word' id='word_1_37' title='bbox 451 755 504 803; x_wconf 89' lang='lat' dir='ltr'><strong><em>et</em></strong></span> <span class='ocrx_word' id='word_1_38' title='bbox 525 749 597 804; x_wconf 81' lang='lat' dir='ltr'><strong><em>ait</em></strong></span> <span class='ocrx_word' id='word_1_39' title='bbox 629 747 705 803; x_wconf 83' lang='lat' dir='ltr'><strong><em>illi</em></strong></span> <span class='ocrx_word' id='word_1_40' title='bbox 735 766 749 802; x_wconf 91' lang='lat'><strong>:</strong></span> <span class='ocrx_word' id='word_1_41' title='bbox 776 747 890 814; x_wconf 83' lang='lat' dir='ltr'><strong><em>Quo</em></strong></span> <span class='ocrx_word' id='word_1_42' title='bbox 912 765 1006 822; x_wconf 80' lang='lat' dir='ltr'><strong><em>ego</em></strong></span> <span class='ocrx_word' id='word_1_43' title='bbox 1046 751 1208 818; x_wconf 80' lang='lat' dir='ltr'><strong><em>uado,</em></strong></span> <span class='ocrx_word' id='word_1_44' title='bbox 1244 767 1346 805; x_wconf 89' lang='lat' dir='ltr'><strong><em>non</em></strong></span> <span class='ocrx_word' id='word_1_45' title='bbox 1373 759 1511 821; x_wconf 89' lang='lat' dir='ltr'><strong><em>potes</em></strong></span> <span class='ocrx_word' id='word_1_46' title='bbox 1539 767 1619 807; x_wconf 87' lang='lat' dir='ltr'><strong><em>me</em></strong></span> <span class='ocrx_word' id='word_1_47' title='bbox 1659 753 1800 822; x_wconf 87' lang='lat' dir='ltr'><strong><em>sequi</em></strong></span> 
     </span>
    </p>
   </div>
   <div class='ocr_carea' id='block_1_6' title="bbox 238 841 1474 915">
    <p class='ocr_par' dir='ltr' id='par_1_6' title="bbox 238 841 1474 915">
     <span class='ocr_line' id='line_1_6' title="bbox 238 841 1474 915; baseline 0.002 -20"><span class='ocrx_word' id='word_1_48' title='bbox 238 842 401 905; x_wconf 73' lang='lat' dir='ltr'><strong><em>modo;</em></strong></span> <span class='ocrx_word' id='word_1_49' title='bbox 427 841 644 912; x_wconf 82' lang='lat' dir='ltr'><strong><em>sequeris</em></strong></span> <span class='ocrx_word' id='word_1_50' title='bbox 667 851 838 896; x_wconf 87' lang='lat' dir='ltr'><strong><em>autem</em></strong></span> <span class='ocrx_word' id='word_1_51' title='bbox 863 851 1034 910; x_wconf 86' lang='lat' dir='ltr'><strong><em>postea</em></strong></span> <span class='ocrx_word' id='word_1_52' title='bbox 1063 841 1175 915; x_wconf 84' lang='lat' dir='ltr'><strong><em>(Id.</em></strong></span> <span class='ocrx_word' id='word_1_53' title='bbox 1202 857 1329 909; x_wconf 89' lang='lat' dir='ltr'><strong><em>xm,</em></strong></span> <span class='ocrx_word' id='word_1_54' title='bbox 1359 843 1474 915; x_wconf 80' lang='lat'><strong><em>&#39;56).</em></strong></span> 
     </span>
    </p>
   </div>
   <div class='ocr_carea' id='block_1_7' title="bbox 297 932 1798 1006">
    <p class='ocr_par' dir='ltr' id='par_1_7' title="bbox 297 932 1798 1006">
     <span class='ocr_line' id='line_1_7' title="bbox 297 932 1798 1006; baseline 0 -16"><span class='ocrx_word' id='word_1_55' title='bbox 297 934 377 990; x_wconf 78' lang='lat' dir='ltr'><strong>Il).</strong></span> <span class='ocrx_word' id='word_1_56' title='bbox 412 932 656 988; x_wconf 70' lang='lat' dir='ltr'><strong><em>Dixerunt</em></strong></span> <span class='ocrx_word' id='word_1_57' title='bbox 671 949 793 1006; x_wconf 82' lang='lat' dir='ltr'><strong><em>ergo</em></strong></span> <span class='ocrx_word' id='word_1_58' title='bbox 818 934 1024 1003; x_wconf 69' lang='lat' dir='ltr'><strong><em>Judaei,</em></strong></span> <span class='ocrx_word' id='word_1_59' title='bbox 1055 950 1159 991; x_wconf 92' lang='lat' dir='ltr'><strong><em>non</em></strong></span> <span class='ocrx_word' id='word_1_60' title='bbox 1203 935 1270 991; x_wconf 89' lang='lat' dir='ltr'><strong><em>ad</em></strong></span> <span class='ocrx_word' id='word_1_61' title='bbox 1317 936 1526 1006; x_wconf 90' lang='lat' dir='ltr'><strong><em>ipsum;</em></strong></span> <span class='ocrx_word' id='word_1_62' title='bbox 1555 935 1650 993; x_wconf 91' lang='lat' dir='ltr'><strong><em>sed</em></strong></span> <span class='ocrx_word' id='word_1_63' title='bbox 1671 978 1687 1004; x_wconf 96' lang='lat'><strong><em>,</em></strong></span> <span class='ocrx_word' id='word_1_64' title='bbox 1731 937 1798 990; x_wconf 87' lang='lat' dir='ltr'><strong><em>ad</em></strong></span> 
     </span>
    </p>
   </div>
   <div class='ocr_carea' id='block_1_8' title="bbox 237 1028 1793 1102">
    <p class='ocr_par' dir='ltr' id='par_1_8' title="bbox 237 1028 1793 1102">
     <span class='ocr_line' id='line_1_8' title="bbox 237 1028 1793 1102; baseline -0.003 -15"><span class='ocrx_word' id='word_1_65' title='bbox 237 1031 403 1102; x_wconf 83' lang='lat' dir='ltr'><strong><em>seipsos</em></strong></span> <span class='ocrx_word' id='word_1_66' title='bbox 423 1044 442 1084; x_wconf 92' lang='lat'><strong><em>:</em></strong></span> <span class='ocrx_word' id='word_1_67' title='bbox 461 1028 573 1094; x_wconf 79' lang='lat' dir='ltr'><strong><em>Quo</em></strong></span> <span class='ocrx_word' id='word_1_68' title='bbox 596 1029 678 1082; x_wconf 83' lang='lat' dir='ltr'><strong><em>hic</em></strong></span> <span class='ocrx_word' id='word_1_69' title='bbox 699 1029 865 1083; x_wconf 86' lang='lat' dir='ltr'><strong><em>iturus</em></strong></span> <span class='ocrx_word' id='word_1_70' title='bbox 895 1038 986 1096; x_wconf 88' lang='lat' dir='ltr'><strong><em>est,</em></strong></span> <span class='ocrx_word' id='word_1_71' title='bbox 1015 1030 1135 1100; x_wconf 88' lang='lat' dir='ltr'><strong><em>quia</em></strong></span> <span class='ocrx_word' id='word_1_72' title='bbox 1162 1045 1265 1084; x_wconf 89' lang='lat' dir='ltr'><strong><em>non</em></strong></span> <span class='ocrx_word' id='word_1_73' title='bbox 1285 1029 1590 1084; x_wconf 77' lang='lat' dir='ltr'><strong><em>inveniemus</em></strong></span> <span class='ocrx_word' id='word_1_74' title='bbox 1636 1046 1748 1084; x_wconf 86' lang='lat' dir='ltr'><strong><em>eum</em></strong></span> <span class='ocrx_word' id='word_1_75' title='bbox 1767 1031 1793 1083; x_wconf 87' lang='lat'><strong><em>?</em></strong></span> 
     </span>
    </p>
   </div>
   <div class='ocr_carea' id='block_1_9' title="bbox 238 1121 1797 1194">
    <p class='ocr_par' dir='ltr' id='par_1_9' title="bbox 238 1121 1797 1194">
     <span class='ocr_line' id='line_1_9' title="bbox 238 1121 1797 1194; baseline -0.001 -16"><span class='ocrx_word' id='word_1_76' title='bbox 238 1123 454 1193; x_wconf 78' lang='lat' dir='ltr'><strong><em>nuntquid</em></strong></span> <span class='ocrx_word' id='word_1_77' title='bbox 475 1125 528 1177; x_wconf 88' lang='lat' dir='ltr'><strong><em>in</em></strong></span> <span class='ocrx_word' id='word_1_78' title='bbox 550 1122 914 1194; x_wconf 83' lang='lat' dir='ltr'><strong><em>dispersionem</em></strong></span> <span class='ocrx_word' id='word_1_79' title='bbox 937 1121 1173 1178; x_wconf 82' lang='lat' dir='ltr'><strong><em>Gentium</em></strong></span> <span class='ocrx_word' id='word_1_80' title='bbox 1199 1123 1364 1179; x_wconf 88' lang='lat' dir='ltr'><strong><em>iturus</em></strong></span> <span class='ocrx_word' id='word_1_81' title='bbox 1393 1132 1466 1178; x_wconf 88' lang='lat' dir='ltr'><strong><em>est</em></strong></span> <span class='ocrx_word' id='word_1_82' title='bbox 1485 1165 1499 1188; x_wconf 97' lang='lat'><strong><em>,</em></strong></span> <span class='ocrx_word' id='word_1_83' title='bbox 1542 1133 1588 1177; x_wconf 93' lang='lat' dir='ltr'><strong><em>et</em></strong></span> <span class='ocrx_word' id='word_1_84' title='bbox 1625 1125 1797 1177; x_wconf 86' lang='lat' dir='ltr'><strong><em>doctu-</em></strong></span> 
     </span>
    </p>
   </div>
   <div class='ocr_carea' id='block_1_10' title="bbox 239 1214 1795 1288">
    <p class='ocr_par' dir='ltr' id='par_1_10' title="bbox 239 1214 1795 1288">
     <span class='ocr_line' id='line_1_10' title="bbox 239 1214 1795 1288; baseline -0.001 -15"><span class='ocrx_word' id='word_1_85' title='bbox 239 1235 312 1273; x_wconf 84' lang='lat' dir='ltr'><strong><em>m</em></strong></span> <span class='ocrx_word' id='word_1_86' title='bbox 333 1215 535 1272; x_wconf 78' lang='lat' dir='ltr'><strong><em>Gentes?</em></strong></span> <span class='ocrx_word' id='word_1_87' title='bbox 559 1214 678 1272; x_wconf 85' lang='lat' dir='ltr'><strong><em>Non</em></strong></span> <span class='ocrx_word' id='word_1_88' title='bbox 704 1217 846 1272; x_wconf 87' lang='lat' dir='ltr'><strong><em>enim</em></strong></span> <span class='ocrx_word' id='word_1_89' title='bbox 890 1217 1129 1273; x_wconf 75' lang='lat' dir='ltr'><strong><em>sciebant</em></strong></span> <span class='ocrx_word' id='word_1_90' title='bbox 1173 1217 1316 1288; x_wconf 88' lang='lat' dir='ltr'><strong><em>quod</em></strong></span> <span class='ocrx_word' id='word_1_91' title='bbox 1362 1217 1644 1283; x_wconf 83' lang='lat' dir='ltr'><strong><em>dixerunt;</em></strong></span> <span class='ocrx_word' id='word_1_92' title='bbox 1702 1217 1795 1272; x_wconf 90' lang='lat' dir='ltr'><strong><em>sed</em></strong></span> 
     </span>
    </p>
   </div>
   <div class='ocr_carea' id='block_1_11' title="bbox 237 1307 1796 1379">
    <p class='ocr_par' dir='ltr' id='par_1_11' title="bbox 237 1307 1796 1379">
     <span class='ocr_line' id='line_1_11' title="bbox 237 1307 1796 1379; baseline 0.001 -17"><span class='ocrx_word' id='word_1_93' title='bbox 237 1309 341 1379; x_wconf 85' lang='lat' dir='ltr'><strong><em>quia</em></strong></span> <span class='ocrx_word' id='word_1_94' title='bbox 377 1308 460 1363; x_wconf 90' lang='lat' dir='ltr'><strong><em>ille</em></strong></span> <span class='ocrx_word' id='word_1_95' title='bbox 499 1307 694 1375; x_wconf 89' lang='lat' dir='ltr'><strong><em>voluit,</em></strong></span> <span class='ocrx_word' id='word_1_96' title='bbox 753 1308 1226 1379; x_wconf 87' lang='lat' dir='ltr'><strong><em>prophetaverunt.</em></strong></span> <span class='ocrx_word' id='word_1_97' title='bbox 1267 1309 1442 1364; x_wconf 89' lang='lat' dir='ltr'><strong><em>Itnrus</em></strong></span> <span class='ocrx_word' id='word_1_98' title='bbox 1485 1311 1628 1365; x_wconf 90' lang='lat' dir='ltr'><strong><em>enim</em></strong></span> <span class='ocrx_word' id='word_1_99' title='bbox 1680 1318 1796 1364; x_wconf 88' lang='lat' dir='ltr'><strong><em>erat</em></strong></span> 
     </span>
    </p>
   </div>
   <div class='ocr_carea' id='block_1_12' title="bbox 238 1399 1794 1473">
    <p class='ocr_par' dir='ltr' id='par_1_12' title="bbox 238 1399 1794 1473">
     <span class='ocr_line' id='line_1_12' title="bbox 238 1399 1794 1473; baseline 0.001 -17"><span class='ocrx_word' id='word_1_100' title='bbox 238 1401 466 1457; x_wconf 85' lang='lat' dir='ltr'><strong><em>Dominus</em></strong></span> <span class='ocrx_word' id='word_1_101' title='bbox 488 1401 553 1455; x_wconf 88' lang='lat' dir='ltr'><strong><em>ad</em></strong></span> <span class='ocrx_word' id='word_1_102' title='bbox 583 1399 806 1468; x_wconf 83' lang='lat' dir='ltr'><strong><em>Gentes,</em></strong></span> <span class='ocrx_word' id='word_1_103' title='bbox 835 1417 942 1457; x_wconf 92' lang='lat' dir='ltr'><strong><em>non</em></strong></span> <span class='ocrx_word' id='word_1_104' title='bbox 971 1403 1253 1473; x_wconf 71' lang='lat' dir='ltr'><strong><em>praesentia</em></strong></span> <span class='ocrx_word' id='word_1_105' title='bbox 1283 1405 1525 1472; x_wconf 88' lang='lat' dir='ltr'><strong><em>corporis</em></strong></span> <span class='ocrx_word' id='word_1_106' title='bbox 1553 1404 1635 1457; x_wconf 90' lang='lat' dir='ltr'><strong><em>sui</em></strong></span> <span class='ocrx_word' id='word_1_107' title='bbox 1661 1445 1676 1469; x_wconf 93' lang='lat'><strong><em>,</em></strong></span> <span class='ocrx_word' id='word_1_108' title='bbox 1699 1403 1794 1458; x_wconf 90' lang='lat' dir='ltr'><strong><em>sed</em></strong></span> 
     </span>
    </p>
   </div>
   <div class='ocr_carea' id='block_1_13' title="bbox 237 1493 1794 1565">
    <p class='ocr_par' dir='ltr' id='par_1_13' title="bbox 237 1493 1794 1565">
     <span class='ocr_line' id='line_1_13' title="bbox 237 1493 1794 1565; baseline 0.001 -15"><span class='ocrx_word' id='word_1_109' title='bbox 237 1503 388 1550; x_wconf 87' lang='lat' dir='ltr'><strong><em>tamen</em></strong></span> <span class='ocrx_word' id='word_1_110' title='bbox 413 1493 632 1564; x_wconf 82' lang='lat' dir='ltr'><strong><em>pedibus</em></strong></span> <span class='ocrx_word' id='word_1_111' title='bbox 658 1494 791 1550; x_wconf 84' lang='lat' dir='ltr'><strong><em>suis.</em></strong></span> <span class='ocrx_word' id='word_1_112' title='bbox 821 1493 922 1562; x_wconf 85' lang='lat' dir='ltr'><strong><em>Qui</em></strong></span> <span class='ocrx_word' id='word_1_113' title='bbox 949 1505 1104 1550; x_wconf 88' lang='lat' dir='ltr'><strong><em>erant</em></strong></span> <span class='ocrx_word' id='word_1_114' title='bbox 1134 1495 1297 1565; x_wconf 86' lang='lat' dir='ltr'><strong><em>pedes</em></strong></span> <span class='ocrx_word' id='word_1_115' title='bbox 1326 1495 1476 1565; x_wconf 87' lang='lat' dir='ltr'><strong><em>ejus?</em></strong></span> <span class='ocrx_word' id='word_1_116' title='bbox 1518 1494 1663 1562; x_wconf 93' lang='lat' dir='ltr'><strong><em>Quos</em></strong></span> <span class='ocrx_word' id='word_1_117' title='bbox 1704 1511 1794 1565; x_wconf 79' lang='lat' dir='ltr'><strong><em>pe-</em></strong></span> 
     </span>
    </p>
   </div>
   <div class='ocr_carea' id='block_1_14' title="bbox 238 1583 1792 1659">
    <p class='ocr_par' dir='ltr' id='par_1_14' title="bbox 238 1583 1792 1659">
     <span class='ocr_line' id='line_1_14' title="bbox 238 1583 1792 1659; baseline 0.002 -19"><span class='ocrx_word' id='word_1_118' title='bbox 238 1583 626 1641; x_wconf 85' lang='lat' dir='ltr'><strong><em>desconculcare</em></strong></span> <span class='ocrx_word' id='word_1_119' title='bbox 653 1587 866 1642; x_wconf 87' lang='lat' dir='ltr'><strong><em>volebat</em></strong></span> <span class='ocrx_word' id='word_1_120' title='bbox 891 1587 1262 1657; x_wconf 75' lang='lat' dir='ltr'><strong><em>persequendo</em></strong></span> <span class='ocrx_word' id='word_1_121' title='bbox 1295 1587 1492 1643; x_wconf 87' lang='lat' dir='ltr'><strong><em>Saulus</em></strong></span> <span class='ocrx_word' id='word_1_122' title='bbox 1512 1631 1526 1654; x_wconf 96' lang='lat'><strong><em>,</em></strong></span> <span class='ocrx_word' id='word_1_123' title='bbox 1579 1587 1792 1659; x_wconf 86' lang='lat' dir='ltr'><strong><em>quando</em></strong></span> 
     </span>
    </p>
   </div>
   <div class='ocr_carea' id='block_1_15' title="bbox 238 1677 1790 1752">
    <p class='ocr_par' dir='ltr' id='par_1_15' title="bbox 238 1677 1790 1752">
     <span class='ocr_line' id='line_1_15' title="bbox 238 1677 1790 1752; baseline 0.002 -19"><span class='ocrx_word' id='word_1_124' title='bbox 238 1677 278 1734; x_wconf 85' lang='lat' dir='ltr'><strong><em>ei</em></strong></span> <span class='ocrx_word' id='word_1_125' title='bbox 299 1689 440 1750; x_wconf 87' lang='lat' dir='ltr'><strong><em>caput</em></strong></span> <span class='ocrx_word' id='word_1_126' title='bbox 465 1678 744 1734; x_wconf 75' lang='lat' dir='ltr'><strong><em>clamavit:</em></strong></span> <span class='ocrx_word' id='word_1_127' title='bbox 779 1699 798 1733; x_wconf 75' lang='grc' dir='ltr'><strong><em>ι</em></strong></span> <span class='ocrx_word' id='word_1_128' title='bbox 832 1679 993 1735; x_wconf 88' lang='lat' dir='ltr'><strong><em>Saule</em></strong></span> <span class='ocrx_word' id='word_1_129' title='bbox 1015 1721 1030 1744; x_wconf 94' lang='lat'><strong><em>,</em></strong></span> <span class='ocrx_word' id='word_1_130' title='bbox 1063 1679 1252 1747; x_wconf 89' lang='lat' dir='ltr'><strong><em>Saule,</em></strong></span> <span class='ocrx_word' id='word_1_131' title='bbox 1298 1680 1425 1751; x_wconf 91' lang='lat' dir='ltr'><strong><em>quid</em></strong></span> <span class='ocrx_word' id='word_1_132' title='bbox 1477 1696 1566 1736; x_wconf 91' lang='lat' dir='ltr'><strong><em>me</em></strong></span> <span class='ocrx_word' id='word_1_133' title='bbox 1606 1695 1790 1752; x_wconf 89' lang='lat' dir='ltr'><strong><em>perse-</em></strong></span> 
     </span>
    </p>
   </div>
   <div class='ocr_carea' id='block_1_16' title="bbox 238 1770 1786 1844">
    <p class='ocr_par' dir='ltr' id='par_1_16' title="bbox 238 1770 1786 1844">
     <span class='ocr_line' id='line_1_16' title="bbox 238 1770 1786 1844; baseline 0.002 -20"><span class='ocrx_word' id='word_1_134' title='bbox 238 1772 415 1840; x_wconf 62' lang='lat' dir='ltr'><strong><em>queris:</em></strong></span> <span class='ocrx_word' id='word_1_135' title='bbox 444 1770 574 1842; x_wconf 82' lang='lat' dir='ltr'><strong><em>(Act.</em></strong></span> <span class='ocrx_word' id='word_1_136' title='bbox 597 1787 670 1836; x_wconf 82' lang='lat' dir='ltr'><strong><em>ix,</em></strong></span> <span class='ocrx_word' id='word_1_137' title='bbox 699 1771 794 1842; x_wconf 67' lang='lat'><strong>4)?</strong></span> <span class='ocrx_word' id='word_1_138' title='bbox 823 1771 984 1841; x_wconf 66' lang='lat' dir='ltr'><strong><em>«Quis</em></strong></span> <span class='ocrx_word' id='word_1_139' title='bbox 1008 1781 1091 1828; x_wconf 91' lang='lat' dir='ltr'><strong><em>est</em></strong></span> <span class='ocrx_word' id='word_1_140' title='bbox 1118 1772 1206 1829; x_wconf 91' lang='lat' dir='ltr'><strong><em>hic</em></strong></span> <span class='ocrx_word' id='word_1_141' title='bbox 1222 1788 1419 1841; x_wconf 84' lang='lat' dir='ltr'><strong><em>sermo,</em></strong></span> <span class='ocrx_word' id='word_1_142' title='bbox 1438 1789 1597 1844; x_wconf 88' lang='lat' dir='ltr'><strong><em>quem</em></strong></span> <span class='ocrx_word' id='word_1_143' title='bbox 1624 1773 1786 1829; x_wconf 80' lang='lat' dir='ltr'><strong><em>dixit:</em></strong></span> 
     </span>
    </p>
   </div>
   <div class='ocr_carea' id='block_1_17' title="bbox 236 1861 1791 1934">
    <p class='ocr_par' dir='ltr' id='par_1_17' title="bbox 236 1861 1791 1934">
     <span class='ocr_line' id='line_1_17' title="bbox 236 1861 1791 1934; baseline 0.003 -18"><span class='ocrx_word' id='word_1_144' title='bbox 236 1861 462 1929; x_wconf 75' lang='lat' dir='ltr'><strong><em>Quzeretis</em></strong></span> <span class='ocrx_word' id='word_1_145' title='bbox 487 1877 590 1928; x_wconf 90' lang='lat' dir='ltr'><strong><em>me,</em></strong></span> <span class='ocrx_word' id='word_1_146' title='bbox 616 1872 672 1918; x_wconf 92' lang='lat' dir='ltr'><strong><em>et</em></strong></span> <span class='ocrx_word' id='word_1_147' title='bbox 701 1879 808 1918; x_wconf 91' lang='lat' dir='ltr'><strong><em>non</em></strong></span> <span class='ocrx_word' id='word_1_148' title='bbox 833 1863 1152 1930; x_wconf 82' lang='lat' dir='ltr'><strong><em>invenietis;</em></strong></span> <span class='ocrx_word' id='word_1_149' title='bbox 1180 1871 1234 1919; x_wconf 88' lang='lat' dir='ltr'><strong><em>et</em></strong></span> <span class='ocrx_word' id='word_1_150' title='bbox 1256 1864 1345 1919; x_wconf 88' lang='lat' dir='ltr'><strong><em>ubi</em></strong></span> <span class='ocrx_word' id='word_1_151' title='bbox 1377 1879 1477 1934; x_wconf 93' lang='lat' dir='ltr'><strong><em>ego</em></strong></span> <span class='ocrx_word' id='word_1_152' title='bbox 1503 1880 1620 1919; x_wconf 89' lang='lat' dir='ltr'><strong><em>sum</em></strong></span> <span class='ocrx_word' id='word_1_153' title='bbox 1645 1906 1659 1931; x_wconf 92' lang='lat'><strong><em>,</em></strong></span> <span class='ocrx_word' id='word_1_154' title='bbox 1694 1879 1791 1920; x_wconf 89' lang='lat' dir='ltr'><strong><em>vos</em></strong></span> 
     </span>
    </p>
   </div>
   <div class='ocr_carea' id='block_1_18' title="bbox 235 1955 1792 2026">
    <p class='ocr_par' dir='ltr' id='par_1_18' title="bbox 235 1955 1792 2026">
     <span class='ocr_line' id='line_1_18' title="bbox 235 1955 1792 2026; baseline 0.002 -16"><span class='ocrx_word' id='word_1_155' title='bbox 235 1970 324 2010; x_wconf 92' lang='lat' dir='ltr'><strong><em>non</em></strong></span> <span class='ocrx_word' id='word_1_156' title='bbox 351 1955 557 2026; x_wconf 82' lang='lat' dir='ltr'><strong><em>potestis</em></strong></span> <span class='ocrx_word' id='word_1_157' title='bbox 583 1955 811 2012; x_wconf 85' lang='lat' dir='ltr'><strong><em>venire?</em></strong></span> <span class='ocrx_word' id='word_1_158' title='bbox 845 1976 864 2010; x_wconf 75' lang='grc' dir='ltr'><strong><em>ι</em></strong></span> <span class='ocrx_word' id='word_1_159' title='bbox 903 1956 1058 2013; x_wconf 90' lang='lat' dir='ltr'><strong><em>Unde</em></strong></span> <span class='ocrx_word' id='word_1_160' title='bbox 1086 1956 1189 2012; x_wconf 89' lang='lat' dir='ltr'><strong><em>hoc</em></strong></span> <span class='ocrx_word' id='word_1_161' title='bbox 1211 1957 1348 2012; x_wconf 81' lang='lat' dir='ltr'><strong><em>dixit</em></strong></span> <span class='ocrx_word' id='word_1_162' title='bbox 1371 1957 1630 2012; x_wconf 90' lang='lat' dir='ltr'><strong><em>Dominus</em></strong></span> <span class='ocrx_word' id='word_1_163' title='bbox 1649 1999 1664 2025; x_wconf 90' lang='lat'><strong><em>,</em></strong></span> <span class='ocrx_word' id='word_1_164' title='bbox 1697 1973 1792 2014; x_wconf 87' lang='lat' dir='ltr'><strong><em>ne-</em></strong></span> 
     </span>
    </p>
   </div>
   <div class='ocr_carea' id='block_1_19' title="bbox 234 2047 1787 2119">
    <p class='ocr_par' dir='ltr' id='par_1_19' title="bbox 234 2047 1787 2119">
     <span class='ocr_line' id='line_1_19' title="bbox 234 2047 1787 2119; baseline 0.003 -18"><span class='ocrx_word' id='word_1_165' title='bbox 234 2047 456 2115; x_wconf 74' lang='lat' dir='ltr'><strong><em>scierunt,</em></strong></span> <span class='ocrx_word' id='word_1_166' title='bbox 472 2057 525 2103; x_wconf 90' lang='lat' dir='ltr'><strong><em>et</em></strong></span> <span class='ocrx_word' id='word_1_167' title='bbox 542 2057 717 2104; x_wconf 88' lang='lat' dir='ltr'><strong><em>tamen</em></strong></span> <span class='ocrx_word' id='word_1_168' title='bbox 741 2047 942 2119; x_wconf 89' lang='lat' dir='ltr'><strong><em>aliquid</em></strong></span> <span class='ocrx_word' id='word_1_169' title='bbox 964 2049 1104 2118; x_wconf 90' lang='lat' dir='ltr'><strong><em>quod</em></strong></span> <span class='ocrx_word' id='word_1_170' title='bbox 1123 2048 1356 2104; x_wconf 89' lang='lat' dir='ltr'><strong><em>futurum</em></strong></span> <span class='ocrx_word' id='word_1_171' title='bbox 1377 2058 1511 2112; x_wconf 88' lang='lat' dir='ltr'><strong><em>erat,</em></strong></span> <span class='ocrx_word' id='word_1_172' title='bbox 1542 2049 1787 2106; x_wconf 80' lang='lat' dir='ltr'><strong><em>nescien-</em></strong></span> 
     </span>
    </p>
   </div>
   <div class='ocr_carea' id='block_1_20' title="bbox 233 2141 1788 2214">
    <p class='ocr_par' dir='ltr' id='par_1_20' title="bbox 233 2141 1788 2214">
     <span class='ocr_line' id='line_1_20' title="bbox 233 2141 1788 2214; baseline 0.005 -21"><span class='ocrx_word' id='word_1_173' title='bbox 233 2141 802 2210; x_wconf 66' lang='lat' dir='ltr'><strong><em>tespratnuutiaverunt.</em></strong></span> <span class='ocrx_word' id='word_1_174' title='bbox 835 2141 977 2196; x_wconf 82' lang='lat' dir='ltr'><strong><em>Dixit</em></strong></span> <span class='ocrx_word' id='word_1_175' title='bbox 1000 2143 1144 2197; x_wconf 90' lang='lat' dir='ltr'><strong><em>enim</em></strong></span> <span class='ocrx_word' id='word_1_176' title='bbox 1173 2142 1277 2198; x_wconf 87' lang='lat' dir='ltr'><strong><em>hoc</em></strong></span> <span class='ocrx_word' id='word_1_177' title='bbox 1323 2143 1580 2198; x_wconf 89' lang='lat' dir='ltr'><strong><em>Dominus</em></strong></span> <span class='ocrx_word' id='word_1_178' title='bbox 1601 2186 1614 2210; x_wconf 94' lang='lat'><strong><em>,</em></strong></span> <span class='ocrx_word' id='word_1_179' title='bbox 1665 2145 1788 2214; x_wconf 90' lang='lat' dir='ltr'><strong><em>quia</em></strong></span> 
     </span>
    </p>
   </div>
   <div class='ocr_carea' id='block_1_21' title="bbox 234 2230 1786 2301">
    <p class='ocr_par' dir='ltr' id='par_1_21' title="bbox 234 2230 1786 2301">
     <span class='ocr_line' id='line_1_21' title="bbox 234 2230 1786 2301; baseline 0.003 -16"><span class='ocrx_word' id='word_1_180' title='bbox 234 2230 403 2295; x_wconf 88' lang='lat' dir='ltr'><strong><em>locum,</em></strong></span> <span class='ocrx_word' id='word_1_181' title='bbox 429 2233 469 2286; x_wconf 86' lang='lat' dir='ltr'><strong><em>si</em></strong></span> <span class='ocrx_word' id='word_1_182' title='bbox 498 2241 672 2287; x_wconf 88' lang='lat' dir='ltr'><strong><em>tamen</em></strong></span> <span class='ocrx_word' id='word_1_183' title='bbox 701 2232 960 2288; x_wconf 90' lang='lat' dir='ltr'><strong><em>dicendus</em></strong></span> <span class='ocrx_word' id='word_1_184' title='bbox 980 2243 1059 2287; x_wconf 83' lang='lat' dir='ltr'><strong><em>est</em></strong></span> <span class='ocrx_word' id='word_1_185' title='bbox 1091 2234 1239 2288; x_wconf 88' lang='lat' dir='ltr'><strong><em>locus</em></strong></span> <span class='ocrx_word' id='word_1_186' title='bbox 1257 2276 1273 2301; x_wconf 93' lang='lat'><strong><em>,</em></strong></span> <span class='ocrx_word' id='word_1_187' title='bbox 1304 2233 1356 2288; x_wconf 93' lang='lat' dir='ltr'><strong><em>id</em></strong></span> <span class='ocrx_word' id='word_1_188' title='bbox 1377 2245 1460 2290; x_wconf 89' lang='lat' dir='ltr'><strong><em>est</em></strong></span> <span class='ocrx_word' id='word_1_189' title='bbox 1481 2235 1654 2289; x_wconf 91' lang='lat' dir='ltr'><strong><em>sinum</em></strong></span> <span class='ocrx_word' id='word_1_190' title='bbox 1683 2234 1786 2290; x_wconf 87' lang='lat' dir='ltr'><strong><em>Pa-</em></strong></span> 
     </span>
    </p>
   </div>
   <div class='ocr_carea' id='block_1_22' title="bbox 237 2321 1784 2396">
    <p class='ocr_par' dir='ltr' id='par_1_22' title="bbox 237 2321 1784 2396">
     <span class='ocr_line' id='line_1_22' title="bbox 237 2321 1784 2396; baseline 0.003 -20"><span class='ocrx_word' id='word_1_191' title='bbox 237 2321 464 2378; x_wconf 89' lang='lat' dir='ltr'><strong><em>trisunde</em></strong></span> <span class='ocrx_word' id='word_1_192' title='bbox 506 2338 774 2394; x_wconf 86' lang='lat' dir='ltr'><strong><em>nunquam</em></strong></span> <span class='ocrx_word' id='word_1_193' title='bbox 816 2323 1046 2379; x_wconf 87' lang='lat' dir='ltr'><strong><em>discedit</em></strong></span> <span class='ocrx_word' id='word_1_194' title='bbox 1097 2323 1399 2396; x_wconf 89' lang='lat' dir='ltr'><strong><em>nnigenitus</em></strong></span> <span class='ocrx_word' id='word_1_195' title='bbox 1445 2323 1633 2392; x_wconf 79' lang='lat' dir='ltr'><strong><em>Filius,</em></strong></span> <span class='ocrx_word' id='word_1_196' title='bbox 1679 2339 1784 2380; x_wconf 91' lang='lat' dir='ltr'><strong><em>non</em></strong></span> 
     </span>
    </p>
   </div>
   <div class='ocr_carea' id='block_1_23' title="bbox 235 2411 1786 2485">
    <p class='ocr_par' dir='ltr' id='par_1_23' title="bbox 235 2411 1786 2485">
     <span class='ocr_line' id='line_1_23' title="bbox 235 2411 1786 2485; baseline 0.005 -20"><span class='ocrx_word' id='word_1_197' title='bbox 235 2411 300 2466; x_wconf 85' lang='lat' dir='ltr'><strong><em>illi</em></strong></span> <span class='ocrx_word' id='word_1_198' title='bbox 347 2424 621 2481; x_wconf 81' lang='lat' dir='ltr'><strong><em>noverant;</em></strong></span> <span class='ocrx_word' id='word_1_199' title='bbox 675 2429 774 2470; x_wconf 91' lang='lat' dir='ltr'><strong><em>nec</em></strong></span> <span class='ocrx_word' id='word_1_200' title='bbox 823 2415 1058 2485; x_wconf 83' lang='lat' dir='ltr'><strong><em>cogitare</em></strong></span> <span class='ocrx_word' id='word_1_201' title='bbox 1102 2415 1277 2471; x_wconf 89' lang='lat' dir='ltr'><strong><em>idonei</em></strong></span> <span class='ocrx_word' id='word_1_202' title='bbox 1321 2424 1473 2471; x_wconf 89' lang='lat' dir='ltr'><strong><em>erant</em></strong></span> <span class='ocrx_word' id='word_1_203' title='bbox 1528 2416 1615 2472; x_wconf 91' lang='lat' dir='ltr'><strong><em>ubi</em></strong></span> <span class='ocrx_word' id='word_1_204' title='bbox 1670 2425 1786 2472; x_wconf 90' lang='lat' dir='ltr'><strong><em>erat</em></strong></span> 
     </span>
    </p>
   </div>
   <div class='ocr_carea' id='block_1_24' title="bbox 234 2501 1782 2578">
    <p class='ocr_par' dir='ltr' id='par_1_24' title="bbox 234 2501 1782 2578">
     <span class='ocr_line' id='line_1_24' title="bbox 234 2501 1782 2578; baseline 0.004 -21"><span class='ocrx_word' id='word_1_205' title='bbox 234 2501 461 2572; x_wconf 86' lang='lat' dir='ltr'><strong><em>Christus,</em></strong></span> <span class='ocrx_word' id='word_1_206' title='bbox 490 2504 628 2560; x_wconf 90' lang='lat' dir='ltr'><strong><em>unde</em></strong></span> <span class='ocrx_word' id='word_1_207' title='bbox 655 2520 760 2560; x_wconf 92' lang='lat' dir='ltr'><strong><em>non</em></strong></span> <span class='ocrx_word' id='word_1_208' title='bbox 784 2507 1006 2562; x_wconf 87' lang='lat' dir='ltr'><strong><em>recessit</em></strong></span> <span class='ocrx_word' id='word_1_209' title='bbox 1030 2505 1305 2574; x_wconf 89' lang='lat' dir='ltr'><strong><em>Christus;</em></strong></span> <span class='ocrx_word' id='word_1_210' title='bbox 1355 2522 1461 2578; x_wconf 91' lang='lat' dir='ltr'><strong><em>quo</em></strong></span> <span class='ocrx_word' id='word_1_211' title='bbox 1511 2507 1782 2563; x_wconf 88' lang='lat' dir='ltr'><strong><em>rediturus</em></strong></span> 
     </span>
    </p>
   </div>
   <div class='ocr_carea' id='block_1_25' title="bbox 233 2597 1784 2663">
    <p class='ocr_par' dir='ltr' id='par_1_25' title="bbox 233 2597 1784 2663">
     <span class='ocr_line' id='line_1_25' title="bbox 233 2597 1784 2663; baseline 0.005 -13"><span class='ocrx_word' id='word_1_212' title='bbox 233 2607 331 2651; x_wconf 84' lang='lat' dir='ltr'><strong><em>erat</em></strong></span> <span class='ocrx_word' id='word_1_213' title='bbox 351 2597 595 2663; x_wconf 86' lang='lat' dir='ltr'><strong><em>Christus,</em></strong></span> <span class='ocrx_word' id='word_1_214' title='bbox 627 2598 716 2653; x_wconf 91' lang='lat' dir='ltr'><strong><em>ubi</em></strong></span> <span class='ocrx_word' id='word_1_215' title='bbox 745 2598 996 2654; x_wconf 88' lang='lat' dir='ltr'><strong><em>manebat</em></strong></span> <span class='ocrx_word' id='word_1_216' title='bbox 1025 2599 1288 2654; x_wconf 87' lang='lat' dir='ltr'><strong><em>Christus.</em></strong></span> <span class='ocrx_word' id='word_1_217' title='bbox 1322 2599 1475 2656; x_wconf 86' lang='lat' dir='ltr'><strong><em>Unde</em></strong></span> <span class='ocrx_word' id='word_1_218' title='bbox 1503 2600 1606 2656; x_wconf 88' lang='lat' dir='ltr'><strong><em>hoc</em></strong></span> <span class='ocrx_word' id='word_1_219' title='bbox 1634 2601 1784 2657; x_wconf 91' lang='lat' dir='ltr'><strong><em>cordi</em></strong></span> 
     </span>
    </p>
   </div>
   <div class='ocr_carea' id='block_1_26' title="bbox 233 2686 1784 2765">
    <p class='ocr_par' dir='ltr' id='par_1_26' title="bbox 233 2686 1784 2765">
     <span class='ocr_line' id='line_1_26' title="bbox 233 2686 1784 2765; baseline 0.005 -24"><span class='ocrx_word' id='word_1_220' title='bbox 233 2686 433 2743; x_wconf 87' lang='lat' dir='ltr'><strong><em>humano</em></strong></span> <span class='ocrx_word' id='word_1_221' title='bbox 457 2689 706 2760; x_wconf 87' lang='lat' dir='ltr'><strong><em>cogitare,</em></strong></span> <span class='ocrx_word' id='word_1_222' title='bbox 731 2689 926 2744; x_wconf 90' lang='lat' dir='ltr'><strong><em>nedum</em></strong></span> <span class='ocrx_word' id='word_1_223' title='bbox 947 2690 1125 2761; x_wconf 77' lang='lat' dir='ltr'><strong><em>lingua</em></strong></span> <span class='ocrx_word' id='word_1_224' title='bbox 1152 2691 1420 2760; x_wconf 88' lang='lat' dir='ltr'><strong><em>explicare</em></strong></span> <span class='ocrx_word' id='word_1_225' title='bbox 1438 2692 1496 2744; x_wconf 70' lang='lat'><strong><em>‘?</em></strong></span> <span class='ocrx_word' id='word_1_226' title='bbox 1521 2693 1634 2749; x_wconf 83' lang='lat' dir='ltr'><strong><em>Hoc</em></strong></span> <span class='ocrx_word' id='word_1_227' title='bbox 1653 2709 1784 2765; x_wconf 80' lang='lat' dir='ltr'><strong><em>ergo</em></strong></span> 
     </span>
    </p>
   </div>
   <div class='ocr_carea' id='block_1_27' title="bbox 231 2777 1784 2846">
    <p class='ocr_par' dir='ltr' id='par_1_27' title="bbox 231 2777 1784 2846">
     <span class='ocr_line' id='line_1_27' title="bbox 231 2777 1784 2846; baseline 0.005 -14"><span class='ocrx_word' id='word_1_228' title='bbox 231 2777 298 2832; x_wconf 89' lang='lat' dir='ltr'><strong><em>illi</em></strong></span> <span class='ocrx_word' id='word_1_229' title='bbox 321 2779 449 2834; x_wconf 90' lang='lat' dir='ltr'><strong><em>nullo</em></strong></span> <span class='ocrx_word' id='word_1_230' title='bbox 476 2780 632 2836; x_wconf 91' lang='lat' dir='ltr'><strong><em>modo</em></strong></span> <span class='ocrx_word' id='word_1_231' title='bbox 655 2779 1073 2846; x_wconf 84' lang='lat' dir='ltr'><strong><em>intellexerunt;</em></strong></span> <span class='ocrx_word' id='word_1_232' title='bbox 1105 2790 1161 2836; x_wconf 90' lang='lat' dir='ltr'><strong><em>et</em></strong></span> <span class='ocrx_word' id='word_1_233' title='bbox 1186 2790 1362 2837; x_wconf 87' lang='lat' dir='ltr'><strong><em>tamen</em></strong></span> <span class='ocrx_word' id='word_1_234' title='bbox 1390 2797 1458 2837; x_wconf 83' lang='lat' dir='ltr'><strong><em>ex</em></strong></span> <span class='ocrx_word' id='word_1_235' title='bbox 1485 2782 1588 2838; x_wconf 88' lang='lat' dir='ltr'><strong><em>hac</em></strong></span> <span class='ocrx_word' id='word_1_236' title='bbox 1628 2798 1784 2840; x_wconf 88' lang='lat' dir='ltr'><strong><em>occa-</em></strong></span> 
     </span>
    </p>
   </div>
   <div class='ocr_carea' id='block_1_28' title="bbox 232 2868 1782 2945">
    <p class='ocr_par' dir='ltr' id='par_1_28' title="bbox 232 2868 1782 2945">
     <span class='ocr_line' id='line_1_28' title="bbox 232 2868 1782 2945; baseline 0.006 -24"><span class='ocrx_word' id='word_1_237' title='bbox 232 2868 358 2923; x_wconf 88' lang='lat' dir='ltr'><strong><em>sione</em></strong></span> <span class='ocrx_word' id='word_1_238' title='bbox 375 2870 586 2926; x_wconf 86' lang='lat' dir='ltr'><strong><em>salutem</em></strong></span> <span class='ocrx_word' id='word_1_239' title='bbox 630 2881 870 2926; x_wconf 87' lang='lat' dir='ltr'><strong><em>nostram</em></strong></span> <span class='ocrx_word' id='word_1_240' title='bbox 902 2871 1300 2942; x_wconf 71' lang='lat' dir='ltr'><strong><em>pra:dixerunt,</em></strong></span> <span class='ocrx_word' id='word_1_241' title='bbox 1350 2874 1492 2945; x_wconf 90' lang='lat' dir='ltr'><strong><em>quod</em></strong></span> <span class='ocrx_word' id='word_1_242' title='bbox 1527 2875 1782 2932; x_wconf 87' lang='lat' dir='ltr'><strong><em>Dominus</em></strong></span> 
     </span>
    </p>
   </div>
   <div class='ocr_carea' id='block_1_29' title="bbox 230 2959 1780 3037">
    <p class='ocr_par' dir='ltr' id='par_1_29' title="bbox 230 2959 1780 3037">
     <span class='ocr_line' id='line_1_29' title="bbox 230 2959 1780 3037; baseline 0.006 -24"><span class='ocrx_word' id='word_1_243' title='bbox 230 2959 374 3014; x_wconf 89' lang='lat' dir='ltr'><strong><em>iturus</em></strong></span> <span class='ocrx_word' id='word_1_244' title='bbox 392 2971 524 3016; x_wconf 88' lang='lat' dir='ltr'><strong><em>esset</em></strong></span> <span class='ocrx_word' id='word_1_245' title='bbox 550 2962 616 3018; x_wconf 90' lang='lat' dir='ltr'><strong><em>ad</em></strong></span> <span class='ocrx_word' id='word_1_246' title='bbox 644 2962 1032 3032; x_wconf 78' lang='lat' dir='ltr'><strong><em>diSpersionem</em></strong></span> <span class='ocrx_word' id='word_1_247' title='bbox 1051 2961 1298 3019; x_wconf 86' lang='lat' dir='ltr'><strong><em>Gentium</em></strong></span> <span class='ocrx_word' id='word_1_248' title='bbox 1321 3007 1335 3028; x_wconf 88' lang='lat'><strong><em>,</em></strong></span> <span class='ocrx_word' id='word_1_249' title='bbox 1367 2975 1420 3020; x_wconf 90' lang='lat' dir='ltr'><strong><em>et</em></strong></span> <span class='ocrx_word' id='word_1_250' title='bbox 1459 2962 1780 3037; x_wconf 84' lang='lat' dir='ltr'><strong><em>impleturus</em></strong></span> 
     </span>
    </p>
   </div>
   <div class='ocr_carea' id='block_1_30' title="bbox 229 3054 1782 3132">
    <p class='ocr_par' dir='ltr' id='par_1_30' title="bbox 229 3054 1782 3132">
     <span class='ocr_line' id='line_1_30' title="bbox 229 3054 1782 3132; baseline 0.005 -26"><span class='ocrx_word' id='word_1_251' title='bbox 229 3054 350 3123; x_wconf 89' lang='lat' dir='ltr'><strong><em>quod</em></strong></span> <span class='ocrx_word' id='word_1_252' title='bbox 392 3055 624 3125; x_wconf 86' lang='lat' dir='ltr'><strong><em>legebant</em></strong></span> <span class='ocrx_word' id='word_1_253' title='bbox 664 3064 722 3111; x_wconf 92' lang='lat' dir='ltr'><strong><em>et</em></strong></span> <span class='ocrx_word' id='word_1_254' title='bbox 764 3069 868 3110; x_wconf 91' lang='lat' dir='ltr'><strong><em>non</em></strong></span> <span class='ocrx_word' id='word_1_255' title='bbox 909 3055 1272 3127; x_wconf 88' lang='lat' dir='ltr'><strong><em>intelligebant</em></strong></span> <span class='ocrx_word' id='word_1_256' title='bbox 1296 3098 1311 3124; x_wconf 95' lang='lat'><strong><em>,</em></strong></span> <span class='ocrx_word' id='word_1_257' title='bbox 1361 3055 1598 3129; x_wconf 85' lang='lat' dir='ltr'><strong><em>Populus</em></strong></span> <span class='ocrx_word' id='word_1_258' title='bbox 1633 3075 1782 3132; x_wconf 86' lang='lat' dir='ltr'><strong><em>quem</em></strong></span> 
     </span>
    </p>
   </div>
   <div class='ocr_carea' id='block_1_31' title="bbox 231 3149 1782 3218">
    <p class='ocr_par' dir='ltr' id='par_1_31' title="bbox 231 3149 1782 3218">
     <span class='ocr_line' id='line_1_31' title="bbox 231 3149 1782 3218; baseline 0.006 -20"><span class='ocrx_word' id='word_1_259' title='bbox 231 3162 317 3200; x_wconf 79' lang='lat' dir='ltr'><strong><em>non</em></strong></span> <span class='ocrx_word' id='word_1_260' title='bbox 334 3150 521 3218; x_wconf 84' lang='lat' dir='ltr'><strong><em>cognovi</em></strong></span> <span class='ocrx_word' id='word_1_261' title='bbox 545 3190 558 3214; x_wconf 94' lang='lat'><strong><em>,</em></strong></span> <span class='ocrx_word' id='word_1_262' title='bbox 618 3149 815 3204; x_wconf 76' lang='lat' dir='ltr'><strong><em>servivit</em></strong></span> <span class='ocrx_word' id='word_1_263' title='bbox 854 3150 1005 3215; x_wconf 85' lang='lat' dir='ltr'><strong><em>mihi,</em></strong></span> <span class='ocrx_word' id='word_1_264' title='bbox 1061 3150 1113 3203; x_wconf 88' lang='lat' dir='ltr'><strong><em>in</em></strong></span> <span class='ocrx_word' id='word_1_265' title='bbox 1153 3149 1396 3204; x_wconf 88' lang='lat' dir='ltr'><strong><em>obauditu</em></strong></span> <span class='ocrx_word' id='word_1_266' title='bbox 1437 3152 1578 3205; x_wconf 80' lang='lat' dir='ltr'><strong><em>auris</em></strong></span> <span class='ocrx_word' id='word_1_267' title='bbox 1618 3152 1782 3206; x_wconf 87' lang='lat' dir='ltr'><strong><em>obau-</em></strong></span> 
     </span>
    </p>
   </div>
   <div class='ocr_carea' id='block_1_32' title="bbox 234 3239 1779 3314">
    <p class='ocr_par' dir='ltr' id='par_1_32' title="bbox 234 3239 1779 3314">
     <span class='ocr_line' id='line_1_32' title="bbox 234 3239 1779 3314; baseline 0.006 -24"><span class='ocrx_word' id='word_1_268' title='bbox 234 3239 341 3291; x_wconf 79' lang='lat' dir='ltr'><strong><em>dicit</em></strong></span> <span class='ocrx_word' id='word_1_269' title='bbox 379 3242 487 3295; x_wconf 80' lang='lat' dir='ltr'><strong><em>mihi</em></strong></span> <span class='ocrx_word' id='word_1_270' title='bbox 525 3241 696 3314; x_wconf 86' lang='lat' dir='ltr'><strong><em>(Psat.</em></strong></span> <span class='ocrx_word' id='word_1_271' title='bbox 748 3257 899 3308; x_wconf 88' lang='lat' dir='ltr'><strong><em>xvtt,</em></strong></span> <span class='ocrx_word' id='word_1_272' title='bbox 957 3241 1070 3311; x_wconf 69' lang='grc'><strong><em>45).</em></strong></span> <span class='ocrx_word' id='word_1_273' title='bbox 1122 3240 1199 3296; x_wconf 90' lang='lat' dir='ltr'><strong><em>Illi</em></strong></span> <span class='ocrx_word' id='word_1_274' title='bbox 1245 3257 1354 3298; x_wconf 91' lang='lat' dir='ltr'><strong><em>non</em></strong></span> <span class='ocrx_word' id='word_1_275' title='bbox 1397 3242 1678 3299; x_wconf 88' lang='lat' dir='ltr'><strong><em>audierunt</em></strong></span> <span class='ocrx_word' id='word_1_276' title='bbox 1723 3245 1779 3300; x_wconf 90' lang='lat' dir='ltr'><strong><em>in</em></strong></span> 
     </span>
    </p>
   </div>
   <div class='ocr_carea' id='block_1_33' title="bbox 236 3332 1779 3404">
    <p class='ocr_par' dir='ltr' id='par_1_33' title="bbox 236 3332 1779 3404">
     <span class='ocr_line' id='line_1_33' title="bbox 236 3332 1779 3404; baseline 0.005 -21"><span class='ocrx_word' id='word_1_277' title='bbox 236 3345 430 3399; x_wconf 90' lang='lat' dir='ltr'><strong><em>quorum</em></strong></span> <span class='ocrx_word' id='word_1_278' title='bbox 455 3334 612 3389; x_wconf 92' lang='lat' dir='ltr'><strong><em>oculis</em></strong></span> <span class='ocrx_word' id='word_1_279' title='bbox 641 3332 775 3401; x_wconf 89' lang='lat' dir='ltr'><strong><em>fuit;</em></strong></span> <span class='ocrx_word' id='word_1_280' title='bbox 810 3333 885 3388; x_wconf 90' lang='lat' dir='ltr'><strong><em>illi</em></strong></span> <span class='ocrx_word' id='word_1_281' title='bbox 910 3332 1194 3390; x_wconf 88' lang='lat' dir='ltr'><strong><em>audierunt</em></strong></span> <span class='ocrx_word' id='word_1_282' title='bbox 1219 3333 1270 3388; x_wconf 93' lang='lat' dir='ltr'><strong><em>in</em></strong></span> <span class='ocrx_word' id='word_1_283' title='bbox 1296 3348 1522 3404; x_wconf 90' lang='lat' dir='ltr'><strong><em>quorum</em></strong></span> <span class='ocrx_word' id='word_1_284' title='bbox 1561 3335 1779 3392; x_wconf 87' lang='lat' dir='ltr'><strong><em>auribus</em></strong></span> 
     </span>
    </p>
   </div>
   <div class='ocr_carea' id='block_1_34' title="bbox 232 3423 401 3478">
    <p class='ocr_par' dir='ltr' id='par_1_34' title="bbox 232 3423 401 3478">
     <span class='ocr_line' id='line_1_34' title="bbox 232 3423 401 3478; baseline -0.012 0"><span class='ocrx_word' id='word_1_285' title='bbox 232 3423 401 3478; x_wconf 83' lang='lat' dir='ltr'><strong><em>sonuit.</em></strong></span> 
     </span>
    </p>
   </div>
   <div class='ocr_carea' id='block_1_35' title="bbox 295 3514 1775 3592">
    <p class='ocr_par' dir='ltr' id='par_1_35' title="bbox 295 3514 1775 3592">
     <span class='ocr_line' id='line_1_35' title="bbox 295 3514 1775 3592; baseline 0.005 -24"><span class='ocrx_word' id='word_1_286' title='bbox 295 3515 368 3569; x_wconf 79' lang='lat' dir='ltr'><strong><em>tl.</em></strong></span> <span class='ocrx_word' id='word_1_287' title='bbox 405 3514 540 3572; x_wconf 88' lang='lat' dir='ltr'><strong><em>Illius</em></strong></span> <span class='ocrx_word' id='word_1_288' title='bbox 567 3518 711 3573; x_wconf 89' lang='lat' dir='ltr'><strong><em>enim</em></strong></span> <span class='ocrx_word' id='word_1_289' title='bbox 731 3517 987 3574; x_wconf 73' lang='lat' dir='ltr'><strong><em>Ecclesia:</em></strong></span> <span class='ocrx_word' id='word_1_290' title='bbox 1007 3525 1244 3573; x_wconf 65' lang='lat' dir='ltr'><strong><em>venturae</em></strong></span> <span class='ocrx_word' id='word_1_291' title='bbox 1273 3516 1343 3573; x_wconf 88' lang='lat' dir='ltr'><strong><em>de</em></strong></span> <span class='ocrx_word' id='word_1_292' title='bbox 1383 3517 1643 3575; x_wconf 89' lang='lat' dir='ltr'><strong><em>Gentibus</em></strong></span> <span class='ocrx_word' id='word_1_293' title='bbox 1690 3529 1775 3592; x_wconf 85' lang='lat' dir='ltr'><strong><em>ty-</em></strong></span> 
     </span>
    </p>
   </div>
   <div class='ocr_carea' id='block_1_36' title="bbox 229 3609 1773 3682">
    <p class='ocr_par' dir='ltr' id='par_1_36' title="bbox 229 3609 1773 3682">
     <span class='ocr_line' id='line_1_36' title="bbox 229 3609 1773 3682; baseline 0.005 -21"><span class='ocrx_word' id='word_1_294' title='bbox 229 3622 332 3676; x_wconf 86' lang='lat' dir='ltr'><strong><em>pum</em></strong></span> <span class='ocrx_word' id='word_1_295' title='bbox 359 3610 561 3679; x_wconf 76' lang='lat' dir='ltr'><strong><em>gerebat</em></strong></span> <span class='ocrx_word' id='word_1_296' title='bbox 582 3610 775 3666; x_wconf 89' lang='lat' dir='ltr'><strong><em>mulier</em></strong></span> <span class='ocrx_word' id='word_1_297' title='bbox 793 3625 912 3681; x_wconf 73' lang='lat' dir='ltr'><strong><em>qua:</em></strong></span> <span class='ocrx_word' id='word_1_298' title='bbox 935 3609 1133 3666; x_wconf 82' lang='lat' dir='ltr'><strong><em>ﬂuxum</em></strong></span> <span class='ocrx_word' id='word_1_299' title='bbox 1145 3611 1419 3682; x_wconf 84' lang='lat' dir='ltr'><strong><em>sanguinis</em></strong></span> <span class='ocrx_word' id='word_1_300' title='bbox 1444 3612 1773 3682; x_wconf 90' lang='lat' dir='ltr'><strong><em>patiebatur:</em></strong></span> 
     </span>
    </p>
   </div>
   <div class='ocr_carea' id='block_1_37' title="bbox 227 3701 1774 3770">
    <p class='ocr_par' dir='ltr' id='par_1_37' title="bbox 227 3701 1774 3770">
     <span class='ocr_line' id='line_1_37' title="bbox 227 3701 1774 3770; baseline 0.006 -19"><span class='ocrx_word' id='word_1_301' title='bbox 227 3701 460 3770; x_wconf 72' lang='lat' dir='ltr'><strong><em>tangebat,</em></strong></span> <span class='ocrx_word' id='word_1_302' title='bbox 489 3710 544 3757; x_wconf 91' lang='lat' dir='ltr'><strong><em>et</em></strong></span> <span class='ocrx_word' id='word_1_303' title='bbox 571 3717 681 3758; x_wconf 90' lang='lat' dir='ltr'><strong><em>non</em></strong></span> <span class='ocrx_word' id='word_1_304' title='bbox 708 3701 1021 3769; x_wconf 89' lang='lat' dir='ltr'><strong><em>videbatur;</em></strong></span> <span class='ocrx_word' id='word_1_305' title='bbox 1050 3702 1405 3768; x_wconf 85' lang='lat' dir='ltr'><strong><em>nesciebatur,</em></strong></span> <span class='ocrx_word' id='word_1_306' title='bbox 1446 3712 1502 3759; x_wconf 90' lang='lat' dir='ltr'><strong><em>et</em></strong></span> <span class='ocrx_word' id='word_1_307' title='bbox 1543 3706 1774 3761; x_wconf 87' lang='lat' dir='ltr'><strong><em>sanaba-</em></strong></span> 
     </span>
    </p>
   </div>
   <div class='ocr_carea' id='block_1_38' title="bbox 225 3794 1772 3869">
    <p class='ocr_par' dir='ltr' id='par_1_38' title="bbox 225 3794 1772 3869">
     <span class='ocr_line' id='line_1_38' title="bbox 225 3794 1772 3869; baseline 0.004 -22"><span class='ocrx_word' id='word_1_308' title='bbox 225 3801 312 3848; x_wconf 88' lang='lat' dir='ltr'><strong><em>tur.</em></strong></span> <span class='ocrx_word' id='word_1_309' title='bbox 337 3795 511 3864; x_wconf 82' lang='lat' dir='ltr'><strong><em>Figura</em></strong></span> <span class='ocrx_word' id='word_1_310' title='bbox 537 3796 734 3866; x_wconf 87' lang='lat' dir='ltr'><strong><em>quippe</em></strong></span> <span class='ocrx_word' id='word_1_311' title='bbox 761 3805 878 3851; x_wconf 89' lang='lat' dir='ltr'><strong><em>erat</em></strong></span> <span class='ocrx_word' id='word_1_312' title='bbox 900 3837 914 3861; x_wconf 96' lang='lat'><strong><em>,</em></strong></span> <span class='ocrx_word' id='word_1_313' title='bbox 946 3794 1089 3866; x_wconf 91' lang='lat' dir='ltr'><strong><em>quod</em></strong></span> <span class='ocrx_word' id='word_1_314' title='bbox 1121 3795 1377 3851; x_wconf 87' lang='lat' dir='ltr'><strong><em>Dominus</em></strong></span> <span class='ocrx_word' id='word_1_315' title='bbox 1404 3796 1772 3869; x_wconf 74' lang='lat' dir='ltr'><strong><em>interrogavit,</em></strong></span> 
     </span>
    </p>
   </div>
   <div class='ocr_carea' id='block_1_39' title="bbox 226 3881 1777 3959">
    <p class='ocr_par' dir='ltr' id='par_1_39' title="bbox 226 3881 1777 3959">
     <span class='ocr_line' id='line_1_39' title="bbox 226 3881 1777 3959; baseline 0.006 -24"><span class='ocrx_word' id='word_1_316' title='bbox 226 3881 331 3948; x_wconf 79' lang='lat' dir='ltr'><strong><em>Quis</em></strong></span> <span class='ocrx_word' id='word_1_317' title='bbox 365 3903 435 3941; x_wconf 83' lang='lat' dir='ltr'><strong><em>me</em></strong></span> <span class='ocrx_word' id='word_1_318' title='bbox 476 3889 677 3959; x_wconf 77' lang='lat' dir='ltr'><strong><em>tetigit?</em></strong></span> <span class='ocrx_word' id='word_1_319' title='bbox 725 3887 887 3955; x_wconf 85' lang='lat' dir='ltr'><strong><em>Quasi</em></strong></span> <span class='ocrx_word' id='word_1_320' title='bbox 934 3887 1186 3957; x_wconf 83' lang='lat' dir='ltr'><strong><em>ignorans</em></strong></span> <span class='ocrx_word' id='word_1_321' title='bbox 1235 3887 1531 3957; x_wconf 76' lang='lat' dir='ltr'><strong><em>ignoratum</em></strong></span> <span class='ocrx_word' id='word_1_322' title='bbox 1569 3889 1777 3944; x_wconf 88' lang='lat' dir='ltr'><strong><em>sanavit</em></strong></span> 
     </span>
    </p>
   </div>
   <div class='ocr_carea' id='block_1_40' title="bbox 223 3971 1776 4050">
    <p class='ocr_par' dir='ltr' id='par_1_40' title="bbox 223 3971 1776 4050">
     <span class='ocr_line' id='line_1_40' title="bbox 223 3971 1776 4050; baseline 0.005 -22"><span class='ocrx_word' id='word_1_323' title='bbox 223 3971 352 4043; x_wconf 84' lang='lat' dir='ltr'><strong><em>(Luc.</em></strong></span> <span class='ocrx_word' id='word_1_324' title='bbox 379 3991 482 4044; x_wconf 80' lang='lat' dir='ltr'><strong><em>vin,</em></strong></span> <span class='ocrx_word' id='word_1_325' title='bbox 514 3974 708 4050; x_wconf 69' lang='lat'><strong>45-48)</strong></span> <span class='ocrx_word' id='word_1_326' title='bbox 742 3995 754 4031; x_wconf 89' lang='lat'>:</span> <span class='ocrx_word' id='word_1_327' title='bbox 785 3977 863 4032; x_wconf 89' lang='lat' dir='ltr'><strong><em>sic</em></strong></span> <span class='ocrx_word' id='word_1_328' title='bbox 899 3977 1023 4032; x_wconf 89' lang='lat' dir='ltr'><strong><em>fecit</em></strong></span> <span class='ocrx_word' id='word_1_329' title='bbox 1064 3987 1119 4033; x_wconf 85' lang='lat' dir='ltr'><strong><em>et</em></strong></span> <span class='ocrx_word' id='word_1_330' title='bbox 1151 3976 1432 4034; x_wconf 89' lang='lat' dir='ltr'><strong><em>Gentibus.</em></strong></span> <span class='ocrx_word' id='word_1_331' title='bbox 1486 3977 1604 4033; x_wconf 81' lang='lat' dir='ltr'><strong><em>Non</em></strong></span> <span class='ocrx_word' id='word_1_332' title='bbox 1652 3995 1776 4035; x_wconf 89' lang='lat' dir='ltr'><strong><em>eum</em></strong></span> 
     </span>
    </p>
   </div>
   <div class='ocr_carea' id='block_1_41' title="bbox 223 4061 1774 4139">
    <p class='ocr_par' dir='ltr' id='par_1_41' title="bbox 223 4061 1774 4139">
     <span class='ocr_line' id='line_1_41' title="bbox 223 4061 1774 4139; baseline 0.006 -23"><span class='ocrx_word' id='word_1_333' title='bbox 223 4061 470 4122; x_wconf 86' lang='lat' dir='ltr'><strong><em>didicimus</em></strong></span> <span class='ocrx_word' id='word_1_334' title='bbox 494 4068 547 4123; x_wconf 92' lang='lat' dir='ltr'><strong><em>in</em></strong></span> <span class='ocrx_word' id='word_1_335' title='bbox 568 4082 730 4124; x_wconf 88' lang='lat' dir='ltr'><strong><em>carne</em></strong></span> <span class='ocrx_word' id='word_1_336' title='bbox 750 4110 766 4137; x_wconf 93' lang='lat'><strong><em>,</em></strong></span> <span class='ocrx_word' id='word_1_337' title='bbox 792 4076 848 4124; x_wconf 92' lang='lat' dir='ltr'><strong><em>et</em></strong></span> <span class='ocrx_word' id='word_1_338' title='bbox 872 4068 1166 4124; x_wconf 86' lang='lat' dir='ltr'><strong><em>meruimus</em></strong></span> <span class='ocrx_word' id='word_1_339' title='bbox 1193 4082 1412 4124; x_wconf 88' lang='lat' dir='ltr'><strong><em>carnem</em></strong></span> <span class='ocrx_word' id='word_1_340' title='bbox 1456 4068 1574 4139; x_wconf 83' lang='lat' dir='ltr'><strong><em>ejus</em></strong></span> <span class='ocrx_word' id='word_1_341' title='bbox 1617 4084 1774 4125; x_wconf 86' lang='lat' dir='ltr'><strong><em>man-</em></strong></span> 
     </span>
    </p>
   </div>
   <div class='ocr_carea' id='block_1_42' title="bbox 221 4157 1774 4231">
    <p class='ocr_par' dir='ltr' id='par_1_42' title="bbox 221 4157 1774 4231">
     <span class='ocr_line' id='line_1_42' title="bbox 221 4157 1774 4231; baseline 0.003 -19"><span class='ocrx_word' id='word_1_342' title='bbox 221 4157 409 4226; x_wconf 86' lang='lat' dir='ltr'><strong><em>ducare,</em></strong></span> <span class='ocrx_word' id='word_1_343' title='bbox 437 4171 488 4217; x_wconf 90' lang='lat' dir='ltr'><strong><em>et</em></strong></span> <span class='ocrx_word' id='word_1_344' title='bbox 515 4162 567 4216; x_wconf 91' lang='lat' dir='ltr'><strong><em>in</em></strong></span> <span class='ocrx_word' id='word_1_345' title='bbox 593 4176 755 4217; x_wconf 91' lang='lat' dir='ltr'><strong><em>carne</em></strong></span> <span class='ocrx_word' id='word_1_346' title='bbox 780 4161 897 4231; x_wconf 84' lang='lat' dir='ltr'><strong><em>ejus</em></strong></span> <span class='ocrx_word' id='word_1_347' title='bbox 935 4161 1174 4216; x_wconf 90' lang='lat' dir='ltr'><strong><em>membra</em></strong></span> <span class='ocrx_word' id='word_1_348' title='bbox 1220 4175 1360 4217; x_wconf 88' lang='lat' dir='ltr'><strong><em>esse.</em></strong></span> <span class='ocrx_word' id='word_1_349' title='bbox 1397 4159 1613 4228; x_wconf 87' lang='lat' dir='ltr'><strong><em>Quare?</em></strong></span> <span class='ocrx_word' id='word_1_350' title='bbox 1640 4162 1774 4229; x_wconf 87' lang='lat' dir='ltr'><strong><em>Quia</em></strong></span> 
     </span>
    </p>
   </div>
   <div class='ocr_carea' id='block_1_43' title="bbox 222 4249 1770 4325">
    <p class='ocr_par' dir='ltr' id='par_1_43' title="bbox 222 4249 1770 4325">
     <span class='ocr_line' id='line_1_43' title="bbox 222 4249 1770 4325; baseline 0.003 -23"><span class='ocrx_word' id='word_1_351' title='bbox 222 4249 344 4305; x_wconf 87' lang='lat' dir='ltr'><strong><em>misit</em></strong></span> <span class='ocrx_word' id='word_1_352' title='bbox 364 4251 426 4307; x_wconf 86' lang='lat' dir='ltr'><strong><em>ad</em></strong></span> <span class='ocrx_word' id='word_1_353' title='bbox 447 4267 564 4307; x_wconf 91' lang='lat' dir='ltr'><strong><em>nos.</em></strong></span> <span class='ocrx_word' id='word_1_354' title='bbox 589 4251 778 4321; x_wconf 81' lang='lat' dir='ltr'><strong><em>Quos?</em></strong></span> <span class='ocrx_word' id='word_1_355' title='bbox 806 4251 1087 4307; x_wconf 74' lang='lat' dir='ltr'><strong><em>Prmcones</em></strong></span> <span class='ocrx_word' id='word_1_356' title='bbox 1115 4266 1242 4306; x_wconf 87' lang='lat' dir='ltr'><strong><em>suos</em></strong></span> <span class='ocrx_word' id='word_1_357' title='bbox 1262 4293 1277 4318; x_wconf 89' lang='lat'><strong><em>,</em></strong></span> <span class='ocrx_word' id='word_1_358' title='bbox 1309 4251 1597 4325; x_wconf 89' lang='lat' dir='ltr'><strong><em>discipulos</em></strong></span> <span class='ocrx_word' id='word_1_359' title='bbox 1623 4268 1770 4320; x_wconf 91' lang='lat' dir='ltr'><strong><em>suos,</em></strong></span> 
     </span>
    </p>
   </div>
   <div class='ocr_carea' id='block_1_44' title="bbox 222 4342 1774 4414">
    <p class='ocr_par' dir='ltr' id='par_1_44' title="bbox 222 4342 1774 4414">
     <span class='ocr_line' id='line_1_44' title="bbox 222 4342 1774 4414; baseline 0.003 -19"><span class='ocrx_word' id='word_1_360' title='bbox 222 4355 380 4397; x_wconf 88' lang='lat' dir='ltr'><strong><em>servos</em></strong></span> <span class='ocrx_word' id='word_1_361' title='bbox 399 4359 519 4399; x_wconf 88' lang='lat' dir='ltr'><strong><em>suos</em></strong></span> <span class='ocrx_word' id='word_1_362' title='bbox 543 4385 557 4410; x_wconf 91' lang='lat'><strong><em>,</em></strong></span> <span class='ocrx_word' id='word_1_363' title='bbox 589 4343 898 4414; x_wconf 87' lang='lat' dir='ltr'><strong><em>redemptos</em></strong></span> <span class='ocrx_word' id='word_1_364' title='bbox 917 4357 1044 4398; x_wconf 88' lang='lat' dir='ltr'><strong><em>suos</em></strong></span> <span class='ocrx_word' id='word_1_365' title='bbox 1073 4359 1207 4413; x_wconf 91' lang='lat' dir='ltr'><strong><em>quos</em></strong></span> <span class='ocrx_word' id='word_1_366' title='bbox 1236 4343 1438 4398; x_wconf 89' lang='lat' dir='ltr'><strong><em>creavit</em></strong></span> <span class='ocrx_word' id='word_1_367' title='bbox 1457 4383 1470 4405; x_wconf 94' lang='lat'><strong><em>,</em></strong></span> <span class='ocrx_word' id='word_1_368' title='bbox 1499 4342 1593 4398; x_wconf 92' lang='lat' dir='ltr'><strong><em>sed</em></strong></span> <span class='ocrx_word' id='word_1_369' title='bbox 1639 4358 1774 4414; x_wconf 87' lang='lat' dir='ltr'><strong><em>quos</em></strong></span> 
     </span>
    </p>
   </div>
   <div class='ocr_carea' id='block_1_45' title="bbox 222 4433 1772 4504">
    <p class='ocr_par' dir='ltr' id='par_1_45' title="bbox 222 4433 1772 4504">
     <span class='ocr_line' id='line_1_45' title="bbox 222 4433 1772 4504; baseline 0.003 -20"><span class='ocrx_word' id='word_1_370' title='bbox 222 4441 267 4485; x_wconf 86' lang='lat' dir='ltr'><strong><em>et</em></strong></span> <span class='ocrx_word' id='word_1_371' title='bbox 288 4434 494 4490; x_wconf 87' lang='lat' dir='ltr'><strong><em>redemit</em></strong></span> <span class='ocrx_word' id='word_1_372' title='bbox 519 4435 710 4490; x_wconf 81' lang='lat' dir='ltr'><strong><em>fratres</em></strong></span> <span class='ocrx_word' id='word_1_373' title='bbox 736 4449 864 4489; x_wconf 91' lang='lat' dir='ltr'><strong><em>suos</em></strong></span> <span class='ocrx_word' id='word_1_374' title='bbox 891 4450 904 4486; x_wconf 90' lang='lat'><strong>:</strong></span> <span class='ocrx_word' id='word_1_375' title='bbox 941 4444 1110 4489; x_wconf 90' lang='lat' dir='ltr'><strong><em>totum</em></strong></span> <span class='ocrx_word' id='word_1_376' title='bbox 1136 4449 1321 4504; x_wconf 87' lang='lat' dir='ltr'><strong><em>parum</em></strong></span> <span class='ocrx_word' id='word_1_377' title='bbox 1348 4433 1459 4489; x_wconf 85' lang='lat' dir='ltr'><strong><em>dixi</em></strong></span> <span class='ocrx_word' id='word_1_378' title='bbox 1489 4451 1502 4486; x_wconf 88' lang='lat'><strong>:</strong></span> <span class='ocrx_word' id='word_1_379' title='bbox 1531 4433 1772 4490; x_wconf 89' lang='lat' dir='ltr'><strong><em>membra</em></strong></span> 
     </span>
    </p>
   </div>
   <div class='ocr_carea' id='block_1_46' title="bbox 223 4526 1774 4596">
    <p class='ocr_par' dir='ltr' id='par_1_46' title="bbox 223 4526 1774 4596">
     <span class='ocr_line' id='line_1_46' title="bbox 223 4526 1774 4596; baseline 0.005 -18"><span class='ocrx_word' id='word_1_380' title='bbox 223 4535 322 4591; x_wconf 85' lang='lat' dir='ltr'><strong><em>sua,</em></strong></span> <span class='ocrx_word' id='word_1_381' title='bbox 349 4527 599 4596; x_wconf 75' lang='lat' dir='ltr'><strong><em>Scipsum;</em></strong></span> <span class='ocrx_word' id='word_1_382' title='bbox 634 4527 778 4582; x_wconf 91' lang='lat' dir='ltr'><strong><em>misit</em></strong></span> <span class='ocrx_word' id='word_1_383' title='bbox 803 4526 943 4581; x_wconf 88' lang='lat' dir='ltr'><strong><em>enim</em></strong></span> <span class='ocrx_word' id='word_1_384' title='bbox 960 4527 1026 4580; x_wconf 88' lang='lat' dir='ltr'><strong><em>ad</em></strong></span> <span class='ocrx_word' id='word_1_385' title='bbox 1046 4541 1145 4580; x_wconf 91' lang='lat' dir='ltr'><strong><em>nos</em></strong></span> <span class='ocrx_word' id='word_1_386' title='bbox 1171 4526 1408 4582; x_wconf 89' lang='lat' dir='ltr'><strong><em>membra</em></strong></span> <span class='ocrx_word' id='word_1_387' title='bbox 1434 4542 1552 4594; x_wconf 90' lang='lat' dir='ltr'><strong><em>sua,</em></strong></span> <span class='ocrx_word' id='word_1_388' title='bbox 1577 4538 1631 4583; x_wconf 92' lang='lat' dir='ltr'><strong><em>et</em></strong></span> <span class='ocrx_word' id='word_1_389' title='bbox 1650 4529 1774 4585; x_wconf 88' lang='lat' dir='ltr'><strong><em>fecit</em></strong></span> 
     </span>
    </p>
   </div>
   <div class='ocr_carea' id='block_1_47' title="bbox 224 4619 1773 4694">
    <p class='ocr_par' dir='ltr' id='par_1_47' title="bbox 224 4619 1773 4694">
     <span class='ocr_line' id='line_1_47' title="bbox 224 4619 1773 4694; baseline 0.005 -22"><span class='ocrx_word' id='word_1_390' title='bbox 224 4632 309 4674; x_wconf 85' lang='lat' dir='ltr'><strong><em>nos</em></strong></span> <span class='ocrx_word' id='word_1_391' title='bbox 332 4622 552 4676; x_wconf 88' lang='lat' dir='ltr'><strong><em>membra</em></strong></span> <span class='ocrx_word' id='word_1_392' title='bbox 581 4637 696 4677; x_wconf 86' lang='lat' dir='ltr'><strong><em>sua.</em></strong></span> <span class='ocrx_word' id='word_1_393' title='bbox 728 4621 926 4676; x_wconf 86' lang='lat' dir='ltr'><strong><em>Tamen</em></strong></span> <span class='ocrx_word' id='word_1_394' title='bbox 956 4619 1247 4676; x_wconf 90' lang='lat' dir='ltr'><strong><em>secundum</em></strong></span> <span class='ocrx_word' id='word_1_395' title='bbox 1269 4622 1504 4691; x_wconf 88' lang='lat' dir='ltr'><strong><em>speciem</em></strong></span> <span class='ocrx_word' id='word_1_396' title='bbox 1532 4624 1773 4694; x_wconf 91' lang='lat' dir='ltr'><strong><em>corporis</em></strong></span> 
     </span>
    </p>
   </div>
   <div class='ocr_carea' id='block_1_48' title="bbox 225 4713 1772 4788">
    <p class='ocr_par' dir='ltr' id='par_1_48' title="bbox 225 4713 1772 4788">
     <span class='ocr_line' id='line_1_48' title="bbox 225 4713 1772 4788; baseline 0.006 -25"><span class='ocrx_word' id='word_1_397' title='bbox 225 4725 356 4781; x_wconf 84' lang='lat' dir='ltr'><strong><em>quam</em></strong></span> <span class='ocrx_word' id='word_1_398' title='bbox 380 4713 537 4770; x_wconf 76' lang='lat' dir='ltr'><strong><em>Judmi</em></strong></span> <span class='ocrx_word' id='word_1_399' title='bbox 573 4714 822 4769; x_wconf 86' lang='lat' dir='ltr'><strong><em>viderunt</em></strong></span> <span class='ocrx_word' id='word_1_400' title='bbox 863 4723 917 4769; x_wconf 92' lang='lat' dir='ltr'><strong><em>et</em></strong></span> <span class='ocrx_word' id='word_1_401' title='bbox 964 4723 1429 4785; x_wconf 86' lang='lat' dir='ltr'><strong><em>contempserunt,</em></strong></span> <span class='ocrx_word' id='word_1_402' title='bbox 1480 4731 1586 4772; x_wconf 91' lang='lat' dir='ltr'><strong><em>non</em></strong></span> <span class='ocrx_word' id='word_1_403' title='bbox 1633 4718 1772 4788; x_wconf 88' lang='lat' dir='ltr'><strong><em>apud</em></strong></span> 
     </span>
    </p>
   </div>
   <div class='ocr_carea' id='block_1_49' title="bbox 225 4805 1772 4878">
    <p class='ocr_par' dir='ltr' id='par_1_49' title="bbox 225 4805 1772 4878">
     <span class='ocr_line' id='line_1_49' title="bbox 225 4805 1772 4878; baseline 0.005 -18"><span class='ocrx_word' id='word_1_404' title='bbox 225 4817 307 4860; x_wconf 80' lang='lat' dir='ltr'><strong><em>nos</em></strong></span> <span class='ocrx_word' id='word_1_405' title='bbox 329 4805 413 4862; x_wconf 88' lang='lat' dir='ltr'><strong><em>fuit</em></strong></span> <span class='ocrx_word' id='word_1_406' title='bbox 430 4807 670 4864; x_wconf 81' lang='lat' dir='ltr'><strong><em>Christus</em></strong></span> <span class='ocrx_word' id='word_1_407' title='bbox 691 4826 703 4861; x_wconf 90' lang='lat'><strong>:</strong></span> <span class='ocrx_word' id='word_1_408' title='bbox 723 4807 844 4878; x_wconf 90' lang='lat' dir='ltr'><strong><em>quia</em></strong></span> <span class='ocrx_word' id='word_1_409' title='bbox 861 4807 1038 4862; x_wconf 90' lang='lat' dir='ltr'><strong><em>ethoc</em></strong></span> <span class='ocrx_word' id='word_1_410' title='bbox 1059 4807 1128 4862; x_wconf 91' lang='lat' dir='ltr'><strong><em>de</em></strong></span> <span class='ocrx_word' id='word_1_411' title='bbox 1158 4808 1250 4862; x_wconf 90' lang='lat' dir='ltr'><strong><em>illo</em></strong></span> <span class='ocrx_word' id='word_1_412' title='bbox 1271 4809 1466 4864; x_wconf 90' lang='lat' dir='ltr'><strong><em>dictum</em></strong></span> <span class='ocrx_word' id='word_1_413' title='bbox 1490 4820 1604 4867; x_wconf 88' lang='lat' dir='ltr'><strong><em>erat</em></strong></span> <span class='ocrx_word' id='word_1_414' title='bbox 1620 4854 1637 4878; x_wconf 90' lang='lat'><strong><em>,</em></strong></span> <span class='ocrx_word' id='word_1_415' title='bbox 1664 4813 1772 4868; x_wconf 86' lang='lat' dir='ltr'><strong><em>sic-</em></strong></span> 
     </span>
    </p>
   </div>
   <div class='ocr_carea' id='block_1_50' title="bbox 225 4899 1773 4971">
    <p class='ocr_par' dir='ltr' id='par_1_50' title="bbox 225 4899 1773 4971">
     <span class='ocr_line' id='line_1_50' title="bbox 225 4899 1773 4971; baseline 0.005 -21"><span class='ocrx_word' id='word_1_416' title='bbox 225 4906 272 4950; x_wconf 91' lang='lat' dir='ltr'><strong><em>ut</em></strong></span> <span class='ocrx_word' id='word_1_417' title='bbox 305 4909 352 4954; x_wconf 89' lang='lat' dir='ltr'><strong><em>et</em></strong></span> <span class='ocrx_word' id='word_1_418' title='bbox 378 4901 660 4971; x_wconf 80' lang='lat' dir='ltr'><strong><em>Apostolus</em></strong></span> <span class='ocrx_word' id='word_1_419' title='bbox 685 4901 832 4966; x_wconf 87' lang='lat' dir='ltr'><strong><em>dicit,</em></strong></span> <span class='ocrx_word' id='word_1_420' title='bbox 867 4899 993 4953; x_wconf 87' lang='lat' dir='ltr'><strong><em>Dico</em></strong></span> <span class='ocrx_word' id='word_1_421' title='bbox 1017 4902 1147 4953; x_wconf 85' lang='lat' dir='ltr'><strong><em>enim</em></strong></span> <span class='ocrx_word' id='word_1_422' title='bbox 1192 4899 1450 4956; x_wconf 86' lang='lat' dir='ltr'><strong><em>Christum</em></strong></span> <span class='ocrx_word' id='word_1_423' title='bbox 1487 4904 1773 4958; x_wconf 87' lang='lat' dir='ltr'><strong><em>ministrum</em></strong></span> 
     </span>
    </p>
   </div>
   <div class='ocr_carea' id='block_1_51' title="bbox 224 4990 1774 5064">
    <p class='ocr_par' dir='ltr' id='par_1_51' title="bbox 224 4990 1774 5064">
     <span class='ocr_line' id='line_1_51' title="bbox 224 4990 1774 5064; baseline 0.002 -19"><span class='ocrx_word' id='word_1_424' title='bbox 224 4990 352 5058; x_wconf 71' lang='lat' dir='ltr'><strong><em>litim</em></strong></span> <span class='ocrx_word' id='word_1_425' title='bbox 370 4992 758 5048; x_wconf 86' lang='lat' dir='ltr'><strong><em>circumcisionis</em></strong></span> <span class='ocrx_word' id='word_1_426' title='bbox 795 5001 1000 5061; x_wconf 84' lang='lat' dir='ltr'><strong><em>propter</em></strong></span> <span class='ocrx_word' id='word_1_427' title='bbox 1022 4991 1274 5045; x_wconf 80' lang='lat' dir='ltr'><strong><em>ueritatem</em></strong></span> <span class='ocrx_word' id='word_1_428' title='bbox 1303 4991 1429 5059; x_wconf 87' lang='lat' dir='ltr'><strong><em>Dei,</em></strong></span> <span class='ocrx_word' id='word_1_429' title='bbox 1476 4994 1544 5048; x_wconf 88' lang='lat' dir='ltr'><strong><em>ad</em></strong></span> <span class='ocrx_word' id='word_1_430' title='bbox 1581 4997 1774 5064; x_wconf 80' lang='lat' dir='ltr'><strong><em>con/ir-</em></strong></span> 
     </span>
    </p>
   </div>
   <div class='ocr_carea' id='block_1_52' title="bbox 223 5081 1769 5155">
    <p class='ocr_par' dir='ltr' id='par_1_52' title="bbox 223 5081 1769 5155">
     <span class='ocr_line' id='line_1_52' title="bbox 223 5081 1769 5155; baseline 0.007 -24"><span class='ocrx_word' id='word_1_431' title='bbox 223 5081 404 5138; x_wconf 70' lang='lat' dir='ltr'><strong><em>ritandus</em></strong></span> <span class='ocrx_word' id='word_1_432' title='bbox 427 5083 780 5155; x_wconf 85' lang='lat' dir='ltr'><strong><em>promissiones</em></strong></span> <span class='ocrx_word' id='word_1_433' title='bbox 811 5091 1028 5151; x_wconf 85' lang='lat' dir='ltr'><strong><em>patrum.</em></strong></span> <span class='ocrx_word' id='word_1_434' title='bbox 1061 5081 1143 5135; x_wconf 76' lang='lat' dir='ltr'><strong><em>Ad</em></strong></span> <span class='ocrx_word' id='word_1_435' title='bbox 1185 5082 1304 5137; x_wconf 88' lang='lat' dir='ltr'><strong><em>illos</em></strong></span> <span class='ocrx_word' id='word_1_436' title='bbox 1344 5083 1528 5140; x_wconf 89' lang='lat' dir='ltr'><strong><em>debuit</em></strong></span> <span class='ocrx_word' id='word_1_437' title='bbox 1566 5085 1769 5151; x_wconf 87' lang='lat' dir='ltr'><strong><em>venire,</em></strong></span> 
     </span>
    </p>
   </div>
   <div class='ocr_carea' id='block_1_53' title="bbox 224 5175 1769 5248">
    <p class='ocr_par' dir='ltr' id='par_1_53' title="bbox 224 5175 1769 5248">
     <span class='ocr_line' id='line_1_53' title="bbox 224 5175 1769 5248; baseline 0.005 -22"><span class='ocrx_word' id='word_1_438' title='bbox 224 5185 249 5226; x_wconf 72' lang='grc' dir='ltr'><strong><em>ι</em></strong></span> <span class='ocrx_word' id='word_1_439' title='bbox 269 5188 467 5244; x_wconf 84' lang='lat' dir='ltr'><strong><em>quorum</em></strong></span> <span class='ocrx_word' id='word_1_440' title='bbox 489 5175 728 5247; x_wconf 87' lang='lat' dir='ltr'><strong><em>patribus</em></strong></span> <span class='ocrx_word' id='word_1_441' title='bbox 756 5182 811 5228; x_wconf 87' lang='lat' dir='ltr'><strong><em>et</em></strong></span> <span class='ocrx_word' id='word_1_442' title='bbox 832 5188 1058 5244; x_wconf 90' lang='lat' dir='ltr'><strong><em>quorum</em></strong></span> <span class='ocrx_word' id='word_1_443' title='bbox 1086 5175 1323 5244; x_wconf 88' lang='lat' dir='ltr'><strong><em>patribus</em></strong></span> <span class='ocrx_word' id='word_1_444' title='bbox 1350 5187 1432 5232; x_wconf 88' lang='lat' dir='ltr'><strong><em>est</em></strong></span> <span class='ocrx_word' id='word_1_445' title='bbox 1456 5179 1769 5248; x_wconf 89' lang='lat' dir='ltr'><strong><em>promissus:</em></strong></span> 
     </span>
    </p>
   </div>
   <div class='ocr_carea' id='block_1_54' title="bbox 227 5261 1776 5342">
    <p class='ocr_par' dir='ltr' id='par_1_54' title="bbox 227 5261 1776 5342">
     <span class='ocr_line' id='line_1_54' title="bbox 227 5261 1776 5342; baseline 0.008 -27"><span class='ocrx_word' id='word_1_446' title='bbox 227 5261 323 5320; x_wconf 88' lang='lat' dir='ltr'><strong><em>ideo</em></strong></span> <span class='ocrx_word' id='word_1_447' title='bbox 344 5276 394 5322; x_wconf 90' lang='lat' dir='ltr'><strong><em>et</em></strong></span> <span class='ocrx_word' id='word_1_448' title='bbox 414 5268 524 5338; x_wconf 88' lang='lat' dir='ltr'><strong><em>ipse</em></strong></span> <span class='ocrx_word' id='word_1_449' title='bbox 552 5268 629 5322; x_wconf 89' lang='lat' dir='ltr'><strong><em>sic</em></strong></span> <span class='ocrx_word' id='word_1_450' title='bbox 658 5267 752 5332; x_wconf 85' lang='lat' dir='ltr'><strong><em>ait,</em></strong></span> <span class='ocrx_word' id='word_1_451' title='bbox 786 5263 905 5319; x_wconf 86' lang='lat' dir='ltr'><strong><em>Non</em></strong></span> <span class='ocrx_word' id='word_1_452' title='bbox 934 5282 1045 5320; x_wconf 87' lang='lat' dir='ltr'><strong><em>sum</em></strong></span> <span class='ocrx_word' id='word_1_453' title='bbox 1066 5267 1248 5321; x_wconf 87' lang='lat' dir='ltr'><strong><em>missus</em></strong></span> <span class='ocrx_word' id='word_1_454' title='bbox 1284 5269 1381 5322; x_wconf 89' lang='lat' dir='ltr'><strong><em>nisi</em></strong></span> <span class='ocrx_word' id='word_1_455' title='bbox 1407 5269 1475 5323; x_wconf 88' lang='lat' dir='ltr'><strong><em>ad</em></strong></span> <span class='ocrx_word' id='word_1_456' title='bbox 1515 5286 1627 5326; x_wconf 85' lang='lat' dir='ltr'><strong><em>oves</em></strong></span> <span class='ocrx_word' id='word_1_457' title='bbox 1663 5288 1776 5342; x_wconf 77' lang='lat' dir='ltr'><strong><em>qua:</em></strong></span> 
     </span>
    </p>
   </div>
   <div class='ocr_carea' id='block_1_55' title="bbox 227 5357 1775 5431">
    <p class='ocr_par' dir='ltr' id='par_1_55' title="bbox 227 5357 1775 5431">
     <span class='ocr_line' id='line_1_55' title="bbox 227 5357 1775 5431; baseline 0.003 -17"><span class='ocrx_word' id='word_1_458' title='bbox 227 5359 444 5424; x_wconf 77' lang='lat' dir='ltr'><strong><em>perierunt</em></strong></span> <span class='ocrx_word' id='word_1_459' title='bbox 467 5361 645 5415; x_wconf 88' lang='lat' dir='ltr'><strong><em>domus</em></strong></span> <span class='ocrx_word' id='word_1_460' title='bbox 671 5357 836 5414; x_wconf 80' lang='lat' dir='ltr'><strong><em>Israel</em></strong></span> <span class='ocrx_word' id='word_1_461' title='bbox 857 5357 1068 5429; x_wconf 77' lang='lat' dir='ltr'><strong><em>(Matth.</em></strong></span> <span class='ocrx_word' id='word_1_462' title='bbox 1098 5373 1193 5423; x_wconf 88' lang='lat' dir='ltr'><strong><em>xv,</em></strong></span> <span class='ocrx_word' id='word_1_463' title='bbox 1219 5357 1334 5429; x_wconf 67' lang='grc'><strong><em>24).</em></strong></span> <span class='ocrx_word' id='word_1_464' title='bbox 1362 5359 1466 5416; x_wconf 89' lang='lat' dir='ltr'><strong><em>Sed</em></strong></span> <span class='ocrx_word' id='word_1_465' title='bbox 1493 5361 1618 5431; x_wconf 89' lang='lat' dir='ltr'><strong><em>quid</em></strong></span> <span class='ocrx_word' id='word_1_466' title='bbox 1649 5362 1775 5418; x_wconf 91' lang='lat' dir='ltr'><strong><em>dicit</em></strong></span> 
     </span>
    </p>
   </div>
   <div class='ocr_carea' id='block_1_56' title="bbox 227 5449 1774 5523">
    <p class='ocr_par' dir='ltr' id='par_1_56' title="bbox 227 5449 1774 5523">
     <span class='ocr_line' id='line_1_56' title="bbox 227 5449 1774 5523; baseline 0.004 -21"><span class='ocrx_word' id='word_1_467' title='bbox 227 5449 476 5518; x_wconf 76' lang='lat' dir='ltr'><strong><em>Apostolus</em></strong></span> <span class='ocrx_word' id='word_1_468' title='bbox 502 5454 556 5508; x_wconf 88' lang='lat' dir='ltr'><strong><em>in</em></strong></span> <span class='ocrx_word' id='word_1_469' title='bbox 594 5451 875 5523; x_wconf 83' lang='lat' dir='ltr'><strong><em>sequenti?</em></strong></span> <span class='ocrx_word' id='word_1_470' title='bbox 917 5450 1100 5506; x_wconf 77' lang='lat' dir='ltr'><strong><em>Gentes</em></strong></span> <span class='ocrx_word' id='word_1_471' title='bbox 1118 5461 1284 5506; x_wconf 84' lang='lat' dir='ltr'><strong><em>autem</em></strong></span> <span class='ocrx_word' id='word_1_472' title='bbox 1308 5463 1459 5523; x_wconf 81' lang='lat' dir='ltr'><strong><em>super</em></strong></span> <span class='ocrx_word' id='word_1_473' title='bbox 1491 5454 1774 5509; x_wconf 87' lang='lat' dir='ltr'><strong><em>misericor-</em></strong></span> 
     </span>
    </p>
   </div>
   <div class='ocr_carea' id='block_1_57' title="bbox 227 5541 1773 5619">
    <p class='ocr_par' dir='ltr' id='par_1_57' title="bbox 227 5541 1773 5619">
     <span class='ocr_line' id='line_1_57' title="bbox 227 5541 1773 5619; baseline 0.007 -26"><span class='ocrx_word' id='word_1_474' title='bbox 227 5541 292 5594; x_wconf 80' lang='lat' dir='ltr'><strong><em>dia</em></strong></span> <span class='ocrx_word' id='word_1_475' title='bbox 309 5544 583 5616; x_wconf 74' lang='lat' dir='ltr'><strong><em>glorificare</em></strong></span> <span class='ocrx_word' id='word_1_476' title='bbox 609 5544 774 5599; x_wconf 84' lang='lat' dir='ltr'><strong><em>Deum</em></strong></span> <span class='ocrx_word' id='word_1_477' title='bbox 823 5543 995 5615; x_wconf 85' lang='lat' dir='ltr'><strong><em>(Rom.</em></strong></span> <span class='ocrx_word' id='word_1_478' title='bbox 1025 5560 1117 5610; x_wconf 90' lang='lat' dir='ltr'><strong><em>xv,</em></strong></span> <span class='ocrx_word' id='word_1_479' title='bbox 1159 5545 1215 5614; x_wconf 90' lang='lat'><strong><em>8,</em></strong></span> <span class='ocrx_word' id='word_1_480' title='bbox 1263 5545 1341 5617; x_wconf 89' lang='lat'><strong>9).</strong></span> <span class='ocrx_word' id='word_1_481' title='bbox 1383 5546 1518 5614; x_wconf 92' lang='lat' dir='ltr'><strong><em>Quid</em></strong></span> <span class='ocrx_word' id='word_1_482' title='bbox 1569 5557 1624 5604; x_wconf 90' lang='lat' dir='ltr'><strong><em>et</em></strong></span> <span class='ocrx_word' id='word_1_483' title='bbox 1662 5549 1773 5619; x_wconf 83' lang='lat' dir='ltr'><strong><em>ipse</em></strong></span> 
     </span>
    </p>
   </div>
   <div class='ocr_carea' id='block_1_58' title="bbox 227 5630 1773 5707">
    <p class='ocr_par' dir='ltr' id='par_1_58' title="bbox 227 5630 1773 5707">
     <span class='ocr_line' id='line_1_58' title="bbox 227 5630 1773 5707; baseline 0.005 -19"><span class='ocrx_word' id='word_1_484' title='bbox 227 5630 484 5692; x_wconf 79' lang='lat' dir='ltr'><strong><em>Dominus?</em></strong></span> <span class='ocrx_word' id='word_1_485' title='bbox 513 5634 690 5691; x_wconf 79' lang='lat' dir='ltr'><strong><em>Habeo</em></strong></span> <span class='ocrx_word' id='word_1_486' title='bbox 709 5637 839 5692; x_wconf 79' lang='lat' dir='ltr'><strong><em>alias</em></strong></span> <span class='ocrx_word' id='word_1_487' title='bbox 865 5653 978 5692; x_wconf 76' lang='lat' dir='ltr'><strong><em>oves</em></strong></span> <span class='ocrx_word' id='word_1_488' title='bbox 999 5653 1112 5707; x_wconf 76' lang='lat' dir='ltr'><strong><em>qua:</em></strong></span> <span class='ocrx_word' id='word_1_489' title='bbox 1151 5655 1250 5693; x_wconf 87' lang='lat' dir='ltr'><strong><em>non</em></strong></span> <span class='ocrx_word' id='word_1_490' title='bbox 1272 5644 1390 5694; x_wconf 85' lang='lat' dir='ltr'><strong><em>sunt</em></strong></span> <span class='ocrx_word' id='word_1_491' title='bbox 1425 5655 1489 5694; x_wconf 81' lang='lat' dir='ltr'><strong><em>ea:</em></strong></span> <span class='ocrx_word' id='word_1_492' title='bbox 1528 5640 1622 5695; x_wconf 81' lang='lat' dir='ltr'><strong><em>hoc</em></strong></span> <span class='ocrx_word' id='word_1_493' title='bbox 1655 5642 1773 5696; x_wconf 81' lang='lat' dir='ltr'><strong><em>ovili</em></strong></span> 
     </span>
    </p>
   </div>
   <div class='ocr_carea' id='block_1_59' title="bbox 222 5721 1772 5798">
    <p class='ocr_par' dir='ltr' id='par_1_59' title="bbox 222 5721 1772 5798">
     <span class='ocr_line' id='line_1_59' title="bbox 222 5721 1772 5798; baseline 0.009 -20"><span class='ocrx_word' id='word_1_494' title='bbox 222 5721 376 5795; x_wconf 71' lang='lat' dir='ltr'><strong><em>(toan.</em></strong></span> <span class='ocrx_word' id='word_1_495' title='bbox 399 5743 458 5795; x_wconf 86' lang='lat' dir='ltr'><strong><em>x,</em></strong></span> <span class='ocrx_word' id='word_1_496' title='bbox 479 5729 594 5798; x_wconf 79' lang='lat' dir='ltr'><strong>I6).</strong></span> <span class='ocrx_word' id='word_1_497' title='bbox 617 5727 717 5796; x_wconf 89' lang='lat' dir='ltr'><strong><em>Qui</em></strong></span> <span class='ocrx_word' id='word_1_498' title='bbox 731 5727 956 5796; x_wconf 88' lang='lat' dir='ltr'><strong><em>dixerat,</em></strong></span> <span class='ocrx_word' id='word_1_499' title='bbox 987 5727 1111 5785; x_wconf 86' lang='lat' dir='ltr'><strong><em>Non</em></strong></span> <span class='ocrx_word' id='word_1_500' title='bbox 1132 5731 1444 5788; x_wconf 86' lang='lat' dir='ltr'><strong><em>summissus</em></strong></span> <span class='ocrx_word' id='word_1_501' title='bbox 1463 5733 1560 5790; x_wconf 88' lang='lat' dir='ltr'><strong><em>nisi</em></strong></span> <span class='ocrx_word' id='word_1_502' title='bbox 1577 5737 1645 5791; x_wconf 87' lang='lat' dir='ltr'><strong><em>ad</em></strong></span> <span class='ocrx_word' id='word_1_503' title='bbox 1659 5751 1772 5792; x_wconf 82' lang='lat' dir='ltr'><strong><em>oves</em></strong></span> 
     </span>
    </p>
   </div>
   <div class='ocr_carea' id='block_1_60' title="bbox 269 5839 1574 5914">
    <p class='ocr_par' dir='ltr' id='par_1_60' title="bbox 269 5839 1574 5914">
     <span class='ocr_line' id='line_1_60' title="bbox 269 5839 1574 5914; baseline 0.007 -23"><span class='ocrx_word' id='word_1_504' title='bbox 269 5839 392 5902; x_wconf 68' lang='grc' dir='ltr'>ιιι..</span> <span class='ocrx_word' id='word_1_505' title='bbox 421 5839 604 5907; x_wconf 53' lang='lat' dir='ltr'><strong><em>aqua.</em></strong></span> <span class='ocrx_word' id='word_1_506' title='bbox 627 5846 770 5891; x_wconf 83' lang='lat' dir='ltr'><strong><em>Juxta</em></strong></span> <span class='ocrx_word' id='word_1_507' title='bbox 787 5843 934 5906; x_wconf 81' lang='lat' dir='ltr'><strong><em>Lugd.</em></strong></span> <span class='ocrx_word' id='word_1_508' title='bbox 957 5850 1078 5896; x_wconf 76' lang='lat' dir='ltr'><strong><em>Ven.</em></strong></span> <span class='ocrx_word' id='word_1_509' title='bbox 1101 5850 1231 5912; x_wconf 75' lang='grc' dir='ltr'><strong><em>ιον..</em></strong></span> <span class='ocrx_word' id='word_1_510' title='bbox 1255 5844 1451 5914; x_wconf 71' lang='lat' dir='ltr'><strong><em>tingue.</em></strong></span> <span class='ocrx_word' id='word_1_511' title='bbox 1515 5855 1574 5900; x_wconf 87' lang='lat' dir='ltr'><strong><em>It.</em></strong></span> 
     </span>
    </p>
   </div>
   <div class='ocr_carea' id='block_1_61' title="bbox 362 5920 1596 5999">
    <p class='ocr_par' dir='ltr' id='par_1_61' title="bbox 362 5920 1596 5999">
     <span class='ocr_line' id='line_1_61' title="bbox 362 5920 1596 5999; baseline 0.008 -16"><span class='ocrx_word' id='word_1_512' title='bbox 362 5920 591 5985; x_wconf 65' lang='lat' dir='ltr'><strong><em>Sanc&#39;r.</em></strong></span> <span class='ocrx_word' id='word_1_513' title='bbox 625 5923 901 5986; x_wconf 79' lang='lat' dir='ltr'><strong><em>Anaus&#39;r.</em></strong></span> <span class='ocrx_word' id='word_1_514' title='bbox 932 5924 1043 5988; x_wconf 87' lang='lat' dir='ltr'><strong><em>Ill.</em></strong></span> <span class='ocrx_word' id='word_1_515' title='bbox 1554 5991 1556 5993; x_wconf 74' lang='lat'><strong>.</strong></span> <span class='ocrx_word' id='word_1_516' title='bbox 1593 5996 1596 5999; x_wconf 95' lang='lat'><em>_</em></span> 
     </span>
    </p>
   </div>
   <div class='ocr_carea' id='block_1_62' title="bbox 1285 349 2360 418">
    <p class='ocr_par' dir='ltr' id='par_1_62' title="bbox 1285 349 2360 418">
     <span class='ocr_line' id='line_1_62' title="bbox 1285 349 2360 418; baseline -0.002 0"><span class='ocrx_word' id='word_1_517' title='bbox 1285 353 1692 418; x_wconf 75' lang='lat' dir='ltr'><strong><em>TRAC&#39;I‘A’I‘US</em></strong></span> <span class='ocrx_word' id='word_1_518' title='bbox 1723 349 1946 415; x_wconf 74' lang='lat' dir='ltr'><strong>XXXII.</strong></span> <span class='ocrx_word' id='word_1_519' title='bbox 1985 355 2212 417; x_wconf 81' lang='lat' dir='ltr'><strong>CAPUT</strong></span> <span class='ocrx_word' id='word_1_520' title='bbox 2244 355 2360 418; x_wconf 81' lang='lat' dir='ltr'><strong>VII.</strong></span> 
     </span>
    </p>
   </div>
   <div class='ocr_carea' id='block_1_63' title="bbox 1909 475 3497 554">
    <p class='ocr_par' dir='ltr' id='par_1_63' title="bbox 1909 475 3497 554">
     <span class='ocr_line' id='line_1_63' title="bbox 1909 475 3497 554; baseline 0.018 -28"><span class='ocrx_word' id='word_1_521' title='bbox 1909 488 2023 542; x_wconf 80' lang='lat' dir='ltr'><strong><em>qua:</em></strong></span> <span class='ocrx_word' id='word_1_522' title='bbox 2041 475 2291 544; x_wconf 85' lang='lat' dir='ltr'><strong><em>perierunt</em></strong></span> <span class='ocrx_word' id='word_1_523' title='bbox 2319 477 2497 534; x_wconf 87' lang='lat' dir='ltr'><strong><em>domus</em></strong></span> <span class='ocrx_word' id='word_1_524' title='bbox 2517 479 2716 550; x_wconf 81' lang='lat' dir='ltr'><strong><em>Israel;</em></strong></span> <span class='ocrx_word' id='word_1_525' title='bbox 2740 487 3006 554; x_wconf 87' lang='lat' dir='ltr'><strong><em>quomodo</em></strong></span> <span class='ocrx_word' id='word_1_526' title='bbox 3028 488 3187 546; x_wconf 85' lang='lat' dir='ltr'><strong><em>habet</em></strong></span> <span class='ocrx_word' id='word_1_527' title='bbox 3209 493 3344 549; x_wconf 89' lang='lat' dir='ltr'><strong><em>alias</em></strong></span> <span class='ocrx_word' id='word_1_528' title='bbox 3367 488 3497 554; x_wconf 86' lang='lat' dir='ltr'><strong><em>oves</em></strong></span> 
     </span>
    </p>
   </div>
   <div class='ocr_carea' id='block_1_64' title="bbox 1908 565 3498 656">
    <p class='ocr_par' dir='ltr' id='par_1_64' title="bbox 1908 565 3498 656">
     <span class='ocr_line' id='line_1_64' title="bbox 1908 565 3498 656; baseline 0.017 -37"><span class='ocrx_word' id='word_1_529' title='bbox 1908 565 1976 620; x_wconf 89' lang='lat' dir='ltr'><strong><em>ad</em></strong></span> <span class='ocrx_word' id='word_1_530' title='bbox 2002 581 2136 638; x_wconf 90' lang='lat' dir='ltr'><strong><em>quas</em></strong></span> <span class='ocrx_word' id='word_1_531' title='bbox 2161 584 2266 624; x_wconf 93' lang='lat' dir='ltr'><strong><em>non</em></strong></span> <span class='ocrx_word' id='word_1_532' title='bbox 2292 580 2375 627; x_wconf 91' lang='lat' dir='ltr'><strong><em>est</em></strong></span> <span class='ocrx_word' id='word_1_533' title='bbox 2395 573 2611 640; x_wconf 91' lang='lat' dir='ltr'><strong><em>missus,</em></strong></span> <span class='ocrx_word' id='word_1_534' title='bbox 2644 577 2745 631; x_wconf 91' lang='lat' dir='ltr'><strong><em>nisi</em></strong></span> <span class='ocrx_word' id='word_1_535' title='bbox 2767 579 2890 648; x_wconf 90' lang='lat' dir='ltr'><strong><em>quia</em></strong></span> <span class='ocrx_word' id='word_1_536' title='bbox 2920 580 3236 652; x_wconf 83' lang='lat' dir='ltr'><strong><em>significavit</em></strong></span> <span class='ocrx_word' id='word_1_537' title='bbox 3263 603 3498 656; x_wconf 74' lang='lat' dir='ltr'><strong><em>przesen-</em></strong></span> 
     </span>
    </p>
   </div>
   <div class='ocr_carea' id='block_1_65' title="bbox 1908 661 3499 739">
    <p class='ocr_par' dir='ltr' id='par_1_65' title="bbox 1908 661 3499 739">
     <span class='ocr_line' id='line_1_65' title="bbox 1908 661 3499 739; baseline 0.014 -23"><span class='ocrx_word' id='word_1_538' title='bbox 1908 661 2035 718; x_wconf 91' lang='lat' dir='ltr'><strong><em>tiam</em></strong></span> <span class='ocrx_word' id='word_1_539' title='bbox 2063 668 2395 736; x_wconf 87' lang='lat' dir='ltr'><strong><em>corporalem</em></strong></span> <span class='ocrx_word' id='word_1_540' title='bbox 2431 686 2537 725; x_wconf 91' lang='lat' dir='ltr'><strong><em>non</em></strong></span> <span class='ocrx_word' id='word_1_541' title='bbox 2560 685 2620 728; x_wconf 90' lang='lat' dir='ltr'><strong><em>se</em></strong></span> <span class='ocrx_word' id='word_1_542' title='bbox 2648 673 2869 730; x_wconf 89' lang='lat' dir='ltr'><strong><em>missum</em></strong></span> <span class='ocrx_word' id='word_1_543' title='bbox 2913 675 3166 733; x_wconf 90' lang='lat' dir='ltr'><strong><em>exhibere</em></strong></span> <span class='ocrx_word' id='word_1_544' title='bbox 3213 681 3315 735; x_wconf 92' lang='lat' dir='ltr'><strong><em>nisi</em></strong></span> <span class='ocrx_word' id='word_1_545' title='bbox 3368 683 3499 739; x_wconf 87' lang='lat' dir='ltr'><strong><em>solis</em></strong></span> 
     </span>
    </p>
   </div>
   <div class='ocr_carea' id='block_1_66' title="bbox 1905 755 3563 834">
    <p class='ocr_par' dir='ltr' id='par_1_66' title="bbox 1905 755 3563 834">
     <span class='ocr_line' id='line_1_66' title="bbox 1905 755 3563 834; baseline 0.014 -22"><span class='ocrx_word' id='word_1_546' title='bbox 1905 755 2125 827; x_wconf 78' lang='lat' dir='ltr'><strong><em>Judtcis,</em></strong></span> <span class='ocrx_word' id='word_1_547' title='bbox 2154 761 2243 832; x_wconf 90' lang='lat' dir='ltr'><strong><em>qui</em></strong></span> <span class='ocrx_word' id='word_1_548' title='bbox 2265 762 2512 820; x_wconf 84' lang='lat' dir='ltr'><strong><em>viderunt</em></strong></span> <span class='ocrx_word' id='word_1_549' title='bbox 2534 773 2590 821; x_wconf 91' lang='lat' dir='ltr'><strong><em>et</em></strong></span> <span class='ocrx_word' id='word_1_550' title='bbox 2615 768 2969 825; x_wconf 80' lang='lat' dir='ltr'><strong><em>occiderunt?</em></strong></span> <span class='ocrx_word' id='word_1_551' title='bbox 3012 771 3081 826; x_wconf 89' lang='lat' dir='ltr'><strong><em>Et</em></strong></span> <span class='ocrx_word' id='word_1_552' title='bbox 3119 774 3269 829; x_wconf 90' lang='lat' dir='ltr'><strong><em>multi</em></strong></span> <span class='ocrx_word' id='word_1_553' title='bbox 3315 784 3496 832; x_wconf 87' lang='lat' dir='ltr'><strong><em>tamen</em></strong></span> <span class='ocrx_word' id='word_1_554' title='bbox 3551 801 3563 834; x_wconf 86' lang='lat'><strong><em>;:</em></strong></span> 
     </span>
    </p>
   </div>
   <div class='ocr_carea' id='block_1_67' title="bbox 1805 849 3564 939">
    <p class='ocr_par' dir='ltr' id='par_1_67' title="bbox 1805 849 3564 939">
     <span class='ocr_line' id='line_1_67' title="bbox 1805 849 3564 939; baseline 0.013 -37"><span class='ocrx_word' id='word_1_555' title='bbox 1805 871 1808 878; x_wconf 65' lang='grc' dir='ltr'><strong><em>ι</em></strong></span> <span class='ocrx_word' id='word_1_556' title='bbox 1907 849 2032 905; x_wconf 89' lang='lat' dir='ltr'><strong><em>inde</em></strong></span> <span class='ocrx_word' id='word_1_557' title='bbox 2060 860 2114 906; x_wconf 92' lang='lat' dir='ltr'><strong><em>et</em></strong></span> <span class='ocrx_word' id='word_1_558' title='bbox 2134 862 2290 909; x_wconf 89' lang='lat' dir='ltr'><strong><em>antea</em></strong></span> <span class='ocrx_word' id='word_1_559' title='bbox 2318 864 2373 911; x_wconf 91' lang='lat' dir='ltr'><strong><em>et</em></strong></span> <span class='ocrx_word' id='word_1_560' title='bbox 2400 865 2582 927; x_wconf 87' lang='lat' dir='ltr'><strong><em>postea</em></strong></span> <span class='ocrx_word' id='word_1_561' title='bbox 2605 859 2967 916; x_wconf 89' lang='lat' dir='ltr'><strong><em>crediderunt.</em></strong></span> <span class='ocrx_word' id='word_1_562' title='bbox 2996 860 3183 918; x_wconf 84' lang='lat' dir='ltr'><strong><em>Messis</em></strong></span> <span class='ocrx_word' id='word_1_563' title='bbox 3230 867 3399 935; x_wconf 90' lang='lat' dir='ltr'><strong><em>prima</em></strong></span> <span class='ocrx_word' id='word_1_564' title='bbox 3429 866 3498 924; x_wconf 90' lang='lat' dir='ltr'><strong><em>de</em></strong></span> 
     </span>
    </p>
   </div>
   <div class='ocr_carea' id='block_1_68' title="bbox 1905 949 3564 1020">
    <p class='ocr_par' dir='ltr' id='par_1_68' title="bbox 1905 949 3564 1020">
     <span class='ocr_line' id='line_1_68' title="bbox 1905 949 3564 1020; baseline 0.013 -22"><span class='ocrx_word' id='word_1_565' title='bbox 1905 956 2064 1000; x_wconf 90' lang='lat' dir='ltr'><strong><em>cruce</em></strong></span> <span class='ocrx_word' id='word_1_566' title='bbox 2092 949 2342 1003; x_wconf 89' lang='lat' dir='ltr'><strong><em>ventilata</em></strong></span> <span class='ocrx_word' id='word_1_567' title='bbox 2367 958 2488 1016; x_wconf 88' lang='lat' dir='ltr'><strong><em>est,</em></strong></span> <span class='ocrx_word' id='word_1_568' title='bbox 2523 960 2580 1006; x_wconf 92' lang='lat' dir='ltr'><strong><em>ut</em></strong></span> <span class='ocrx_word' id='word_1_569' title='bbox 2607 964 2753 1008; x_wconf 88' lang='lat' dir='ltr'><strong><em>esset</em></strong></span> <span class='ocrx_word' id='word_1_570' title='bbox 2775 968 2959 1010; x_wconf 90' lang='lat' dir='ltr'><strong><em>semen</em></strong></span> <span class='ocrx_word' id='word_1_571' title='bbox 2989 955 3133 1012; x_wconf 90' lang='lat' dir='ltr'><strong><em>unde</em></strong></span> <span class='ocrx_word' id='word_1_572' title='bbox 3159 957 3262 1012; x_wconf 89' lang='lat' dir='ltr'><strong><em>alia</em></strong></span> <span class='ocrx_word' id='word_1_573' title='bbox 3299 960 3494 1016; x_wconf 89' lang='lat' dir='ltr'><strong><em>messis</em></strong></span> <span class='ocrx_word' id='word_1_574' title='bbox 3551 957 3564 1020; x_wconf 56' lang='grc' dir='ltr'><em>έ</em></span> 
     </span>
    </p>
   </div>
   <div class='ocr_carea' id='block_1_69' title="bbox 1905 1039 3496 1122">
    <p class='ocr_par' dir='ltr' id='par_1_69' title="bbox 1905 1039 3496 1122">
     <span class='ocr_line' id='line_1_69' title="bbox 1905 1039 3496 1122; baseline 0.013 -31"><span class='ocrx_word' id='word_1_575' title='bbox 1905 1049 2268 1109; x_wconf 83' lang='lat' dir='ltr'><strong><em>consurgeret.</em></strong></span> <span class='ocrx_word' id='word_1_576' title='bbox 2292 1039 2444 1098; x_wconf 85' lang='lat' dir='ltr'><strong><em>Nune</em></strong></span> <span class='ocrx_word' id='word_1_577' title='bbox 2470 1059 2599 1100; x_wconf 90' lang='lat' dir='ltr'><strong><em>vero</em></strong></span> <span class='ocrx_word' id='word_1_578' title='bbox 2626 1061 2747 1101; x_wconf 92' lang='lat' dir='ltr'><strong><em>cum</em></strong></span> <span class='ocrx_word' id='word_1_579' title='bbox 2779 1048 2915 1104; x_wconf 88' lang='lat' dir='ltr'><strong><em>fama</em></strong></span> <span class='ocrx_word' id='word_1_580' title='bbox 2943 1049 3214 1122; x_wconf 85' lang='lat' dir='ltr'><strong><em>Evangelii</em></strong></span> <span class='ocrx_word' id='word_1_581' title='bbox 3260 1063 3314 1109; x_wconf 93' lang='lat' dir='ltr'><strong><em>et</em></strong></span> <span class='ocrx_word' id='word_1_582' title='bbox 3353 1054 3496 1112; x_wconf 89' lang='lat' dir='ltr'><strong><em>bono</em></strong></span> 
     </span>
    </p>
   </div>
   <div class='ocr_carea' id='block_1_70' title="bbox 1903 1128 3496 1216">
    <p class='ocr_par' dir='ltr' id='par_1_70' title="bbox 1903 1128 3496 1216">
     <span class='ocr_line' id='line_1_70' title="bbox 1903 1128 3496 1216; baseline 0.015 -34"><span class='ocrx_word' id='word_1_583' title='bbox 1903 1128 2021 1198; x_wconf 89' lang='lat' dir='ltr'><strong><em>ejus</em></strong></span> <span class='ocrx_word' id='word_1_584' title='bbox 2045 1131 2211 1188; x_wconf 91' lang='lat' dir='ltr'><strong><em>odore</em></strong></span> <span class='ocrx_word' id='word_1_585' title='bbox 2251 1135 2464 1190; x_wconf 83' lang='lat' dir='ltr'><strong><em>excitati</em></strong></span> <span class='ocrx_word' id='word_1_586' title='bbox 2503 1138 2728 1195; x_wconf 89' lang='lat' dir='ltr'><strong><em>credunt</em></strong></span> <span class='ocrx_word' id='word_1_587' title='bbox 2774 1140 2960 1198; x_wconf 88' lang='lat' dir='ltr'><strong><em>fideles</em></strong></span> <span class='ocrx_word' id='word_1_588' title='bbox 3002 1144 3118 1214; x_wconf 86' lang='lat' dir='ltr'><strong><em>ejus</em></strong></span> <span class='ocrx_word' id='word_1_589' title='bbox 3166 1161 3262 1216; x_wconf 90' lang='lat' dir='ltr'><strong><em>per</em></strong></span> <span class='ocrx_word' id='word_1_590' title='bbox 3307 1164 3496 1206; x_wconf 87' lang='lat' dir='ltr'><strong><em>omnes</em></strong></span> 
     </span>
    </p>
   </div>
   <div class='ocr_carea' id='block_1_71' title="bbox 1901 1227 3494 1312">
    <p class='ocr_par' dir='ltr' id='par_1_71' title="bbox 1901 1227 3494 1312">
     <span class='ocr_line' id='line_1_71' title="bbox 1901 1227 3494 1312; baseline 0.014 -37"><span class='ocrx_word' id='word_1_591' title='bbox 1901 1231 2088 1290; x_wconf 88' lang='lat' dir='ltr'><strong><em>gentes</em></strong></span> <span class='ocrx_word' id='word_1_592' title='bbox 2106 1266 2121 1292; x_wconf 95' lang='lat'><strong><em>,</em></strong></span> <span class='ocrx_word' id='word_1_593' title='bbox 2145 1227 2246 1280; x_wconf 91' lang='lat' dir='ltr'><strong><em>erit</em></strong></span> <span class='ocrx_word' id='word_1_594' title='bbox 2271 1232 2601 1299; x_wconf 84' lang='lat' dir='ltr'><strong><em>exspectatio</em></strong></span> <span class='ocrx_word' id='word_1_595' title='bbox 2623 1234 2862 1304; x_wconf 85' lang='lat' dir='ltr'><strong><em>gentium</em></strong></span> <span class='ocrx_word' id='word_1_596' title='bbox 2887 1277 2902 1302; x_wconf 96' lang='lat'><strong><em>,</em></strong></span> <span class='ocrx_word' id='word_1_597' title='bbox 2949 1237 3162 1308; x_wconf 89' lang='lat' dir='ltr'><strong><em>quando</em></strong></span> <span class='ocrx_word' id='word_1_598' title='bbox 3185 1241 3363 1295; x_wconf 85' lang='lat' dir='ltr'><strong><em>veniat</em></strong></span> <span class='ocrx_word' id='word_1_599' title='bbox 3402 1244 3494 1312; x_wconf 92' lang='lat' dir='ltr'><strong><em>qui</em></strong></span> 
     </span>
    </p>
   </div>
   <div class='ocr_carea' id='block_1_72' title="bbox 1896 1313 3492 1397">
    <p class='ocr_par' dir='ltr' id='par_1_72' title="bbox 1896 1313 3492 1397">
     <span class='ocr_line' id='line_1_72' title="bbox 1896 1313 3492 1397; baseline 0.014 -29"><span class='ocrx_word' id='word_1_600' title='bbox 1896 1313 2006 1384; x_wconf 86' lang='lat' dir='ltr'><strong><em>jam</em></strong></span> <span class='ocrx_word' id='word_1_601' title='bbox 2038 1319 2181 1373; x_wconf 89' lang='lat' dir='ltr'><strong><em>venit</em></strong></span> <span class='ocrx_word' id='word_1_602' title='bbox 2201 1319 2350 1390; x_wconf 87' lang='lat' dir='ltr'><strong><em>(Gen.</em></strong></span> <span class='ocrx_word' id='word_1_603' title='bbox 2382 1337 2530 1389; x_wconf 84' lang='lat' dir='ltr'><strong><em>xux,</em></strong></span> <span class='ocrx_word' id='word_1_604' title='bbox 2564 1325 2691 1395; x_wconf 85' lang='lat' dir='ltr'><strong><em>l0);</em></strong></span> <span class='ocrx_word' id='word_1_605' title='bbox 2720 1328 2933 1397; x_wconf 90' lang='lat' dir='ltr'><strong><em>quando</em></strong></span> <span class='ocrx_word' id='word_1_606' title='bbox 2958 1331 3027 1386; x_wconf 89' lang='lat' dir='ltr'><strong><em>ab</em></strong></span> <span class='ocrx_word' id='word_1_607' title='bbox 3040 1333 3289 1389; x_wconf 88' lang='lat' dir='ltr'><strong><em>omnibus</em></strong></span> <span class='ocrx_word' id='word_1_608' title='bbox 3310 1336 3492 1392; x_wconf 87' lang='lat' dir='ltr'><strong><em>videa-</em></strong></span> 
     </span>
    </p>
   </div>
   <div class='ocr_carea' id='block_1_73' title="bbox 1900 1411 3491 1497">
    <p class='ocr_par' dir='ltr' id='par_1_73' title="bbox 1900 1411 3491 1497">
     <span class='ocr_line' id='line_1_73' title="bbox 1900 1411 3491 1497; baseline 0.017 -37"><span class='ocrx_word' id='word_1_609' title='bbox 1900 1415 2007 1473; x_wconf 93' lang='lat' dir='ltr'><strong><em>tur,</em></strong></span> <span class='ocrx_word' id='word_1_610' title='bbox 2037 1411 2126 1481; x_wconf 89' lang='lat' dir='ltr'><strong><em>qui</em></strong></span> <span class='ocrx_word' id='word_1_611' title='bbox 2152 1421 2276 1468; x_wconf 92' lang='lat' dir='ltr'><strong><em>tunc</em></strong></span> <span class='ocrx_word' id='word_1_612' title='bbox 2298 1431 2328 1470; x_wconf 89' lang='lat' dir='ltr'><strong><em>a</em></strong></span> <span class='ocrx_word' id='word_1_613' title='bbox 2358 1417 2668 1486; x_wconf 85' lang='lat' dir='ltr'><strong><em>quibusdam</em></strong></span> <span class='ocrx_word' id='word_1_614' title='bbox 2700 1421 2844 1478; x_wconf 87' lang='lat' dir='ltr'><strong><em>visus</em></strong></span> <span class='ocrx_word' id='word_1_615' title='bbox 2870 1439 2974 1479; x_wconf 91' lang='lat' dir='ltr'><strong><em>non</em></strong></span> <span class='ocrx_word' id='word_1_616' title='bbox 3000 1435 3098 1490; x_wconf 92' lang='lat' dir='ltr'><strong><em>est,</em></strong></span> <span class='ocrx_word' id='word_1_617' title='bbox 3124 1442 3152 1481; x_wconf 86' lang='lat' dir='ltr'><strong><em>a</em></strong></span> <span class='ocrx_word' id='word_1_618' title='bbox 3174 1430 3491 1497; x_wconf 84' lang='lat' dir='ltr'><strong><em>quibusdam</em></strong></span> 
     </span>
    </p>
   </div>
   <div class='ocr_carea' id='block_1_74' title="bbox 1899 1500 3491 1589">
    <p class='ocr_par' dir='ltr' id='par_1_74' title="bbox 1899 1500 3491 1589">
     <span class='ocr_line' id='line_1_74' title="bbox 1899 1500 3491 1589; baseline 0.014 -35"><span class='ocrx_word' id='word_1_619' title='bbox 1899 1500 2043 1556; x_wconf 89' lang='lat' dir='ltr'><strong><em>visus</em></strong></span> <span class='ocrx_word' id='word_1_620' title='bbox 2066 1513 2179 1570; x_wconf 92' lang='lat' dir='ltr'><strong><em>est;</em></strong></span> <span class='ocrx_word' id='word_1_621' title='bbox 2213 1507 2423 1576; x_wconf 89' lang='lat' dir='ltr'><strong><em>quando</em></strong></span> <span class='ocrx_word' id='word_1_622' title='bbox 2446 1512 2623 1565; x_wconf 87' lang='lat' dir='ltr'><strong><em>veniat</em></strong></span> <span class='ocrx_word' id='word_1_623' title='bbox 2634 1513 2967 1580; x_wconf 84' lang='lat' dir='ltr'><strong><em>judicaturus</em></strong></span> <span class='ocrx_word' id='word_1_624' title='bbox 2985 1517 3075 1588; x_wconf 89' lang='lat' dir='ltr'><strong><em>qui</em></strong></span> <span class='ocrx_word' id='word_1_625' title='bbox 3092 1520 3491 1589; x_wconf 84' lang='lat' dir='ltr'><strong><em>venitjudican-</em></strong></span> 
     </span>
    </p>
   </div>
   <div class='ocr_carea' id='block_1_75' title="bbox 1898 1589 3489 1678">
    <p class='ocr_par' dir='ltr' id='par_1_75' title="bbox 1898 1589 3489 1678">
     <span class='ocr_line' id='line_1_75' title="bbox 1898 1589 3489 1678; baseline 0.016 -32"><span class='ocrx_word' id='word_1_626' title='bbox 1898 1589 2028 1659; x_wconf 89' lang='lat' dir='ltr'><strong><em>dus;</em></strong></span> <span class='ocrx_word' id='word_1_627' title='bbox 2042 1597 2254 1664; x_wconf 90' lang='lat' dir='ltr'><strong><em>quando</em></strong></span> <span class='ocrx_word' id='word_1_628' title='bbox 2269 1600 2444 1654; x_wconf 85' lang='lat' dir='ltr'><strong><em>veniat</em></strong></span> <span class='ocrx_word' id='word_1_629' title='bbox 2457 1602 2804 1671; x_wconf 87' lang='lat' dir='ltr'><strong><em>discreturus,</em></strong></span> <span class='ocrx_word' id='word_1_630' title='bbox 2822 1608 2910 1678; x_wconf 91' lang='lat' dir='ltr'><strong><em>qui</em></strong></span> <span class='ocrx_word' id='word_1_631' title='bbox 2929 1611 3074 1664; x_wconf 84' lang='lat' dir='ltr'><strong><em>venit</em></strong></span> <span class='ocrx_word' id='word_1_632' title='bbox 3094 1622 3150 1665; x_wconf 90' lang='lat' dir='ltr'><strong><em>ut</em></strong></span> <span class='ocrx_word' id='word_1_633' title='bbox 3167 1627 3270 1667; x_wconf 93' lang='lat' dir='ltr'><strong><em>non</em></strong></span> <span class='ocrx_word' id='word_1_634' title='bbox 3292 1615 3489 1670; x_wconf 88' lang='lat' dir='ltr'><strong><em>discer-</em></strong></span> 
     </span>
    </p>
   </div>
   <div class='ocr_carea' id='block_1_76' title="bbox 1899 1687 3482 1773">
    <p class='ocr_par' dir='ltr' id='par_1_76' title="bbox 1899 1687 3482 1773">
     <span class='ocr_line' id='line_1_76' title="bbox 1899 1687 3482 1773; baseline 0.016 -37"><span class='ocrx_word' id='word_1_635' title='bbox 1899 1693 2136 1739; x_wconf 91' lang='lat' dir='ltr'><strong><em>neretur.</em></strong></span> <span class='ocrx_word' id='word_1_636' title='bbox 2159 1687 2273 1742; x_wconf 87' lang='lat' dir='ltr'><strong><em>Non</em></strong></span> <span class='ocrx_word' id='word_1_637' title='bbox 2290 1690 2430 1744; x_wconf 90' lang='lat' dir='ltr'><strong><em>enim</em></strong></span> <span class='ocrx_word' id='word_1_638' title='bbox 2447 1691 2516 1747; x_wconf 89' lang='lat' dir='ltr'><strong><em>ab</em></strong></span> <span class='ocrx_word' id='word_1_639' title='bbox 2537 1693 2712 1763; x_wconf 91' lang='lat' dir='ltr'><strong><em>impiis</em></strong></span> <span class='ocrx_word' id='word_1_640' title='bbox 2728 1695 2966 1753; x_wconf 88' lang='lat' dir='ltr'><strong><em>Christus</em></strong></span> <span class='ocrx_word' id='word_1_641' title='bbox 2981 1711 3062 1754; x_wconf 89' lang='lat' dir='ltr'><strong><em>est</em></strong></span> <span class='ocrx_word' id='word_1_642' title='bbox 3081 1702 3362 1773; x_wconf 90' lang='lat' dir='ltr'><strong><em>discretus,</em></strong></span> <span class='ocrx_word' id='word_1_643' title='bbox 3387 1707 3482 1761; x_wconf 87' lang='lat' dir='ltr'><strong><em>sed</em></strong></span> 
     </span>
    </p>
   </div>
   <div class='ocr_carea' id='block_1_77' title="bbox 1897 1777 3488 1860">
    <p class='ocr_par' dir='ltr' id='par_1_77' title="bbox 1897 1777 3488 1860">
     <span class='ocr_line' id='line_1_77' title="bbox 1897 1777 3488 1860; baseline 0.014 -30"><span class='ocrx_word' id='word_1_644' title='bbox 1897 1789 2019 1831; x_wconf 91' lang='lat' dir='ltr'><strong><em>cum</em></strong></span> <span class='ocrx_word' id='word_1_645' title='bbox 2049 1777 2224 1848; x_wconf 90' lang='lat' dir='ltr'><strong><em>impiis</em></strong></span> <span class='ocrx_word' id='word_1_646' title='bbox 2239 1779 2505 1850; x_wconf 88' lang='lat' dir='ltr'><strong><em>judicatus</em></strong></span> <span class='ocrx_word' id='word_1_647' title='bbox 2529 1800 2544 1837; x_wconf 88' lang='lat'><strong>:</strong></span> <span class='ocrx_word' id='word_1_648' title='bbox 2572 1784 2641 1840; x_wconf 86' lang='lat' dir='ltr'><strong><em>de</em></strong></span> <span class='ocrx_word' id='word_1_649' title='bbox 2661 1785 2749 1840; x_wconf 91' lang='lat' dir='ltr'><strong><em>illo</em></strong></span> <span class='ocrx_word' id='word_1_650' title='bbox 2771 1789 2913 1842; x_wconf 89' lang='lat' dir='ltr'><strong><em>enim</em></strong></span> <span class='ocrx_word' id='word_1_651' title='bbox 2941 1790 3140 1846; x_wconf 88' lang='lat' dir='ltr'><strong><em>dictum</em></strong></span> <span class='ocrx_word' id='word_1_652' title='bbox 3179 1804 3295 1860; x_wconf 91' lang='lat' dir='ltr'><strong><em>est,</em></strong></span> <span class='ocrx_word' id='word_1_653' title='bbox 3341 1796 3488 1852; x_wconf 81' lang='lat' dir='ltr'><strong><em>Inter</em></strong></span> 
     </span>
    </p>
   </div>
   <div class='ocr_carea' id='block_1_78' title="bbox 1895 1867 3534 1949">
    <p class='ocr_par' dir='ltr' id='par_1_78' title="bbox 1895 1867 3534 1949">
     <span class='ocr_line' id='line_1_78' title="bbox 1895 1867 3534 1949; baseline 0.015 -29"><span class='ocrx_word' id='word_1_654' title='bbox 1895 1867 2092 1937; x_wconf 85' lang='lat' dir='ltr'><strong><em>iniquos</em></strong></span> <span class='ocrx_word' id='word_1_655' title='bbox 2109 1881 2367 1943; x_wconf 83' lang='lat' dir='ltr'><strong><em>reputatus</em></strong></span> <span class='ocrx_word' id='word_1_656' title='bbox 2382 1883 2452 1929; x_wconf 88' lang='lat' dir='ltr'><strong><em>est</em></strong></span> <span class='ocrx_word' id='word_1_657' title='bbox 2471 1873 2621 1944; x_wconf 83' lang='lat' dir='ltr'><strong><em>(Isai.</em></strong></span> <span class='ocrx_word' id='word_1_658' title='bbox 2647 1893 2754 1944; x_wconf 80' lang='lat' dir='ltr'><strong>LIII,</strong></span> <span class='ocrx_word' id='word_1_659' title='bbox 2777 1879 2884 1949; x_wconf 74' lang='lat' dir='ltr'><strong><em>l2).</em></strong></span> <span class='ocrx_word' id='word_1_660' title='bbox 2904 1881 3064 1936; x_wconf 90' lang='lat' dir='ltr'><strong><em>Latro</em></strong></span> <span class='ocrx_word' id='word_1_661' title='bbox 3103 1887 3272 1940; x_wconf 87' lang='lat' dir='ltr'><strong><em>evasit</em></strong></span> <span class='ocrx_word' id='word_1_662' title='bbox 3299 1887 3489 1943; x_wconf 84' lang='lat' dir='ltr'><strong><em>:Chri-</em></strong></span> <span class='ocrx_word' id='word_1_663' title='bbox 3523 1884 3534 1894; x_wconf 80' lang='grc'><strong>“</strong></span> 
     </span>
    </p>
   </div>
   <div class='ocr_carea' id='block_1_79' title="bbox 1895 1960 3485 2049">
    <p class='ocr_par' dir='ltr' id='par_1_79' title="bbox 1895 1960 3485 2049">
     <span class='ocr_line' id='line_1_79' title="bbox 1895 1960 3485 2049; baseline 0.014 -37"><span class='ocrx_word' id='word_1_664' title='bbox 1895 1966 2009 2013; x_wconf 87' lang='lat' dir='ltr'><strong><em>stus</em></strong></span> <span class='ocrx_word' id='word_1_665' title='bbox 2033 1960 2315 2019; x_wconf 88' lang='lat' dir='ltr'><strong><em>damnatus</em></strong></span> <span class='ocrx_word' id='word_1_666' title='bbox 2343 1973 2424 2019; x_wconf 90' lang='lat' dir='ltr'><strong><em>est</em></strong></span> <span class='ocrx_word' id='word_1_667' title='bbox 2444 1965 2634 2038; x_wconf 74' lang='grc' dir='ltr'><strong><em>(Μαι-ε.</em></strong></span> <span class='ocrx_word' id='word_1_668' title='bbox 2667 1985 2754 2033; x_wconf 85' lang='lat' dir='ltr'><strong><em>xv,</em></strong></span> <span class='ocrx_word' id='word_1_669' title='bbox 2789 1970 2883 2037; x_wconf 69' lang='lat'><strong><em>15;</em></strong></span> <span class='ocrx_word' id='word_1_670' title='bbox 2901 1972 3056 2026; x_wconf 84' lang='lat' dir='ltr'><strong><em>Joan.</em></strong></span> <span class='ocrx_word' id='word_1_671' title='bbox 3077 1977 3353 2049; x_wconf 70' lang='lat' dir='ltr'><strong><em>xvnt,40).</em></strong></span> <span class='ocrx_word' id='word_1_672' title='bbox 3383 1981 3485 2035; x_wconf 86' lang='lat' dir='ltr'><strong><em>Ac-</em></strong></span> 
     </span>
    </p>
   </div>
   <div class='ocr_carea' id='block_1_80' title="bbox 1893 2051 3486 2139">
    <p class='ocr_par' dir='ltr' id='par_1_80' title="bbox 1893 2051 3486 2139">
     <span class='ocr_line' id='line_1_80' title="bbox 1893 2051 3486 2139; baseline 0.014 -36"><span class='ocrx_word' id='word_1_673' title='bbox 1893 2051 2033 2121; x_wconf 87' lang='lat' dir='ltr'><strong><em>cepit</em></strong></span> <span class='ocrx_word' id='word_1_674' title='bbox 2058 2053 2109 2106; x_wconf 92' lang='lat' dir='ltr'><strong><em>in</em></strong></span> <span class='ocrx_word' id='word_1_675' title='bbox 2131 2052 2456 2125; x_wconf 88' lang='lat' dir='ltr'><strong><em>dulgentiam</em></strong></span> <span class='ocrx_word' id='word_1_676' title='bbox 2476 2057 2814 2126; x_wconf 87' lang='lat' dir='ltr'><strong><em>criminosus,</em></strong></span> <span class='ocrx_word' id='word_1_677' title='bbox 2845 2061 3128 2120; x_wconf 85' lang='lat' dir='ltr'><strong><em>damnatus</em></strong></span> <span class='ocrx_word' id='word_1_678' title='bbox 3153 2077 3234 2122; x_wconf 87' lang='lat' dir='ltr'><strong><em>est</em></strong></span> <span class='ocrx_word' id='word_1_679' title='bbox 3253 2069 3342 2139; x_wconf 91' lang='lat' dir='ltr'><strong><em>qui</em></strong></span> <span class='ocrx_word' id='word_1_680' title='bbox 3368 2085 3486 2126; x_wconf 91' lang='lat' dir='ltr'><strong><em>om-</em></strong></span> 
     </span>
    </p>
   </div>
   <div class='ocr_carea' id='block_1_81' title="bbox 1894 2141 3486 2232">
    <p class='ocr_par' dir='ltr' id='par_1_81' title="bbox 1894 2141 3486 2232">
     <span class='ocr_line' id='line_1_81' title="bbox 1894 2141 3486 2232; baseline 0.014 -37"><span class='ocrx_word' id='word_1_681' title='bbox 1894 2141 2040 2197; x_wconf 89' lang='lat' dir='ltr'><strong><em>nium</em></strong></span> <span class='ocrx_word' id='word_1_682' title='bbox 2065 2145 2286 2200; x_wconf 87' lang='lat' dir='ltr'><strong><em>crimina</em></strong></span> <span class='ocrx_word' id='word_1_683' title='bbox 2320 2148 2686 2204; x_wconf 88' lang='lat' dir='ltr'><strong><em>confitentium</em></strong></span> <span class='ocrx_word' id='word_1_684' title='bbox 2726 2152 3000 2209; x_wconf 83' lang='lat' dir='ltr'><strong><em>relaxavit.</em></strong></span> <span class='ocrx_word' id='word_1_685' title='bbox 3028 2156 3231 2214; x_wconf 89' lang='lat' dir='ltr'><strong><em>Tamen</em></strong></span> <span class='ocrx_word' id='word_1_686' title='bbox 3274 2169 3328 2216; x_wconf 90' lang='lat' dir='ltr'><strong><em>et</em></strong></span> <span class='ocrx_word' id='word_1_687' title='bbox 3370 2164 3486 2232; x_wconf 85' lang='lat' dir='ltr'><strong><em>ipsa</em></strong></span> 
     </span>
    </p>
   </div>
   <div class='ocr_carea' id='block_1_82' title="bbox 1891 2235 3487 2325">
    <p class='ocr_par' dir='ltr' id='par_1_82' title="bbox 1891 2235 3487 2325">
     <span class='ocr_line' id='line_1_82' title="bbox 1891 2235 3487 2325; baseline 0.016 -37"><span class='ocrx_word' id='word_1_688' title='bbox 1891 2247 2045 2300; x_wconf 88' lang='lat' dir='ltr'><strong><em>crux,</em></strong></span> <span class='ocrx_word' id='word_1_689' title='bbox 2067 2235 2112 2290; x_wconf 92' lang='lat' dir='ltr'><strong><em>si</em></strong></span> <span class='ocrx_word' id='word_1_690' title='bbox 2133 2238 2408 2306; x_wconf 89' lang='lat' dir='ltr'><strong><em>attendas,</em></strong></span> <span class='ocrx_word' id='word_1_691' title='bbox 2451 2241 2678 2297; x_wconf 88' lang='lat' dir='ltr'><strong><em>tribunal</em></strong></span> <span class='ocrx_word' id='word_1_692' title='bbox 2708 2242 2840 2299; x_wconf 88' lang='lat' dir='ltr'><strong><em>fuit:</em></strong></span> <span class='ocrx_word' id='word_1_693' title='bbox 2863 2249 2914 2301; x_wconf 93' lang='lat' dir='ltr'><strong><em>in</em></strong></span> <span class='ocrx_word' id='word_1_694' title='bbox 2938 2249 3115 2305; x_wconf 90' lang='lat' dir='ltr'><strong><em>medio</em></strong></span> <span class='ocrx_word' id='word_1_695' title='bbox 3143 2253 3285 2308; x_wconf 90' lang='lat' dir='ltr'><strong><em>enim</em></strong></span> <span class='ocrx_word' id='word_1_696' title='bbox 3306 2254 3487 2325; x_wconf 90' lang='lat' dir='ltr'><strong><em>judice</em></strong></span> 
     </span>
    </p>
   </div>
   <div class='ocr_carea' id='block_1_83' title="bbox 1891 2327 3481 2420">
    <p class='ocr_par' dir='ltr' id='par_1_83' title="bbox 1891 2327 3481 2420">
     <span class='ocr_line' id='line_1_83' title="bbox 1891 2327 3481 2420; baseline 0.016 -40"><span class='ocrx_word' id='word_1_697' title='bbox 1891 2327 2218 2396; x_wconf 90' lang='lat' dir='ltr'><strong><em>constituto,</em></strong></span> <span class='ocrx_word' id='word_1_698' title='bbox 2253 2347 2391 2387; x_wconf 91' lang='lat' dir='ltr'><strong><em>unus</em></strong></span> <span class='ocrx_word' id='word_1_699' title='bbox 2429 2333 2567 2390; x_wconf 88' lang='lat' dir='ltr'><strong><em>latro</em></strong></span> <span class='ocrx_word' id='word_1_700' title='bbox 2612 2337 2703 2406; x_wconf 91' lang='lat' dir='ltr'><strong><em>qui</em></strong></span> <span class='ocrx_word' id='word_1_701' title='bbox 2751 2339 2979 2395; x_wconf 89' lang='lat' dir='ltr'><strong><em>credidit</em></strong></span> <span class='ocrx_word' id='word_1_702' title='bbox 3024 2342 3281 2401; x_wconf 89' lang='lat' dir='ltr'><strong><em>liberatus</em></strong></span> <span class='ocrx_word' id='word_1_703' title='bbox 3331 2347 3481 2420; x_wconf 86' lang='lat' dir='ltr'><strong><em>(Luc.</em></strong></span> 
     </span>
    </p>
   </div>
   <div class='ocr_carea' id='block_1_84' title="bbox 1891 2420 3484 2498">
    <p class='ocr_par' dir='ltr' id='par_1_84' title="bbox 1891 2420 3484 2498">
     <span class='ocr_line' id='line_1_84' title="bbox 1891 2420 3484 2498; baseline 0.018 -27"><span class='ocrx_word' id='word_1_704' title='bbox 1891 2432 2049 2486; x_wconf 87' lang='lat' dir='ltr'><strong><em>xxnl,</em></strong></span> <span class='ocrx_word' id='word_1_705' title='bbox 2084 2420 2200 2491; x_wconf 71' lang='grc'><strong><em>45),</em></strong></span> <span class='ocrx_word' id='word_1_706' title='bbox 2234 2423 2371 2478; x_wconf 88' lang='lat' dir='ltr'><strong><em>alter</em></strong></span> <span class='ocrx_word' id='word_1_707' title='bbox 2396 2426 2485 2495; x_wconf 91' lang='lat' dir='ltr'><strong><em>qui</em></strong></span> <span class='ocrx_word' id='word_1_708' title='bbox 2515 2427 2787 2484; x_wconf 86' lang='lat' dir='ltr'><strong><em>insultavit</em></strong></span> <span class='ocrx_word' id='word_1_709' title='bbox 2817 2431 3100 2492; x_wconf 89' lang='lat' dir='ltr'><strong><em>damnatus</em></strong></span> <span class='ocrx_word' id='word_1_710' title='bbox 3132 2447 3233 2493; x_wconf 84' lang='lat' dir='ltr'><strong><em>est.</em></strong></span> <span class='ocrx_word' id='word_1_711' title='bbox 3267 2440 3384 2496; x_wconf 83' lang='lat' dir='ltr'><strong><em>Jam</em></strong></span> <span class='ocrx_word' id='word_1_712' title='bbox 3412 2445 3484 2498; x_wconf 86' lang='lat' dir='ltr'><strong><em>si-</em></strong></span> 
     </span>
    </p>
   </div>
   <div class='ocr_carea' id='block_1_85' title="bbox 1887 2509 3481 2600">
    <p class='ocr_par' dir='ltr' id='par_1_85' title="bbox 1887 2509 3481 2600">
     <span class='ocr_line' id='line_1_85' title="bbox 1887 2509 3481 2600; baseline 0.02 -40"><span class='ocrx_word' id='word_1_713' title='bbox 1887 2509 2175 2578; x_wconf 81' lang='lat' dir='ltr'><strong><em>gnificabat</em></strong></span> <span class='ocrx_word' id='word_1_714' title='bbox 2195 2514 2337 2582; x_wconf 92' lang='lat' dir='ltr'><strong><em>quod</em></strong></span> <span class='ocrx_word' id='word_1_715' title='bbox 2369 2515 2607 2574; x_wconf 83' lang='lat' dir='ltr'><strong><em>facturus</em></strong></span> <span class='ocrx_word' id='word_1_716' title='bbox 2632 2529 2714 2575; x_wconf 90' lang='lat' dir='ltr'><strong><em>est</em></strong></span> <span class='ocrx_word' id='word_1_717' title='bbox 2739 2521 2806 2577; x_wconf 84' lang='lat' dir='ltr'><strong><em>de</em></strong></span> <span class='ocrx_word' id='word_1_718' title='bbox 2835 2523 2969 2579; x_wconf 88' lang='lat' dir='ltr'><strong><em>vivis</em></strong></span> <span class='ocrx_word' id='word_1_719' title='bbox 2993 2535 3048 2581; x_wconf 88' lang='lat' dir='ltr'><strong><em>et</em></strong></span> <span class='ocrx_word' id='word_1_720' title='bbox 3067 2534 3320 2600; x_wconf 86' lang='lat' dir='ltr'><strong><em>mortuis;</em></strong></span> <span class='ocrx_word' id='word_1_721' title='bbox 3347 2535 3481 2593; x_wconf 87' lang='lat' dir='ltr'><strong><em>alios</em></strong></span> 
     </span>
    </p>
   </div>
   <div class='ocr_carea' id='block_1_86' title="bbox 1888 2599 3481 2684">
    <p class='ocr_par' dir='ltr' id='par_1_86' title="bbox 1888 2599 3481 2684">
     <span class='ocr_line' id='line_1_86' title="bbox 1888 2599 3481 2684; baseline 0.02 -32"><span class='ocrx_word' id='word_1_722' title='bbox 1888 2599 2157 2668; x_wconf 88' lang='lat' dir='ltr'><strong><em>positurus</em></strong></span> <span class='ocrx_word' id='word_1_723' title='bbox 2177 2602 2242 2657; x_wconf 91' lang='lat' dir='ltr'><strong><em>ad</em></strong></span> <span class='ocrx_word' id='word_1_724' title='bbox 2267 2603 2561 2674; x_wconf 88' lang='lat' dir='ltr'><strong><em>dexteram,</em></strong></span> <span class='ocrx_word' id='word_1_725' title='bbox 2595 2610 2728 2664; x_wconf 87' lang='lat' dir='ltr'><strong><em>alios</em></strong></span> <span class='ocrx_word' id='word_1_726' title='bbox 2749 2611 2815 2666; x_wconf 89' lang='lat' dir='ltr'><strong><em>ad</em></strong></span> <span class='ocrx_word' id='word_1_727' title='bbox 2845 2614 3112 2672; x_wconf 89' lang='lat' dir='ltr'><strong><em>sinistram</em></strong></span> <span class='ocrx_word' id='word_1_728' title='bbox 3138 2638 3150 2672; x_wconf 92' lang='lat'>:</span> <span class='ocrx_word' id='word_1_729' title='bbox 3179 2621 3369 2680; x_wconf 88' lang='lat' dir='ltr'><strong><em>similis</em></strong></span> <span class='ocrx_word' id='word_1_730' title='bbox 3389 2628 3481 2684; x_wconf 86' lang='lat' dir='ltr'><strong><em>ille</em></strong></span> 
     </span>
    </p>
   </div>
   <div class='ocr_carea' id='block_1_87' title="bbox 1889 2689 3482 2775">
    <p class='ocr_par' dir='ltr' id='par_1_87' title="bbox 1889 2689 3482 2775">
     <span class='ocr_line' id='line_1_87' title="bbox 1889 2689 3482 2775; baseline 0.02 -31"><span class='ocrx_word' id='word_1_731' title='bbox 1889 2689 2028 2747; x_wconf 85' lang='lat' dir='ltr'><strong><em>latro</em></strong></span> <span class='ocrx_word' id='word_1_732' title='bbox 2048 2692 2240 2750; x_wconf 86' lang='lat' dir='ltr'><strong><em>futuris</em></strong></span> <span class='ocrx_word' id='word_1_733' title='bbox 2265 2697 2331 2752; x_wconf 88' lang='lat' dir='ltr'><strong><em>ad</em></strong></span> <span class='ocrx_word' id='word_1_734' title='bbox 2360 2699 2651 2768; x_wconf 89' lang='lat' dir='ltr'><strong><em>sinistram,</em></strong></span> <span class='ocrx_word' id='word_1_735' title='bbox 2679 2703 2868 2760; x_wconf 87' lang='lat' dir='ltr'><strong><em>similis</em></strong></span> <span class='ocrx_word' id='word_1_736' title='bbox 2896 2706 3032 2762; x_wconf 89' lang='lat' dir='ltr'><strong><em>alter</em></strong></span> <span class='ocrx_word' id='word_1_737' title='bbox 3051 2709 3238 2770; x_wconf 84' lang='lat' dir='ltr'><strong><em>futuris</em></strong></span> <span class='ocrx_word' id='word_1_738' title='bbox 3263 2716 3330 2772; x_wconf 89' lang='lat' dir='ltr'><strong><em>ad</em></strong></span> <span class='ocrx_word' id='word_1_739' title='bbox 3355 2718 3482 2775; x_wconf 85' lang='lat' dir='ltr'><strong><em>dex-</em></strong></span> 
     </span>
    </p>
   </div>
   <div class='ocr_carea' id='block_1_88' title="bbox 1887 2785 3165 2865">
    <p class='ocr_par' dir='ltr' id='par_1_88' title="bbox 1887 2785 3165 2865">
     <span class='ocr_line' id='line_1_88' title="bbox 1887 2785 3165 2865; baseline 0.02 -27"><span class='ocrx_word' id='word_1_740' title='bbox 1887 2791 2077 2840; x_wconf 85' lang='lat' dir='ltr'><strong><em>teram.</em></strong></span> <span class='ocrx_word' id='word_1_741' title='bbox 2103 2785 2462 2859; x_wconf 84' lang='lat' dir='ltr'><strong><em>Judicabatur,</em></strong></span> <span class='ocrx_word' id='word_1_742' title='bbox 2493 2795 2821 2865; x_wconf 89' lang='lat' dir='ltr'><strong><em>ctjudicium</em></strong></span> <span class='ocrx_word' id='word_1_743' title='bbox 2848 2799 3165 2864; x_wconf 87' lang='lat' dir='ltr'><strong><em>minabatur.</em></strong></span> 
     </span>
    </p>
   </div>
   <div class='ocr_carea' id='block_1_89' title="bbox 2348 2905 3009 2972">
    <p class='ocr_par' dir='ltr' id='par_1_89' title="bbox 2348 2905 3009 2972">
     <span class='ocr_line' id='line_1_89' title="bbox 2348 2905 3009 2972; baseline 0.018 -12"><span class='ocrx_word' id='word_1_744' title='bbox 2348 2905 2758 2970; x_wconf 79' lang='lat' dir='ltr'><strong><em>TRACTATUS</em></strong></span> <span class='ocrx_word' id='word_1_745' title='bbox 2794 2915 3009 2972; x_wconf 81' lang='lat' dir='ltr'><strong>XXXII.</strong></span> 
     </span>
    </p>
   </div>
   <div class='ocr_carea' id='block_1_90' title="bbox 1887 3008 3476 3099">
    <p class='ocr_par' dir='ltr' id='par_1_90' title="bbox 1887 3008 3476 3099">
     <span class='ocr_line' id='line_1_90' title="bbox 1887 3008 3476 3099; baseline 0.021 -35"><span class='ocrx_word' id='word_1_746' title='bbox 1887 3008 1962 3065; x_wconf 79' lang='lat' dir='ltr'><strong><em>Ab</em></strong></span> <span class='ocrx_word' id='word_1_747' title='bbox 1981 3027 2040 3067; x_wconf 89' lang='lat' dir='ltr'><strong><em>eo</em></strong></span> <span class='ocrx_word' id='word_1_748' title='bbox 2069 3014 2200 3083; x_wconf 87' lang='lat' dir='ltr'><strong><em>loco,</em></strong></span> <span class='ocrx_word' id='word_1_749' title='bbox 2250 3016 2308 3072; x_wconf 90' lang='lat' dir='ltr'><strong><em>In</em></strong></span> <span class='ocrx_word' id='word_1_750' title='bbox 2335 3021 2626 3079; x_wconf 78' lang='lat' dir='ltr'><strong><em>novissimo</em></strong></span> <span class='ocrx_word' id='word_1_751' title='bbox 2652 3035 2829 3083; x_wconf 90' lang='lat' dir='ltr'><strong><em>autem</em></strong></span> <span class='ocrx_word' id='word_1_752' title='bbox 2856 3029 2944 3086; x_wconf 91' lang='lat' dir='ltr'><strong><em>die</em></strong></span> <span class='ocrx_word' id='word_1_753' title='bbox 2972 3031 3275 3092; x_wconf 81' lang='lat' dir='ltr'><strong><em>festivitatis</em></strong></span> <span class='ocrx_word' id='word_1_754' title='bbox 3301 3040 3476 3099; x_wconf 83' lang='lat' dir='ltr'><strong><em>stabat</em></strong></span> 
     </span>
    </p>
   </div>
   <div class='ocr_carea' id='block_1_91' title="bbox 1956 3103 3473 3196">
    <p class='ocr_par' dir='ltr' id='par_1_91' title="bbox 1956 3103 3473 3196">
     <span class='ocr_line' id='line_1_91' title="bbox 1956 3103 3473 3196; baseline 0.019 -38"><span class='ocrx_word' id='word_1_755' title='bbox 1956 3103 2116 3161; x_wconf 71' lang='lat' dir='ltr'><strong><em>Iesus</em></strong></span> <span class='ocrx_word' id='word_1_756' title='bbox 2140 3116 2196 3162; x_wconf 91' lang='lat' dir='ltr'><strong><em>et</em></strong></span> <span class='ocrx_word' id='word_1_757' title='bbox 2237 3110 2523 3182; x_wconf 88' lang='lat' dir='ltr'><strong><em>clamabat,</em></strong></span> <span class='ocrx_word' id='word_1_758' title='bbox 2554 3115 2759 3186; x_wconf 91' lang='lat' dir='ltr'><strong><em>dicens,</em></strong></span> <span class='ocrx_word' id='word_1_759' title='bbox 2793 3120 2850 3176; x_wconf 91' lang='lat' dir='ltr'><strong><em>Si</em></strong></span> <span class='ocrx_word' id='word_1_760' title='bbox 2887 3123 3006 3192; x_wconf 92' lang='lat' dir='ltr'><strong><em>quis</em></strong></span> <span class='ocrx_word' id='word_1_761' title='bbox 3043 3127 3174 3196; x_wconf 90' lang='lat' dir='ltr'><strong><em>sitit,</em></strong></span> <span class='ocrx_word' id='word_1_762' title='bbox 3205 3131 3382 3186; x_wconf 87' lang='lat' dir='ltr'><strong><em>veniat</em></strong></span> <span class='ocrx_word' id='word_1_763' title='bbox 3406 3133 3473 3188; x_wconf 88' lang='lat' dir='ltr'><strong><em>ad</em></strong></span> 
     </span>
    </p>
   </div>
   <div class='ocr_carea' id='block_1_92' title="bbox 1957 3201 3475 3294">
    <p class='ocr_par' dir='ltr' id='par_1_92' title="bbox 1957 3201 3475 3294">
     <span class='ocr_line' id='line_1_92' title="bbox 1957 3201 3475 3294; baseline 0.019 -42"><span class='ocrx_word' id='word_1_764' title='bbox 1957 3213 2062 3265; x_wconf 87' lang='lat' dir='ltr'><strong><em>me,</em></strong></span> <span class='ocrx_word' id='word_1_765' title='bbox 2087 3209 2142 3255; x_wconf 90' lang='lat' dir='ltr'><strong><em>et</em></strong></span> <span class='ocrx_word' id='word_1_766' title='bbox 2165 3201 2344 3269; x_wconf 88' lang='lat' dir='ltr'><strong><em>bibat;</em></strong></span> <span class='ocrx_word' id='word_1_767' title='bbox 2378 3222 2535 3276; x_wconf 84' lang='lat' dir='ltr'><strong><em>usque</em></strong></span> <span class='ocrx_word' id='word_1_768' title='bbox 2563 3209 2630 3262; x_wconf 84' lang='lat' dir='ltr'><strong><em>ad</em></strong></span> <span class='ocrx_word' id='word_1_769' title='bbox 2654 3212 2726 3278; x_wconf 90' lang='lat' dir='ltr'><strong><em>id,</em></strong></span> <span class='ocrx_word' id='word_1_770' title='bbox 2759 3212 3008 3270; x_wconf 87' lang='lat' dir='ltr'><strong><em>Nondum</em></strong></span> <span class='ocrx_word' id='word_1_771' title='bbox 3042 3220 3182 3274; x_wconf 71' lang='lat' dir='ltr'><strong><em>etaim</em></strong></span> <span class='ocrx_word' id='word_1_772' title='bbox 3223 3233 3338 3278; x_wconf 87' lang='lat' dir='ltr'><strong><em>erat</em></strong></span> <span class='ocrx_word' id='word_1_773' title='bbox 3363 3223 3475 3294; x_wconf 85' lang='lat' dir='ltr'><strong><em>Spi-</em></strong></span> 
     </span>
    </p>
   </div>
   <div class='ocr_carea' id='block_1_93' title="bbox 1956 3290 3470 3384">
    <p class='ocr_par' dir='ltr' id='par_1_93' title="bbox 1956 3290 3470 3384">
     <span class='ocr_line' id='line_1_93' title="bbox 1956 3290 3470 3384; baseline 0.02 -41"><span class='ocrx_word' id='word_1_774' title='bbox 1956 3290 2089 3346; x_wconf 90' lang='lat' dir='ltr'><strong><em>ritus</em></strong></span> <span class='ocrx_word' id='word_1_775' title='bbox 2119 3293 2294 3361; x_wconf 88' lang='lat' dir='ltr'><strong><em>datus,</em></strong></span> <span class='ocrx_word' id='word_1_776' title='bbox 2325 3299 2448 3369; x_wconf 89' lang='lat' dir='ltr'><strong><em>quia</em></strong></span> <span class='ocrx_word' id='word_1_777' title='bbox 2468 3299 2623 3358; x_wconf 83' lang='lat' dir='ltr'><strong><em>Jesus</em></strong></span> <span class='ocrx_word' id='word_1_778' title='bbox 2649 3305 2883 3363; x_wconf 88' lang='lat' dir='ltr'><strong><em>nondum</em></strong></span> <span class='ocrx_word' id='word_1_779' title='bbox 2925 3309 3096 3367; x_wconf 82' lang='lat' dir='ltr'><strong><em>fuerat</em></strong></span> <span class='ocrx_word' id='word_1_780' title='bbox 3123 3290 3470 3384; x_wconf 79' lang='lat' dir='ltr'><strong><em>glorificatus.</em></strong></span> 
     </span>
    </p>
   </div>
   <div class='ocr_carea' id='block_1_94' title="bbox 1955 3380 2509 3456">
    <p class='ocr_par' dir='ltr' id='par_1_94' title="bbox 1955 3380 2509 3456">
     <span class='ocr_line' id='line_1_94' title="bbox 1955 3380 2509 3456; baseline 0.023 -21"><span class='ocrx_word' id='word_1_781' title='bbox 1955 3380 2081 3454; x_wconf 86' lang='lat' dir='ltr'><strong><em>Cap.</em></strong></span> <span class='ocrx_word' id='word_1_782' title='bbox 2105 3401 2197 3452; x_wconf 87' lang='lat' dir='ltr'><strong><em>vn,</em></strong></span> <span class='ocrx_word' id='word_1_783' title='bbox 2219 3388 2254 3456; x_wconf 60' lang='grc' dir='ltr'><em>ᾗ</em></span> <span class='ocrx_word' id='word_1_784' title='bbox 2280 3427 2291 3442; x_wconf 90' lang='grc'><strong>.</strong></span> <span class='ocrx_word' id='word_1_785' title='bbox 2324 3389 2509 3448; x_wconf 83' lang='lat'><strong><em>&#39;57-&#39;59.</em></strong></span> 
     </span>
    </p>
   </div>
   <div class='ocr_carea' id='block_1_95' title="bbox 1956 3519 3464 3603">
    <p class='ocr_par' dir='ltr' id='par_1_95' title="bbox 1956 3519 3464 3603">
     <span class='ocr_line' id='line_1_95' title="bbox 1956 3519 3464 3603; baseline 0.019 -31"><span class='ocrx_word' id='word_1_786' title='bbox 1956 3519 2007 3572; x_wconf 81' lang='lat' dir='ltr'><strong>I.</strong></span> <span class='ocrx_word' id='word_1_787' title='bbox 2040 3519 2182 3576; x_wconf 91' lang='lat' dir='ltr'><strong><em>Inter</em></strong></span> <span class='ocrx_word' id='word_1_788' title='bbox 2211 3523 2571 3585; x_wconf 90' lang='lat' dir='ltr'><strong><em>dissensiones</em></strong></span> <span class='ocrx_word' id='word_1_789' title='bbox 2595 3539 2650 3585; x_wconf 90' lang='lat' dir='ltr'><strong><em>et</em></strong></span> <span class='ocrx_word' id='word_1_790' title='bbox 2676 3531 3035 3593; x_wconf 89' lang='lat' dir='ltr'><strong><em>dubitationes</em></strong></span> <span class='ocrx_word' id='word_1_791' title='bbox 3059 3539 3363 3599; x_wconf 70' lang='lat' dir='ltr'><strong><em>Iud-corum</em></strong></span> <span class='ocrx_word' id='word_1_792' title='bbox 3395 3546 3464 3603; x_wconf 90' lang='lat' dir='ltr'><strong><em>de</em></strong></span> 
     </span>
    </p>
   </div>
   <div class='ocr_carea' id='block_1_96' title="bbox 1883 3606 3468 3707">
    <p class='ocr_par' dir='ltr' id='par_1_96' title="bbox 1883 3606 3468 3707">
     <span class='ocr_line' id='line_1_96' title="bbox 1883 3606 3468 3707; baseline 0.021 -46"><span class='ocrx_word' id='word_1_793' title='bbox 1883 3606 2112 3666; x_wconf 87' lang='lat' dir='ltr'><strong><em>Domino</em></strong></span> <span class='ocrx_word' id='word_1_794' title='bbox 2129 3611 2257 3669; x_wconf 83' lang='lat' dir='ltr'><strong><em>Jesu</em></strong></span> <span class='ocrx_word' id='word_1_795' title='bbox 2284 3616 2515 3687; x_wconf 88' lang='lat' dir='ltr'><strong><em>Christo,</em></strong></span> <span class='ocrx_word' id='word_1_796' title='bbox 2542 3620 2679 3677; x_wconf 85' lang='lat' dir='ltr'><strong><em>inter</em></strong></span> <span class='ocrx_word' id='word_1_797' title='bbox 2702 3634 2894 3682; x_wconf 81' lang='lat' dir='ltr'><strong><em>caetera</em></strong></span> <span class='ocrx_word' id='word_1_798' title='bbox 2920 3644 3038 3699; x_wconf 65' lang='lat' dir='ltr'><strong><em>qua:</em></strong></span> <span class='ocrx_word' id='word_1_799' title='bbox 3072 3631 3242 3701; x_wconf 78' lang='lat' dir='ltr'><strong><em>dixit,</em></strong></span> <span class='ocrx_word' id='word_1_800' title='bbox 3273 3638 3468 3707; x_wconf 89' lang='lat' dir='ltr'><strong><em>quibus</em></strong></span> 
     </span>
    </p>
   </div>
   <div class='ocr_carea' id='block_1_97' title="bbox 1880 3701 3472 3787">
    <p class='ocr_par' dir='ltr' id='par_1_97' title="bbox 1880 3701 3472 3787">
     <span class='ocr_line' id='line_1_97' title="bbox 1880 3701 3472 3787; baseline 0.02 -32"><span class='ocrx_word' id='word_1_801' title='bbox 1880 3701 1971 3756; x_wconf 89' lang='lat' dir='ltr'><strong><em>alii</em></strong></span> <span class='ocrx_word' id='word_1_802' title='bbox 2000 3703 2468 3780; x_wconf 90' lang='lat' dir='ltr'><strong><em>confunderentur,</em></strong></span> <span class='ocrx_word' id='word_1_803' title='bbox 2501 3713 2589 3768; x_wconf 88' lang='lat' dir='ltr'><strong><em>alii</em></strong></span> <span class='ocrx_word' id='word_1_804' title='bbox 2619 3713 2972 3787; x_wconf 88' lang='lat' dir='ltr'><strong><em>docerentur;</em></strong></span> <span class='ocrx_word' id='word_1_805' title='bbox 3013 3701 3306 3782; x_wconf 44' lang='lat' dir='ltr'><strong><em>novissimo-</em></strong></span> <span class='ocrx_word' id='word_1_806' title='bbox 3329 3730 3472 3787; x_wconf 88' lang='lat' dir='ltr'><strong><em>illius</em></strong></span> 
     </span>
    </p>
   </div>
   <div class='ocr_carea' id='block_1_98' title="bbox 1881 3795 3472 3892">
    <p class='ocr_par' dir='ltr' id='par_1_98' title="bbox 1881 3795 3472 3892">
     <span class='ocr_line' id='line_1_98' title="bbox 1881 3795 3472 3892; baseline 0.019 -43"><span class='ocrx_word' id='word_1_807' title='bbox 1881 3795 2163 3864; x_wconf 83' lang='lat' dir='ltr'><strong><em>festivitatis</em></strong></span> <span class='ocrx_word' id='word_1_808' title='bbox 2190 3801 2271 3854; x_wconf 91' lang='lat' dir='ltr'><strong><em>die</em></strong></span> <span class='ocrx_word' id='word_1_809' title='bbox 2291 3802 2441 3872; x_wconf 89' lang='lat' dir='ltr'><strong><em>(tunc</em></strong></span> <span class='ocrx_word' id='word_1_810' title='bbox 2464 3807 2603 3860; x_wconf 90' lang='lat' dir='ltr'><strong><em>enim</em></strong></span> <span class='ocrx_word' id='word_1_811' title='bbox 2632 3808 2730 3862; x_wconf 89' lang='lat' dir='ltr'><strong><em>ista</em></strong></span> <span class='ocrx_word' id='word_1_812' title='bbox 2759 3811 3098 3887; x_wconf 87' lang='lat' dir='ltr'><strong><em>agebantur),</em></strong></span> <span class='ocrx_word' id='word_1_813' title='bbox 3142 3833 3260 3888; x_wconf 78' lang='lat' dir='ltr'><strong><em>qua:</em></strong></span> <span class='ocrx_word' id='word_1_814' title='bbox 3287 3824 3472 3892; x_wconf 78' lang='lat' dir='ltr'><strong><em>appel-</em></strong></span> 
     </span>
    </p>
   </div>
   <div class='ocr_carea' id='block_1_99' title="bbox 1882 3886 3464 3980">
    <p class='ocr_par' dir='ltr' id='par_1_99' title="bbox 1882 3886 3464 3980">
     <span class='ocr_line' id='line_1_99' title="bbox 1882 3886 3464 3980; baseline 0.018 -39"><span class='ocrx_word' id='word_1_815' title='bbox 1882 3886 2022 3943; x_wconf 90' lang='lat' dir='ltr'><strong><em>latur</em></strong></span> <span class='ocrx_word' id='word_1_816' title='bbox 2055 3889 2401 3964; x_wconf 84' lang='lat' dir='ltr'><strong><em>Scenopegia,</em></strong></span> <span class='ocrx_word' id='word_1_817' title='bbox 2431 3897 2483 3952; x_wconf 91' lang='lat' dir='ltr'><strong><em>id</em></strong></span> <span class='ocrx_word' id='word_1_818' title='bbox 2511 3909 2590 3951; x_wconf 91' lang='lat' dir='ltr'><strong><em>est</em></strong></span> <span class='ocrx_word' id='word_1_819' title='bbox 2625 3886 3085 3962; x_wconf 88' lang='lat' dir='ltr'><strong><em>tabernaculorum</em></strong></span> <span class='ocrx_word' id='word_1_820' title='bbox 3123 3886 3464 3980; x_wconf 80' lang='lat' dir='ltr'><strong><em>constructio,</em></strong></span> 
     </span>
    </p>
   </div>
   <div class='ocr_carea' id='block_1_100' title="bbox 1879 3979 3470 4063">
    <p class='ocr_par' dir='ltr' id='par_1_100' title="bbox 1879 3979 3470 4063">
     <span class='ocr_line' id='line_1_100' title="bbox 1879 3979 3470 4063; baseline 0.018 -28"><span class='ocrx_word' id='word_1_821' title='bbox 1879 3979 1948 4036; x_wconf 87' lang='lat' dir='ltr'><strong><em>de</em></strong></span> <span class='ocrx_word' id='word_1_822' title='bbox 1970 3997 2071 4051; x_wconf 88' lang='lat' dir='ltr'><strong><em>qua</em></strong></span> <span class='ocrx_word' id='word_1_823' title='bbox 2104 3981 2388 4042; x_wconf 80' lang='lat' dir='ltr'><strong><em>festivitate</em></strong></span> <span class='ocrx_word' id='word_1_824' title='bbox 2407 3989 2517 4056; x_wconf 91' lang='lat' dir='ltr'><strong><em>jam</em></strong></span> <span class='ocrx_word' id='word_1_825' title='bbox 2539 4001 2691 4046; x_wconf 86' lang='lat' dir='ltr'><strong><em>antea</em></strong></span> <span class='ocrx_word' id='word_1_826' title='bbox 2726 3998 2967 4052; x_wconf 90' lang='lat' dir='ltr'><strong><em>meminit</em></strong></span> <span class='ocrx_word' id='word_1_827' title='bbox 3007 3999 3250 4060; x_wconf 81' lang='lat' dir='ltr'><strong><em>Charitas</em></strong></span> <span class='ocrx_word' id='word_1_828' title='bbox 3295 3979 3470 4063; x_wconf 84' lang='lat' dir='ltr'><strong><em>vestra</em></strong></span> 
     </span>
    </p>
   </div>
   <div class='ocr_carea' id='block_1_101' title="bbox 1879 4071 3470 4162">
    <p class='ocr_par' dir='ltr' id='par_1_101' title="bbox 1879 4071 3470 4162">
     <span class='ocr_line' id='line_1_101' title="bbox 1879 4071 3470 4162; baseline 0.018 -37"><span class='ocrx_word' id='word_1_829' title='bbox 1879 4071 2043 4126; x_wconf 87' lang='lat' dir='ltr'><strong><em>fuisse</em></strong></span> <span class='ocrx_word' id='word_1_830' title='bbox 2069 4072 2352 4130; x_wconf 89' lang='lat' dir='ltr'><strong><em>dissertum</em></strong></span> <span class='ocrx_word' id='word_1_831' title='bbox 2371 4120 2386 4145; x_wconf 93' lang='lat'><strong><em>,</em></strong></span> <span class='ocrx_word' id='word_1_832' title='bbox 2417 4091 2571 4135; x_wconf 87' lang='lat' dir='ltr'><strong><em>vocat</em></strong></span> <span class='ocrx_word' id='word_1_833' title='bbox 2601 4083 2855 4142; x_wconf 88' lang='lat' dir='ltr'><strong><em>Dominus</em></strong></span> <span class='ocrx_word' id='word_1_834' title='bbox 2885 4088 3038 4144; x_wconf 87' lang='lat' dir='ltr'><strong><em>Jesus</em></strong></span> <span class='ocrx_word' id='word_1_835' title='bbox 3079 4092 3356 4162; x_wconf 88' lang='lat' dir='ltr'><strong><em>Christus,</em></strong></span> <span class='ocrx_word' id='word_1_836' title='bbox 3416 4110 3470 4154; x_wconf 92' lang='lat' dir='ltr'><strong><em>et</em></strong></span> 
     </span>
    </p>
   </div>
   <div class='ocr_carea' id='block_1_102' title="bbox 1879 4161 3467 4259">
    <p class='ocr_par' dir='ltr' id='par_1_102' title="bbox 1879 4161 3467 4259">
     <span class='ocr_line' id='line_1_102' title="bbox 1879 4161 3467 4259; baseline 0.018 -43"><span class='ocrx_word' id='word_1_837' title='bbox 1879 4161 1982 4218; x_wconf 84' lang='lat' dir='ltr'><strong><em>hoc</em></strong></span> <span class='ocrx_word' id='word_1_838' title='bbox 2007 4181 2112 4218; x_wconf 92' lang='lat' dir='ltr'><strong><em>non</em></strong></span> <span class='ocrx_word' id='word_1_839' title='bbox 2147 4175 2429 4239; x_wconf 83' lang='lat' dir='ltr'><strong><em>utcumque</em></strong></span> <span class='ocrx_word' id='word_1_840' title='bbox 2460 4171 2725 4242; x_wconf 87' lang='lat' dir='ltr'><strong><em>loquendo</em></strong></span> <span class='ocrx_word' id='word_1_841' title='bbox 2751 4219 2766 4240; x_wconf 86' lang='lat'><strong><em>,</em></strong></span> <span class='ocrx_word' id='word_1_842' title='bbox 2795 4177 2889 4232; x_wconf 91' lang='lat' dir='ltr'><strong><em>sed</em></strong></span> <span class='ocrx_word' id='word_1_843' title='bbox 2925 4179 3236 4250; x_wconf 83' lang='lat' dir='ltr'><strong><em>clamando,</em></strong></span> <span class='ocrx_word' id='word_1_844' title='bbox 3279 4161 3348 4240; x_wconf 85' lang='lat' dir='ltr'><strong><em>ut</em></strong></span> <span class='ocrx_word' id='word_1_845' title='bbox 3377 4191 3467 4259; x_wconf 90' lang='lat' dir='ltr'><strong><em>qui</em></strong></span> 
     </span>
    </p>
   </div>
   <div class='ocr_carea' id='block_1_103' title="bbox 1843 4255 3463 4350">
    <p class='ocr_par' dir='ltr' id='par_1_103' title="bbox 1843 4255 3463 4350">
     <span class='ocr_line' id='line_1_103' title="bbox 1843 4255 3463 4350; baseline 0.017 -41"><span class='ocrx_word' id='word_1_846' title='bbox 1843 4329 1846 4334; x_wconf 22' lang='grc' dir='ltr'><em>η</em></span> <span class='ocrx_word' id='word_1_847' title='bbox 1884 4255 1990 4311; x_wconf 68' lang='lat' dir='ltr'><strong><em>sitit</em></strong></span> <span class='ocrx_word' id='word_1_848' title='bbox 2015 4257 2187 4313; x_wconf 90' lang='lat' dir='ltr'><strong><em>veniat</em></strong></span> <span class='ocrx_word' id='word_1_849' title='bbox 2210 4260 2276 4313; x_wconf 90' lang='lat' dir='ltr'><strong><em>ad</em></strong></span> <span class='ocrx_word' id='word_1_850' title='bbox 2298 4276 2440 4318; x_wconf 89' lang='lat' dir='ltr'><strong><em>eum.</em></strong></span> <span class='ocrx_word' id='word_1_851' title='bbox 2476 4262 2530 4318; x_wconf 89' lang='lat' dir='ltr'><strong><em>Si</em></strong></span> <span class='ocrx_word' id='word_1_852' title='bbox 2559 4266 2791 4334; x_wconf 85' lang='lat' dir='ltr'><strong><em>sitimus,</em></strong></span> <span class='ocrx_word' id='word_1_853' title='bbox 2824 4273 3132 4341; x_wconf 86' lang='lat' dir='ltr'><strong><em>veniamus;</em></strong></span> <span class='ocrx_word' id='word_1_854' title='bbox 3162 4286 3340 4334; x_wconf 90' lang='lat' dir='ltr'><strong><em>etnon</em></strong></span> <span class='ocrx_word' id='word_1_855' title='bbox 3368 4255 3463 4350; x_wconf 73' lang='lat' dir='ltr'><strong><em>pe-</em></strong></span> 
     </span>
    </p>
   </div>
   <div class='ocr_carea' id='block_1_104' title="bbox 1823 4340 3469 4433">
    <p class='ocr_par' dir='ltr' id='par_1_104' title="bbox 1823 4340 3469 4433">
     <span class='ocr_line' id='line_1_104' title="bbox 1823 4340 3469 4433; baseline 0.018 -32"><span class='ocrx_word' id='word_1_856' title='bbox 1823 4340 1844 4394; x_wconf 87' lang='lat'><strong>/</strong></span> <span class='ocrx_word' id='word_1_857' title='bbox 1880 4347 2066 4416; x_wconf 85' lang='lat' dir='ltr'><strong><em>dibus,</em></strong></span> <span class='ocrx_word' id='word_1_858' title='bbox 2097 4353 2189 4408; x_wconf 89' lang='lat' dir='ltr'><strong><em>sed</em></strong></span> <span class='ocrx_word' id='word_1_859' title='bbox 2238 4353 2546 4422; x_wconf 87' lang='lat' dir='ltr'><strong><em>affectibus;</em></strong></span> <span class='ocrx_word' id='word_1_860' title='bbox 2604 4374 2701 4414; x_wconf 89' lang='lat' dir='ltr'><strong><em>nec</em></strong></span> <span class='ocrx_word' id='word_1_861' title='bbox 2749 4363 3060 4433; x_wconf 87' lang='lat' dir='ltr'><strong><em>migrando,</em></strong></span> <span class='ocrx_word' id='word_1_862' title='bbox 3110 4340 3202 4424; x_wconf 87' lang='lat' dir='ltr'><strong><em>sed</em></strong></span> <span class='ocrx_word' id='word_1_863' title='bbox 3237 4340 3469 4430; x_wconf 79' lang='lat' dir='ltr'><strong><em>amando</em></strong></span> 
     </span>
    </p>
   </div>
   <div class='ocr_carea' id='block_1_105' title="bbox 1879 4444 3467 4535">
    <p class='ocr_par' dir='ltr' id='par_1_105' title="bbox 1879 4444 3467 4535">
     <span class='ocr_line' id='line_1_105' title="bbox 1879 4444 3467 4535; baseline 0.018 -40"><span class='ocrx_word' id='word_1_864' title='bbox 1879 4444 2171 4500; x_wconf 86' lang='lat' dir='ltr'><strong><em>veniamus.</em></strong></span> <span class='ocrx_word' id='word_1_865' title='bbox 2199 4447 2508 4520; x_wconf 87' lang='lat' dir='ltr'><strong><em>Quanquam</em></strong></span> <span class='ocrx_word' id='word_1_866' title='bbox 2531 4455 2822 4510; x_wconf 89' lang='lat' dir='ltr'><strong><em>secundum</em></strong></span> <span class='ocrx_word' id='word_1_867' title='bbox 2842 4458 3145 4517; x_wconf 86' lang='lat' dir='ltr'><strong><em>interiorem</em></strong></span> <span class='ocrx_word' id='word_1_868' title='bbox 3171 4464 3467 4535; x_wconf 84' lang='lat' dir='ltr'><strong><em>hominem,</em></strong></span> 
     </span>
    </p>
   </div>
   <div class='ocr_carea' id='block_1_106' title="bbox 1879 4537 3466 4625">
    <p class='ocr_par' dir='ltr' id='par_1_106' title="bbox 1879 4537 3466 4625">
     <span class='ocr_line' id='line_1_106' title="bbox 1879 4537 3466 4625; baseline 0.018 -36"><span class='ocrx_word' id='word_1_869' title='bbox 1879 4543 1933 4589; x_wconf 88' lang='lat' dir='ltr'><strong><em>et</em></strong></span> <span class='ocrx_word' id='word_1_870' title='bbox 1953 4537 2038 4606; x_wconf 86' lang='lat' dir='ltr'><strong><em>qui</em></strong></span> <span class='ocrx_word' id='word_1_871' title='bbox 2067 4548 2207 4592; x_wconf 87' lang='lat' dir='ltr'><strong><em>amat</em></strong></span> <span class='ocrx_word' id='word_1_872' title='bbox 2233 4539 2440 4608; x_wconf 85' lang='lat' dir='ltr'><strong><em>migrat.</em></strong></span> <span class='ocrx_word' id='word_1_873' title='bbox 2464 4541 2532 4597; x_wconf 86' lang='lat' dir='ltr'><strong><em>Et</em></strong></span> <span class='ocrx_word' id='word_1_874' title='bbox 2551 4543 2692 4599; x_wconf 88' lang='lat' dir='ltr'><strong><em>aliud</em></strong></span> <span class='ocrx_word' id='word_1_875' title='bbox 2714 4557 2796 4602; x_wconf 87' lang='lat' dir='ltr'><strong><em>est</em></strong></span> <span class='ocrx_word' id='word_1_876' title='bbox 2817 4549 3042 4620; x_wconf 62' lang='lat' dir='ltr'><strong><em>migrare</em></strong></span> <span class='ocrx_word' id='word_1_877' title='bbox 3059 4570 3302 4625; x_wconf 76' lang='lat' dir='ltr'><strong><em>corpore,</em></strong></span> <span class='ocrx_word' id='word_1_878' title='bbox 3323 4561 3466 4617; x_wconf 84' lang='lat' dir='ltr'><strong><em>aliud</em></strong></span> 
     </span>
    </p>
   </div>
   <div class='ocr_carea' id='block_1_107' title="bbox 1877 4631 3466 4719">
    <p class='ocr_par' dir='ltr' id='par_1_107' title="bbox 1877 4631 3466 4719">
     <span class='ocr_line' id='line_1_107' title="bbox 1877 4631 3466 4719; baseline 0.018 -35"><span class='ocrx_word' id='word_1_879' title='bbox 1877 4631 2038 4686; x_wconf 90' lang='lat' dir='ltr'><strong><em>corde</em></strong></span> <span class='ocrx_word' id='word_1_880' title='bbox 2070 4635 2300 4706; x_wconf 85' lang='lat' dir='ltr'><strong><em>:migrat</em></strong></span> <span class='ocrx_word' id='word_1_881' title='bbox 2330 4652 2555 4709; x_wconf 89' lang='lat' dir='ltr'><strong><em>corpore</em></strong></span> <span class='ocrx_word' id='word_1_882' title='bbox 2597 4644 2687 4712; x_wconf 92' lang='lat' dir='ltr'><strong><em>qui</em></strong></span> <span class='ocrx_word' id='word_1_883' title='bbox 2741 4654 2887 4700; x_wconf 91' lang='lat' dir='ltr'><strong><em>motu</em></strong></span> <span class='ocrx_word' id='word_1_884' title='bbox 2923 4652 3164 4719; x_wconf 85' lang='lat' dir='ltr'><strong><em>corporis</em></strong></span> <span class='ocrx_word' id='word_1_885' title='bbox 3191 4666 3358 4710; x_wconf 86' lang='lat' dir='ltr'><strong><em>mutat</em></strong></span> <span class='ocrx_word' id='word_1_886' title='bbox 3386 4657 3466 4711; x_wconf 86' lang='lat' dir='ltr'><strong><em>I0-</em></strong></span> 
     </span>
    </p>
   </div>
   <div class='ocr_carea' id='block_1_108' title="bbox 1878 4725 3462 4806">
    <p class='ocr_par' dir='ltr' id='par_1_108' title="bbox 1878 4725 3462 4806">
     <span class='ocr_line' id='line_1_108' title="bbox 1878 4725 3462 4806; baseline 0.02 -32"><span class='ocrx_word' id='word_1_887' title='bbox 1878 4735 2033 4784; x_wconf 91' lang='lat' dir='ltr'><strong><em>cum;</em></strong></span> <span class='ocrx_word' id='word_1_888' title='bbox 2065 4725 2257 4796; x_wconf 87' lang='lat' dir='ltr'><strong><em>migrat</em></strong></span> <span class='ocrx_word' id='word_1_889' title='bbox 2283 4728 2446 4785; x_wconf 86' lang='lat' dir='ltr'><strong><em>corde</em></strong></span> <span class='ocrx_word' id='word_1_890' title='bbox 2466 4773 2481 4799; x_wconf 92' lang='lat'><strong><em>,</em></strong></span> <span class='ocrx_word' id='word_1_891' title='bbox 2504 4732 2592 4802; x_wconf 89' lang='lat' dir='ltr'><strong><em>qui</em></strong></span> <span class='ocrx_word' id='word_1_892' title='bbox 2617 4744 2763 4789; x_wconf 92' lang='lat' dir='ltr'><strong><em>motu</em></strong></span> <span class='ocrx_word' id='word_1_893' title='bbox 2783 4737 2958 4793; x_wconf 87' lang='lat' dir='ltr'><strong><em>cordis</em></strong></span> <span class='ocrx_word' id='word_1_894' title='bbox 2993 4751 3161 4797; x_wconf 83' lang='lat' dir='ltr'><strong><em>mutat</em></strong></span> <span class='ocrx_word' id='word_1_895' title='bbox 3192 4745 3462 4806; x_wconf 89' lang='lat' dir='ltr'><strong><em>affectum.</em></strong></span> 
     </span>
    </p>
   </div>
   <div class='ocr_carea' id='block_1_109' title="bbox 1879 4815 3464 4900">
    <p class='ocr_par' dir='ltr' id='par_1_109' title="bbox 1879 4815 3464 4900">
     <span class='ocr_line' id='line_1_109' title="bbox 1879 4815 3464 4900; baseline 0.016 -28"><span class='ocrx_word' id='word_1_896' title='bbox 1879 4815 1934 4872; x_wconf 91' lang='lat' dir='ltr'><strong><em>Si</em></strong></span> <span class='ocrx_word' id='word_1_897' title='bbox 1970 4817 2114 4872; x_wconf 89' lang='lat' dir='ltr'><strong><em>aliud</em></strong></span> <span class='ocrx_word' id='word_1_898' title='bbox 2154 4834 2324 4889; x_wconf 91' lang='lat' dir='ltr'><strong><em>amas,</em></strong></span> <span class='ocrx_word' id='word_1_899' title='bbox 2366 4822 2506 4877; x_wconf 88' lang='lat' dir='ltr'><strong><em>aliud</em></strong></span> <span class='ocrx_word' id='word_1_900' title='bbox 2550 4826 2787 4894; x_wconf 86' lang='lat' dir='ltr'><strong><em>amabas,</em></strong></span> <span class='ocrx_word' id='word_1_901' title='bbox 2834 4845 2939 4885; x_wconf 93' lang='lat' dir='ltr'><strong><em>non</em></strong></span> <span class='ocrx_word' id='word_1_902' title='bbox 2990 4833 3059 4888; x_wconf 88' lang='lat' dir='ltr'><strong><em>ibi</em></strong></span> <span class='ocrx_word' id='word_1_903' title='bbox 3099 4850 3158 4890; x_wconf 87' lang='lat' dir='ltr'><strong><em>es</em></strong></span> <span class='ocrx_word' id='word_1_904' title='bbox 3207 4838 3294 4893; x_wconf 90' lang='lat' dir='ltr'><strong><em>ubi</em></strong></span> <span class='ocrx_word' id='word_1_905' title='bbox 3322 4857 3464 4900; x_wconf 88' lang='lat' dir='ltr'><strong><em>eras.</em></strong></span> 
     </span>
    </p>
   </div>
   <div class='ocr_carea' id='block_1_110' title="bbox 1949 4907 3466 5000">
    <p class='ocr_par' dir='ltr' id='par_1_110' title="bbox 1949 4907 3466 5000">
     <span class='ocr_line' id='line_1_110' title="bbox 1949 4907 3466 5000; baseline 0.018 -39"><span class='ocrx_word' id='word_1_906' title='bbox 1949 4907 2002 4961; x_wconf 72' lang='lat'><strong>2.</strong></span> <span class='ocrx_word' id='word_1_907' title='bbox 2044 4908 2393 4982; x_wconf 85' lang='lat' dir='ltr'><strong><em>Clamatergo</em></strong></span> <span class='ocrx_word' id='word_1_908' title='bbox 2429 4915 2580 4969; x_wconf 89' lang='lat' dir='ltr'><strong><em>nobis</em></strong></span> <span class='ocrx_word' id='word_1_909' title='bbox 2621 4918 2873 4975; x_wconf 85' lang='lat' dir='ltr'><strong><em>Dominus</em></strong></span> <span class='ocrx_word' id='word_1_910' title='bbox 2916 4941 2927 4976; x_wconf 92' lang='lat'>:</span> <span class='ocrx_word' id='word_1_911' title='bbox 2975 4923 3155 4981; x_wconf 82' lang='lat' dir='ltr'><strong><em>Stabat</em></strong></span> <span class='ocrx_word' id='word_1_912' title='bbox 3196 4930 3376 5000; x_wconf 90' lang='lat' dir='ltr'><strong><em>enim,</em></strong></span> <span class='ocrx_word' id='word_1_913' title='bbox 3419 4946 3466 4988; x_wconf 90' lang='lat' dir='ltr'><strong><em>et</em></strong></span> 
     </span>
    </p>
   </div>
   <div class='ocr_carea' id='block_1_111' title="bbox 1879 5003 3465 5095">
    <p class='ocr_par' dir='ltr' id='par_1_111' title="bbox 1879 5003 3465 5095">
     <span class='ocr_line' id='line_1_111' title="bbox 1879 5003 3465 5095; baseline 0.019 -42"><span class='ocrx_word' id='word_1_914' title='bbox 1879 5003 2146 5069; x_wconf 83' lang='lat' dir='ltr'><strong><em>clamabat,</em></strong></span> <span class='ocrx_word' id='word_1_915' title='bbox 2177 5004 2236 5059; x_wconf 85' lang='lat' dir='ltr'><strong><em>Si</em></strong></span> <span class='ocrx_word' id='word_1_916' title='bbox 2265 5008 2374 5073; x_wconf 79' lang='lat' dir='ltr'><strong><em>quis</em></strong></span> <span class='ocrx_word' id='word_1_917' title='bbox 2421 5009 2560 5074; x_wconf 81' lang='lat' dir='ltr'><strong><em>sitit,</em></strong></span> <span class='ocrx_word' id='word_1_918' title='bbox 2590 5013 2752 5065; x_wconf 79' lang='lat' dir='ltr'><strong><em>veniat</em></strong></span> <span class='ocrx_word' id='word_1_919' title='bbox 2782 5015 2851 5067; x_wconf 84' lang='lat' dir='ltr'><strong><em>ad</em></strong></span> <span class='ocrx_word' id='word_1_920' title='bbox 2893 5033 2971 5072; x_wconf 86' lang='lat' dir='ltr'><strong><em>me</em></strong></span> <span class='ocrx_word' id='word_1_921' title='bbox 2995 5058 3008 5083; x_wconf 94' lang='lat'><strong><em>,</em></strong></span> <span class='ocrx_word' id='word_1_922' title='bbox 3059 5031 3105 5074; x_wconf 88' lang='lat' dir='ltr'><strong><em>et</em></strong></span> <span class='ocrx_word' id='word_1_923' title='bbox 3153 5023 3305 5079; x_wconf 82' lang='lat' dir='ltr'><strong><em>bibat.</em></strong></span> <span class='ocrx_word' id='word_1_924' title='bbox 3365 5028 3465 5095; x_wconf 84' lang='lat' dir='ltr'><strong><em>Qui</em></strong></span> 
     </span>
    </p>
   </div>
   <div class='ocr_carea' id='block_1_112' title="bbox 1878 5093 3467 5179">
    <p class='ocr_par' dir='ltr' id='par_1_112' title="bbox 1878 5093 3467 5179">
     <span class='ocr_line' id='line_1_112' title="bbox 1878 5093 3467 5179; baseline 0.019 -34"><span class='ocrx_word' id='word_1_925' title='bbox 1878 5093 2033 5147; x_wconf 87' lang='lat' dir='ltr'><strong><em>credit</em></strong></span> <span class='ocrx_word' id='word_1_926' title='bbox 2057 5095 2109 5148; x_wconf 91' lang='lat' dir='ltr'><strong><em>in</em></strong></span> <span class='ocrx_word' id='word_1_927' title='bbox 2134 5113 2230 5158; x_wconf 88' lang='lat' dir='ltr'><strong><em>me,</em></strong></span> <span class='ocrx_word' id='word_1_928' title='bbox 2259 5097 2385 5150; x_wconf 86' lang='lat' dir='ltr'><strong><em>sicut</em></strong></span> <span class='ocrx_word' id='word_1_929' title='bbox 2426 5099 2547 5153; x_wconf 85' lang='lat' dir='ltr'><strong><em>dicit</em></strong></span> <span class='ocrx_word' id='word_1_930' title='bbox 2575 5101 2865 5173; x_wconf 88' lang='lat' dir='ltr'><strong><em>‘Scriptura</em></strong></span> <span class='ocrx_word' id='word_1_931' title='bbox 2884 5149 2898 5173; x_wconf 94' lang='lat'><strong><em>,</em></strong></span> <span class='ocrx_word' id='word_1_932' title='bbox 2943 5111 3158 5179; x_wconf 81' lang='lat' dir='ltr'><strong><em>ﬂumina</em></strong></span> <span class='ocrx_word' id='word_1_933' title='bbox 3195 5117 3258 5172; x_wconf 88' lang='lat' dir='ltr'><strong><em>de</em></strong></span> <span class='ocrx_word' id='word_1_934' title='bbox 3300 5093 3467 5175; x_wconf 71' lang='lat' dir='ltr'><strong><em>ventre</em></strong></span> 
     </span>
    </p>
   </div>
   <div class='ocr_carea' id='block_1_113' title="bbox 1879 5187 3464 5276">
    <p class='ocr_par' dir='ltr' id='par_1_113' title="bbox 1879 5187 3464 5276">
     <span class='ocr_line' id='line_1_113' title="bbox 1879 5187 3464 5276; baseline 0.018 -37"><span class='ocrx_word' id='word_1_935' title='bbox 1879 5187 1987 5256; x_wconf 85' lang='lat' dir='ltr'><strong><em>ejus</em></strong></span> <span class='ocrx_word' id='word_1_936' title='bbox 2012 5189 2333 5261; x_wconf 70' lang='lat' dir='ltr'><strong><em>ﬂuentaque:</em></strong></span> <span class='ocrx_word' id='word_1_937' title='bbox 2358 5193 2497 5246; x_wconf 72' lang='lat' dir='ltr'><strong><em>vim.</em></strong></span> <span class='ocrx_word' id='word_1_938' title='bbox 2528 5193 2664 5261; x_wconf 88' lang='lat' dir='ltr'><strong><em>Quid</em></strong></span> <span class='ocrx_word' id='word_1_939' title='bbox 2702 5196 2804 5254; x_wconf 91' lang='lat' dir='ltr'><strong><em>hoc</em></strong></span> <span class='ocrx_word' id='word_1_940' title='bbox 2829 5212 2997 5267; x_wconf 88' lang='lat' dir='ltr'><strong><em>esset,</em></strong></span> <span class='ocrx_word' id='word_1_941' title='bbox 3029 5209 3243 5276; x_wconf 83' lang='lat' dir='ltr'><strong><em>quando</em></strong></span> <span class='ocrx_word' id='word_1_942' title='bbox 3287 5212 3464 5267; x_wconf 57' lang='lat' dir='ltr'><strong><em>Evan.</em></strong></span> 
     </span>
    </p>
   </div>
   <div class='ocr_carea' id='block_1_114' title="bbox 1878 5280 3459 5360">
    <p class='ocr_par' dir='ltr' id='par_1_114' title="bbox 1878 5280 3459 5360">
     <span class='ocr_line' id='line_1_114' title="bbox 1878 5280 3459 5360; baseline 0.018 -28"><span class='ocrx_word' id='word_1_943' title='bbox 1878 5280 2060 5349; x_wconf 79' lang='lat' dir='ltr'><strong><em>gelista</em></strong></span> <span class='ocrx_word' id='word_1_944' title='bbox 2083 5283 2346 5352; x_wconf 72' lang='lat' dir='ltr'><strong><em>exposuit,</em></strong></span> <span class='ocrx_word' id='word_1_945' title='bbox 2381 5285 2654 5342; x_wconf 82' lang='lat' dir='ltr'><strong><em>immorari</em></strong></span> <span class='ocrx_word' id='word_1_946' title='bbox 2682 5305 2786 5344; x_wconf 90' lang='lat' dir='ltr'><strong><em>non</em></strong></span> <span class='ocrx_word' id='word_1_947' title='bbox 2817 5292 3093 5352; x_wconf 83' lang='lat' dir='ltr'><strong><em>debemus.</em></strong></span> <span class='ocrx_word' id='word_1_948' title='bbox 3127 5299 3276 5355; x_wconf 89' lang='lat' dir='ltr'><strong><em>Unde</em></strong></span> <span class='ocrx_word' id='word_1_949' title='bbox 3318 5304 3459 5360; x_wconf 88' lang='lat' dir='ltr'><strong><em>enim</em></strong></span> 
     </span>
    </p>
   </div>
   <div class='ocr_carea' id='block_1_115' title="bbox 1879 5373 3450 5460">
    <p class='ocr_par' dir='ltr' id='par_1_115' title="bbox 1879 5373 3450 5460">
     <span class='ocr_line' id='line_1_115' title="bbox 1879 5373 3450 5460; baseline 0.013 -34"><span class='ocrx_word' id='word_1_950' title='bbox 1879 5373 2071 5428; x_wconf 76' lang='lat' dir='ltr'><strong><em>diverit</em></strong></span> <span class='ocrx_word' id='word_1_951' title='bbox 2103 5375 2374 5442; x_wconf 90' lang='lat' dir='ltr'><strong><em>Dominus,</em></strong></span> <span class='ocrx_word' id='word_1_952' title='bbox 2407 5377 2467 5433; x_wconf 89' lang='lat' dir='ltr'><strong><em>Si</em></strong></span> <span class='ocrx_word' id='word_1_953' title='bbox 2489 5381 2598 5450; x_wconf 85' lang='lat' dir='ltr'><strong><em>quis</em></strong></span> <span class='ocrx_word' id='word_1_954' title='bbox 2620 5383 2744 5449; x_wconf 84' lang='lat' dir='ltr'><strong><em>sitit,</em></strong></span> <span class='ocrx_word' id='word_1_955' title='bbox 2775 5387 2938 5440; x_wconf 83' lang='lat' dir='ltr'><strong><em>veniat</em></strong></span> <span class='ocrx_word' id='word_1_956' title='bbox 2963 5390 3032 5441; x_wconf 85' lang='lat' dir='ltr'><strong><em>ad</em></strong></span> <span class='ocrx_word' id='word_1_957' title='bbox 3053 5407 3161 5453; x_wconf 86' lang='lat' dir='ltr'><strong><em>me,</em></strong></span> <span class='ocrx_word' id='word_1_958' title='bbox 3194 5401 3239 5444; x_wconf 92' lang='lat' dir='ltr'><strong><em>et</em></strong></span> <span class='ocrx_word' id='word_1_959' title='bbox 3291 5392 3450 5460; x_wconf 85' lang='lat' dir='ltr'><strong><em>bibat,</em></strong></span> 
     </span>
    </p>
   </div>
   <div class='ocr_carea' id='block_1_116' title="bbox 1880 5464 3455 5552">
    <p class='ocr_par' dir='ltr' id='par_1_116' title="bbox 1880 5464 3455 5552">
     <span class='ocr_line' id='line_1_116' title="bbox 1880 5464 3455 5552; baseline 0.014 -35"><span class='ocrx_word' id='word_1_960' title='bbox 1880 5473 1954 5531; x_wconf 91' lang='lat' dir='ltr'><strong><em>et,</em></strong></span> <span class='ocrx_word' id='word_1_961' title='bbox 1989 5464 2087 5531; x_wconf 84' lang='lat' dir='ltr'><strong><em>Qui</em></strong></span> <span class='ocrx_word' id='word_1_962' title='bbox 2116 5469 2274 5521; x_wconf 87' lang='lat' dir='ltr'><strong><em>credit</em></strong></span> <span class='ocrx_word' id='word_1_963' title='bbox 2299 5470 2351 5523; x_wconf 85' lang='lat' dir='ltr'><strong><em>in</em></strong></span> <span class='ocrx_word' id='word_1_964' title='bbox 2373 5487 2476 5537; x_wconf 91' lang='lat' dir='ltr'><strong><em>me,</em></strong></span> <span class='ocrx_word' id='word_1_965' title='bbox 2503 5473 2716 5542; x_wconf 81' lang='lat' dir='ltr'><strong><em>ﬂumina</em></strong></span> <span class='ocrx_word' id='word_1_966' title='bbox 2741 5477 2804 5531; x_wconf 85' lang='lat' dir='ltr'><strong><em>de</em></strong></span> <span class='ocrx_word' id='word_1_967' title='bbox 2823 5488 2987 5532; x_wconf 84' lang='lat' dir='ltr'><strong><em>ventre</em></strong></span> <span class='ocrx_word' id='word_1_968' title='bbox 3005 5481 3114 5549; x_wconf 79' lang='lat' dir='ltr'><strong><em>ejus</em></strong></span> <span class='ocrx_word' id='word_1_969' title='bbox 3136 5483 3296 5550; x_wconf 81' lang='lat' dir='ltr'><strong><em>ﬂuent</em></strong></span> <span class='ocrx_word' id='word_1_970' title='bbox 3316 5478 3455 5552; x_wconf 79' lang='lat' dir='ltr'><strong><em>aqua</em></strong></span> 
     </span>
    </p>
   </div>
   <div class='ocr_carea' id='block_1_117' title="bbox 1879 5559 3460 5640">
    <p class='ocr_par' dir='ltr' id='par_1_117' title="bbox 1879 5559 3460 5640">
     <span class='ocr_line' id='line_1_117' title="bbox 1879 5559 3460 5640; baseline 0.013 -28"><span class='ocrx_word' id='word_1_971' title='bbox 1879 5559 2022 5625; x_wconf 72' lang='lat' dir='ltr'><strong><em>rima;</em></strong></span> <span class='ocrx_word' id='word_1_972' title='bbox 2052 5572 2440 5631; x_wconf 89' lang='lat' dir='ltr'><strong><em>consequenter</em></strong></span> <span class='ocrx_word' id='word_1_973' title='bbox 2456 5567 2702 5636; x_wconf 87' lang='lat' dir='ltr'><strong><em>exposuit</em></strong></span> <span class='ocrx_word' id='word_1_974' title='bbox 2729 5568 3085 5640; x_wconf 84' lang='lat' dir='ltr'><strong><em>Evangelista,</em></strong></span> <span class='ocrx_word' id='word_1_975' title='bbox 3108 5572 3290 5629; x_wconf 85' lang='lat' dir='ltr'><strong><em>dicens</em></strong></span> <span class='ocrx_word' id='word_1_976' title='bbox 3316 5594 3329 5629; x_wconf 89' lang='lat'>:</span> <span class='ocrx_word' id='word_1_977' title='bbox 3354 5575 3460 5632; x_wconf 82' lang='grc' dir='ltr'><strong><em>Ηοι</em></strong></span> 
     </span>
    </p>
   </div>
   <div class='ocr_carea' id='block_1_118' title="bbox 1880 5653 3461 5730">
    <p class='ocr_par' dir='ltr' id='par_1_118' title="bbox 1880 5653 3461 5730">
     <span class='ocr_line' id='line_1_118' title="bbox 1880 5653 3461 5730; baseline 0.015 -27"><span class='ocrx_word' id='word_1_978' title='bbox 1880 5662 2046 5705; x_wconf 87' lang='lat' dir='ltr'><strong><em>autem</em></strong></span> <span class='ocrx_word' id='word_1_979' title='bbox 2068 5653 2194 5707; x_wconf 73' lang='lat' dir='ltr'><strong><em>dixit</em></strong></span> <span class='ocrx_word' id='word_1_980' title='bbox 2216 5655 2278 5709; x_wconf 87' lang='lat' dir='ltr'><strong><em>de</em></strong></span> <span class='ocrx_word' id='word_1_981' title='bbox 2303 5656 2501 5726; x_wconf 81' lang='lat' dir='ltr'><strong><em>Spiritu</em></strong></span> <span class='ocrx_word' id='word_1_982' title='bbox 2541 5675 2686 5728; x_wconf 88' lang='lat' dir='ltr'><strong><em>quem</em></strong></span> <span class='ocrx_word' id='word_1_983' title='bbox 2717 5664 2970 5730; x_wconf 85' lang='lat' dir='ltr'><strong><em>accepturi</em></strong></span> <span class='ocrx_word' id='word_1_984' title='bbox 3016 5675 3157 5718; x_wconf 83' lang='lat' dir='ltr'><strong><em>erant</em></strong></span> <span class='ocrx_word' id='word_1_985' title='bbox 3205 5669 3461 5727; x_wconf 82' lang='lat' dir='ltr'><strong><em>credentes</em></strong></span> 
     </span>
    </p>
   </div>
   <div class='ocr_carea' id='block_1_119' title="bbox 1880 5743 3460 5829">
    <p class='ocr_par' dir='ltr' id='par_1_119' title="bbox 1880 5743 3460 5829">
     <span class='ocr_line' id='line_1_119' title="bbox 1880 5743 3460 5829; baseline 0.015 -34"><span class='ocrx_word' id='word_1_986' title='bbox 1880 5743 1932 5796; x_wconf 89' lang='lat' dir='ltr'><strong><em>in</em></strong></span> <span class='ocrx_word' id='word_1_987' title='bbox 1960 5761 2088 5798; x_wconf 88' lang='lat' dir='ltr'><strong><em>eum.</em></strong></span> <span class='ocrx_word' id='word_1_988' title='bbox 2122 5744 2368 5801; x_wconf 84' lang='lat' dir='ltr'><strong><em>Nondum</em></strong></span> <span class='ocrx_word' id='word_1_989' title='bbox 2394 5749 2526 5802; x_wconf 87' lang='lat' dir='ltr'><strong><em>enim</em></strong></span> <span class='ocrx_word' id='word_1_990' title='bbox 2546 5761 2651 5803; x_wconf 88' lang='lat' dir='ltr'><strong><em>erat</em></strong></span> <span class='ocrx_word' id='word_1_991' title='bbox 2676 5751 2900 5819; x_wconf 87' lang='lat' dir='ltr'><strong><em>Spiritus</em></strong></span> <span class='ocrx_word' id='word_1_992' title='bbox 2928 5753 3074 5809; x_wconf 80' lang='lat' dir='ltr'><strong><em>datus</em></strong></span> <span class='ocrx_word' id='word_1_993' title='bbox 3098 5797 3113 5824; x_wconf 91' lang='lat'><strong><em>,</em></strong></span> <span class='ocrx_word' id='word_1_994' title='bbox 3155 5759 3273 5829; x_wconf 84' lang='lat' dir='ltr'><strong><em>quia</em></strong></span> <span class='ocrx_word' id='word_1_995' title='bbox 3311 5760 3460 5819; x_wconf 72' lang='lat' dir='ltr'><strong><em>Iesus</em></strong></span> 
     </span>
    </p>
   </div>
   <div class='ocr_carea' id='block_1_120' title="bbox 1883 5836 3459 5913">
    <p class='ocr_par' dir='ltr' id='par_1_120' title="bbox 1883 5836 3459 5913">
     <span class='ocr_line' id='line_1_120' title="bbox 1883 5836 3459 5913; baseline 0.014 -24"><span class='ocrx_word' id='word_1_996' title='bbox 1883 5836 2105 5892; x_wconf 85' lang='lat' dir='ltr'><strong><em>nondum</em></strong></span> <span class='ocrx_word' id='word_1_997' title='bbox 2134 5849 2237 5895; x_wconf 88' lang='lat' dir='ltr'><strong><em>erat</em></strong></span> <span class='ocrx_word' id='word_1_998' title='bbox 2261 5839 2589 5910; x_wconf 77' lang='lat' dir='ltr'><strong><em>gloriﬁcatus.</em></strong></span> <span class='ocrx_word' id='word_1_999' title='bbox 2613 5841 2707 5896; x_wconf 87' lang='lat' dir='ltr'><strong><em>Est</em></strong></span> <span class='ocrx_word' id='word_1_1000' title='bbox 2726 5856 2854 5912; x_wconf 86' lang='lat' dir='ltr'><strong><em>ergo</em></strong></span> <span class='ocrx_word' id='word_1_1001' title='bbox 2877 5844 2994 5900; x_wconf 88' lang='lat' dir='ltr'><strong><em>sitis</em></strong></span> <span class='ocrx_word' id='word_1_1002' title='bbox 3013 5848 3232 5907; x_wconf 87' lang='lat' dir='ltr'><strong><em>interior</em></strong></span> <span class='ocrx_word' id='word_1_1003' title='bbox 3255 5863 3310 5908; x_wconf 89' lang='lat' dir='ltr'><strong><em>et</em></strong></span> <span class='ocrx_word' id='word_1_1004' title='bbox 3338 5869 3459 5913; x_wconf 53' lang='lat' dir='ltr'><strong><em>ven.</em></strong></span> 
     </span>
    </p>
   </div>
   <div class='ocr_carea' id='block_1_121' title="bbox 2413 5928 3049 6022">
    <p class='ocr_par' dir='ltr' id='par_1_121' title="bbox 2413 5928 3049 6022">
     <span class='ocr_line' id='line_1_121' title="bbox 2413 5928 3049 6022; baseline 0.019 -32"><span class='ocrx_word' id='word_1_1005' title='bbox 2413 5928 2433 6003; x_wconf 92' lang='lat'><strong><em>(</em></strong></span> <span class='ocrx_word' id='word_1_1006' title='bbox 2446 5930 2518 6000; x_wconf 85' lang='lat' dir='ltr'><strong><em>Ci</em></strong></span> <span class='ocrx_word' id='word_1_1007' title='bbox 2521 5935 2992 6011; x_wconf 74' lang='lat' dir='ltr'><strong><em>nquautc-deux</em></strong></span> <span class='ocrx_word' id='word_1_1008' title='bbox 3000 5985 3013 6000; x_wconf 95' lang='lat'><strong><em>.</em></strong></span> <span class='ocrx_word' id='word_1_1009' title='bbox 3009 5944 3049 6022; x_wconf 58' lang='grc' dir='ltr'><em>λ</em></span> 
     </span>
    </p>
   </div>
  </div>
