3916 6360
469 373 612 441 1687

471 499 670 561 vimus,
715 489 759 545 si
799 487 855 542 in
898 481 1069 552 ipsum
1116 469 1385 529 credimus
1423 463 1514 534 qui
1551 453 1879 516 resurrexit;
1917 444 2065 502 dabit

699 594 805 637 non
843 545 984 645 quod
1030 567 1116 622 hic
1141 567 1325 619 amant
1353 554 1599 611 homines
1627 547 1716 619 qui
1753 545 1920 598 Deum
1959 551 2064 592 non

477 630 689 742 inmani,
729 677 822 726 aut
861 630 1011 721 ianto
1050 659 1170 730 plus
1203 659 1416 714 amant,
1456 652 1656 716 quanto
1703 638 1850 692 illum
1892 630 2070 686 minus

479 722 704 827 amant:
738 771 885 818 tanto
918 722 1098 812 autem
1121 749 1224 804 hoc
1253 745 1429 800 minus
1462 741 1664 801 amant,
1691 733 1890 800 quanto
1919 722 2068 778 illum

480 817 844 934 pii-istaistam.
872 847 982 905 Sed
1007 842 1283 898 videamus
1309 831 1436 906 quid
1464 827 1618 886 nobis
1651 817 1892 894 promisit
1919 833 1931 867 :
1961 826 2066 867 non

481 914 695 1009 divitias
724 955 964 1001 terrenas
987 945 1044 993 et
1075 928 1418 1002 temporales,
1445 935 1553 977 non
1581 919 1813 972 honores
1837 918 1892 965 et
1930 914 2072 976 pote-

481 1054 652 1104 states
694 1041 748 1095 in
790 1033 987 1091 smculo
1022 1030 1158 1091 isto;
1200 1018 1391 1077 videtis
1417 1015 1561 1073 enim
1598 1007 1777 1065 omnia
1814 1003 1928 1057 hare
1953 997 2071 1053 dari

486 1088 1074 1193 eiub‘ohtiniliusmalis,
1104 1088 1173 1172 ne
1199 1104 1674 1181 magnipendantur
1699 1112 1727 1151 a
1752 1094 1927 1150 bonis.
1957 1088 2072 1144 Non

487 1229 659 1298 ipsam
701 1229 966 1292 postremo
1009 1183 1252 1278 corporis
1289 1201 1569 1258 sanitatem
1603 1211 1616 1248 :
1653 1205 1760 1247 non
1797 1186 1921 1258 quia
1963 1183 2077 1252 ipse

1363 1292 1411 1298 --
1474 1290 1485 1298 -
1615 1295 1623 1298 -
1968 1273 2049 1298 λη.

488 1273 636 1375 iilam
663 1273 768 1370 nim
803 1311 914 1375 dat,
942 1304 1037 1362 sed
1062 1273 1206 1372 quia,
1242 1303 1300 1351 ut
1326 1290 1542 1353 videtis,
1577 1295 1633 1342 et
1659 1279 1940 1354 pecoribus
1964 1273 2074 1328 dat.

491 1411 608 1468 Non
639 1363 1058 1470 vitamlongam.
1081 1363 1236 1459 'Quid
1261 1394 1346 1442 est
1379 1383 1523 1439 enim
1558 1379 1775 1445 longum
1803 1366 1944 1440 quod
1978 1363 2078 1418 alio

490 1456 971 1575 q‘tiandomlinituﬁ
1013 1456 1140 1542 Νοᾶ
1177 1494 1274 1552 pro
1323 1486 1517 1545 magno
1563 1466 1718 1523 nobis
1745 1456 2081 1517 credentibus

491 1559 738 1665 promisit
775 1581 1185 1654 longaivitatem,
1219 1579 1310 1626 aut
1350 1561 1676 1632 decrepitam
1715 1559 2079 1610 senectutem;

1540 1654 1551 1665 .
1597 1662 1604 1665 _
1741 1664 1788 1665 _
1836 1660 1856 1665 _
1899 1643 1956 1665 Δ,
1991 1640 2078 1665 mh

494 1640 655 1757 quam
681 1640 897 1736 omne;
909 1678 1094 1743 optant
1124 1673 1407 1732 antequam
1434 1654 1632 1716 veniat,
1672 1660 1859 1704 omnes
1893 1643 1960 1698 de
1991 1640 2084 1696 illa

496 1790 620 1833 cum
645 1768 854 1827 venerit
881 1741 1231 1820 murmurant.
1260 1752 1376 1808 Non
1407 1741 1852 1819 pulchritudinem
1887 1747 2081 1804 corpo-

497 1868 597 1933 ris,
622 1876 778 1933 quam
799 1858 886 1912 vel
917 1848 1156 1921 corporis
1181 1843 1419 1907 morbus,
1448 1838 1532 1892 vel
1555 1837 1666 1903 ipsa
1693 1836 1942 1886 senectus
1967 1837 2086 1894 qua:

499 1919 714 2028 opiatur
738 1919 1084 2007 exterminat.
1123 1939 1250 1993 Vult
1290 1947 1410 1989 esse
1448 1927 1692 2002 pulcher,
1737 1931 1791 1978 et
1819 1919 1931 1975 vult
1967 1929 2088 1972 esse

500 2061 669 2106 senex
701 2061 717 2098 :
751 2044 851 2098 ista
892 2038 997 2092 duo
1034 2029 1301 2088 desideria
1345 2023 1446 2080 sibi
1493 2021 1718 2076 invicem
1763 2009 2089 2069 concordare

501 2156 612 2198 non
643 2141 867 2208 possunt
893 2148 906 2184 :
931 2129 975 2184 si
1002 2140 1162 2182 senex
1185 2121 1314 2186 eris,
1337 2113 1558 2188 pulcher
1582 2125 1691 2165 non
1707 2107 1814 2163 eris
1839 2123 1851 2158 :
1875 2099 2088 2174 quando

501 2193 758 2290 senectus
794 2221 1018 2285 venerit,
1053 2209 1388 2288 pulchritudo
1413 2205 1608 2277 fugiet;
1643 2201 1772 2258 etin
1801 2213 1906 2253 uno
1935 2193 2090 2250 habi-

503 2338 624 2383 tare
649 2337 755 2379 non
781 2323 1004 2389 possunt
1033 2311 1186 2381 vigor
1212 2298 1642 2378 pulchritudinis,
1672 2303 1727 2351 et
1749 2291 1978 2364 gemitus
2004 2301 2093 2342 se-

504 2416 758 2476 nectutis.
783 2379 990 2466 .Omnia
1037 2379 1166 2474 ergo
1209 2401 1309 2454 ista
1351 2409 1457 2450 non
1506 2391 1659 2446 nobis
1689 2383 1958 2458 promisit,
2003 2379 2094 2450 qui

507 2509 666 2576 dixit,
696 2505 797 2574 Qui
823 2501 977 2558 credit
1001 2499 1056 2552 in
1091 2469 1190 2560 nte,
1227 2491 1414 2554 veniat,
1458 2495 1504 2540 et
1532 2482 1704 2545 bibat;
1729 2487 1777 2533 et
1801 2474 2016 2547 ﬂumina
2035 2469 2099 2524 de

505 2608 682 2658 uentre
703 2597 812 2669 ejus
839 2594 996 2664 ﬂuent
1024 2600 1169 2658 aqua:
1185 2584 1329 2637 ciete.
1352 2577 1528 2632 Vitam
1550 2580 1804 2628 mtcrnam
1829 2560 2096 2637 promisit,

507 2691 603 2748 ubi
626 2654 756 2744 nihil
787 2654 1090 2743 timeamus,
1123 2673 1210 2729 ubi
1235 2687 1341 2727 non
1385 2662 1785 2723 conturbemur,
1820 2654 1961 2711 unde
1990 2666 2096 2707 non

509 2784 822 2853 migremus,
851 2773 939 2830 ubi
966 2786 1074 2827 non
1095 2766 1416 2826 moriamur;
1437 2758 1528 2814 ubi
1557 2769 1656 2810 nec
1680 2752 1933 2807 decessor
1951 2744 2106 2815 plan-

511 2886 704 2949 gatur,
741 2883 842 2926 nec
887 2875 1165 2928 successor
1213 2862 1475 2926 speretur.
1523 2847 1656 2911 Quia
1707 2855 1836 2912 ergo
1873 2837 1979 2893 tale
2022 2842 2105 2890 est

514 2925 659 3039 quod
690 2925 856 3018 ,nobis
907 2925 1156 3030 promisit
1207 2925 1527 3006 amantibus,
1569 2946 1623 2992 et
1666 2932 1896 3004 Spiritus
1933 2925 2102 2982 sancti

1286 3036 1295 3039 -
1409 3035 1419 3039 -
1630 3026 1662 3039 ,.
1707 3024 1718 3035 .
1756 3023 1788 3039 .,
1865 3036 1880 3039 _
1940 3014 2100 3039 “,4,

515 3014 780 3114 dharitate
833 3014 1192 3107 ferventibus;
1247 3036 1368 3094 ideo
1408 3035 1581 3103 ipsum
1630 3023 1886 3096 Spiritum
1940 3014 2108 3071 noluit

517 3151 670 3211 dare,
701 3144 802 3200 nisi
843 3157 964 3196 cum
1010 3143 1155 3193 esset
1178 3128 1504 3203 glorilieatus
1539 3141 1550 3176 :
1581 3130 1638 3174 ut
1676 3118 1729 3171 in
1757 3128 1856 3169 suo
1882 3122 2106 3178 corpore

519 3238 832 3298 ostenderet
872 3233 1055 3294 vitam,
1076 3240 1235 3298 quam
1281 3218 1441 3276 modo
1483 3229 1590 3272 non
1620 3211 1900 3270 habemus,
1931 3202 2024 3259 sed
2056 3202 2108 3255 in

522 3327 917 3390 resurrectione
943 3330 1239 3391 speramus.

969 3423 1383 3490 TRACTATUS
1420 3416 1658 3476 XXXIII.

527 3561 604 3617 Ab
625 3576 680 3614 eo
706 3558 816 3612 loco
846 3547 1130 3622 Evangelii,
1155 3545 1234 3599 Ex
1261 3540 1348 3596 illa
1375 3550 1502 3607 ergo
1519 3533 1670 3588 turba
1691 3543 1811 3584 cum
1842 3522 2116 3578 audissent

601 3652 704 3708 hos
752 3619 1029 3703 sermones
1078 3638 1214 3708 ejus,
1247 3645 1366 3699 etc.,
1410 3643 1565 3700 usque
1590 3625 1658 3679 ad
1696 3623 1769 3684 id,
1800 3619 1907 3674 Nec
1936 3630 2036 3685 ego
2062 3623 2116 3667 te

601 3737 1010 3800 condemnabo;
1042 3706 1194 3790 vade.
1221 3736 1276 3782 et
1302 3722 1529 3792 amplius
1574 3715 1681 3771 nuli
1719 3724 1960 3784 peccare.
1984 3706 2110 3776 Cap.

603 3851 698 3899 vn,
741 3833 773 3903 ἃ
800 3869 814 3883 .
839 3827 1024 3893 40-35,
1054 3832 1108 3878 ct
1134 3836 1250 3891 cap.
1276 3832 1393 3882 vm,
1435 3815 1470 3884 Ῡ
1497 3852 1509 3865 .
1540 3810 1694 3866 1-11.

607 3950 661 4004 1.
701 3942 934 4001 Meminit
979 3935 1221 3994 Charitas
1261 3941 1457 3996 vestra,
1504 3937 1750 3982 sermone
1793 3919 2014 3991 pristino
2051 3931 2117 3971 ex

534 4040 816 4100 occasione
844 4032 1087 4091 lectionis
1117 4025 1432 4097 evangelica:
1459 4023 1666 4076 locutos
1697 4030 1794 4071 nos
1825 4029 1944 4070 esse
1969 4010 2122 4064 vobis

535 4134 604 4192 de
629 4131 827 4203 Spiritu
862 4135 1066 4182 sancto.
1099 4120 1178 4176 Ad
1226 4119 1368 4173 hunc
1400 4111 1686 4185 potandum
1714 4124 1834 4164 cum
1870 4103 2123 4158 Dominus

535 4227 812 4283 invitasset
836 4217 1117 4275 credentes
1143 4214 1192 4266 in
1221 4226 1300 4273 sc,
1332 4209 1554 4277 luqttcus
1581 4205 1719 4258 inter
1748 4214 1842 4256 eos
1865 4196 1954 4268 qui
1976 4196 2121 4249 illum

538 4329 724 4374 tenere
764 4309 1086 4384 cogitabant,
1119 4315 1169 4360 et
1204 4301 1500 4358 interficere
1528 4295 1814 4365 cupiebant
1853 4306 1952 4345 nec
1984 4287 2127 4341 valeo

537 4412 688 4472 bant,
714 4408 836 4476 quia
867 4403 954 4456 ille
982 4398 1196 4455 nolebat
1227 4414 1239 4446 :
1273 4409 1392 4448 cum
1423 4405 1550 4459 ergo
1579 4389 1691 4441 lucc
1719 4385 1928 4439 locutus
1959 4389 2122 4445 esset,

542 4511 667 4557 nata
690 4507 772 4552 est
811 4495 877 4549 de
924 4493 1013 4546 illo
1058 4492 1113 4544 in
1160 4486 1313 4540 turba
1343 4482 1622 4539 dissensio,
1667 4477 1784 4532 aliis
1823 4473 2130 4545 putantibus

545 4591 688 4666 quod
715 4591 828 4660 ipse
857 4593 998 4641 esset
1025 4581 1289 4642 Christus,
1311 4577 1429 4630 aliis
1456 4571 1752 4628 dicentibus
1780 4570 1900 4640 quia
1932 4568 1998 4622 de
2023 4566 2133 4621 Ga~

547 4788 608 4833 ut
638 4791 758 4832 emn
802 4778 1063 4835 tenerent,
1115 4765 1386 4821 redierunt
1427 4763 1689 4816 immunes
1728 4773 1758 4812 a
1799 4759 2042 4822 crimine,
2080 4766 2137 4812 et

550 4872 694 4943 pleni
723 4865 1093 4924 admiratione.
1122 4860 1253 4915 Nunt
1280 4867 1333 4914 et
1366 4856 1726 4912 testimonium
1753 4851 2135 4923 perhibuerunt

552 4966 747 5021 divina:
788 4959 1042 5019 doctrina:
1085 4956 1222 5027 ejus,
1269 4968 1388 5009 cum
1429 4950 1666 5006 dicerent
1705 4965 1735 5004 a
1765 4947 1958 5019 quibus
1985 4946 2133 5000 missi

551 5058 784 5120 fuerant,
837 5053 1006 5120 Quare
1053 5066 1152 5105 non
1197 5044 1482 5102 adduxistis
1529 5042 1678 5098 eum?
1726 5039 2138 5111 Responderunt

552 5151 700 5206 enim
745 5161 1008 5216 nunquam
1051 5158 1111 5199 se
1157 5140 1369 5198 audisse
1412 5139 1680 5194 hominem
1730 5137 1807 5191 sic
1850 5137 2086 5192 locutum
2121 5152 2133 5187 :

560 5238 684 5295 Non
715 5237 847 5292 enim
882 5236 1148 5306 quisquam
1174 5234 1245 5286 sic
1273 5233 1492 5300 loquitur
1522 5231 1691 5283 homo.
1735 5228 1828 5282 llle
1857 5237 2034 5282 autem
2062 5226 2140 5281 sic

555 5332 772 5386 locutus
790 5335 892 5394 est,
918 5326 1040 5396 quia
1074 5325 1211 5379 Deus
1233 5332 1349 5378 erat
1372 5330 1428 5377 et
1455 5322 1635 5377 homo.
1673 5321 1869 5375 Tamen
1889 5317 2139 5373 Pbarismi

556 5418 920 5478 testimonium
945 5431 1133 5472 eorum
1164 5415 1504 5485 repellentes,
1537 5412 1790 5468 dixerunt
1817 5412 1894 5466 eis
1926 5429 1938 5464 :
1969 5409 2137 5463 Num-
2191 5412 2198 5467 Ϊ
2249 5421 2316 5475 de
2341 5380 2430 5473 illo
2454 5417 2650 5489 quippe
2669 5414 2843 5469 fuerat
2867 5380 3337 5483 ante'prtedictum,
3360 5403 3602 5471 Accingere
3619 5380 3746 5461 gladio

556 5512 681 5585 quid
705 5521 753 5567 et
774 5527 859 5566 vos
881 5508 1071 5564 seducti
1101 5507 1256 5560 estis?
1283 5505 1532 5560 Videmus
1568 5507 1707 5560 enim
1729 5505 2022 5561 delectatos
2049 5521 2141 5560 vos
2190 5494 2198 5500 ”

559 5621 682 5662 esse
709 5601 1046 5660 sermonibus
1071 5599 1229 5655 illius.
1262 5595 1527 5668 Numquid
1545 5598 1726 5669 ntiquis
1752 5598 1814 5652 de
1835 5598 2143 5668 principibus

561 5696 774 5752 credidit
800 5699 854 5750 in
874 5714 1009 5763 eum,
1035 5707 1123 5750 aut
1150 5711 1213 5750 ea:
1239 5692 1556 5747 Plurimis?
1588 5691 1691 5747 Sed
1720 5691 1864 5746 turba
1899 5693 2006 5746 hac
2032 5706 2145 5762 quin

1410 345 1478 404 ΙΝ
1513 333 1792 400 ιοΑΝΝιε
1820 316 2295 388 EVANGELIUM,
2332 317 2392 376 S.
2432 313 2799 378 AUGUSTINI

3586 307 3700 369 £658

2171 451 2315 508 gem,
2343 435 2444 506 ipsi
2470 435 2760 490 credebant
2808 432 2861 487 in
2900 445 3025 488 eum
3069 429 3158 500 qui
3188 429 3406 484 miserat
3433 425 3638 499 Legem;
3662 439 3706 485 et

2174 543 2295 584 eum
2325 526 2415 597 qui
2456 525 2671 580 miserat
2702 523 2914 593 Legem,
2944 519 3356 589 contemnebant
3378 519 3448 574 illi
3470 519 3552 590 qui
3581 519 3711 575 doce-

2174 620 2303 677 bant
2327 619 2523 689 Legem
2555 635 2567 671 :
2603 627 2660 672 ut
2689 616 2998 686 impleretur
3026 612 3165 684 quod
3190 611 3398 667 dixerat
3435 611 3541 680 ipse
3567 611 3711 666 Domi-

2177 727 2298 779 nus,
2331 711 2440 784 Ego
2469 710 2579 765 veni
2605 718 2662 763 ut
2696 725 2796 763 non
2821 705 3042 762 uidentes
3071 705 3293 770 videant,
3316 713 3363 757 et
3397 702 3600 759 videntes
3621 710 3715 760 eieci

2178 809 2302 878 ﬁant
2330 803 2508 877 (Joan.
2556 818 2634 868 1x,
2665 800 2780 871 39).
2829 800 2965 856 Cxeci
3010 799 3151 856 enim
3192 796 3314 853 tacti
3355 805 3475 852 sunt
3502 796 3716 852 Phariszni

2178 901 2448 964 doctores,
2484 897 2761 952 illnminati
2792 904 2916 951 sunt
2941 893 3117 965 populi
3143 891 3446 948 nescientes
3473 890 3664 962 Legem,
3679 904 3719 948 et

2181 995 2235 1050 in
2262 1002 2534 1048 auctorem
2557 990 2719 1062 Legis
2744 990 3044 1045 credentes.

2252 1083 2308 1138 2.
2349 1081 2659 1136 Nicodamus
2679 1090 2856 1135 tamen
2881 1095 3013 1133 unus
3037 1095 3100 1132 ea:
3123 1076 3420 1140 Phariseis,
3447 1076 3527 1147 qui
3551 1077 3610 1129 ad
3635 1077 3718 1130 Do-

2182 1179 2374 1232 minum
2401 1185 2543 1230 nocte
2570 1183 2790 1240 venerat,
2840 1182 2894 1228 et
2923 1174 3039 1243 ipse
3068 1187 3173 1227 non
3201 1169 3416 1242 quidem
3445 1170 3722 1235 incredulus,

2185 1269 2280 1325 sed
2307 1267 2555 1332 timidus;
2588 1281 2710 1321 nam
2739 1265 2860 1321 ideo
2886 1272 3043 1320 nocte
3081 1271 3303 1318 venerat
3330 1261 3396 1316 ad
3426 1261 3603 1326 lucem,
3628 1263 3723 1334 quia

2186 1360 2475 1416 illuminari
2497 1358 2733 1424 volebat,
2755 1366 2812 1412 et
2829 1356 2953 1412 sciri
2977 1355 3196 1410 timebat
3221 1371 3234 1406 :
3259 1353 3529 1423 respondit
3545 1352 3723 1418 ind-eis,

2191 1450 2457 1522 Numquid
2485 1450 2589 1505 Lex
2607 1459 2778 1504 nostra
2796 1448 2995 1521 judicat
3026 1447 3302 1510 hominem,
3337 1445 3432 1497 nisi
3469 1444 3661 1497 audierit
3682 1445 3728 1497 ab

2187 1547 2300 1616 ipso
2341 1544 2481 1615 prius
2520 1551 2566 1596 et
2603 1540 2890 1612 cognoverit
2934 1537 3057 1608 quid
3097 1536 3290 1607 faciat?
3337 1534 3585 1590 Volebam
3619 1535 3730 1589 enim

2191 1637 2265 1692 illi
2297 1651 2545 1707 perverse
2569 1643 2694 1690 ante
2727 1648 2848 1689 esse
2887 1631 3228 1687 damnatores
3267 1645 3425 1700 quam
3455 1627 3728 1699 cognitores.

2194 1729 2402 1786 Sciebat
2428 1730 2570 1783 enim
2599 1725 2944 1792 Nicodcmus,
2970 1727 3055 1780 vel
3083 1725 3264 1796 potius
3293 1721 3556 1788 credebat,
3577 1722 3677 1792 quia
3697 1721 3731 1776 si

2195 1820 2564 1879 tantummodo
2604 1835 2727 1876 eum
2773 1820 2970 1874 vellent
2999 1819 3267 1888 patienter
3293 1813 3495 1880 audire,
3524 1814 3645 1868 forte
3676 1813 3731 1866 si-

2195 1914 2354 1971 miles
2384 1912 2575 1969 ﬁerent
2596 1913 2699 1966 illis
2725 1911 2812 1982 qui
2838 1910 2989 1966 missi
3019 1917 3144 1965 sunt
3174 1917 3380 1970 tenere,
3409 1916 3462 1962 et
3485 1905 3734 1960 maluerunt

2195 2005 2440 2064 credere.
2469 2003 2561 2058 Illi
2600 2003 2987 2073 responderunt,
3017 2017 3081 2056 ex
3124 1997 3438 2070 prmjudieio
3465 1997 3625 2054 contis
3656 1998 3732 2062 sui,

2197 2097 2340 2169 quod
2364 2105 2418 2151 et
2447 2095 2547 2150 illis
2573 2111 2587 2149 :
2617 2092 2881 2165 Numquid
2906 2100 2950 2146 et
2975 2101 3028 2144 tu
3058 2087 3308 2144 Gatilaeus
3333 2088 3420 2144 es?
3443 2087 3496 2143 Id
3515 2085 3735 2156 est,quasi

2199 2204 2230 2242 a
2259 2187 2478 2244 Galilazo
2506 2185 2775 2242 seductus.
2821 2184 3076 2238 Dominus
3110 2182 3258 2238 enim
3286 2181 3531 2238 Galilaeus
3564 2178 3735 2234 diceba-

2202 2289 2306 2346 tur,
2337 2278 2586 2350 quouiam
2610 2277 2677 2331 de
2695 2273 2955 2330 Nazareth
2979 2274 3195 2328 civitate
3217 2281 3371 2327 erant
3389 2280 3618 2341 parentes
3633 2269 3733 2338 ejus.

2205 2370 2510 2426 Secundum
2539 2367 2757 2423 Mariam
2795 2366 2904 2421 dixi
2930 2375 3206 2437 parentes,
3244 2380 3352 2420 non
3380 2362 3646 2419 secundum
3678 2359 3736 2414 vi-

2205 2464 2306 2520 rile
2330 2479 2513 2520 semen
2544 2481 2556 2515 :
2587 2477 2692 2516 non
2723 2461 2864 2516 enim
2895 2459 3139 2530 qumsivit
3165 2459 3223 2512 in
3257 2467 3396 2514 terra
3421 2456 3517 2511 nisi
3541 2464 3736 2519 matrem,

2206 2555 2296 2626 qui
2321 2555 2435 2625 jam
2476 2553 2700 2609 habebat
2740 2551 2972 2621 desuper
3001 2549 3238 2605 Patrem.
3270 2547 3406 2604 Nam
3431 2555 3632 2616 utraque
3655 2542 3740 2612 ejus

2210 2649 2455 2704 nativitas
2499 2645 2756 2701 mirabilis
2795 2643 2926 2704 fuit;
2956 2643 3131 2698 divina
3174 2643 3295 2698 sine
3335 2652 3518 2706 matre,
3561 2637 3740 2692 humans

2212 2743 2328 2796 sine
2352 2748 2520 2811 patre.
2559 2738 2695 2806 Quid
2725 2752 2851 2808 ergo
2875 2737 2948 2790 illi
2977 2736 3128 2806 quasi
3156 2735 3320 2806 Legis
3339 2735 3576 2789 doctores
3596 2729 3651 2784 ad
3670 2725 3739 2782 Ni-

2213 2833 2494 2889 codemum
2518 2829 2802 2886 dixerunt?
2845 2827 3089 2883 Scrutare
3117 2826 3437 2894 Scripturus,
3459 2834 3500 2878 et
3536 2822 3630 2875 vide
3655 2819 3742 2889 quia

2215 2927 2461 2996 pt‘Op/tela
2496 2941 2525 2978 a
2555 2923 2772 2978 Galilaea
2798 2939 2899 2975 non
2926 2921 3104 2991 surgit.
3140 2918 3251 2974 Sed
3285 2917 3531 2973 Dominus
3555 2911 3741 2982 Prophe-

2217 3030 2391 3072 tarum
2420 3016 2542 3072 inde
2565 3015 2814 3070 surrexit.
2851 3013 3054 3067 Reversi
3073 3022 3219 3080 sunt,
3249 3011 3420 3082 inquit
3446 3005 3741 3077 Evangelista.

2217 3113 2557 3182 unusquisque
2580 3113 2639 3164 in
2657 3109 2864 3163 domum
2888 3123 3052 3162 suam.

2291 3205 2344 3260 ὅ.
2387 3202 2414 3257 Ι
2421 3204 2518 3258 nde
2544 3201 2696 3257 Iesus
2733 3201 2950 3272 perrexit
2982 3201 3032 3254 in
3062 3210 3287 3254 montem
3315 3216 3333 3253 :
3357 3200 3409 3253 in
3434 3204 3644 3252 montem
3677 3206 3743 3243 au-

2223 3308 2328 3350 tem
2363 3293 2565 3360 Oliveti,
2612 3294 2664 3348 in
2697 3302 2934 3347 montem
2971 3291 3326 3356 fructuosum,
3358 3290 3410 3344 in
3442 3295 3650 3342 montem
3671 3292 3742 3336 uno

2221 3389 2420 3459 guenti,
2453 3389 2505 3442 in
2545 3395 2778 3442 montem
2821 3384 3144 3439 chrismatis.
3174 3383 3282 3439 Ubi
3301 3383 3440 3438 enim
3463 3378 3656 3435 decebat
3671 3373 3742 3428 (Ιοο

2223 3495 2347 3535 cere
2393 3479 2685 3543 Christum,
2727 3475 2828 3530 nisi
2877 3476 2928 3528 in
2959 3483 3141 3529 monte
3180 3471 3413 3528 Oliveti?
3440 3467 3615 3524 Christi
3638 3463 3744 3519 enim

2225 3589 2420 3629 nomen
2448 3587 2478 3626 a
2508 3570 2796 3626 chrismate
2813 3567 3014 3624 dictum
3041 3575 3125 3623 est
3156 3585 3168 3622 :
3203 3577 3386 3637 χρίσμα
3412 3571 3576 3619 autem
3594 3567 3741 3629 gratae.

2225 3668 2388 3722 latine
2409 3665 2588 3720 unctio
2611 3672 2962 3732 nuncupatur.
3002 3660 3124 3716 ideo
3153 3671 3334 3716 autem
3361 3673 3457 3714 nos
3479 3654 3628 3719 unxit,
3653 3647 3741 3721 quia

2227 3758 2512 3812 luctatores
2541 3766 2728 3810 contra
2766 3753 3034 3808 diabolum
3074 3750 3223 3807 fecit.
3275 3750 3342 3807 Et
3378 3747 3587 3804 diluculo
3607 3745 3744 3798 iterm

2229 3851 2360 3906 venit
2399 3851 2452 3904 in
2479 3847 2740 3918 templum,
2783 3857 2831 3902 et
2859 3847 3018 3901 omnis
3059 3847 3279 3916 populus
3325 3845 3451 3899 venit
3491 3840 3552 3894 ad
3584 3840 3744 3899 suum!

2227 3943 2407 3998 sedens
2435 3940 2640 3995 docebat
2671 3955 2775 3994 eos.
2810 3937 2875 3992 Et
2917 3954 3022 3992 non
3068 3939 3370 4004 tenebatur,
3414 3933 3529 4004 quia
3563 3924 3745 3984 nondum

2232 4036 2337 4106 pati
2367 4034 2700 4103 dignabatur.

2303 4127 2356 4181 4.
2397 4124 2547 4179 Nunc
2579 4123 2688 4193 jam
2719 4120 2992 4184 attendite,
3038 4120 3128 4174 ubi
3159 4120 3227 4175 ab
3256 4116 3479 4174 inimicis
3515 4116 3678 4168 tentata
3697 4103 3746 4158 sit

2232 4219 2443 4276 Domini
2471 4214 2839 4273 mansuetudo.
2874 4233 2893 4265 ι
2928 4213 3212 4269 Adducunt
3237 4221 3416 4268 autem
3446 4201 3746 4264 illiScribuet

2234 4311 2490 4369 Pharisaei
2521 4309 2797 4364 mulierem
2825 4309 2876 4362 in
2902 4307 3160 4362 adulterio
3187 4306 3581 4376 deprehensam,
3609 4298 3745 4359 etsi-'1'

2237 4412 2451 4460 tuernnt
2478 4417 2594 4456 eam
2622 4401 2674 4455 iu
2696 4399 2900 4463 medio;
2929 4408 2985 4453 et
3006 4398 3254 4453 dixerunt
3279 4399 3326 4452 ei
3357 4414 3370 4448 :
3403 4392 3642 4460 Magister,
3664 4381 3745 4434 IlI-0

2183 4560 2185 4562 η
2237 4497 2428 4550 mulier
2475 4492 2632 4548 modo
2676 4489 3006 4560 deprehensa
3048 4499 3126 4544 est
3168 4489 3219 4543 in
3260 4483 3534 4542 adulterio.
3577 4478 3622 4530 In
3645 4473 3748 4538 L689

2178 4643 2180 4650 ,
2237 4599 2413 4644 autem
2445 4587 2650 4658 Moyses
2686 4583 2954 4639 mandavit
2997 4582 3148 4637 nobis
3191 4577 3484 4651 hujnsmodi
3523 4567 3743 4640 lapidare:

546 4685 686 4739 lihca
716 4696 820 4736 non
842 4685 1093 4747 exsurget
1120 4669 1385 4727 Citristns.
1421 4666 1522 4733 Qui
1557 4680 1685 4719 vero
1720 4661 1867 4718 missi
1901 4663 2127 4723 fuerant.
2178 4665 2183 4671 ”
2242 4690 2301 4735 ω
2346 4695 2472 4750 ergo
2496 4677 2620 4749 quid
2665 4675 2834 4732 dicis?
2883 4675 3005 4729 "me
3043 4683 3220 4728 aulem
3267 4670 3503 4726 dicebam
3543 4662 3746 4717 ιεηωηιες

2239 4791 2384 4840 eum,
2402 4780 2943 4842 ntpossentaccnsare
2963 4783 3106 4822 eum.
3134 4787 3151 4818 ι
3176 4765 3327 4822 Unde
3346 4753 3610 4818 accusare?
3624 4747 3748 4804 Num-

2241 4866 2367 4937 Qtlid
2411 4839 2580 4934 ipsum
2629 4864 2680 4916 in
2715 4861 2894 4930 aliquo
2941 4858 3176 4913 facinore
3217 4849 3659 4926 deprehenderunt,
3684 4839 3747 4890 aut

2244 4929 2331 5016 illa
2357 4929 2546 5013 mulier
2589 4955 2655 5010 ad
2689 4929 2820 5010 eum,
2841 4953 3021 5024 aliquo
3063 4949 3222 5007 modo
3261 4944 3560 5020 pertinuisse
3584 4929 3746 4991 diceba-

2249 5053 2367 5108 tur?
2397 5050 2532 5118 Quid
2559 5057 2641 5104 est
2673 5063 2820 5120 ergo,
2849 5055 3094 5101 tentantes
3113 5061 3248 5110 eunt,
3278 5052 3333 5097 ut
3366 5042 3550 5110 possent
3571 5030 3750 5084 accusa"

2247 5143 2398 5200 eum?
2432 5141 2812 5210 lntelligimus,
2848 5136 3073 5204 fratres,
3110 5132 3468 5191 admirabilem
3503 5121 3745 5182 mansuetu-

2247 5237 2426 5291 dinem
2479 5235 2531 5288 in
2585 5231 2808 5286 Domino
2858 5228 3273 5300 prmeminuisse.
3321 5204 3748 5279 Animadverterunl

2250 5343 2371 5384 eum
2399 5326 2619 5382 nimium
2658 5337 2777 5378 esse
2803 5321 3007 5388 mitem,
3039 5321 3262 5376 nimium
3289 5329 3402 5373 esse
3436 5303 3743 5366 mansuetum:

2251 5524 2336 5568 tuo
2361 5514 2494 5566 circa
2526 5511 2688 5579 femur
2719 5516 2878 5571 tuum,
2909 5506 3278 5575 potentissime;
3316 5473 3469 5570 specie
3503 5501 3577 5545 tua
3599 5491 3636 5538 et
3658 5473 3742 5549 ρυὶο

2204 5690 2207 5693 Ι
2249 5602 2532 5660 chriludinc
2587 5610 2672 5653 tua
2717 5596 2939 5664 intende,
2977 5612 3213 5666 prospere
3255 5587 3470 5665 procede,
3518 5589 3556 5634 et
3596 5576 3745 5693 nam!"

3115 5686 3144 5693 .-
3370 5683 3380 5693 .
3444 5675 3578 5693 .52-...
3617 5658 3743 5693 tDm.

2254 5706 2456 5769 propter
2477 5693 2732 5749 veritatem
2751 5698 2797 5744 et
2828 5651 3267 5743 mansuetudinem.
3297 5693 3342 5738 et
3357 5675 3596 5750 justitiam.
3617 5651 3743 5732 (NL

565 5803 669 5842 '°"
690 5790 825 5844 "0""
846 5788 1048 5860 ιιθεηιο
1071 5787 1326 5844 maledicti
1346 5795 1479 5841 ωηι-
1506 5785 1606 5853 Qui
1633 5799 1738 5842 non
1767 5794 2024 5841 n0verant
2043 5758 2142 5844 Le-
2177 5763 2220 5858 ξ,
2254 5758 2449 5855 ὶιιὲμι
2465 5783 2601 5859 et5).
2629 5783 2772 5854 Ergo
2790 5781 2964 5840 attulit
2986 5781 3265 5839 veritatem
3289 5774 3540 5834 utdoctor,
3558 5758 3752 5819 W
