3916 6374
253 380 382 441 1649

249 495 483 554 tudinem
521 502 582 551 ut
608 493 887 557 liberator,
911 490 1172 560 justitiam
1212 496 1270 542 ut
1307 487 1568 559 cognitor.
1610 485 1838 556 Pr0ptcr

250 589 359 646 lucc
381 603 505 645 eum
535 601 659 644 esse
685 592 1030 657 regnaturum
1057 583 1110 637 in
1137 580 1336 652 Spiritu
1363 587 1550 634 sancto
1574 576 1838 649 propheta

250 680 571 756 pra-dixerat
601 677 752 750 (Isai.
795 675 890 747 ιι).
912 675 1047 731 Cum
1069 674 1394 744 loqueretur,
1437 670 1633 726 veritas
1675 682 1840 739 agno-

255 773 496 830 scebatur
543 789 557 825 :
604 786 727 826 eum
773 768 1030 824 adversus
1066 766 1310 821 inimicos
1344 779 1453 820 non
1502 771 1836 827 moveretur,

257 864 604 924 mansuetudo
635 862 966 918 laudabatur.
995 860 1126 916 Cum
1152 874 1280 930 ergo
1305 857 1372 912 de
1393 856 1600 912 duobus
1626 855 1764 922 istis,
1784 852 1837 909 id

269 969 346 1016 est
371 957 434 1012 de
467 956 696 1012 veritate
735 962 790 1011 et
830 951 1239 1008 mansuetudine
1277 949 1413 1020 ejus,
1448 946 1646 1003 inimici
1676 946 1843 1001 livore

271 1060 323 1107 et
363 1048 554 1104 invidia
605 1051 1016 1117 torquerentur;
1066 1043 1120 1098 in
1167 1040 1347 1105 tertio,
1398 1039 1450 1094 id
1495 1047 1578 1094 est
1614 1038 1838 1108 justitia,

277 1143 568 1200 scandalum
623 1145 938 1211 posuerunt.
996 1136 1206 1206 Quare?
1264 1134 1396 1203 Quia
1455 1133 1564 1188 Lex
1612 1133 1856 1202 jusserat'

277 1237 524 1293 adulteros
552 1231 805 1303 lapidari;
828 1241 884 1287 et
912 1230 1097 1300 utique
1131 1229 1240 1284 Lex
1272 1226 1414 1298 quod
1445 1225 1698 1296 injustum
1729 1232 1846 1280 erat

278 1327 443 1399 jubere
468 1340 568 1378 non
596 1330 800 1393 poterat
846 1339 859 1375 :
899 1320 943 1374 si
986 1319 1107 1391 quis
1146 1317 1290 1372 aliud
1317 1317 1520 1372 diceret
1545 1330 1705 1386 quam
1734 1313 1843 1368 ch

281 1418 518 1488 iusserat,
564 1414 793 1483 injustus
843 1408 1357 1481 deprehenderetur.
1411 1407 1670 1463 Dixerunt
1715 1420 1846 1477 ergo

285 1510 405 1582 apud
427 1507 774 1577 semetipsos:
802 1504 976 1560 Verax
1007 1511 1240 1574 putatur,
1269 1511 1580 1556 mansuetus
1602 1497 1842 1566 videtur;

289 1602 347 1657 de
363 1598 548 1669 justitia
577 1597 650 1652 illi
690 1593 981 1666 quturenda
1024 1593 1286 1648 calumnia
1327 1599 1431 1648 est.
1472 1591 1772 1646 Oll’eramus
1797 1589 1847 1646 ei

286 1693 534 1750 mulierem
555 1691 609 1745 in
633 1687 898 1744 adulterio
922 1685 1332 1757 deprehensam,
1367 1684 1608 1739 dicamus
1636 1682 1758 1753 quid
1778 1681 1847 1738 de

288 1785 367 1842 illa
387 1785 433 1839 in
453 1783 586 1852 Lege
613 1789 942 1852 praeceptum
982 1778 1054 1834 sit
1081 1794 1094 1829 :
1125 1777 1168 1831 si
1195 1792 1314 1832 eam
1353 1775 1572 1845 jusserit
1593 1774 1838 1844 lapidari,

289 1875 718 1933 mansuetudinem
747 1887 856 1927 non
887 1869 1133 1933 habebit;
1167 1869 1211 1923 si
1242 1883 1360 1923 eam
1389 1866 1584 1922 dimitti
1610 1881 1838 1922 censue-

288 1972 370 2034 rit,
387 1969 629 2040 justitiam
653 1981 761 2022 non
792 1964 1016 2020 tenebit.
1048 1962 1120 2019 Ut
1154 1969 1333 2018 autem
1362 1958 1846 2026 mansuetudinem,

291 2063 526 2134 inquiunt,
550 2075 656 2116 non
703 2056 913 2130 perdat,
957 2055 1010 2110 in
1050 2070 1154 2126 qua
1191 2054 1301 2125 jam
1348 2052 1558 2124 populis
1607 2051 1852 2107 amabilis

289 2155 439 2211 factus
461 2162 557 2219 est,
578 2152 694 2208 sine
719 2148 884 2204 dubio
901 2163 1019 2203 eam
1048 2145 1242 2200 dimitti
1263 2144 1463 2200 debere
1488 2143 1727 2200 dicturus
1746 2151 1846 2197 est.

291 2245 411 2302 mne
430 2259 520 2299 nos
559 2242 858 2299 invenimus
891 2236 1175 2294 accusandi
1221 2236 1580 2302 occasionem,
1612 2242 1667 2288 et
1699 2249 1851 2289 reum

294 2340 487 2394 facimus
512 2346 758 2408 tanquam
785 2332 944 2403 Legis
973 2329 1436 2402 praevaricatorem
1464 2347 1477 2381 :
1510 2328 1750 2382 dicentes
1777 2327 1851 2392 ei,

294 2433 450 2489 Hostis
474 2447 530 2488 es
557 2431 732 2502 Legis,
761 2437 947 2484 contra
974 2426 1193 2498 Moysen
1233 2421 1547 2493 respondes,
1582 2422 1689 2475 imo
1716 2435 1850 2474 con-

297 2533 366 2579 tra
388 2539 496 2579 eum
516 2523 602 2594 qui
624 2537 721 2593 per
744 2520 963 2592 Moysen
984 2517 1180 2588 Legem
1202 2514 1379 2579 dedit;
1409 2529 1535 2569 reus
1553 2528 1613 2568 es
1638 2512 1849 2580 mortis,

295 2629 401 2670 cum
441 2615 522 2669 illa
567 2622 623 2668 et
673 2623 729 2667 tu
781 2612 898 2684 ipse
945 2607 1280 2681 lapidandus.
1314 2607 1504 2662 Posset
1552 2605 1638 2660 his
1676 2603 1854 2659 verbis

295 2713 430 2776 atque
455 2706 531 2760 his
554 2703 830 2761 sententiis
859 2699 1180 2757 inﬂammari
1209 2697 1428 2763 invidia,
1452 2685 1660 2752 fer‘vere
1689 2711 1851 2752 accu-

297 2799 431 2864 satio,
450 2797 662 2870 ﬂagitari
678 2794 969 2852 damnatio.
989 2792 1095 2850 Sed
1133 2792 1218 2846 cui
1247 2790 1382 2845 hoc?
1411 2789 1738 2845 Perversitas
1763 2803 1851 2844 re-

295 2892 534 2956 ctitudini,
558 2891 760 2946 falsitas
784 2888 1026 2952 veritati,
1052 2894 1362 2954 corruptum
1387 2898 1483 2939 cor
1505 2882 1654 2938 cordi
1684 2891 1852 2947 recto,

296 2985 491 3040 stultitia
517 2984 808 3055 sapientiae.
841 2979 1067 3050 Quando
1110 2979 1184 3034 illi
1220 2978 1441 3048 laqueos
1468 2985 1851 3047 pra-pararent,

295 3070 342 3125 in
363 3085 481 3142 quos
505 3078 607 3125 non
629 3069 776 3141 prius
803 3067 904 3140 ipsi
922 3074 1084 3137 caput
1103 3062 1418 3134 injicerent?
1438 3062 1577 3117 Ecce
1601 3060 1856 3116 Dominus

295 3160 344 3215 in
367 3160 719 3233 respondendo
739 3167 794 3214 et
812 3157 1074 3227 justitiam
1103 3163 1412 3210 servaturus
1440 3161 1542 3215 est.
1571 3161 1624 3208 et
1651 3167 1680 3206 a
1699 3167 1855 3207 man-

295 3253 544 3309 suetudine
573 3267 679 3308 non
725 3264 1057 3306 recessurus.
1093 3246 1210 3302 Non
1247 3255 1332 3301 est
1355 3253 1540 3315 captus
1559 3245 1642 3299 cui
1671 3244 1858 3300 tende-

298 3343 456 3408 batur,
511 3343 598 3400 sed
651 3343 831 3414 potius
877 3339 1019 3411 capti
1073 3346 1197 3392 sunt
1225 3337 1314 3407 qui
1367 3335 1683 3400 tendebant;
1734 3337 1858 3406 quia

293 3434 344 3490 in
365 3449 474 3491 eum
497 3437 582 3507 qui
614 3449 710 3491 eos
732 3441 914 3504 posset
935 3431 1004 3487 de
1031 3430 1236 3501 laqueis
1274 3444 1486 3494 eruere,
1519 3443 1625 3484 non
1665 3428 1855 3485 crede-

287 3526 419 3584 bant.

347 3619 396 3675 8.
437 3618 571 3689 Quid
615 3633 745 3689 ergo
790 3613 1065 3686 respondit
1093 3615 1349 3670 Dominus
1386 3613 1586 3668 Iesus?
1616 3612 1744 3684 quid
1769 3627 1857 3669 re-

286 3713 483 3783 spondit
527 3713 766 3768 veritus?
799 3710 928 3781 quid
975 3708 1251 3780 respondit
1287 3707 1586 3776 sapientia?
1616 3708 1740 3778 quid
1768 3724 1858 3764 re-

285 3807 477 3877 spondit
504 3807 621 3877 ipsa
644 3803 731 3861 cui
756 3803 1021 3860 calumnia
1057 3803 1343 3873 parabatur
1363 3801 1610 3870 justitia?
1635 3801 1748 3856 Non
1771 3801 1856 3856 di-

288 3899 370 3966 xit,
410 3900 520 3956 Non
551 3898 846 3969 lapidetur;
874 3912 944 3953 ne
984 3906 1167 3952 contra
1209 3896 1404 3966 Legem
1443 3896 1620 3951 dicere
1647 3896 1859 3952 videre-

285 3998 376 4047 tur.
392 3991 540 4047 Absit
559 3999 736 4046 autem
752 3999 806 4044 ut
825 3989 1048 4056 diceret,
1079 3988 1366 4059 Lapidetur
1385 4005 1398 4039 :
1421 3988 1567 4042 venit
1585 3987 1726 4043 enim
1751 4003 1858 4043 non

286 4083 492 4152 perdere
517 4081 661 4153 quod
708 4081 1005 4146 invenerat,
1037 4079 1131 4135 sed
1174 4095 1415 4151 qnznrere
1439 4079 1582 4149 quod
1626 4080 1860 4150 perierat

288 4173 430 4242 (Luc.
454 4191 565 4239 xIx,
611 4173 680 4229 l0
701 4171 742 4245 ).
777 4172 916 4240 Quid
961 4186 1090 4242 ergo
1139 4171 1460 4242 respondit?
1482 4170 1673 4226 Videte
1699 4186 1858 4240 quam

287 4267 480 4334 plenum
511 4266 583 4320 sit
616 4263 843 4335 justitia,
887 4263 1102 4333 plenum
1136 4262 1552 4317 mansuetudine
1581 4271 1636 4317 ct
1663 4263 1858 4316 verita-

287 4355 364 4409 te!
396 4356 491 4423 Qui
519 4355 629 4411 sine
649 4364 852 4425 peccato
895 4362 967 4408 est
989 4362 1226 4416 vestrum,
1260 4353 1450 4421 inquit,
1475 4353 1615 4423 prior
1639 4355 1692 4406 in
1716 4353 1860 4408 illam

289 4445 488 4516 lapidem
528 4447 711 4500 mittat.
734 4445 778 4501 Ο
809 4445 1086 4515 responsio
1134 4444 1434 4513 sapientize!
1463 4443 1740 4511 Quomodo
1765 4459 1860 4500 eos

289 4536 554 4593 intromisit
581 4537 633 4592 in
662 4537 761 4592 se?
791 4536 947 4591 Foris
976 4535 1117 4591 enim
1144 4534 1627 4600 calumniabantur,
1652 4534 1860 4605 seipsos

292 4626 583 4685 intrinsecus
599 4644 705 4684 non
724 4626 1191 4697 perscrutabantur
1223 4644 1236 4680 :
1265 4626 1560 4682 adulteram
1587 4627 1858 4692 videbant,

291 4731 341 4774 se
358 4735 452 4774 non
473 4719 884 4790 perspiciebant.
909 4717 1350 4772 Prmvaricatores
1371 4717 1524 4788 Legis
1543 4718 1739 4789 Legem
1764 4719 1856 4774 im-

291 4809 406 4878 pleri
427 4809 729 4880 cupiebant,
774 4817 829 4864 et
874 4807 975 4862 hoc
997 4807 1409 4873 calumniando;
1439 4824 1544 4862 non
1570 4824 1716 4874 vere,
1741 4819 1859 4864 tan~

290 4913 428 4968 quam
454 4899 718 4955 adulteria
744 4899 990 4954 castitate
1026 4898 1347 4953 damnando.
1377 4898 1636 4966 Audistis,
1655 4899 1858 4965 Judaei;

289 4990 509 5059 audistis,
561 4990 857 5056 Pharisaei;
899 4989 1142 5054 audistis,
1188 4990 1344 5060 Legis
1381 4989 1650 5054 doctores,
1706 4991 1862 5062 Legis

286 5083 573 5156 custodem,
625 5081 721 5138 sed
786 5081 1019 5136 nondum
1069 5079 1412 5136 intellexistis
1455 5081 1857 5152 chislatorem.

287 5173 404 5242 Quid
427 5174 580 5230 vobis
598 5173 740 5229 aliud
764 5173 1046 5244 signiﬁcat,
1078 5187 1200 5228 cum
1229 5172 1392 5244 digito
1409 5174 1593 5229 scribit
1610 5176 1660 5230 in
1682 5175 1862 5232 terra?

288 5263 442 5336 Digito
469 5265 614 5322 enim
667 5264 764 5321 Dei
801 5263 908 5320 Lex
941 5264 1138 5334 scripta
1179 5276 1258 5320 εει
1289 5280 1306 5329 ;
1337 5264 1430 5320 sed
1456 5276 1675 5337 propter
1697 5266 1862 5324 duros

286 5356 331 5412 in
347 5359 518 5431 lapide
543 5357 742 5428 scripta
758 5365 843 5412 est
865 5357 884 5430 (
905 5355 1074 5412 Exod.
1102 5372 1260 5422 xxxi,
1285 5356 1352 5412 18
1379 5355 1422 5427 ).
1453 5356 1602 5412 Nunc
1617 5359 1724 5427 jam
1757 5359 1863 5414 Do-

287 5450 443 5506 minus
468 5451 522 5506 in
547 5457 688 5506 terra
713 5448 998 5514 scribebat,
1030 5449 1152 5520 quia
1175 5449 1402 5506 fructum
1425 5448 1719 5520 quzerebat.
1743 5452 1859 5506 Au-

286 5541 422 5599 distis
449 5557 598 5616 ergo,
643 5541 928 5613 lmpleatur
963 5542 1095 5608 Lex,
1147 5544 1414 5614 lapidetur
1440 5543 1686 5599 adultera
1720 5562 1732 5598 :
1764 5544 1860 5601 sed

290 5637 525 5710 numquid
542 5638 595 5693 in
614 5637 703 5692 illa
728 5635 1018 5707 punienda,
1049 5635 1158 5691 Lex
1192 5635 1458 5707 implenda
1480 5643 1608 5691 esta
1635 5634 1862 5705 punien-

291 5727 400 5784 dis?
426 5727 740 5786 Consideret
758 5743 816 5784 se
841 5729 1200 5798 unusquisque
1225 5735 1482 5791 vestrum,
1516 5725 1680 5782 intret
1697 5726 1751 5782 in
1770 5741 1859 5783 se-

293 5819 582 5891 metipsum,
625 5817 878 5874 ascendat
921 5816 1155 5873 tribunal
1184 5817 1540 5884 mentis'sute,
1570 5817 1862 5876 constituat

297 5921 346 5962 se
372 5917 490 5965 ante
508 5907 884 5966 conscientiam
919 5922 1092 5976 suam,
1123 5919 1278 5980 cogat
1322 5921 1382 5966 se
1431 5907 1698 5964 conﬁteri.
1739 5905 1854 5964 Scit

1161 367 1572 429 TRACTATUS
1603 366 1843 424 XXXlll.
1881 363 2080 424 CAPP.
2134 365 2225 422 γη
2274 365 2362 422 ΕΤ
2404 363 2538 423 Vill.

3399 371 3544 431 £850

1945 483 2087 539 enim
2112 485 2203 556 qui
2231 485 2301 540 sit
2322 486 2342 518 ι
2375 503 2389 539 :
2423 487 2547 556 quia
2599 500 2758 544 nemo
2783 488 2888 545 scit
2935 488 3214 546 hominum
3251 506 3372 562 quae
3413 500 3542 549 sunt

1945 575 2205 643 hominis,
2233 576 2331 631 nisi
2354 577 2571 647 spiritus
2598 578 2852 646 hominis,
2881 580 2973 651 qui
2993 580 3046 636 in
3075 581 3194 652 ipso
3207 589 3291 638 est
3315 580 3336 656 (
3361 583 3381 638 l
3411 582 3537 640 Cor.

1944 684 2003 734 ιι,
2032 669 2091 724 ll
2120 666 2162 742 ).
2193 668 2572 741 Unusquisque
2608 671 2662 726 in
2697 686 2757 727 se
2781 672 3086 739 intendens,
3114 681 3450 744 peccatorem
3474 690 3536 733 se

1946 760 2167 817 invenit.
2211 760 2283 816 lta
2315 761 2494 832 plane.
2528 763 2668 834 Ergo
2717 770 2811 818 aut
2854 763 3013 819 istam
3041 763 3312 831 dimittite,
3342 773 3434 820 aut
3461 767 3539 824 si-

1945 852 2055 907 mul
2081 867 2201 907 cum
2229 853 2314 908 illa
2360 869 2574 924 prunam
2609 853 2769 926 Legis
2792 854 3042 926 excipite.
3073 853 3131 910 Si
3171 851 3390 922 dicerel,
3419 856 3536 913 Non

1946 944 2211 1015 lapidetur
2229 944 2499 1010 adultera;
2520 946 2749 1015 injustus
2779 946 3191 1004 convinceretur
3211 964 3225 1002 :
3249 948 3294 1004 si
3310 947 3534 1016 diceret,

1947 1039 2269 1110 Lapidetur;
2301 1049 2612 1095 mansuetus
2641 1055 2749 1096 non
2774 1039 3090 1096 videretur:
3123 1040 3266 1097 dicat
3284 1041 3427 1112 quod
3453 1041 3540 1098 di-

1947 1145 2070 1186 cere
2093 1130 2274 1194 debet,
2296 1137 2352 1185 et
2375 1138 2687 1186 mansuetus
2710 1138 2766 1186 et
2807 1129 3006 1201 justus,
3039 1130 3143 1198 Qui
3191 1132 3301 1186 sine
3335 1140 3540 1207 peccato

1948 1231 2021 1277 est
2039 1231 2276 1289 uestrum,
2309 1223 2450 1293 prior
2467 1223 2520 1276 in
2538 1223 2686 1278 illam
2711 1221 2937 1295 lapidem
2956 1224 3142 1279 mittat.
3166 1223 3295 1280 liae
3319 1240 3422 1280 vox
3441 1224 3534 1296 ju-

1949 1316 2107 1371 stitia:
2132 1324 2252 1372 est:
2281 1315 2541 1372 Puniatur
2563 1316 2854 1387 peccatrix,
2877 1316 2973 1373 sed
3025 1333 3132 1373 non
3177 1333 3210 1374 a
3237 1319 3540 1386 peccatori-

1949 1407 2088 1470 bus;
2117 1407 2398 1479 impleatur
2448 1407 2580 1472 Lex,
2609 1407 2703 1463 sed
2730 1423 2839 1463 non
2866 1423 2898 1463 a
2923 1409 3419 1479 praevaricatoribus
3441 1410 3545 1467 Le-

1948 1497 2051 1569 gis.
2075 1497 2201 1553 Haec
2221 1512 2322 1554 vox
2349 1498 2570 1554 omnino
2581 1498 2803 1569 justitia:
2827 1508 2912 1555 est
2935 1518 2947 1553 :
2975 1515 3076 1570 qua
3090 1500 3295 1571 justitia
3322 1501 3398 1556 illi
3423 1510 3543 1557 tan-

1950 1607 2110 1662 quam
2139 1590 2325 1647 trabali
2367 1592 2475 1647 telo
2506 1592 2764 1662 percussi,
2786 1606 2908 1648 sese
2956 1592 3300 1663 inspicientes
3340 1601 3397 1649 et
3419 1608 3546 1650 reos

1953 1686 2302 1752 invenientes,
2333 1701 2467 1740 unus
2495 1695 2604 1756 post
2624 1701 2782 1739 unum
2805 1701 2978 1741 omnes
2997 1693 3325 1740 recesserunt.
3349 1685 3548 1742 Relicti

1955 1786 2078 1833 sunt
2125 1778 2250 1842 duo,
2308 1777 2506 1834 misera
2537 1786 2592 1833 et
2641 1777 3033 1834 misericordia.
3074 1777 3333 1835 Dominus
3365 1787 3547 1847 autem

1953 1885 2073 1925 cum
2097 1885 2190 1925 eos
2218 1870 2310 1924 illo
2338 1870 2446 1925 telo
2484 1868 2706 1940 justitia:
2735 1869 3107 1939 percussisset,
3153 1883 3255 1925 nec
3297 1871 3549 1942 dignatus

1954 1969 2037 2016 est
2059 1961 2313 2017 cadentes
2341 1961 2644 2027 attendere,
2665 1960 2763 2016 sed
2781 1975 2975 2018 averso
2999 1962 3068 2018 ab
3081 1961 3160 2017 eis
3183 1962 3393 2029 obtutu,
3420 1980 3544 2018 rur-

1953 2068 2064 2107 sum
2101 2052 2259 2124 digito
2289 2053 2532 2107 scribebat
2567 2053 2621 2107 in
2649 2062 2805 2107 terra.

2025 2142 2078 2198 6.
2111 2143 2320 2199 Relicta
2377 2152 2556 2199 autem
2601 2145 2716 2200 sola
2764 2145 2852 2200 illa
2907 2145 3155 2213 muliere,
3187 2148 3542 2221 omnibusque

1954 2234 2294 2300 abeuntibus,
2328 2235 2526 2290 levavit
2552 2235 2740 2292 oculos
2757 2252 2888 2292 suos
2908 2237 2975 2293 ad
2992 2238 3293 2295 mulierem.
3319 2240 3542 2296 Audivi-

1955 2342 2077 2382 mus
2097 2342 2281 2382 vocem
2301 2327 2543 2398 justitizc,
2569 2329 2850 2385 audiamus
2870 2339 2924 2386 et
2946 2333 3395 2390 mansuetudinis.
3420 2335 3548 2391 Plus

1955 2419 2119 2485 enim,
2142 2419 2325 2482 credo,
2349 2421 2533 2476 territa
2578 2430 2698 2477 erat
2723 2421 2812 2476 illa
2851 2422 3044 2478 mulier
3071 2439 3197 2479 cum
3241 2425 3478 2482 audisset
3519 2442 3550 2482 a

1957 2512 2184 2569 Domino
2208 2513 2430 2580 dictum,
2473 2515 2575 2581 Qui
2603 2516 2716 2572 sine
2737 2528 2945 2589 peccato
2970 2529 3044 2573 est
3061 2528 3301 2587 vestrum,
3327 2521 3468 2591 prior
3490 2521 3549 2575 in

1955 2605 2100 2660 illam
2131 2604 2352 2676 lapidem
2377 2607 2558 2660 mittat.
2589 2608 2668 2663 Illi
2711 2623 2839 2680 ergo
2867 2610 3204 2667 attendentes
3227 2626 3308 2676 se,
3339 2622 3396 2667 et
3427 2611 3556 2667 abs-

1957 2713 2110 2755 cessu
2140 2699 2258 2771 ipso
2300 2699 2534 2756 confessi
2562 2700 2632 2757 de
2654 2716 2734 2767 se,
2765 2702 3092 2774 reliquerant
3120 2705 3397 2760 mulierem
3426 2719 3551 2760 cum

1956 2792 2145 2864 grandi
2175 2801 2412 2862 peccato,
2441 2793 2493 2850 ei
2522 2793 2613 2864 qui
2651 2802 2768 2850 erat
2787 2794 2902 2850 sine
2930 2805 3170 2865 peccato.
3222 2797 3288 2852 Et
3315 2797 3438 2868 quia
3464 2795 3556 2852 illa

1959 2883 2062 2940 hoc
2088 2883 2351 2951 audierat,
2389 2885 2490 2952 Qui
2518 2886 2632 2941 sine
2657 2895 2861 2957 peccato
2885 2897 2980 2951 est,
3005 2888 3146 2953 prior
3169 2889 3225 2942 in
3245 2888 3391 2942 illam
3423 2888 3558 2959 lapi-

1959 2975 2074 3031 dem
2117 2977 2414 3043 mittat;ab
2454 2977 2547 3034 illo
2569 2992 2629 3034 se
2675 2979 2924 3050 sperabat
2971 2979 3312 3050 puniendam,
3350 2979 3404 3035 in
3448 2994 3557 3051 quo

1959 3077 2234 3141 peccatum
2260 3069 2485 3125 inveniri
2515 3086 2621 3126 non
2663 3080 2893 3143 poterat.
2924 3070 3018 3128 Ille
3045 3081 3224 3128 autem
3251 3073 3340 3144 qui
3367 3073 3556 3128 adver-

1959 3163 2131 3218 sarios
2163 3163 2279 3233 ejus
2323 3163 2598 3234 repulerat
2639 3163 2820 3235 lingua
2845 3163 3304 3234 jnstitim,'levans
3346 3167 3397 3221 in
3429 3181 3552 3222 eam

1961 3255 2148 3311 oculos
2195 3255 2638 3322 mansuetudinis,
2687 3256 3036 3327 interrogavit
3087 3273 3206 3313 eam
3241 3276 3254 3311 :
3289 3257 3459 3313 Nemo
3504 3267 3555 3314 te

1960 3347 2348 3404 condemnavit?
2375 3347 2774 3418 lieSponditilla
2805 3366 2818 3400 :
2849 3346 3082 3412 Domine,
3115 3364 3280 3403 nemo.
3315 3349 3384 3404 Et
3425 3349 3554 3406 ille:

1965 3439 2076 3496 Nec
2101 3459 2192 3513 ego
2223 3451 2269 3496 te
2284 3440 2665 3506 condemnabo;
2702 3456 2733 3497 a
2763 3450 2937 3512 quote
2958 3441 3093 3497 forte
3107 3442 3351 3498 damnari
3374 3443 3550 3498 timui-

1963 3533 2051 3596 sti,
2099 3533 2225 3604 quia
2271 3535 2326 3588 in
2377 3548 2465 3589 me
2489 3541 2766 3604 peccatum
2812 3549 2917 3588 non
2950 3535 3220 3590 invenisti.
3257 3533 3367 3588 Nec
3391 3551 3486 3607 ego
3511 3544 3560 3590 te

1962 3621 2232 3678 damnabo.
2279 3622 2416 3690 Quid
2452 3631 2555 3689 est,
2598 3623 2872 3679 Domine?
2898 3624 3072 3680 Faves
3118 3639 3249 3695 ergo
3282 3627 3557 3694 peccatis?

1961 3710 2077 3766 Non
2107 3713 2264 3782 plane
2309 3713 2399 3766 ita.
2448 3713 2679 3769 Attende
2724 3713 2864 3784 quod
2890 3715 3132 3784 sequitur
3165 3733 3177 3768 :
3223 3713 3378 3781 Vade,
3409 3715 3559 3770 dein-

1962 3818 2077 3872 ceps
2097 3804 2212 3872 jam
2242 3804 2346 3857 noli
2367 3821 2590 3874 peccare.
2625 3804 2768 3878 Ergo
2787 3814 2844 3861 et
2872 3806 3132 3862 Dominus
3144 3806 3434 3875 damnavit,
3461 3808 3559 3864 sed

1963 3903 2258 3963 peccatum,
2291 3911 2398 3949 non
2439 3896 2730 3952 hominem.
2763 3897 2898 3953 Nam
2924 3898 2970 3952 si
2996 3907 3337 3970 peccatorum
3379 3898 3559 3956 fautor

1962 3994 2125 4052 esset,
2152 3986 2373 4052 diceret,
2397 3987 2506 4042 Nec
2523 4003 2623 4058 ego
2640 3998 2692 4044 te
2711 3989 3005 4055 damnabo;
3039 3989 3191 4055 vade,
3215 3990 3336 4047 vive
3361 4001 3418 4046 ut
3440 3992 3555 4047 vis:

1963 4077 2032 4133 de
2057 4092 2172 4132 mea
2201 4078 2514 4134 liberatione
2541 4089 2658 4135 esto
2689 4095 2911 4147 secura;
2941 4097 3042 4151 ego
3066 4090 3558 4153 quantumcumque

1964 4172 2289 4242 peccaveris,
2325 4181 2375 4228 te
2395 4173 2464 4227 ab
2479 4173 2624 4227 omni
2657 4188 2812 4243 paena
2839 4174 3000 4229 etiam
3028 4173 3286 4245 gehenna:
3312 4184 3366 4229 et
3391 4174 3557 4230 infer-

1964 4265 2017 4320 ni
2046 4264 2606 4321 tortoribusliberaho.
2634 4265 2748 4321 Non
2781 4266 2880 4322 hoc
2908 4267 3060 4322 dixit.

2037 4358 2089 4411 7.
2119 4357 2402 4413 lntcndant
2423 4373 2553 4429 ergo
2580 4359 2668 4429 qui
2694 4367 2878 4414 amant
2906 4360 2958 4414 in
3000 4361 3226 4416 Domino
3253 4371 3558 4418 mansuetu-

1965 4448 2166 4515 dinem,
2194 4457 2250 4504 et
2297 4451 2518 4505 timeant
2546 4450 2847 4507 veritatem.
2877 4452 3088 4508 Etenim
3132 4453 3297 4508 dulcis
3323 4463 3370 4508 et
3395 4465 3561 4510 rectus

1967 4541 2216 4597 Dominus
2238 4542 2256 4612 (
2278 4542 2420 4597 Psal.
2453 4559 2598 4608 xxtv,
2631 4543 2721 4616 8).
2755 4545 2920 4600 Amas
2933 4543 3074 4615 quod
3097 4543 3266 4600 dulcis
3291 4554 3394 4611 est,
3426 4545 3561 4602 time

1966 4635 2108 4705 quod
2153 4642 2330 4689 rectus
2371 4644 2477 4690 est.
2506 4635 2778 4704 Tanquam
2827 4645 3135 4692 mansuetus
3163 4636 3318 4701 dixit,
3351 4636 3558 4694 Tacui:

1968 4725 2062 4780 sed
2101 4735 2352 4797 tanquam
2391 4725 2588 4794 justus,
2631 4725 2897 4798 Numquid
2948 4744 3144 4799 semper
3187 4728 3359 4783 tacebo
3385 4728 3404 4801 (
3430 4729 3558 4784 fsai.

1967 4831 2098 4878 xm.
2125 4817 2208 4881 14,
2240 4833 2341 4872 sec.
2376 4816 2580 4889 LXX)?
2613 4818 2904 4873 Misericors
2925 4829 2974 4873 et
2997 4821 3259 4875 miserator
3283 4820 3558 4877 Dominus.

1968 4903 2042 4960 lta
2087 4907 2262 4976 plane.
2293 4906 2481 4961 Adhuc
2528 4906 2685 4971 adde,
2723 4909 3058 4979 louganimis;
3097 4909 3272 4966 adhuc
3316 4910 3474 4976 adde,
3505 4923 3557 4968 et

1969 4997 2184 5052 multum
2207 4997 2486 5052 misericors
2516 5015 2534 5051 :
2560 4998 2656 5052 sed
2703 4998 2836 5052 time
2870 4999 3010 5069 quod
3041 5008 3124 5054 est
3153 5000 3206 5055 in
3238 5002 3557 5070 novissimo,

1968 5098 2017 5143 et
2056 5105 2208 5143 uerax
2235 5088 2255 5160 (
2280 5087 2421 5142 Psal.
2453 5105 2655 5157 Lxxxv,
2690 5090 2756 5145 l5
2781 5088 2825 5161 ).
2852 5090 2999 5158 Quos
3024 5092 3166 5148 enim
3201 5093 3363 5150 modo
3394 5097 3565 5151 susti-

1969 5189 2064 5235 net
2091 5189 2392 5250 peccantes,
2430 5180 2763 5250 judicaturus
2791 5189 2874 5236 est
2917 5191 3344 5241 contemnentes.
3374 5184 3456 5238 An
3479 5185 3564 5238 di-

1969 5272 2116 5327 vitias
2157 5273 2556 5344 longanimitatis
2601 5283 2647 5328 et
2673 5275 3076 5331 mansuetudinis
3123 5279 3234 5350 ejus
3258 5258 3561 5338 contemnis.

1969 5368 2209 5440 ignorans
2231 5367 2351 5436 quia
2377 5367 2619 5438 patientia
2643 5365 2742 5422 Dei
2765 5367 2834 5422 ad
2854 5369 3197 5438 paenitentiam
3227 5379 3276 5421 te
3317 5365 3566 5419 adducit?

1972 5458 2050 5514 Tu
2071 5468 2239 5513 autem
2268 5457 2543 5513 secundum
2571 5461 2810 5514 duritiam
2832 5460 3000 5515 cordis
3034 5461 3106 5514 tui
3125 5469 3174 5515 et
3201 5475 3288 5513 cor
3325 5458 3562 5527 impaeni-

1970 5562 2098 5621 tens,
2127 5553 2436 5609 thesaurizas
2461 5554 2550 5607 tibi
2590 5554 2717 5608 iram
2742 5555 2796 5608 in
2819 5553 2900 5607 die
2922 5554 3014 5608 irae
3031 5561 3079 5607 et
3097 5550 3414 5606 reuelationis
3427 5551 3562 5622 justi

1959 5647 2146 5719 judicii
2179 5645 2299 5713 Dei,
2345 5648 2432 5718 qui
2457 5648 2630 5703 reddet
2675 5645 2941 5715 unicuique
2975 5644 3254 5701 secundum
3285 5659 3442 5716 opera
3466 5662 3563 5702 sua

1969 5738 1989 5807 (
2015 5736 2162 5792 Rom.
2190 5753 2249 5804 ιι,
2279 5738 2375 5794 ιϐ
2393 5739 2434 5810 ).
2457 5739 2765 5795 Mansuetus
2795 5735 3071 5804 Dominus,
3094 5735 3416 5811 longanimis
3448 5743 3559 5801 Do-

2035 5912 2560 5978 iApudEr.,qtnssit.
2623 5920 2680 5966 It.
