3916 6364
492 237 627 296 1655

486 353 593 414 tibi,
617 364 664 408 et
683 355 1077 428 contmplabor.
1103 355 1254 413 Nunc
1282 373 1410 414 vero
1437 360 1561 430 quid
1586 370 1858 431 putamus,
1880 361 2071 420 fratres

489 445 612 500 huic
649 447 872 517 tempori
895 460 1211 518 congruere,
1243 450 1342 505 nisi
1367 452 1506 521 quod
1553 468 1738 507 rursus
1767 454 1819 508 in
1861 453 2071 509 Psalmo

486 536 699 597 dicitttr.
723 536 925 592 Lavabo
952 556 1040 608 per
1056 541 1283 611 singulas
1303 552 1468 596 noctes
1490 543 1669 596 lectum
1699 562 1881 610 meum,
1899 547 2068 617 lacry-

485 631 581 685 mis
606 631 726 684 meis
741 641 951 685 stratum
973 649 1136 686 meum
1156 633 1329 704 rigabo
1353 633 1532 707 (Psal.
1585 653 1638 692 νι
1655 677 1670 702 ,
1696 637 1805 706 7)?
1833 638 1935 692 Per
1958 638 2073 692 sin-

485 723 636 790 gulas
679 732 883 788 noctes,
937 724 1138 794 inquit,
1170 724 1310 781 ﬂebo
1347 725 1645 782 :dcsiderio
1671 728 1803 782 lucis
1847 728 2068 784 ardebo.

487 815 640 869 Videt
669 817 923 871 Dominus
948 816 1272 873 desiderium
1318 834 1527 886 meum;
1571 822 1818 890 quoniam
1851 822 1976 877 dicit
1998 823 2072 878 illi

483 906 618 961 alter
646 909 913 976 psalmus,
949 909 1080 963 Ante
1105 921 1152 964 te
1167 922 1240 966 est
1265 929 1412 966 omne
1450 913 1752 968 desiderium
1781 931 1979 980 meum,
2025 922 2073 968 et

483 1002 695 1068 gemitus
723 1017 862 1054 meus
889 1019 922 1055 a
953 1012 1001 1056 te
1024 1019 1123 1057 non
1155 1015 1224 1058 est
1257 1004 1578 1061 absconditus
1631 1005 1812 1078 (Psal.
1846 1023 2032 1062 xxxvtt
2053 1049 2069 1073 ,

486 1090 612 1161 10).
647 1093 926 1149 Desideras
949 1097 1172 1150 auium?
1209 1097 1375 1151 videri
1403 1110 1590 1168 potes;
1630 1114 1874 1168 quaerens
1925 1099 2069 1153 enim

482 1196 670 1234 aurum
702 1186 1010 1238 manifestus
1037 1188 1145 1239 eris
1171 1185 1494 1241 hominibus.
1528 1189 1807 1244 Desideras
1836 1188 2071 1243 frumcn-

485 1276 634 1326 tum?
663 1273 956 1344 interrogas
985 1277 1073 1344 qui
1107 1277 1326 1344 habeat;
1354 1282 1435 1333 cui
1461 1289 1514 1334 et
1535 1282 1756 1350 cupiens
1785 1281 2069 1352 pervenire

481 1364 546 1416 ad
577 1365 626 1418 id
658 1367 798 1435 quod
821 1370 1113 1437 desideras,
1140 1372 1358 1426 iudicas.
1394 1373 1673 1428 Desideras
1705 1375 1917 1429 Deum?
1949 1376 2070 1446 quis

479 1455 645 1522 videt,
674 1458 771 1511 nisi
808 1460 983 1514 Deus?
1025 1462 1069 1514 A
1113 1477 1218 1532 quo
1242 1464 1382 1517 enim
1426 1466 1564 1534 petis
1597 1465 1790 1529 Deum,
1818 1467 1950 1519 sicut
1974 1481 2067 1535 pa-

479 1564 632 1614 nem,
661 1551 797 1604 sicut
858 1567 1081 1620 aquam,
1138 1555 1273 1608 sicut
1311 1571 1532 1619 aurum,
1584 1557 1721 1610 sicut
1754 1566 2063 1626 argentum,

477 1643 1006 1701 sicutfrumentum?
1050 1651 1094 1703 A
1139 1665 1246 1720 quo
1280 1653 1414 1719 petis
1463 1651 1661 1715 Deum,
1718 1651 1816 1706 nisi
1843 1667 1872 1705 a
1920 1653 2068 1707 Deo?

476 1737 592 1806 Ipse
620 1741 813 1808 petitur
837 1755 867 1794 a
913 1741 1118 1810 scipso,
1155 1744 1241 1812 qui
1273 1744 1529 1811 promittit
1575 1745 1834 1813 seipsnm.
1865 1744 2065 1799 Exten-

475 1831 564 1884 dat
595 1833 767 1885 anima
794 1833 1137 1901 cupiditatem
1165 1849 1314 1888 suam
1337 1852 1350 1900 ;
1376 1846 1431 1891 ct
1463 1837 1580 1892 sinu
1599 1837 1876 1906 capaciore
1916 1853 2066 1908 qum-

475 1932 557 1975 rat
581 1922 1036 1991 comprehendere
1063 1925 1203 1994 quod
1230 1926 1414 1980 oculus
1444 1942 1545 1980 non
1577 1927 1727 1992 vidit,
1775 1943 1873 1982 nec
1921 1929 2065 1982 auris

474 2013 699 2080 audivit,
724 2028 819 2068 nec
849 2015 899 2067 in
930 2029 1024 2069 cor
1051 2015 1278 2071 hominis
1308 2017 1548 2072 ascendit
1604 2017 1624 2091 (
1653 2018 1670 2071 l
1714 2016 1831 2072 Cor.
1865 2035 1898 2073 11
1919 2060 1933 2082 ,
1963 2018 2060 2090 9).

476 2103 774 2158 Desiderari
826 2113 1036 2174 potest,
1092 2107 1393 2176 concupisci
1441 2117 1658 2178 potest,
1709 2111 1961 2178 suspirari
2008 2111 2062 2165 iu

474 2193 599 2248 illud
619 2204 792 2264 potest
821 2215 834 2250 :
866 2197 1024 2268 digne
1060 2200 1305 2269 cogitari,
1337 2209 1392 2254 et
1436 2201 1613 2256 verbis
1658 2201 1914 2270 explicari
1955 2217 2060 2257 non

472 2295 669 2355 potest.

543 2380 596 2433 8.
643 2379 796 2449 Ergo,
849 2378 1038 2435 fratres
1074 2382 1201 2446 mei,
1235 2383 1482 2450 quoniam
1526 2382 1782 2437 Dominus
1825 2383 2060 2437 breviter

469 2471 562 2536 ait,
587 2468 698 2540 Ego
724 2487 833 2523 sum
860 2471 950 2524 lux
979 2472 1152 2524 mundi
1173 2488 1191 2530 :
1220 2474 1305 2542 qui
1337 2490 1414 2525 me
1441 2474 1681 2543 sequitur,
1703 2491 1801 2527 non
1826 2473 2058 2528 ambula-

471 2562 539 2614 bit
567 2563 619 2615 in
645 2561 885 2627 tenebris;
931 2563 1018 2616 sed
1056 2564 1249 2617 habebit
1280 2565 1446 2617 lumen
1481 2565 1623 2618 uiue:
1647 2565 1838 2635 quibus
1879 2565 2056 2620 verbis

466 2653 610 2707 aliud
649 2664 729 2708 est
755 2654 896 2723 quod
921 2654 1101 2724 jussit,
1143 2655 1282 2708 aliud
1323 2656 1463 2724 quod
1497 2656 1768 2723 promisit:
1803 2655 2056 2711 faciamus

465 2745 606 2816 quod
643 2747 819 2815 jussit,
854 2764 920 2802 ne
965 2749 1254 2817 impudenti
1284 2749 1457 2802 fronte
1487 2747 1868 2812 desideremus,
1912 2749 2054 2818 quod

466 2841 737 2909 promisit;
766 2857 833 2895 ne
861 2842 1002 2894 dicat
1043 2841 1196 2895 nobis
1223 2844 1274 2894 in
1300 2841 1502 2911 judicio
1526 2855 1644 2906 suo,
1677 2838 1871 2894 Fecisti
1910 2841 2052 2895 enim

465 2933 606 3002 qniid
633 2933 787 3003 jussi,
823 2943 878 2986 ut
901 2946 1119 3002 expetas
1146 2933 1285 3003 quod
1317 2933 1567 3002 promisi?
1609 2931 1746 2999 Quid
1775 2947 1903 3003 ergo
1938 2933 2054 3003 jus-

465 3025 601 3089 sisti,
649 3025 868 3079 Domine
917 3026 1054 3080 Deus
1089 3026 1301 3080 uoster?
1333 3025 1466 3078 Dicit
1502 3025 1615 3091 tibi,
1649 3023 1719 3079 Ut
1755 3025 2052 3093 sequereris

464 3131 571 3171 me.
592 3115 878 3171 Consilium
909 3117 1028 3171 vita:
1051 3118 1263 3185 petiisti.
1284 3117 1442 3184 Cujus
1467 3117 1609 3182 νίιςιι,
1634 3115 1731 3170 nisi
1760 3115 1826 3169 de
1847 3132 1945 3186 qua
1965 3115 2051 3169 di-

463 3221 606 3264 ctum
634 3221 736 3276 est,
772 3210 926 3278 Apud
967 3219 1014 3263 te
1051 3211 1164 3279 [ous
1191 3211 1340 3263 eitw?
1379 3209 1591 3263 Audixit
1615 3210 1847 3279 quidam,
1888 3207 2046 3272 Vade,

461 3305 619 3359 vende
641 3305 810 3358 omnia
839 3321 951 3373 qute
977 3303 1146 3369 habes,
1167 3313 1210 3356 et
1230 3303 1294 3356 da
1323 3302 1647 3372 pauperibus,
1671 3311 1714 3355 et
1733 3301 1932 3355 habebis
1950 3301 2050 3356 the-

461 3413 670 3450 saurum
698 3396 750 3449 in
777 3397 937 3461 cmlo;
961 3405 1009 3448 et
1035 3396 1162 3455 veni,
1194 3409 1398 3464 sequere
1423 3411 1518 3447 me.
1552 3393 1741 3448 Tristis
1769 3393 2044 3457 abscessit,

461 3506 566 3544 non
588 3499 670 3546 est
687 3501 932 3544 secutus:
959 3487 1201 3556 quzcsivit
1229 3488 1536 3556 magistrum
1562 3487 1778 3546 bonum.
1797 3485 2049 3553 interpel-

461 3583 590 3636 lavit.
611 3581 904 3645 doctorem,
929 3590 980 3636 et
1015 3580 1334 3647 contempsit
1378 3578 1691 3633 docentem:
1726 3578 1891 3632 tristis
1922 3577 2045 3631 abs-

459 3675 640 3738 cessit,
668 3674 858 3742 ligatus
879 3673 1254 3742 cupiditatibus
1281 3674 1422 3735 suis;
1453 3672 1619 3725 tristis
1649 3671 1927 3734 abscessit,
1953 3671 2048 3725 ha-

455 3767 591 3821 bens
616 3765 867 3832 grandem
896 3765 1154 3818 sarcinam
1187 3765 1420 3818 avaritia:
1448 3779 1606 3832 super
1643 3763 1891 3818 humeros
1918 3778 2044 3818 suos

459 3853 672 3924 (Matth.
707 3870 813 3917 xix,
845 3853 1051 3922 16-22).
1082 3853 1395 3920 Laborabat,
1425 3854 1712 3918 aestuabat;
1757 3863 1814 3909 et
1849 3855 1938 3924 qui
1977 3853 2044 3908 ab

457 3948 553 4002 illo
576 3948 837 4002 sarcinam
869 3947 1137 4016 deponere
1166 3949 1350 4014 voluit,
1382 3964 1486 4002 non
1520 3957 1603 4002 est
1624 3948 1924 4017 sequendus
1949 3964 2046 4018 pu-

458 4047 620 4102 tatus,
644 4039 738 4094 sed
761 4038 1108 4093 deserendus.
1136 4039 1321 4094 Postea
1347 4055 1474 4094 vero
1499 4056 1653 4109 quam
1677 4041 1931 4095 Dominus
1949 4055 2043 4108 per

456 4129 801 4199 Evangelinm
825 4131 1092 4194 clamavit,
1123 4129 1294 4184 Venite
1308 4131 1376 4183 ad
1395 4147 1491 4195 me,
1515 4147 1685 4184 omnes
1700 4133 1785 4202 qui
1806 4132 2044 4186 laboratis

453 4232 501 4276 et
525 4224 718 4278 onerati
737 4225 871 4284 estis,
902 4235 945 4277 et
968 4239 1058 4293 ego
1087 4239 1172 4276 vos
1196 4223 1453 4291 reﬁciam;
1479 4223 1637 4276 tollite
1656 4224 1838 4292 jugum
1875 4239 2044 4276 meum

450 4329 602 4383 super
628 4330 732 4377 uos,
763 4323 811 4367 et
833 4314 1006 4367 discite
1025 4331 1056 4364 a
1080 4330 1160 4366 me
1173 4314 1291 4380 quia
1317 4313 1447 4365 mitis
1473 4328 1584 4364 sum
1602 4323 1648 4364 et
1674 4313 1876 4365 humilis
1893 4313 2044 4365 corde

452 4403 564 4474 (Id.
589 4419 666 4465 111,
696 4403 767 4458 28
793 4414 840 4456 ct
861 4401 989 4473 29):
1013 4418 1171 4471 quam
1205 4403 1355 4454 multi
1388 4402 1624 4455 fecerunt
1647 4401 1827 4455 audito
1866 4403 2042 4456 Evan-

451 4498 613 4566 gelio,
636 4497 774 4566 quod
792 4512 854 4550 ex
884 4512 977 4550 ore
1001 4497 1165 4564 ipsius
1188 4497 1422 4549 auditum
1451 4497 1598 4550 dives
1626 4496 1713 4550 ille
1745 4512 1847 4551 non
1879 4497 2042 4553 fecit?

452 4588 595 4657 Ergo
626 4588 784 4641 modo
815 4588 1088 4652 faciamus,
1114 4603 1399 4656 sequamur
1429 4588 1739 4652 Dominum;
1773 4590 2041 4645 solvamus

450 4678 737 4746 compedes
766 4679 958 4746 quibus
987 4678 1304 4748 impedimur
1336 4679 1508 4747 sequi.
1555 4678 1622 4732 Et
1659 4681 1778 4750 quis
1821 4680 2041 4736 idoneus

450 4769 659 4823 solvere
701 4769 833 4824 tales
873 4769 1062 4831 nodos,
1098 4770 1196 4825 nisi
1242 4770 1330 4824 ille
1359 4769 1570 4838 adjuvet
1601 4771 1683 4825 cui
1711 4771 1907 4825 dictum
1936 4782 2036 4838 est,

452 4860 729 4930 Disrupisti
755 4862 952 4915 vincula
981 4878 1092 4914 mea
1122 4859 1290 4933 (Psal.
1320 4877 1444 4924 cxv,
1498 4860 1621 4932 l6)?
1660 4863 1733 4917 De
1771 4878 1875 4932 quo
1905 4864 2038 4919 alius

449 4953 684 5020 psalmus
712 4953 861 5019 dicit,
901 4953 1144 5008 Dominus
1160 4954 1304 5008 solvit
1322 4955 1648 5025 compeditos,
1670 4956 1917 5010 Dominus
1943 4958 2040 5010 eri-

445 5045 518 5114 git
534 5043 680 5096 elisos
707 5043 855 5115 (Psul
895 5061 1054 5110 CXLV,
1086 5045 1164 5116 8).

519 5135 572 5188 9.
618 5135 681 5188 Et
711 5135 833 5203 quid
861 5145 1151 5204 sequuntur
1177 5137 1333 5191 soluti
1363 5145 1416 5191 et
1440 5138 1626 5203 erecti,
1669 5138 1770 5193 nisi
1795 5139 1970 5194 lumen
2000 5157 2032 5196 a

444 5243 551 5299 quo
579 5228 819 5290 audiunt,
854 5227 963 5299 Ego
989 5246 1101 5281 sum
1137 5229 1301 5283 lumen
1341 5231 1552 5284 mundi:
1576 5232 1661 5305 qui
1689 5249 1766 5285 me
1789 5234 2029 5302 sequitur,

444 5335 547 5374 non
571 5319 846 5375 ambulabit
867 5320 920 5373 in
942 5319 1190 5376 tenebris?
1209 5322 1328 5392 quia
1358 5322 1612 5378 Dominus
1644 5325 1904 5379 illuminat
1922 5341 2028 5380 ete-

443 5428 558 5469 cos.
591 5412 957 5468 lllnminamur
985 5427 1112 5482 ergo
1138 5414 1313 5476 modo,
1347 5414 1556 5480 fratres,
1583 5415 1839 5470 habentes
1865 5416 2029 5487 colly-

361 5493 364 5497 ’
441 5507 580 5560 r‘um
612 5505 752 5560 fidei.
779 5505 1060 5560 Prtecessit
1085 5506 1223 5560 enim
1249 5506 1366 5576 ejus
1385 5508 1547 5562 saliva
1573 5523 1690 5563 cum
1711 5517 1870 5574 terra,
1891 5508 2030 5564 unde

442 5597 786 5664 inungerctur
810 5598 899 5666 qui
929 5612 1102 5652 caecus
1131 5606 1212 5652 est
1237 5609 1390 5652 natus
1420 5598 1598 5669 (Joan.
1630 5614 1709 5663 ix,
1741 5599 1820 5670 6).
1839 5599 2030 5654 Etnos

441 5686 509 5742 de
550 5684 713 5738 Adam
759 5687 884 5742 caici
918 5688 1024 5742 nati
1065 5703 1270 5756 sumus,
1303 5699 1357 5744 et
1400 5690 1498 5744 illo'
1534 5688 1865 5744 illuminante
1892 5706 2029 5763 opus

1434 243 1500 300 IN
1535 243 1812 303 JOANNIS
1851 247 2316 318 LVANGELIUM,
2356 249 2413 307 S.
2456 251 2820 312 AUGUSTI)“

3601 274 3713 332 l658

2183 364 2458 422 habemus.
2483 366 2690 424 Miscuit
2715 372 2931 429 salivam
2951 387 3070 432 cum
3093 385 3264 434 terra:
3301 377 3508 438 Verbum
3530 403 3632 443 caro
3653 397 3717 461 [α.

2179 467 2313 510 ctum
2331 467 2482 525 est,et
2508 459 2743 516 habitavit
2772 465 2825 518 in
2846 465 2985 521 nobis
3011 467 3187 538 (Joan.
3206 488 3244 535 t,
3267 472 3377 545 ﬂ).
3407 475 3596 534 Miscuit
3616 459 3718 539 sili-

2178 565 2296 603 vam
2322 567 2440 605 cum
2471 561 2643 620 terra;
2681 555 2800 611 ideo
2825 560 3134 629 przedictum
3164 573 3263 628 est,
3310 565 3496 623 Veritas
3529 571 3586 626 de
3613 585 3721 634 tem

2177 650 2289 695 orta
2317 652 2386 697 est
2410 642 2580 716 (Psal.
2613 663 2829 716 Lxxxw,
2855 650 2942 722 l2)
2964 671 2976 706 :
3002 654 3114 722 ipse
3138 665 3314 711 autem
3336 658 3484 727 dixit,
3513 661 3612 734 Ego
3629 684 3718 724 sum

2176 737 2276 800 via,
2305 739 2482 793 veritas
2502 749 2547 792 et
2573 741 2672 793 uita
2698 740 2874 812 (Joan.
2898 761 3006 811 xtv,
3034 746 3112 817 6).
3135 747 3370 806 Veritate
3407 754 3718 829 perfruemur,

2177 841 2296 881 cum
2325 829 2612 886 viderimus
2644 831 2777 890 facie
2799 836 2866 890 ad
2894 835 3116 903 faciem;
3141 842 3265 911 quia
3293 851 3350 898 ct
3376 844 3475 899 hoc
3501 853 3721 916 promitti-

2179 925 2262 972 tur
2288 919 2461 976 nobis.
2504 922 2638 979 Nam
2683 927 2804 994 quis
2828 928 3049 984 auderet
3072 945 3294 1001 sperare
3322 937 3462 1006 quod
3491 939 3617 996 Deus
3639 960 3719 1002 non

2177 1008 2423 1080 dignatus
2449 1023 2592 1069 esset
2614 1017 2695 1070 vel
2723 1017 2960 1088 polliceri
2986 1022 3070 1076 vel
3098 1021 3263 1078 dare?
3303 1026 3600 1086 Videbimus
3619 1035 3723 1093 facie

2175 1101 2241 1155 ad
2268 1100 2475 1158 faciem.
2505 1107 2789 1176 Apostolus
2813 1110 2939 1165 dicit
2970 1130 2981 1165 :
3014 1112 3165 1168 Nunc
3201 1118 3308 1171 scio
3337 1135 3401 1172 ea:
3437 1132 3586 1189 parte,
3613 1143 3720 1182 nunc

2174 1192 2226 1246 in
2256 1195 2522 1265 (enigmata
2561 1216 2648 1268 per
2685 1203 2962 1268 speculum,
2995 1212 3112 1258 tunc
3139 1215 3308 1261 autem
3333 1209 3463 1278 facie
3489 1214 3553 1266 ad
3576 1219 3721 1286 faciem

2176 1283 2218 1353 (I
2245 1282 2363 1340 Cor.
2388 1303 2500 1352 xiu,
2532 1287 2639 1358 l2).
2665 1290 2732 1344 Et
2750 1291 2984 1348 Joannes
3009 1297 3282 1365 apostolus
3304 1299 3356 1353 iu
3376 1282 3596 1368 Epistola
3615 1322 3717 1363 sua:

2173 1374 2516 1445 Dilectissimi,
2558 1397 2689 1434 nunc
2727 1384 2822 1451 ﬁlii
2857 1384 2950 1438 Dei
2975 1402 3168 1456 sumus,
3200 1400 3246 1444 et
3273 1393 3497 1447 nondum
3523 1402 3722 1466 apparuit

2172 1466 2296 1534 quid
2332 1468 2515 1522 erimus
2547 1486 2564 1520 :
2586 1473 2768 1525 scimus
2799 1476 2919 1543 quia
2961 1494 3071 1530 rum
3121 1483 3437 1551 apparuerit,
3488 1487 3653 1542 similes
3686 1493 3721 1544 ei

2173 1558 2387 1622 erimus;
2408 1563 2640 1628 quoniam
2658 1564 2930 1620 videbimus
2951 1585 3063 1622 eum
3082 1570 3228 1624 sicuti
3249 1583 3324 1626 est
3345 1574 3386 1644 (l
3407 1574 3556 1630 Joon.
3577 1579 3718 1652 tu,2).

2174 1649 2296 1704 llaec
2339 1662 2421 1706 est
2470 1670 2656 1725 magna
2702 1660 3010 1726 promissio;
3050 1662 3092 1716 si
3121 1678 3292 1726 amas,
3324 1681 3560 1738 sequere.
3589 1649 3716 1739 Amo,

2171 1741 2373 1812 inquis;
2401 1745 2493 1800 sed
2522 1763 2622 1815 qua
2651 1749 2878 1819 sequor?
2903 1752 2956 1807 Si
2979 1753 3201 1809 dixisset
3228 1756 3326 1810 tibi
3346 1757 3589 1814 Dominus
3608 1763 3717 1818 Deus

2172 1841 2311 1898 tuus,
2347 1836 2455 1906 Ego
2482 1852 2599 1892 sum
2630 1840 2824 1896 veritas
2861 1850 2917 1895 ct
2946 1843 3079 1908 vita;
3111 1844 3434 1902 desiderans
3458 1851 3715 1918 veritatem,

2169 1927 2548 1996 concupiscens
2569 1928 2750 1995 vitam,
2781 1931 2916 1985 viam
2947 1948 3046 2003 qua
3079 1935 3145 1988 ad
3177 1935 3295 1990 lucc
3327 1939 3593 2005 pervenire
3618 1958 3714 2010 pos-

2169 2029 2256 2069 ses
2280 2016 2517 2085 profecto
2546 2033 2833 2089 quaereres,
2857 2031 2909 2076 et
2933 2023 3140 2078 diceres
3168 2025 3266 2080 tibi
3289 2046 3301 2080 :
3327 2027 3507 2099 Magna
3545 2046 3622 2086 res
3645 2049 3716 2088 ve-

2167 2105 2317 2173 ritas,
2345 2124 2530 2179 magna
2566 2124 2652 2164 res
2677 2112 2814 2178 vita;
2848 2113 2891 2166 si
2918 2124 3059 2168 esset
3088 2118 3360 2185 quomodo
3401 2121 3523 2178 illuc
3560 2139 3716 2193 perve-

2167 2197 2303 2252 niret
2345 2199 2517 2253 anima
2548 2203 2694 2256 mea!
2726 2201 2931 2268 Quieris
2975 2206 3114 2274 qua?
3151 2208 3278 2262 andi
3325 2225 3450 2265 eum
3493 2213 3715 2271 dicentem

2167 2292 2356 2360 primo,
2391 2291 2501 2364 Ego
2524 2311 2632 2348 sum
2658 2296 2755 2348 via.
2789 2297 3084 2365 Antequam
3116 2301 3327 2359 diceret
3357 2305 3448 2360 tibi
3465 2322 3581 2376 quo,
3607 2325 3714 2378 prat-

2164 2385 2306 2439 misit
2327 2402 2427 2454 qua
2449 2405 2460 2439 :
2490 2386 2595 2457 Ego
2621 2405 2750 2452 sum,
2783 2389 2969 2459 inquit,
2993 2392 3091 2444 via.
3119 2392 3238 2460 Quo
3261 2396 3381 2450 via?
3401 2395 3468 2451 Et
3495 2399 3650 2454 veritas
3671 2410 3707 2454 et

2163 2478 2281 2530 vita.
2312 2477 2489 2532 Primo
2514 2478 2648 2534 dixit
2675 2496 2776 2550 qua
2809 2483 3008 2549 venias,
3038 2494 3219 2553 postea
3257 2484 3390 2542 dixit
3415 2504 3516 2559 quo
3542 2491 3708 2546 venias.

2163 2568 2273 2638 Ego
2294 2583 2408 2623 sum
2440 2570 2542 2634 via,
2573 2586 2671 2640 ego
2697 2586 2814 2626 sum
2842 2574 3056 2641 veritas,
3087 2591 3185 2646 ego
3210 2580 3345 2633 vita.
3374 2579 3582 2637 Manens
3601 2583 3710 2652 apud

2161 2659 2392 2726 Patrem,
2416 2663 2613 2717 veritas
2637 2672 2691 2717 et
2710 2665 2814 2718 vita
2839 2684 2852 2719 :
2877 2666 3101 2722 induens
3127 2684 3186 2724 se
3211 2685 3456 2739 carnem,
3482 2671 3634 2729 factus
3646 2683 3711 2730 est

2159 2751 2261 2805 via.
2294 2752 2408 2808 Non
2437 2755 2528 2808 tibi
2555 2755 2767 2823 dicitur,
2797 2758 3002 2813 Labora
3029 2763 3326 2831 quzcrendo
3350 2765 3504 2833 viam,
3538 2776 3590 2820 ut
3611 2782 3709 2837 per-

2160 2845 2338 2900 venias
2362 2847 2428 2901 ad
2457 2849 2729 2904 veritatem
2755 2861 2810 2906 et
2834 2852 3025 2918 vitam;
3058 2869 3163 2909 non
3185 2854 3298 2912 hoc
3320 2858 3411 2912 tibi
3432 2858 3708 2914 dicitur.Pi-

2157 2952 2267 3007 ger,
2301 2953 2487 3010 surge;
2520 2941 2601 2994 via
2643 2942 2753 3011 ipsa
2778 2943 2844 2997 ad
2877 2953 2926 2999 te
2965 2946 3127 3009 venit.
3160 2956 3212 3001 et
3244 2959 3298 3004 te
3321 2948 3388 3004 de
3411 2964 3586 3004 somno
3602 2950 3706 3005 dor-

2157 3029 2408 3084 mientem
2439 3031 2706 3096 excitavit,
2735 3034 2779 3086 si
2811 3043 2988 3090 tamen
3021 3037 3274 3094 excitavit
3302 3059 3314 3094 :
3352 3057 3518 3112 surge,
3549 3051 3597 3098 et
3617 3056 3704 3096 am-

2154 3118 2297 3174 bula.
2331 3120 2490 3176 Forte
2519 3125 2727 3178 conaris
2756 3125 3051 3194 ambulare,
3088 3139 3141 3183 et
3167 3147 3277 3186 non
3304 3143 3470 3203 potes,
3498 3135 3607 3204 quia
3631 3133 3704 3188 do-

2155 3209 2266 3264 lent
2291 3211 2471 3280 pedes.
2493 3212 2642 3268 Unde
2659 3214 2838 3269 dolent
2856 3216 3055 3287 pedes?
3075 3236 3141 3273 an
3164 3221 3390 3290 jubentc
3415 3225 3613 3279 avaritia
3629 3240 3702 3294 per

2154 3317 2342 3371 aspera
2371 3308 2758 3360 cucurrerunt?
2779 3307 2881 3363 Sed
2908 3309 2999 3363 Dei
3027 3310 3263 3368 Verbum
3293 3317 3494 3371 sanavit
3514 3325 3562 3371 et
3586 3317 3702 3371 clau.

2153 3391 2270 3448 dos.
2299 3395 2456 3460 Ecce,
2485 3397 2678 3465 inquis,
2706 3413 2866 3454 sanos
2896 3399 3066 3456 habeo
3092 3404 3278 3472 pedes,
3299 3408 3390 3462 sed
3419 3408 3573 3476 ipsam
3590 3408 3698 3461 viam

2155 3500 2257 3538 non
2280 3486 2454 3540 video.
2493 3487 2806 3544 llluminavit
2825 3499 2877 3546 et
2897 3507 3087 3548 cureos.

2226 3581 2312 3635 10.
2355 3583 2465 3637 Hoc
2492 3591 2658 3638 totum
2692 3601 2784 3654 per
2814 3585 2990 3651 fidem,
3023 3588 3277 3658 quamdiu
3301 3592 3699 3661 peregrinamttra

2152 3673 2397 3739 Domino,
2434 3687 2708 3731 manentes
2747 3678 2798 3732 111
2827 3694 3084 3748 corpore:
3106 3698 3225 3735 cum
3255 3693 3433 3739 autem
3463 3683 3700 3754 perambu-

2152 3765 2437 3820 laverinius
2466 3767 2692 3826 viam.et
2719 3768 2784 3822 ad
2804 3769 2971 3838 ipsam
3001 3773 3222 3840 patriam
3257 3776 3570 3838 venerimus,
3595 3771 3695 3843 quid

2151 3857 2252 3911 erit
2277 3857 2432 3912 nobis
2454 3856 2663 3912 lanius?
2689 3860 2813 3930 quid
2861 3863 2960 3916 erit
2987 3863 3140 3917 nobis
3164 3863 3409 3920 beatius?
3433 3866 3557 3932 Quia
3592 3861 3698 3918 nihil

2150 3947 2423 4016 pacatius:
2465 3948 2593 4002 nihil
2637 3951 2778 4004 enim
2819 3951 3073 4008 adversus
3116 3955 3387 4010 hominem
3435 3951 3695 4010 rebellabit.

2149 4037 2298 4092 Nunc
2326 4054 2472 4104 vero,
2507 4038 2716 4104 fratres,
2746 4041 2959 4096 diflicilc
2994 4043 3108 4096 sine
3138 4044 3253 4098 rixa
3284 4060 3484 4100 sumus.
3507 4045 3577 4100 Ad
3595 4057 3696 4098 oon-

2150 4130 2384 4184 cordiam
2411 4131 2622 4200 quidem
2643 4133 2810 4186 vocati
2832 4148 3034 4196 sumus,
3056 4135 3313 4203 jubemur
3330 4153 3506 4207 pacem
3534 4136 3694 4190 habere

2151 4222 2288 4274 inter
2319 4237 2444 4285 nos;
2472 4221 2539 4275 ad
2587 4222 2688 4278 hoc
2723 4224 3019 4278 conandum
3050 4235 3151 4290 est,
3181 4229 3530 4298 omnibusque
3555 4226 3695 4282 niten-

2149 4311 2273 4366 dum
2296 4312 2515 4377 viribus,
2539 4322 2593 4365 ut
2610 4314 2891 4382 aliquando
2909 4317 3184 4370 veniamus
3203 4317 3270 4372 ad
3295 4317 3692 4389 perfectissimam

2151 4417 2369 4470 pacem:
2397 4403 2555 4456 modo
2597 4414 2771 4460 autem
2817 4405 3082 4476 litigamus
3127 4408 3439 4481 plerumque
3484 4423 3593 4464 cum
3632 4403 3693 4458 cis

2150 4493 2338 4563 quibus
2366 4496 2643 4551 consulere
2665 4497 2925 4551 volumus.
2956 4497 3046 4553 Ille
3071 4509 3234 4565 errat,
3269 4508 3325 4556 tu
3353 4502 3429 4556 vis
3453 4501 3625 4556 ducere
3640 4493 3692 4549 ad

2151 4586 2322 4650 viam;
2366 4588 2565 4642 resistit
2605 4589 2716 4651 tibi,
2759 4590 3182 4658 litigaszresistit
3209 4607 3463 4665 paganus,
3491 4593 3690 4661 disputas

2147 4688 2330 4732 contra
2357 4694 2567 4735 errores
2594 4680 2851 4735 idolorum
2870 4690 2922 4737 et
2941 4682 3359 4740 darmoniorum:
3388 4685 3577 4741 resistit
3601 4681 3689 4736 lia:-

2147 4771 2362 4835 reticus,
2385 4771 2624 4842 disputas
2649 4781 2830 4828 contra
2857 4775 2988 4830 alias
3014 4775 3284 4833 doctrinas
3311 4779 3684 4833 daemoniorum:

2147 4861 2315 4913 malus
2343 4862 2633 4916 catholicus
2664 4877 2767 4917 non
2793 4864 2905 4917 vult
2932 4864 3066 4918 bene
3093 4867 3292 4930 vivere,
3317 4867 3533 4936 corripis
3554 4864 3682 4918 etiam

2145 4952 2449 5006 interiorem
2498 4953 2712 5008 fratrem
2760 4965 2937 5010 tuum:
2969 4966 3142 5011 tecum
3175 4969 3351 5014 manet
3380 4960 3430 5014 in
3460 4957 3619 5016 domo.
3641 4958 3682 5005 ει

2145 5045 2378 5112 perditas
2402 5045 2513 5098 vias
2540 5047 2756 5115 qumrit;
2783 5057 2974 5102 arstuas
2999 5050 3267 5119 quomodo
3290 5052 3532 5121 corrigas,
3557 5053 3606 5100 ut
3629 5040 3682 5096 dc

2145 5136 2236 5190 illo
2253 5139 2441 5192 bonam
2458 5138 2714 5194 rationem
2735 5140 2960 5196 Domino
2974 5143 3251 5199 amborum
3269 5145 3470 5200 reddas.
3493 5142 3677 5209 Quam!

2145 5230 2379 5300 undique
2425 5231 2657 5286 rixarum
2688 5234 3061 5290 necessitates?
3091 5235 3406 5307 Plerumque
3437 5235 3577 5288 homo
3599 5238 3675 5282 tm-

2143 5321 2231 5376 dio
2257 5321 2496 5389 affectus,
2548 5324 2675 5380 dicit
2714 5325 2853 5398 apud
2895 5327 3423 5397 semetipsumzouid
3464 5321 3577 5380 milii
3609 5324 3672 5372 est

2143 5417 2246 5486 pati
2275 5418 2712 5485 contradictores,
2736 5420 2842 5488 pati
2869 5434 2962 5476 eos
2985 5422 3072 5492 qui
3089 5422 3315 5478 reddunt
3339 5420 3467 5476 mala
3492 5428 3576 5487 pro
3591 5411 3669 5466 b0-

2141 5507 2258 5561 nis?
2288 5508 2399 5579 Ego
2426 5509 2548 5564 volo
2586 5511 2884 5576 consulere,
2917 5513 2990 5567 illi
3020 5514 3199 5570 volunt
3230 5513 3395 5586 perire
3416 5527 3427 5564 :
3448 5513 3665 5563 consumo

2142 5599 2305 5655 vitam
2334 5617 2505 5657 meam
2552 5603 2837 5675 litigando;
2866 5620 3048 5676 pacem
3095 5623 3200 5664 non
3242 5606 3434 5663 habeo:
3461 5595 3664 5656 inimicos

2142 5691 2357 5764 insuper
2383 5693 2539 5761 facio,
2569 5711 2704 5768 quos
2731 5699 2932 5754 amicos
2955 5699 3152 5757 habere
3179 5701 3442 5762 deberem,
3463 5690 3660 5748 1111101111·
