3916 6378
99 315 228 376 1857

94 431 361 492 volentiam
391 428 718 486 consulentis
745 425 1120 484 attenderem:
1146 425 1272 497 quid
1304 423 1434 480 mihi
1457 432 1540 479 est
1567 424 1668 480 ista

93 526 313 602 perpeti?
336 523 550 581 redeam
579 522 646 578 ad
667 538 774 588 me,
800 537 1009 578 mecum
1033 536 1148 588 ero,
1182 521 1347 576 Deum
1376 536 1553 576 meum
1583 521 1668 576 in-

95 621 297 677 vocabo.
323 617 458 674 Redi
488 616 555 673 ad
587 617 835 687 teipsum,
877 615 949 670 ibi
985 614 1192 670 invenis
1233 615 1404 670 rixam
1436 615 1515 670 :si
1555 629 1668 671 cm-

97 716 205 787 pisti
235 713 397 768 Deum
419 711 592 782 sequi,
626 710 698 765 ibi
723 709 933 765 invenis
961 710 1151 763 rixam.
1179 708 1348 777 Quam
1376 709 1565 776 rixam,
1591 710 1671 764 in-

98 808 218 877 quis,
245 803 500 858 invenio?
527 802 671 857 Caro
697 800 1022 870 concupiscit
1041 800 1298 856 adversus
1322 800 1588 870 spiritum,
1617 809 1674 856 et

97 899 294 968 spiritus
323 893 582 949 adversus
602 907 818 948 carnem
849 890 1044 964 (Colat.
1073 907 1128 959 v,
1161 891 1274 962 17).
1306 891 1446 947 Ecce
1475 901 1528 945 tu
1559 891 1673 962 ipse

95 1007 162 1054 es,
182 1003 305 1044 ecce
326 994 383 1042 tu
407 986 556 1040 solus
576 999 654 1051 es,
682 999 807 1040 ecce
829 992 1002 1039 tecum
1029 999 1110 1050 es,
1131 998 1258 1039 ecce
1282 982 1443 1038 alium
1466 983 1672 1039 nullum

95 1084 348 1139 hominem
389 1079 620 1149 pateris:
655 1077 749 1132 sed
777 1076 924 1132 vides
950 1077 1106 1131 aliam
1133 1077 1301 1148 legem
1333 1077 1386 1130 in
1417 1075 1675 1133 membris

98 1178 208 1241 tuis,
241 1180 624 1243 repugnantem
656 1169 758 1240 legi
788 1170 984 1225 mentis
1011 1177 1137 1236 tum,
1170 1176 1225 1223 et
1248 1169 1603 1239 captivantem
1623 1176 1676 1223 te

98 1273 142 1325 in
164 1270 279 1338 lege
309 1264 529 1336 peccati,
571 1278 690 1333 qua:
735 1269 818 1318 est
865 1261 919 1315 in
968 1259 1223 1315 membris
1267 1259 1390 1313 tuis.
1421 1258 1673 1314 Exclama

99 1377 231 1432 ergo,
264 1367 318 1414 et
344 1373 371 1410 a
402 1359 517 1410 rixa
544 1355 799 1410 interiore
825 1354 995 1410 clama
1023 1352 1089 1408 ad
1119 1353 1308 1415 Deum,
1336 1361 1394 1407 ut
1414 1353 1506 1407 tibi
1534 1352 1678 1422 paci-

101 1453 205 1506 licet
234 1461 319 1507 te:
346 1447 504 1503 Miser
529 1464 620 1519 ego
648 1447 820 1511 homo,
849 1448 959 1519 quis
990 1463 1066 1500 me
1109 1445 1337 1500 liberabit
1371 1445 1436 1500 de
1469 1461 1678 1516 corpore

101 1543 257 1596 mortis
285 1540 478 1612 hujus?
523 1536 703 1593 Gratia
734 1537 830 1592 Dei
858 1553 948 1608 per
988 1535 1169 1591 Iesum
1197 1536 1450 1592 Christum
1497 1535 1677 1591 Domi-

100 1652 202 1687 nunt
233 1642 455 1686 nostrum
483 1628 659 1703 (Rom.
691 1645 785 1696 vn,
811 1626 1029 1702 25-25).
1077 1627 1210 1695 Quia
1247 1629 1452 1699 quinte,
1485 1628 1674 1700 inquit,

101 1728 322 1796 sequitur,
353 1741 453 1779 non
481 1723 756 1777 ambulabit
795 1725 848 1776 in
891 1723 1136 1787 tenebris;
1173 1724 1260 1777 sed
1291 1722 1485 1778 habebit
1512 1725 1678 1779 lumen

103 1823 213 1874 vitae.
249 1818 413 1873 Finita
443 1826 551 1872 tota
587 1818 724 1882 rixa,
759 1817 1129 1871 immortalitas
1153 1825 1530 1886 consequetur,
1557 1819 1677 1887 quia

105 1912 351 1964 nouissima
379 1909 586 1963 inimica
612 1908 899 1963 destruetur
924 1924 1081 1962 mors.
1115 1907 1184 1963 Et
1208 1907 1380 1980 qualis
1407 1925 1504 1979 pax
1537 1910 1679 1964 erit?

109 2004 302 2074 Oportet
324 1999 647 2069 corruptibile
674 2001 770 2054 hoc
788 1999 998 2054 induere
1011 2001 1462 2072 incorruptionem,
1480 2011 1526 2055 et
1546 2018 1680 2055 mor-

107 2097 191 2149 tale
208 2095 301 2147 hoc
323 2094 529 2147 induere
544 2091 976 2146 immortalitatem
998 2090 1042 2164 (Ι
1062 2090 1178 2146 Cor.
1204 2107 1296 2157 xv,
1318 2090 1410 2158 26,
1435 2092 1545 2162 55).
1564 2091 1682 2160 Quo

106 2197 153 2240 ut
185 2185 474 2249 veniamus,
515 2184 639 2255 quia
671 2195 795 2239 tunc
824 2183 929 2239 erit
956 2183 1008 2238 in
1036 2198 1116 2250 re,
1148 2199 1289 2238 nunc
1317 2198 1603 2254 sequamur
1627 2185 1678 2238 in

105 2293 186 2347 spe
214 2293 332 2333 eum
359 2277 446 2347 qui
475 2276 630 2340 dixit,
664 2274 778 2347 Ego
807 2292 919 2330 sum
948 2275 1039 2330 lux
1067 2275 1242 2329 mundi
1259 2291 1278 2329 :
1301 2276 1385 2347 qui
1407 2292 1486 2329 me
1513 2277 1680 2345 sequi-

105 2379 193 2437 tur,
217 2385 315 2424 non
340 2368 613 2424 ambulabit
639 2369 691 2422 in
722 2367 963 2434 tenebris;
1006 2367 1094 2420 sed
1124 2367 1320 2423 habebit
1353 2367 1522 2422 lumen
1546 2368 1678 2422 vita’.

546 2458 960 2517 TRACTATUS
995 2457 1214 2514 XXXV.

107 2555 169 2608 Ab
197 2572 255 2610 eo
282 2555 408 2626 quod
433 2555 638 2626 legitur,
669 2553 927 2609 Dixerunt
951 2567 1081 2624 ergo
1111 2551 1387 2620 Pharistei,
1416 2552 1496 2609 Tu
1521 2553 1588 2609 de
1606 2562 1682 2609 te-

170 2651 283 2720 ipso
319 2649 679 2705 testimonium
717 2647 988 2718 perhibes,
1033 2655 1127 2701 etc.
1147 2687 1162 2712 ,
1193 2663 1348 2718 usque
1373 2646 1441 2700 ad
1465 2647 1540 2714 id,
1571 2646 1680 2704 Ve-

170 2758 281 2798 rum
305 2750 382 2798 est
427 2741 791 2797 testimonium
821 2754 1024 2804 meum,
1068 2738 1191 2810 quia
1217 2737 1332 2794 seio
1355 2737 1498 2794 unde
1535 2739 1678 2805 veni,

168 2843 218 2889 et
238 2850 338 2904 quo
361 2833 519 2889 vado.
550 2832 677 2903 Cap.
709 2846 819 2898 vm,
867 2831 904 2902 7
928 2870 942 2884 .
972 2831 1060 2896 l3,
1093 2830 1182 2885 14.

174 2927 222 2981 1.
259 2926 330 2981 De
356 2925 537 2981 verbis
567 2923 778 2979 Domini
806 2922 976 2979 nostri
1022 2921 1149 2977 Jesu
1192 2919 1411 2986 Christi,
1457 2921 1544 2976 ubi
1583 2921 1677 2987 ait,

108 3019 206 3090 Ego
227 3037 333 3074 sum
357 3020 448 3074 lux
477 3017 655 3072 mundi
673 3033 693 3072 :
717 3016 807 3088 qui
837 3033 916 3070 me
933 3016 1176 3085 sequitur,
1203 3031 1305 3068 non
1333 3012 1610 3068 ambulabit
1627 3013 1682 3067 in

112 3111 332 3173 tenebris;
358 3109 448 3165 sed
486 3108 684 3163 habebit
711 3108 882 3162 lumen
909 3107 1025 3160 vita:
1061 3102 1241 3178 (Joan.
1282 3120 1394 3172 vttt,
1435 3102 1548 3172 12),
1581 3103 1681 3158 he-

107 3212 268 3257 sterno
293 3203 379 3258 die
405 3202 494 3272 qui
536 3200 804 3265 adfuistis,
833 3199 924 3255 diu
964 3197 1292 3267 disputatum
1334 3211 1455 3254 esse
1490 3197 1680 3252 memi-

107 3295 281 3348 iustis:
310 3302 362 3348 et
385 3293 432 3348 si
455 3292 625 3348 adhuc
651 3292 878 3347 velimus
923 3289 990 3345 de
1036 3289 1127 3344 illo
1155 3289 1354 3344 lumine
1379 3288 1676 3359 diSputare,

106 3387 184 3440 diu
228 3385 367 3455 loqui
411 3399 726 3456 possumus;
778 3398 901 3438 nam
941 3397 1046 3437 non
1093 3397 1376 3452 possumus
1413 3383 1680 3451 explicare

109 3477 422 3546 compendio.
466 3477 667 3547 Itaque,
704 3474 895 3530 fratres
937 3474 1062 3540 mei,
1093 3487 1379 3544 sequamur
1407 3472 1679 3528 Christum

113 3570 266 3625 lumen
308 3570 510 3636 mundi,
559 3585 625 3624 ne
655 3567 989 3622 ambulemus
1034 3566 1086 3620 in
1132 3565 1389 3621 tenebris.
1421 3565 1679 3620 Tenebrae

114 3663 382 3718 metuenda:
413 3672 558 3726 sunt,
590 3677 823 3726 morum,
867 3675 972 3714 non
1002 3658 1312 3714 oculorum:
1341 3667 1396 3714 et
1423 3658 1466 3713 si
1492 3659 1678 3712 oculo-

115 3768 234 3817 rum,
261 3770 358 3810 non
387 3755 738 3819 exteriorum,
772 3751 864 3807 sed
889 3751 1223 3816 interiorum,
1251 3749 1398 3804 unde
1424 3748 1682 3805 discerni-

118 3853 189 3898 tur
213 3861 306 3899 non
332 3847 505 3901 album
535 3855 589 3900 et
610 3845 840 3915 nigrum,
871 3842 1183 3912 sedjustum
1213 3849 1269 3897 et
1293 3842 1568 3911 injustum.

176 3939 223 3992 9..
259 3939 382 3995 Cum
412 3941 528 3995 haec
559 3953 687 4008 ergo
729 3937 952 3993 dixisset
1000 3936 1258 3991 Dominus
1302 3944 1484 3990 noster
1521 3935 1679 3990 Jesus

119 4029 347 4099 Christus,
379 4031 770 4103 responderunt
791 4029 962 4084 Judaei
989 4046 1000 4082 :
1029 4027 1109 4082 Tu
1153 4027 1218 4082 de
1255 4037 1303 4081 te
1341 4028 1678 4082 testimonium

122 4123 253 4185 dicis;
276 4126 608 4180 testimonium
637 4131 779 4176 tuum
809 4137 912 4174 non
941 4128 1015 4174 est
1039 4135 1229 4173 verum.
1257 4119 1556 4189 Antequam
1582 4132 1675 4172 ve-

123 4216 239 4269 niret
266 4217 509 4272 Dominus
548 4224 731 4270 noster
757 4213 912 4269 Jesus
937 4210 1200 4276 Christus,
1237 4210 1433 4266 multas
1472 4219 1594 4264 ante
1620 4226 1677 4265 se

125 4306 332 4362 lucernas
365 4307 705 4380 propheticas
733 4303 977 4361 accendit
1010 4312 1066 4359 et
1092 4302 1251 4358 misit.
1286 4303 1359 4356 De
1400 4300 1484 4354 his
1516 4301 1674 4354 etiam

124 4409 216 4453 erat
239 4400 456 4457 Joannes
475 4400 734 4471 Baptista,
758 4399 842 4454 cui
865 4407 970 4452 tam
995 4410 1244 4467 magnum
1273 4395 1444 4464 ipsum
1472 4393 1673 4455 lumen,

125 4491 238 4560 quod
275 4503 349 4549 cst
378 4492 636 4549 Dominus
663 4489 927 4554 Christus,
976 4486 1247 4559 perhibuit
1290 4485 1672 4550 testimonium,

126 4581 253 4646 quale
267 4583 388 4638 nulli
415 4582 690 4637 hominum
714 4599 727 4635 :
756 4581 829 4634 ait
848 4578 1012 4643 enim,
1035 4574 1100 4630 In
1124 4576 1254 4630 natis
1278 4575 1547 4629 mulierum
1577 4591 1677 4628 non

127 4676 305 4728 surrexit
327 4677 490 4746 major
517 4673 717 4728 Joanne
737 4670 966 4740 Baptista
997 4667 1212 4742 (Matth.
1243 4682 1316 4732 XI,
1344 4667 1452 4736 11).
1483 4665 1578 4720 Hic
1602 4674 1678 4719 ta-

128 4780 242 4836 men,
261 4786 358 4841 quo
385 4784 546 4825 nemo
575 4775 693 4822 erat
721 4765 891 4835 major
933 4763 984 4816 in
1017 4761 1154 4817 natis
1201 4759 1504 4821 mulierum,
1550 4757 1678 4813 dicit

128 4854 179 4912 de
202 4860 404 4918 Domino
430 4862 559 4917 Jesu
587 4859 838 4915 Christo:
867 4854 981 4926 Ego
1025 4853 1226 4925 quidem
1269 4853 1467 4923 baptizo
1510 4867 1595 4905 vos
1624 4852 1674 4904 in

25 4965 28 4970 '
129 4965 256 5021 aqu;
281 4958 360 5028 qui
394 4966 564 5010 autem
602 4953 750 5016 venit,
784 4951 963 5021 fortior
1003 4965 1081 5003 me
1126 4955 1218 5011 est,
1247 4949 1396 5017 cujus
1426 4963 1525 5000 non
1560 4963 1675 4999 sum

127 5044 273 5115 dignus
293 5049 682 5103 caleeamentum
707 5043 896 5099 solvere
931 5039 1109 5111 (Joan.
1139 5056 1176 5103 ι,
1205 5039 1298 5104 26,
1325 5040 1442 5102 27).
1483 5038 1672 5096 Videte

121 5138 529 5205 quemadmodum
573 5151 632 5192 se
659 5135 876 5190 lucerna
917 5131 1021 5187 dici
1051 5131 1345 5186 submittat.
1375 5131 1672 5187 Lucernam

119 5231 410 5302 vcroipsum
453 5231 717 5288 Joannem
758 5227 921 5283 luisse
960 5226 1219 5281 Dominus
1261 5225 1373 5296 ipse
1413 5233 1670 5281 testatur:

117 5319 203 5378 Ille
222 5334 338 5390 erat,
360 5325 552 5396 inquit,
585 5323 788 5378 lucerna
816 5319 1000 5374 ardens
1021 5327 1069 5373 et
1095 5317 1304 5381 lucens;
1330 5325 1375 5371 et
1401 5333 1486 5370 vos
1517 5317 1676 5372 uolui-

117 5415 191 5472 stis
224 5419 286 5474 ad
329 5423 510 5474 horam
560 5415 816 5473 exsultare
859 5415 915 5469 in
956 5411 1147 5467 lumine
1191 5412 1302 5482 ejus
1334 5411 1445 5481 (Id.
1477 5427 1528 5477 v,
1559 5411 1671 5480 55).

118 5508 309 5577 Quando
332 5523 512 5569 autem
540 5510 790 5566 dixerunt
812 5505 984 5563 Judzei
1020 5503 1266 5570 Domino,
1310 5501 1406 5558 Dic
1431 5503 1592 5570 nobis,
1621 5503 1674 5557 in

118 5617 200 5669 qua
221 5612 450 5671 potestate
474 5603 574 5659 ista
595 5600 762 5675 facis?
784 5588 960 5655 sciens
989 5595 1245 5652 Dominus
1273 5594 1394 5667 quia
1414 5594 1671 5650 Joannem

120 5692 378 5766 Baptist
425 5712 524 5768 pro
567 5708 763 5766 magno
807 5691 1085 5755 haberent,
1125 5697 1179 5744 et
1201 5687 1341 5760 quod
1373 5687 1487 5758 ipse
1514 5701 1671 5757 quem

123 5800 204 5856 pro
224 5805 405 5862 magno
425 5790 711 5857 habebant,
733 5786 813 5844 eis
829 5785 898 5842 de
917 5785 1145 5841 Domino
1169 5781 1527 5840 testimonium
1553 5797 1673 5853 per-

1180 304 1590 365 TRACTATUS
1625 303 1844 364 XXXV.
1888 305 2116 366 CAPUT
2156 307 2294 368 νιιι.

3233 317 3376 379 1658

1778 423 2056 490 hibuisset,
2084 426 2361 498 respondit
2377 427 2456 484 eis
2477 446 2491 484 :
2513 427 2859 503 lnterrogabo
2880 440 2937 488 et
2959 445 3061 505 ego
3081 448 3178 490 vos
3207 448 3375 492 unum

1776 533 2113 576 sermonem:
2141 519 2302 577 dicite
2323 522 2472 588 mihi,
2499 523 2798 594 Baptismus
2819 525 3042 582 Joannis
3071 526 3215 583 unde
3253 532 3377 584 est?

1778 610 1844 667 de
1868 612 2026 679 ctelo,
2055 627 2122 667 an
2151 629 2219 668 ex
2262 614 2604 672 hominibus?
2631 617 2849 672 Turbati
2881 618 2954 674 illi
2986 621 3124 676 intra
3171 631 3378 678 semet-

1779 705 1924 774 ipsos
1951 705 2276 778 cogitabant,
2299 707 2425 777 quia
2455 708 2500 762 si
2529 707 2788 774 dicerent,
2819 710 2902 766 Ab
2933 709 3260 780 hominibus,
3295 713 3378 768 la-

1779 796 1947 868 pidari
1979 807 2197 868 possent
2217 813 2247 853 a
2275 799 2450 866 turba,
2478 816 2599 870 quae
2621 800 2881 857 Joannem
2911 803 3225 873 prophetam
3255 818 3378 862 esse

1779 887 2061 944 credebat:
2095 889 2138 944 si
2164 889 2421 956 dicerent,
2470 891 2544 946 De
2585 893 2742 958 coelo,
2773 894 3129 964 responderet
3153 895 3253 960 eis,
3285 897 3378 953 llle

1780 995 1937 1051 quem
1968 980 2296 1037 conlilemini
2321 982 2390 1037 de
2415 984 2553 1039 ctelo
2577 983 2828 1040 habuisse
2857 988 3214 1058 prophetiam,
3249 988 3380 1044 mihi

1783 1075 2142 1132 teStimonium
2171 1077 2460 1148 perhibuit,
2491 1086 2547 1133 et
2575 1079 2643 1134 ab
2673 1079 2764 1134 illo
2808 1080 3035 1137 audistis
3069 1082 3119 1136 in
3146 1098 3250 1153 qua
3279 1096 3381 1153 ego

1784 1167 1882 1222 ista
1909 1169 2096 1224 faciam
2128 1177 2408 1238 potestate.
2441 1169 2702 1225 Viderunt
2746 1185 2896 1242 ergo,
2946 1172 3226 1243 quodlibet
3274 1172 3379 1228 ho-

1784 1277 1901 1317 rum
1931 1262 2350 1332 respondissent,
2395 1263 2446 1316 in
2488 1263 2734 1333 laqueum
2765 1279 2824 1320 se
2850 1279 3099 1330 casuros;
3130 1275 3185 1322 et
3223 1265 3378 1322 dixe-

1784 1362 1927 1420 runt,
1960 1352 2245 1408 Nescimus.
2276 1355 2342 1410 Et
2371 1353 2628 1409 Dominus
2660 1355 2775 1411 eis:
2803 1354 2913 1410 Nec
2953 1373 3043 1427 ego
3067 1358 3180 1412 dico
3217 1358 3376 1426 vobis,

1783 1445 1835 1497 in
1864 1461 1963 1515 qua
1984 1452 2226 1515 potestate
2247 1444 2342 1497 ista
2369 1445 2499 1514 facio
2523 1444 2738 1510 (Matth.
2767 1461 2876 1510 χχι,
2904 1445 3121 1517 25-27).
3150 1446 3266 1503 Νοη
3289 1463 3380 1504 vo-

1784 1537 1866 1592 bis
1893 1537 2012 1592 dico
2043 1537 2182 1607 quod
2204 1537 2334 1602 scio,
2366 1539 2488 1607 quia
2517 1553 2621 1591 non
2662 1538 2822 1592 vultis
2849 1538 3000 1593 lateri
3030 1539 3175 1610 quod
3206 1540 3376 1595 scitis.

1785 1630 2086 1686 Justissitne
2103 1631 2285 1699 utique
2305 1629 2526 1699 repulsi,
2543 1628 2751 1684 confusi
2773 1630 3149 1686 abscesserunt
3167 1649 3180 1685 :
3203 1640 3258 1686 et
3275 1631 3378 1685 im-

1786 1722 1982 1792 plotum
2009 1730 2092 1775 est
2119 1720 2260 1790 quod
2288 1720 2342 1774 in
2365 1719 2577 1774 Psalmo
2604 1735 2704 1791 per
2730 1720 3050 1790 Prophetam
3081 1721 3210 1777 dicit
3239 1722 3380 1779 Deus

1786 1814 1963 1876 Pater.
2012 1811 2201 1866 Paravi
2250 1810 2507 1866 lucernam
2549 1811 2750 1866 Christo
2796 1828 2928 1875 meo,
2971 1811 3023 1866 id
3069 1824 3171 1879 est,
3205 1813 3379 1884 ipsum

1784 1907 2088 1971 Joannem;
2152 1906 2378 1961 inimicos
2426 1907 2535 1977 ejus
2581 1903 2793 1959 induam
2842 1906 3135 1977 confusione
3178 1905 3197 1975 (
3230 1905 3378 1962 Psal.

1785 2016 1977 2066 cxxxr,
2012 2000 2098 2064 17,
2134 1999 2245 2068 18).

1857 2092 1908 2146 3.
1953 2090 2190 2145 Habebat
2231 2104 2360 2160 ergo
2389 2089 2647 2146 Dominus
2673 2089 2830 2146 Jesus
2853 2089 3099 2146 Christus
3127 2092 3372 2148 testimo-

1787 2184 1932 2239 nium
1962 2181 2351 2254 Prophetarum
2380 2191 2504 2237 ante
2533 2197 2592 2238 se
2621 2183 3042 2252 prtemissorum.
3077 2200 3382 2254 praeconum

1783 2276 2014 2348 judicem
2045 2276 2496 2346 prmcedentium;
2529 2275 2762 2332 habebat
2788 2277 3151 2334 testimonium
3169 2293 3199 2332 a
3221 2277 3384 2334 Joano

1788 2385 1856 2425 ne
1879 2385 1892 2424 :
1917 2369 2009 2424 sed
2038 2369 2151 2439 ipse
2177 2368 2348 2439 majus
2370 2370 2385 2400 ¹
2412 2369 2772 2424 testimonium
2803 2376 2942 2437 erat,
2967 2370 3110 2442 quod
3135 2371 3236 2426 sibi
3263 2387 3383 2442 per-

1789 2461 2023 2518 hibebat.
2050 2461 2126 2516 Illi
2144 2470 2322 2516 autem
2346 2460 2570 2515 inﬁrmis
2591 2461 2762 2516 oculis
2783 2461 3031 2517 lucernas
3049 2463 3379 2534 quterebant,

1787 2557 1909 2626 quia
1935 2554 2076 2610 diem
2104 2554 2244 2610 ferre
2269 2570 2374 2610 non
2396 2561 2640 2625 poterant
2664 2570 2676 2606 :
2703 2568 2824 2608 nam
2845 2553 3080 2611 Joannes
3102 2554 3241 2611 idem
3265 2557 3380 2626 ipse

1788 2648 2081 2718 apostolus,
2113 2647 2268 2716 cujus
2290 2646 2640 2717 Evangelium
2669 2645 2723 2700 in
2751 2646 2995 2702 manibus
3026 2646 3302 2712 habemus,
3327 2649 3379 2703 in

1788 2739 1953 2810 ipsius
1982 2739 2254 2809 Evangelii
2274 2739 2354 2793 sui
2383 2738 2556 2808 capite
2585 2739 2660 2792 ait
2688 2737 2754 2793 de
2771 2736 2997 2805 Joanne,
3023 2759 3042 2791 ‹
3072 2739 3200 2794 Erat
3220 2739 3382 2796 homo

1789 2831 1986 2886 missus
2013 2846 2043 2885 a
2074 2831 2214 2896 Deo,
2247 2831 2330 2885 cui
2375 2845 2569 2886 nomen
2597 2838 2713 2884 erat
2736 2829 2970 2886 Joannes
2998 2849 3010 2885 :
3045 2831 3131 2886 hic
3157 2833 3300 2888 venit
3327 2834 3380 2888 in

1789 2922 2152 2978 testimonium
2173 2963 2188 2988 ,
2219 2931 2275 2976 ut
2305 2921 2666 2976 testimonium
2698 2921 3005 2991 perhiberet
3043 2921 3110 2978 de
3149 2923 3376 2988 lumine.

1790 3023 1844 3068 ut
1873 3026 2060 3068 omnes
2084 3012 2366 3068 crederent
2389 3027 2484 3083 per
2513 3026 2656 3066 eum.
2699 3010 2813 3066 Non
2863 3021 2980 3066 erat
3029 3012 3115 3067 ille
3161 3012 3375 3078 lumen,

1787 3104 1884 3160 sed
1913 3113 1971 3159 ut
1997 3105 2355 3160 testimonium
2387 3101 2688 3172 perhiberet
2711 3101 2779 3158 de
2806 3103 3025 3158 lumine.
3051 3103 3175 3158 Erat
3203 3105 3380 3160 lumen

1788 3213 1970 3252 verum
1996 3237 2010 3262 ,
2039 3197 2180 3268 quod
2211 3195 2476 3250 illuminat
2500 3210 2716 3251 omnem
2759 3195 3032 3251 hominem
3078 3196 3378 3252 venientem

1787 3289 1839 3345 in
1868 3288 2144 3344 mundum.
2165 3308 2184 3338 ι
2217 3288 2272 3344 Si
2301 3305 2514 3352 omnem,
2540 3303 2666 3358 ergo
2685 3297 2740 3342 et
2765 3285 3047 3342 Joannem.
3075 3287 3230 3344 Unde
3254 3287 3383 3343 dicit

1787 3393 1842 3439 ct
1881 3383 1994 3453 ipse
2033 3382 2284 3438 Joannes.
2320 3380 2432 3436 Nos
2462 3398 2634 3436 omnes
2662 3381 2726 3434 de
2762 3381 3077 3451 plenitudine
3104 3382 3214 3452 ejus
3240 3399 3384 3438 acce-

1787 3476 1952 3545 pimus
1979 3475 2164 3547 (Joan.
2199 3492 2235 3540 l,
2269 3475 2384 3541 6-9,
2419 3474 2530 3545 lli).
2567 3473 2860 3530 Discernite
2883 3491 3012 3544 ergo
3033 3475 3154 3542 ista,
3181 3485 3236 3530 ut
3260 3490 3382 3545 pro-

1787 3567 1930 3623 liciat
1958 3584 2111 3624 meus
2143 3577 2318 3624 vestra
2349 3568 2400 3622 in
2433 3567 2536 3623 lide
2561 3567 2794 3634 Christi;
2823 3583 2891 3623 ne
2915 3583 3128 3637 semper
3154 3567 3381 3624 infantes

1784 3658 1902 3713 sitis
1946 3659 2110 3715 ubera
2159 3667 2488 3729 quaerentes,
2519 3666 2574 3713 et
2612 3673 2642 3712 a
2681 3657 2803 3713 cibo
2845 3657 3017 3712 solido
3059 3656 3377 3713 resilientes.

1786 3751 2000 3807 Debetis
2028 3751 2169 3822 apud
2207 3760 2432 3808 matrem
2469 3760 2707 3808 sanctam
2736 3751 3026 3806 Ecclesiam
3056 3748 3253 3806 Clll'iSli
3279 3767 3380 3807 nu-

1786 3847 1900 3902 triri
1928 3856 1982 3902 et
2026 3846 2310 3912 ablactari,
2353 3855 2409 3901 et
2453 3845 2519 3900 ad
2567 3860 2718 3901 escas
2759 3843 3042 3900 solidiores
3083 3843 3378 3909 accedere,

1783 3947 1998 4006 mente,
2044 3954 2151 3993 non
2188 3948 2392 3993 ventre.
2435 3939 2547 3994 Hoc
2583 3953 2713 4008 ergo
2738 3937 3060 4000 discernite,
3087 3937 3230 3993 aliud
3260 3952 3382 3994 esse

1785 4030 1962 4086 lumen
1992 4029 2134 4100 quod
2165 4029 2460 4094 illuminat,
2492 4028 2634 4083 aliud
2679 4042 2800 4084 esse
2847 4027 2989 4098 quod
3030 4028 3377 4084 illuminatur.

1784 4123 1914 4179 Nam
1941 4133 1996 4179 et
2025 4121 2164 4177 oculi
2194 4121 2359 4176 nostri
2403 4103 2600 4176 lumina
2629 4121 2912 4182 dicuntur;
2939 4131 2994 4174 et
3019 4121 3380 4190 unusquisque
3434 4175 3449 4187 ,

1786 4218 1855 4273 ita
1873 4217 2036 4287 jurat,
2068 4223 2292 4285 tangens
2310 4214 2494 4268 oculos
2523 4227 2669 4276 suos,
2701 4227 2797 4282 per
2818 4211 3016 4266 lumina
3042 4227 3160 4276 sua,
3186 4211 3278 4266 Sic
3299 4213 3380 4268 vi-

1783 4319 1909 4362 vant
1945 4307 2145 4362 lumina
2189 4320 2304 4361 mea
2331 4321 2342 4356 :
2369 4304 2559 4359 usitata
2585 4303 2782 4374 juratio
2815 4312 2916 4359 est.
2949 4303 3078 4371 Qute
3102 4302 3303 4359 lumina
3330 4305 3374 4360 si

1787 4400 1981 4454 lumina
2012 4406 2167 4461 sunt,
2197 4396 2336 4452 desit
2364 4396 2542 4451 lumen
2568 4395 2619 4450 in
2648 4393 2894 4449 cubiculo
2920 4403 3012 4448 tuo
3040 4394 3245 4457 clauso,
3278 4409 3377 4465 pa-

1785 4497 2012 4546 teantet
2037 4490 2250 4544 luceant
2288 4488 2416 4543 tibi:
2443 4503 2548 4542 non
2590 4485 2773 4556 utique
2813 4494 3053 4555 possunt.
3095 4485 3377 4553 Quomodo

1783 4598 1910 4652 ergo
1936 4583 2036 4637 ista
2066 4583 2119 4636 in
2151 4581 2283 4637 faeie
2311 4597 2428 4651 quae
2458 4579 2718 4636 habemus
2737 4620 2749 4644 ,
2778 4589 2831 4634 et
2857 4579 3056 4633 lumina
3097 4594 3375 4650 nuncupa-

1783 4692 1924 4741 mus,
1951 4685 2007 4732 et
2031 4675 2244 4746 quando
2271 4690 2399 4730 sana
2429 4683 2572 4738 sunt,
2595 4683 2649 4728 et
2673 4672 2886 4743 quando
2912 4680 3113 4742 patent,
3141 4671 3378 4743 indigent

1783 4767 2114 4822 extrinsecus
2141 4766 2408 4836 adjutorio
2435 4764 2682 4829 luminis;
2709 4779 2816 4834 quo
2839 4763 3016 4818 ablato
3049 4770 3143 4817 aut
3171 4777 3275 4817 non
3313 4765 3377 4818 il-

1785 4859 1910 4924 lato,
1943 4874 2070 4913 sana
2105 4868 2260 4923 sunt,
2299 4867 2482 4928 aperta
2520 4866 2679 4923 sunt,
2709 4872 2807 4911 nec
2845 4865 3021 4911 tamen
3051 4855 3231 4910 vident
3259 4871 3271 4907 :
3299 4858 3377 4911 sic

1783 4968 1937 5009 mens
1965 4960 2164 5016 nostra,
2197 4952 2286 5022 qui
2311 4961 2396 5008 est
2421 4951 2608 5006 oculus
2635 4951 2847 5013 animae,
2883 4949 2982 5004 nisi
3021 4950 3259 5004 veritatis
3293 4953 3376 5004 lu-

1782 5047 1926 5100 mine
1953 5044 2207 5109 radietur,
2236 5053 2292 5099 et
2323 5045 2390 5098 ab
2420 5045 2510 5099 illo
2539 5045 2628 5113 qui
2667 5042 2927 5098 illuminat
2965 5057 3065 5098 nec
3103 5043 3376 5097 illumina-

1782 5147 1887 5204 tur,
1932 5139 2244 5194 mirabiliter
2273 5138 2582 5199 illustretur.
2611 5151 2710 5192 nec
2738 5135 2803 5190 ad
2829 5135 3143 5206 sapientium
3172 5154 3272 5192 nec
3306 5139 3372 5192 ad

1777 5229 2035 5299 justitiam
2064 5230 2261 5299 poterit
2285 5228 2580 5300 pervenire.
2612 5227 2729 5296 Ipsa
2765 5236 2846 5282 est
2873 5227 3017 5283 enim
3056 5228 3141 5283 via
3190 5238 3370 5283 nostra

1779 5321 1920 5392 juste
1945 5321 2147 5376 vivere.
2176 5319 2456 5389 Quomodo
2473 5327 2650 5374 autem
2673 5333 2782 5374 non
2811 5317 3044 5375 offendat
3075 5319 3126 5374 in
3157 5319 3262 5383 via,
3285 5317 3370 5372 cui

1781 5429 1889 5470 non
1933 5414 2073 5470 lucet
2115 5413 2331 5469 lumen?
2361 5414 2437 5468 Ac
2466 5427 2562 5483 per
2594 5413 2696 5468 hoc
2726 5413 2780 5468 in
2806 5413 2897 5469 tali
2921 5413 3002 5467 via
3028 5412 3211 5466 videre
3237 5425 3372 5478 opus

1781 5514 1899 5572 est,
1948 5505 2000 5560 in
2044 5505 2134 5560 tali
2183 5505 2268 5560 via
2311 5505 2492 5560 videre
2533 5521 2782 5576 magnum
2807 5514 2908 5560 est.
2937 5504 3069 5565 Nam
3094 5501 3289 5558 Tobias
3316 5500 3369 5555 in

1780 5596 1921 5660 facie.
1952 5597 2136 5653 oculos
2177 5597 2386 5652 clausos
2425 5595 2655 5652 habebat
2676 5637 2690 5660 ,
2719 5604 2774 5652 et
2817 5594 2958 5649 illius
2989 5591 3122 5663 patri
3149 5604 3368 5646 manum

1787 5755 1819 5802 -__
1843 5733 1860 5763 ¹
1885 5737 1978 5781 Lov
2002 5765 2017 5788 ,
2035 5728 2390 5802 ipstanmajus.
2417 5735 2473 5802 ‘At
2513 5736 2611 5777 Am.
2634 5726 2768 5802 ,θεᾶὲ
2782 5723 3113 5802 et
3128 5725 3203 5775 sic
3224 5724 3373 5777 etiam

1779 5798 1884 5843 Mss.
1914 5805 1944 5843 e
1964 5787 2142 5854 quibus
2172 5787 2397 5854 plerique
2417 5789 2526 5841 loco
2544 5788 2719 5850 majus,
2743 5787 2944 5848 habent,
