3916 6354
535 349 679 410 I665

535 474 615 524 est
640 465 869 521 locutus.
893 458 1009 518 Iloc
1030 459 1266 515 ructabat
1290 454 1430 527 quod
1453 455 1677 510 biberat.
1702 451 1815 508 Non
1839 451 1980 507 enim
2008 447 2127 504 sine

539 573 701 614 causa
729 556 794 610 de
817 554 906 610 illo
934 554 985 607 in
1015 553 1118 607 isto
1171 553 1287 621 ipso
1311 547 1598 618 Evangelio
1625 554 1888 607 narratur,
1918 542 2042 612 quia
2071 549 2129 596 et

539 651 596 706 in
629 645 874 703 convivio
901 657 1064 711 super
1093 649 1277 710 pectus
1315 638 1519 693 Domini
1554 634 1920 691 discumbebat
1944 631 2123 705 (Ioan.

541 757 660 806 xm,
686 738 802 810 2‘5).
831 736 904 790 De
931 735 1023 789 illo
1049 747 1179 803 ergo
1206 741 1418 801 pectore
1445 730 1496 783 in
1519 736 1726 783 secreto
1747 725 1960 781 bibebat
1989 741 2002 778 :
2035 721 2130 777 sed

537 833 678 904 quod
710 832 760 886 in
791 836 999 885 secreto
1027 825 1175 889 bibit,
1211 824 1265 877 in
1293 821 1576 876 manifesto
1603 818 1884 881 eructavit,
1917 824 1976 870 ut
2005 829 2133 884 per:

538 925 718 980 veniat
755 921 822 976 ad
867 931 1056 974 omnes
1091 924 1280 988 gentes
1319 928 1426 968 non
1463 912 1636 967 solum
1680 907 1974 965 incarnatio
2017 905 2133 960 Filii

541 1014 659 1080 Dei,
701 1022 756 1068 et
795 999 994 1081 passio,
1033 1017 1088 1062 et
1124 1004 1481 1069 resurrectio;
1532 1001 1627 1059 sed
1665 1002 1824 1057 etiam
1855 997 1980 1068 quid
2018 1005 2136 1053 erat

541 1115 666 1162 ante
714 1101 1133 1159 incarnationem
1183 1097 1383 1154 Unicus
1437 1095 1611 1155 Patri,
1652 1092 1884 1148 Verbum
1937 1089 2132 1155 Patris,

543 1209 843 1256 coaeternus
868 1194 1170 1267 generanti,
1200 1191 1420 1263 aequalis
1435 1191 1484 1246 ei
1511 1205 1540 1244 a
1568 1202 1672 1260 quo
1688 1188 1882 1241 missus
1896 1193 2010 1248 est;
2039 1181 2134 1238 sed

545 1293 599 1347 in
631 1292 744 1362 ipsa
771 1289 1025 1344 missione
1061 1286 1233 1340 minor
1261 1285 1449 1344 factus,
1478 1297 1584 1351 quo
1605 1279 1776 1348 major
1795 1286 1937 1332 esset
1955 1276 2130 1330 Pater.

616 1383 671 1437 2.
711 1376 976 1448 Quidquid
1030 1390 1160 1445 ergo
1202 1373 1472 1428 humiliter
1518 1370 1748 1440 positum
1800 1366 2022 1421 audistis
2069 1363 2137 1419 de

547 1475 773 1532 Domino
791 1471 916 1527 Jesu
937 1469 1174 1534 Christo,
1199 1475 1460 1535 suscepta:
1486 1463 1664 1518 carnis
1685 1458 2135 1530 dispensationem

546 1568 804 1639 cogitate;
845 1565 1017 1636 qualis
1067 1562 1236 1616 factus
1275 1569 1356 1614 est
1402 1565 1621 1628 propter
1656 1571 1775 1619 nos,
1816 1569 1922 1608 non
1965 1552 2139 1623 qualis

545 1670 660 1715 erat
681 1667 739 1712 ut
769 1657 967 1712 Iaceret
993 1668 1092 1708 nos
1121 1671 1132 1704 :
1165 1649 1422 1721 quidquid
1448 1657 1624 1702 autem
1651 1646 1878 1701 sublime
1902 1653 1956 1700 et
1979 1658 2138 1713 supra

547 1766 736 1807 omnes
780 1757 1054 1803 creaturas
1096 1744 1365 1799 excelsum
1405 1751 1563 1810 atque
1607 1739 1866 1805 divinum,
1903 1746 1958 1793 et
1997 1736 2139 1792 Patri

545 1844 752 1915 :equale
778 1851 939 1912 atque
968 1847 1298 1894 coazternum
1335 1835 1404 1890 de
1444 1833 1535 1888 illo
1568 1832 1843 1888 audieritis
1879 1815 2140 1886 in‘Evan-

546 1933 688 2004 gelio
729 1930 873 2001 poni,
903 1929 986 1984 vel
1027 1926 1278 1997 tegeritis,
1316 1926 1505 1980 scitote
1535 1939 1630 1978 vos
1659 1923 1759 1978 hoc
1785 1925 1962 1993 legere
1998 1923 2140 1994 quod

547 2023 615 2079 ad
643 2024 868 2077 formam
906 2020 1000 2075 Dei
1043 2017 1290 2088 pertinet,
1323 2033 1426 2071 non
1455 2015 1595 2086 quod
1626 2015 1690 2068 ad
1729 2014 1952 2068 formam
1978 2013 2138 2068 servi.

548 2114 682 2183 Quia
707 2113 752 2168 si
783 2112 936 2167 istam
974 2109 1213 2181 regulam
1243 2107 1518 2164 tenueritis
1553 2107 1640 2177 qui
1673 2120 1864 2176 capere
1888 2103 2139 2175 potestis;

549 2222 657 2263 non
682 2215 860 2260 autem
891 2218 1080 2258 omnes
1105 2216 1297 2270 capere
1325 2199 1566 2270 potestis,
1594 2197 1686 2252 sed
1714 2211 1902 2251 omnes
1923 2195 2143 2250 credere

549 2297 802 2353 debetis:
833 2295 876 2350 si
915 2308 1044 2365 ergo
1084 2293 1223 2348 hanc
1261 2291 1497 2361 regulam
1541 2289 1852 2355 tenneritis,
1888 2286 2144 2342 adversus

549 2387 844 2445 calumnias
856 2385 1196 2443 tenebrarum
1212 2383 1602 2446 limreticarum,
1621 2390 1865 2450 tanquam
1880 2378 1931 2433 in
1946 2377 2147 2432 lumine

550 2478 904 2543 ambulantes,
944 2475 1117 2531 securi
1156 2473 1473 2544 pugnabitis.
1517 2471 1632 2526 Non
1673 2472 1816 2526 enim
1860 2468 2148 2524 defuerunt

551 2571 642 2643 qui
685 2570 797 2626 sola
837 2567 1141 2639 evangelica
1183 2566 1487 2622 testimonia
1525 2564 1750 2634 legendo
1789 2570 2142 2628 sectarentur,

551 2680 671 2734 qua:
696 2663 764 2719 de
803 2662 1104 2718 humilitate
1132 2659 1335 2714 Christi
1373 2658 1544 2729 posita
1586 2666 1727 2724 sunt,
1763 2657 1852 2727 qni
1892 2655 2147 2710 adversus

551 2771 614 2813 ea
645 2754 947 2810 testimonia
977 2767 1096 2821 qua:
1124 2749 1453 2804 divinitatem
1484 2748 1599 2817 ejus
1626 2748 1798 2802 locuta
1826 2755 1968 2813 sunt,
2000 2744 2145 2800 surdi

553 2848 769 2904 {uertunt
805 2865 817 2898 :
851 2846 972 2900 ideo
1014 2841 1183 2906 surdi,
1232 2849 1289 2895 ut
1325 2839 1465 2894 male
1495 2839 1723 2893 verbosi.
1768 2838 1896 2892 Item
1932 2837 2147 2907 quidam

553 2941 640 2997 illa
669 2941 783 2995 sola
815 2936 1152 2993 attendentes
1181 2949 1299 3005 qua:
1320 2933 1389 2989 de
1419 2933 1628 2987 Domini
1656 2931 1980 2986 sublimitate
2008 2931 2148 2986 dicta

554 3043 700 3099 sunt,
731 3031 888 3087 etiam
918 3029 1016 3100 ipsi
1041 3025 1462 3082 misericordiam
1491 3025 1626 3094 ejus,
1660 3040 1761 3095 qua
1791 3023 1950 3079 homo
1978 3023 2147 3078 factus

556 3133 641 3177 est
667 3131 881 3192 propter
909 3136 1026 3182 nos,
1059 3119 1175 3175 etsi
1208 3119 1469 3188 legerunt,
1497 3132 1603 3171 non
1625 3114 1985 3178 crediderunt,
2008 3123 2062 3169 et
2081 3115 2150 3168 ab

557 3213 861 3268 hominibus
889 3211 1123 3276 inducta,
1156 3218 1315 3279 atque
1339 3207 1466 3263 falsa
1496 3223 1613 3262 esse
1641 3214 1991 3276 putaverunt;
2021 3220 2150 3260 con-

559 3304 838 3361 tendentes
859 3304 1025 3358 Deum
1046 3299 1412 3356 tantummodo
1429 3299 1590 3353 luisse
1610 3297 1891 3352 Dominum
1909 3306 2148 3351 nostrum

559 3397 855 3462 Christum,
879 3393 1166 3448 nonetiam
1191 3391 1486 3445 hominem.
1510 3388 1614 3443 Alii
1639 3388 1735 3451 sic,
1766 3387 1853 3441 alii
1885 3388 1991 3452 sic;
2020 3386 2152 3440 utri-

560 3509 664 3563 que
686 3493 736 3547 in
759 3505 966 3547 errore.
984 3485 1254 3543 Catholica
1274 3491 1449 3545 autem
1481 3481 1610 3537 lides
1631 3497 1695 3536 ex
1723 3489 1950 3550 utroque
1967 3495 2150 3535 verum

561 3597 748 3642 tenens
768 3583 907 3654 quod
940 3589 1102 3642 tenet,
1122 3588 1175 3634 et
1199 3578 1494 3649 prardicans
1517 3574 1660 3649 quod
1687 3572 1875 3639 credit,
1903 3581 1955 3630 et
1985 3573 2150 3630 Deum

561 3679 827 3735 Christum
859 3674 1138 3739 intellexit,
1171 3683 1225 3728 et
1265 3672 1536 3727 hominem
1562 3670 1786 3726 credidit
1823 3688 1833 3722 :
1870 3679 2153 3740 utrumque

563 3771 703 3824 enim
733 3767 987 3836 scriptum
1021 3773 1122 3828 est,
1155 3773 1208 3819 et
1237 3771 1522 3834 utrumque
1552 3778 1735 3818 verum
1763 3770 1864 3817 est.
1898 3761 1952 3816 Si
1984 3761 2150 3815 Deum

561 3871 769 3918 tantum
799 3857 1001 3914 dixeris
1025 3856 1319 3920 Christum,
1349 3853 1666 3911 medicinam
1690 3869 1850 3923 negas
1870 3869 1972 3924 qua
1993 3867 2150 3908 sana-

565 3963 650 4009 tus
677 3966 735 4008 es
764 3971 776 4006 :
810 3950 853 4006 si
879 3949 1150 4004 hominem
1181 3956 1383 4002 tantum
1417 3945 1615 4002 dixeris
1639 3945 1929 4008 Christum,
1968 3953 2155 4014 puten-

563 4047 688 4102 tiam
733 4059 894 4116 negas
935 4058 1038 4114 qua
1085 4051 1298 4097 creatus
1337 4055 1416 4096 es.
1465 4039 1759 4110 Utrumque
1810 4038 1967 4110 igitur
2006 4046 2150 4104 tene,

564 4142 739 4197 anima
758 4138 930 4194 ﬁdelis
945 4146 999 4192 et
1013 4151 1107 4192 cor
1125 4135 1467 4199 catholicum,
1486 4143 1773 4204 utrumque
1798 4141 1936 4196 tene,
1960 4140 2156 4186 utrum-

565 4250 667 4305 que
691 4231 871 4295 crede,
901 4241 1184 4298 utrumque
1213 4227 1440 4283 ﬁdeliter
1457 4229 1732 4282 conlttere.
1755 4225 1822 4280 Et
1845 4226 1983 4280 Deus
2001 4223 2157 4278 Chri-

565 4337 679 4380 stus
709 4331 831 4389 est,
866 4331 920 4376 et
961 4322 1120 4375 homo
1164 4318 1427 4373 Christus.
1469 4318 1651 4384 Qualis
1693 4317 1833 4370 Deus
1867 4315 2155 4370 Christus?

571 4413 811 4482 ZEqualis
837 4411 1011 4474 Patri,
1040 4423 1203 4463 unum
1234 4421 1354 4460 eum
1388 4407 1561 4459 Patre.
1594 4405 1775 4472 Qualis
1806 4405 1966 4457 homo
1995 4402 2154 4458 Chri-

569 4506 714 4560 stus?
746 4505 819 4558 De
847 4502 1053 4572 virgine
1089 4509 1276 4562 natus,
1322 4497 1539 4552 trahens
1563 4496 1632 4551 de
1667 4496 1883 4551 homine
1918 4497 2156 4551 mortali—

569 4609 753 4664 tatem,
786 4615 891 4652 non
924 4596 1142 4651 trahens
1167 4594 1516 4664 iniquitatem.

641 4692 693 4744 5.
726 4691 812 4744 Isti
844 4705 968 4760 ergo
998 4687 1167 4743 Judaei
1202 4685 1455 4739 videbant
1495 4683 1790 4748 hominem,
1829 4698 1927 4739 nec
1957 4683 2156 4740 intelli-

568 4785 762 4857 gebanl
808 4800 905 4839 nec
951 4782 1242 4838 credebant
1292 4781 1456 4835 Deum
1508 4798 1520 4834 :
1572 4789 1729 4850 atque
1779 4780 1917 4835 inter
1964 4788 2155 4836 cmtcra

569 4879 792 4932 audistis
811 4878 919 4947 jam
947 4873 1394 4947 qucmmhnodntn
1419 4873 1464 4925 ei
1493 4872 1742 4938 dixerint,
1766 4871 1844 4926 Tu
1866 4871 1927 4926 de
1953 4882 1999 4927 te
2023 4874 2160 4928 testi-

573 4973 794 5026 monium
834 4971 994 5037 dicis;
1039 4969 1378 5032 testimonium
1424 4977 1564 5020 tuum
1601 4984 1702 5020 non
1744 4975 1812 5020 est
1847 4983 2016 5021 verum
2045 4966 2156 5037 (Id.

573 5079 685 5124 \‘lll,
721 5064 830 5132 15).
862 5062 1097 5118 Audistis
1137 5063 1296 5116 etiam
1337 5060 1462 5130 quid
1508 5060 1595 5114 ille
1636 5059 1991 5129 responderit,
2036 5075 2158 5115 cum

573 5155 825 5212 hesterno
872 5155 956 5209 die
1009 5155 1198 5209 lectum
1249 5163 1420 5216 esset,
1465 5161 1520 5207 et
1568 5167 1662 5222 pro
1714 5153 1910 5208 nostris
1959 5153 2160 5209 viribus

574 5249 919 5320 disputatum.
971 5247 1138 5302 Hodie
1179 5249 1337 5300 verba
1379 5246 1496 5314 ejus
1535 5245 1652 5301 lucc
1691 5245 1825 5300 lecta
1867 5254 2016 5308 sunt,
2061 5245 2160 5300 Vos

573 5344 849 5402 secundum
879 5359 1078 5396 carnem
1101 5341 1366 5410 judicatis.
1402 5339 1546 5405 Ideo,
1582 5342 1770 5412 inquit,
1806 5340 1933 5394 mihi
1962 5339 2157 5405 dicitis,

578 5437 655 5493 Τιι
681 5437 744 5491 de
768 5447 815 5490 te
853 5434 1189 5489 testimonium
1229 5432 1355 5486 dicis
1379 5449 1396 5494 ;
1427 5433 1764 5486 testimonium
1793 5441 1933 5484 tuum
1961 5448 2061 5485 non
2087 5439 2161 5484 est

575 5547 778 5597 rerum,
807 5528 929 5598 quia
975 5525 1252 5580 secundum
1288 5541 1489 5577 carnem
1521 5524 1805 5595 judicatis;
1839 5524 1960 5594 quia
1997 5523 2160 5578 Deum

579 5641 687 5681 non
737 5622 1061 5693 intelligitis,
1108 5629 1162 5675 et
1211 5618 1482 5674 hominem
1531 5617 1754 5682 videtis,
1799 5627 1853 5672 et
1891 5617 2159 5672 hominem

581 5713 984 5788 persequendo,
1011 5712 1178 5767 Deum
1209 5712 1460 5767 latentem
1499 5707 1783 5764 oll‘enditis.
1817 5709 1958 5781 Ergo
1985 5725 2166 5765 secun-

583 5807 703 5862 dum
721 5824 923 5862 carnem
937 5806 1206 5875 judicatis.
1231 5805 1356 5863 Ideo
1374 5805 1526 5862 vobis
1545 5818 1800 5875 arrogans
1815 5803 2019 5872 videor,
2043 5804 2165 5876 quia

1487 339 1554 396 IN
1580 335 1859 397 JOANNIS
1896 329 2368 396 EVANGELIUM,
2409 331 2467 390 S.
2511 332 2878 394 AUGUSTINI

2236 460 2336 516 ego
2358 447 2428 504 de
2452 463 2538 504 me
2568 441 2929 507 testimonium
2956 451 3258 523 perhibet).
3282 447 3474 510 omnis
3498 455 3631 513 enim
3651 457 3798 532 homo,

2235 541 2450 611 quando
2477 542 2545 598 de
2571 557 2631 598 se
2656 545 2768 600 vult
2808 546 3104 614 perhibere
3148 545 3526 602 testimonium
3557 549 3797 620 laudabile,

2236 647 2495 704 arrogans
2517 644 2572 690 et
2593 636 2856 706 superbus
2882 637 3124 692 videtur.
3156 637 3292 692 Ideo
3311 639 3572 710 scriptum
3597 651 3684 706 est,
3711 645 3798 703 Non

2238 733 2287 777 te
2309 725 2482 779 laudet
2517 742 2573 780 os
2603 737 2765 791 tuum,
2795 726 2885 782 sed
2909 728 3089 783 laudet
3128 738 3180 784 te
3215 745 3278 784 os
3314 731 3540 800 proximi
3572 733 3639 786 tui
3663 734 3797 803 (Prov.

2240 834 2412 885 xxvii,
2439 817 2521 889 2).
2551 817 2654 874 Sed
2699 819 2801 874 hoc
2838 819 3042 874 homini
3071 820 3293 875 dictum
3333 828 3441 875 est.
3481 819 3666 877 Inﬁrmi
3696 828 3798 884 enim

2239 927 2444 980 sumus,
2473 923 2526 968 et
2564 913 2702 984 apud
2744 913 2982 969 inﬁrmos
3019 913 3335 984 loquimur.
3373 913 3570 970 Verum
3601 915 3745 974 dicere
3763 933 3801 975 et

2239 1005 2451 1058 mentiri
2497 1020 2778 1075 possumus
2816 1023 2829 1057 :
2865 1005 2966 1059 etsi
3007 1019 3212 1060 verum
3255 1003 3449 1060 dicere
3493 1005 3734 1076 debemus,
3763 1020 3800 1065 et

2240 1095 2454 1150 mentiri
2485 1105 2663 1151 tamen
2703 1111 2988 1168 possumus
3013 1112 3149 1152 cum
3184 1096 3467 1152 volumus.
3498 1097 3607 1153 Lux
3639 1104 3796 1158 mentiri

2240 1204 2346 1244 non
2377 1199 2553 1259 potest
2584 1207 2596 1240 :
2629 1190 2767 1245 absit
2793 1200 2849 1244 ut
2880 1191 2931 1245 in
2963 1191 3104 1246 lucis
3144 1189 3357 1246 divinae
3394 1191 3666 1262 splendore
3690 1203 3796 1252 tene-

2243 1281 2352 1337 bra:
2382 1281 2641 1338 mendacii
2686 1284 3039 1354 reperiantur.
3073 1283 3442 1355 Loquebatur
3477 1285 3563 1340 ille
3605 1297 3794 1356 tauquam

2244 1372 2354 1436 lux,
2380 1372 2696 1443 loquebatur
2725 1381 2975 1445 tanquam
3005 1374 3259 1439 veritas;
3294 1371 3394 1428 sed
3425 1373 3516 1429 lux
3546 1374 3594 1428 in
3619 1377 3795 1433 tenebris

2247 1462 2474 1530 lucebat,
2504 1471 2557 1518 et
2585 1464 2819 1520 tenebrae
2849 1479 2966 1518 eam
2993 1480 3106 1519 non
3136 1463 3690 1536 comprehenderunt:
3713 1468 3795 1524 ideo

2243 1555 2535 1610 secundum
2562 1571 2774 1611 carnem
2803 1555 3142 1625 judicabant.
3187 1555 3328 1621 Vos,
3363 1557 3556 1626 inquit,
3584 1560 3793 1612 mundam

2245 1663 2447 1701 carnem
2470 1648 2732 1717 judicatis.

2316 1739 2368 1793 4.
2410 1737 2523 1809 Ego
2567 1755 2666 1792 non
2700 1737 2882 1808 judico
2922 1756 3262 1811 quemquam.
3326 1739 3447 1796 Non
3488 1755 3608 1813 ergo
3641 1742 3786 1812 juditat

2245 1844 2564 1902 quemquam
2606 1831 2862 1887 Dominus
2886 1831 3044 1888 Iesus
3083 1833 3350 1889 Christus
3367 1833 3394 1887 ?
3418 1833 3598 1890 Nonne
3630 1834 3718 1905 ipse
3736 1847 3790 1892 est

2245 1936 2402 1991 quem
2439 1921 2757 1977 conﬁtemur
2791 1923 3160 1979 resurrexisse
3205 1925 3368 1979 tertia
3398 1925 3505 1989 die,
3552 1926 3790 1982 ascendisse

2247 2013 2300 2068 in
2329 2013 2546 2080 coelum,
2578 2015 2649 2070 ibi
2689 2013 2876 2070 sedere
2914 2014 2981 2069 ad
3010 2013 3308 2070 dexteram
3341 2015 3531 2078 Patris,
3579 2015 3680 2072 inde
3707 2032 3788 2073 esse

2247 2115 2527 2162 venturum
2553 2106 2617 2162 ad
2632 2106 2948 2177 iudicandos
2968 2107 3126 2162 vivos
3153 2115 3214 2163 et
3237 2108 3522 2163 mortuos?
3542 2108 3699 2163 Nonne
3713 2108 3787 2178 ipsa

2247 2210 2330 2256 est
2368 2199 2501 2255 ﬁdes
2533 2208 2737 2266 nostra,
2776 2200 2844 2256 de
2890 2215 2991 2272 qua
3024 2201 3163 2257 dicit
3197 2201 3514 2271 Apostolus,
3549 2197 3688 2257 Corde
3711 2217 3784 2254 m-

2249 2293 2387 2346 ditur
2424 2293 2492 2346 ad
2507 2293 2783 2363 justitiam,
2826 2307 2910 2347 ore
2947 2303 3124 2348 autem
3164 2293 3428 2365 confessio
3466 2293 3523 2361 ﬁt
3554 2291 3615 2344 ad
3635 2292 3787 2346 salutem

2252 2385 2429 2455 (Ro‘m.
2474 2401 2527 2451 x,
2579 2385 2705 2457 10)?
2743 2386 2885 2457 Ergo
2926 2386 3146 2456 quando
3204 2387 3308 2442 ista
3351 2384 3664 2448 confitemur,
3699 2399 3783 2440 con-

2253 2487 2331 2533 tra
2365 2479 2644 2533 Dominum
2669 2478 2977 2549 loquimur?
3005 2478 3119 2534 Nos
3147 2478 3389 2534 dicimus
3408 2486 3666 2534 venturum
3685 2475 3783 2546 judi-

2252 2586 2369 2626 cem
2398 2571 2637 2626 vivorum
2681 2579 2736 2625 et
2777 2580 3152 2635 mortuorum;
3198 2571 3319 2641 ipse
3360 2577 3536 2624 autem
3564 2567 3685 2633 dicit,
3708 2565 3782 2636 Ego

2253 2679 2352 2716 non
2392 2661 2571 2734 judico
2616 2678 2933 2732 quamquam.
2993 2660 3244 2730 Qumstio
3286 2662 3390 2716 ista
3435 2658 3627 2714 duobus
3664 2656 3782 2710 modis

2254 2753 2388 2809 solvi
2439 2762 2647 2823 potest;
2701 2763 2755 2807 ut
2813 2761 2906 2806 aut
2944 2752 3046 2807 hoe
3104 2753 3496 2825 intelligamus,
3541 2767 3628 2805 non
3661 2749 3779 2815 iudico

2253 2861 2573 2916 quemquam,
2625 2843 2675 2898 id
2716 2852 2816 2908 est,
2859 2843 3055 2899 modo:
3091 2844 3237 2900 sicut
3264 2845 3396 2900 dicit
3432 2845 3534 2898 alio
3567 2842 3679 2905 loco,
3705 2837 3778 2910 Ego

2256 2953 2356 2991 non
2398 2937 2508 2991 veni
2548 2945 2600 2988 ut
2633 2935 2862 3008 judicem
2898 2935 3174 3000 rotundum,
3217 2937 3311 2990 sed
3347 2945 3406 2989 ut
3445 2934 3621 2988 salvum
3649 2931 3778 3002 [etiam

2255 3028 2499 3082 mundum
2524 3025 2700 3098 (Joan.
2725 3043 2818 3094 xu,
2843 3024 2966 3098 t7);
2987 3042 3097 3082 non
3118 3026 3387 3098 judicium
3413 3041 3558 3081 suum
3585 3020 3776 3092 negando,

2255 3120 2348 3175 sed
2383 3119 2696 3174 dill'erendo.
2729 3120 2835 3174 Aut
2859 3129 3007 3174 certe
3033 3121 3164 3191 quia
3187 3119 3422 3186 dixerat,
3459 3116 3552 3171 Vos
3576 3114 3778 3170 imum

2257 3227 2460 3265 carnem
2477 3211 2752 3282 judicatix;
2772 3211 2840 3265 ita
2872 3189 3170 3281 subiunxit,
3207 3211 3321 3283 Ego
3355 3227 3456 3265 non
3473 3208 3633 3281 judico
3652 3219 3773 3276 quote

2255 3322 2426 3376 quam,
2472 3314 2529 3359 ut
2567 3303 2872 3368 subaudias,
2902 3303 3200 3359 secundum
3228 3317 3468 3358 carnem.
3501 3299 3658 3354 Nullus
3688 3307 3774 3361 ενιο

2259 3397 2413 3452 nobis
2441 3408 2627 3452 contra
2656 3396 2812 3451 [idem
2839 3411 2998 3466 quam
3029 3406 3283 3452 tenemus
3313 3403 3367 3450 et
3391 3390 3714 3448 annuntiamus
3732 3384 3774 3437 de
3840 3384 3841 3420 ξ

2252 3489 2436 3561 judice
2458 3488 2696 3555 Christo,
2720 3489 2999 3560 scrupulus
3027 3487 3392 3544 dubitationis
3416 3487 3468 3542 in
3495 3483 3632 3540 corde
3655 3492 3776 3534 rema-
3840 3535 3841 3554 Ε

2257 3591 2402 3640 neat.
2441 3580 2598 3642 Yeuit
2620 3579 2887 3650 Christus,
2919 3579 3016 3636 sed
3043 3581 3226 3652 primo
3251 3580 3481 3644 salvare,
3508 3583 3661 3648 postea
3680 3566 3775 3640 judi-
3840 3563 3841 3572 ‘

2258 3693 2379 3732 care
2404 3695 2416 3730 :
2441 3692 2536 3731 eos
2549 3677 2837 3747 judicando
2865 3678 2916 3732 in
2946 3689 3191 3751 poenam,
3215 3688 3309 3751 qttt
3330 3670 3516 3734 salvari
3534 3667 3771 3730 ηοΙιιειυηιξ

2259 3785 2353 3825 eos
2382 3769 2724 3840 perducendo
2753 3770 2818 3826 ad
2849 3771 3032 3840 vitam,
3063 3773 3158 3844 qui
3184 3771 3454 3828 credendo
3494 3769 3679 3826 salutem
3701 3778 3769 3816 non

2260 3871 2596 3931 respneruut.
2653 3861 2829 3917 Prima
2877 3878 3005 3934 ergo
3051 3863 3391 3936 dispensatio
3438 3861 3622 3918 Domini
3654 3853 3769 3910 nostri

2261 3953 2386 4009 Jesu
2431 3952 2626 4009 Christi
2670 3955 3001 4011 medicinalis
3041 3966 3144 4023 est,
3181 3973 3289 4014 non
3312 3955 3593 4027 judicialis:
3621 3963 3711 4007 nam
3738 3945 3766 3998 si

2261 4047 2435 4118 primo
2474 4049 2708 4102 venisset
2737 4049 3090 4119 judicaturus,
3131 4052 3404 4108 neminem
3447 4047 3688 4105 invenisset
3711 4037 3766 4094 cui

2264 4141 2481 4210 przemia
2512 4140 2732 4210 justitite
2758 4141 3022 4198 redderet.
3045 4142 3183 4211 Quia
3210 4159 3341 4215 ergo
3365 4141 3488 4196 vidit
3512 4150 3666 4195 omnes
3685 4144 3763 4201 pec-

2262 4239 2491 4297 catores,
2525 4240 2578 4286 et
2600 4232 2818 4288 omnino
2847 4235 3111 4289 neminem
3137 4251 3262 4291 esse
3303 4235 3571 4290 immunem
3599 4244 3624 4282 a
3647 4231 3762 4280 morte

2263 4328 2500 4399 peccati;
2531 4329 2676 4397 prius
2699 4337 2816 4383 erat
2847 4329 2963 4397 ejus
3001 4329 3365 4386 misericordia
3402 4318 3708 4399 praeroganda,
3727 4321 3761 4368 et

2265 4428 2386 4489 post
2430 4418 2781 4474 cxserendum
2823 4417 3080 4489 judicium
3115 4438 3127 4474 :
3158 4422 3284 4491 quia
3320 4420 3386 4475 de
3429 4419 3510 4472 illo
3537 4411 3761 4469 cantarem

2266 4511 2530 4574 Psalmus,
2572 4510 2972 4565 Misericordimn
2999 4521 3047 4566 et
3060 4513 3316 4585 judicium
3349 4509 3543 4566 cantabo
3577 4501 3660 4564 tibi.
3684 4495 3756 4550 00-
3840 4553 3841 4566 χ

2267 4605 2401 4658 mine
2429 4603 2603 4674 (Psal.
2646 4620 2695 4666 c,
2731 4602 2806 4676 I).
2843 4603 2958 4659 Non
2986 4605 3126 4660 enim
3151 4604 3407 4676 judicium
3433 4600 3500 4656 ait
3533 4605 3580 4651 et
3610 4585 3757 4647 misrri-

2267 4697 2500 4753 cordiam
2525 4715 2538 4761 ;
2562 4712 2682 4751 nam
2706 4697 2750 4750 si
2779 4697 2951 4767 primo
2970 4675 3396 4767 cssetjudicium,
3419 4691 3545 4748 inulla
3566 4689 3676 4742 esset
3687 4675 3753 4732 mi-

2269 4791 2554 4846 sericordia
2581 4807 2593 4844 :
2624 4790 2716 4845 sed
2755 4791 2926 4860 primo
2954 4790 3335 4855 misericordia,
3364 4796 3532 4859 postea
3551 4775 3752 4852 judicium.
3840 4813 3841 4828 η

2268 4884 2398 4952 Quae
2438 4892 2521 4938 est
2547 4884 2718 4952 primo
2754 4881 3150 4936 misericordia?
3174 4881 3390 4938 Crcator
3410 4873 3626 4932 hominis,
3645 4865 3752 4918 homo

2270 4991 2391 5032 esse
2421 4974 2665 5043 dignatus
2700 4981 2778 5027 est
2806 4989 2817 5024 :
2849 4970 3018 5026 factus
3045 4981 3128 5028 est
3152 4972 3289 5046 quod
3314 4972 3513 5032 iecerat,
3541 4978 3597 5018 ne
3619 4954 3755 5046 peti:ut

2269 5079 2428 5138 quem
2459 5035 2678 5118 fecerat.
2704 5061 2841 5131 Quid
2868 5062 2991 5118 huic
3005 5035 3373 5119 misericordia:
3401 5055 3512 5112 addi
3535 5039 3750 5138 potestlﬁl

2270 5127 2451 5212 tamen
2502 5127 2747 5209 addidit:
2769 5154 2960 5209 Parum
3005 5155 3104 5211 fuit
3149 5155 3200 5212 ei
3241 5152 3492 5210 Immineat
3535 5139 3652 5201 ﬁeri;
3689 5127 3753 5185 κά
3840 5127 3841 5200 Ῐ

2271 5247 2457 5305 etiam‘
2504 5247 2572 5302 ab
2603 5245 2906 5302 hominibus
2951 5248 3220 5318 reprobari
3249 5264 3260 5299 :
3291 5257 3460 5316 parum
3486 5245 3582 5293 erat
3618 5235 3742 5294 rem
3840 5235 3841 5280 ι

2271 5341 2416 5408 bari;
2449 5350 2503 5397 et
2531 5339 2889 5396 exhonorari:
2920 5355 3103 5411 parum
3137 5351 3251 5398 erat
3287 5325 3598 5395 exhonorari;
3621 5327 3663 5374 et
3687 5325 3748 5411 00f

2270 5435 2374 5491 cidi
2408 5453 2420 5488 :
2451 5432 2547 5490 sed
2591 5442 2646 5488 et
2681 5433 2782 5488 hoc
2813 5409 3142 5502 parum‘est;
3173 5441 3337 5490 morte
3374 5423 3541 5483 crucis.
3581 5413 3680 5470 Nam
3712 5409 3744 5454 ετ

2271 5541 2391 5581 cum
2421 5526 2538 5595 ejus
2567 5523 2923 5579 obedientiam
2959 5540 3123 5597 usque
3147 5527 3212 5583 ad
3243 5530 3450 5580 mortem
3475 5507 3748 5597 litctain‘oour

2275 5591 2552 5674 mendaret
2593 5618 2901 5688 Apostolus,
2944 5591 3130 5690 parum
3172 5620 3245 5676 illi
3281 5616 3371 5673 fuit
3404 5611 3572 5668 dicere,
3611 5591 3745 5649 FW

2339 5731 2357 5762 ⁸
2382 5731 2528 5794 Lugd.
2557 5739 2676 5780 ven.
2696 5738 2806 5781 Lov.
2823 5729 3012 5794 legunt,
3035 5731 3122 5783 sed
3139 5729 3278 5784 voluit
3295 5725 3444 5781 etiam.
3460 5727 3503 5770 tu
3522 5723 3582 5773 Β..
3597 5705 3744 5761 ad”

2278 5813 2446 5877 ginem
2466 5821 2741 5876 annotatur,
2764 5813 2958 5879 supple.
2981 5831 3186 5867 annm.
3247 5819 3298 5863 ll.
