3916 6402
214 467 417 525 otetim
455 479 622 539 usque
645 464 721 520 ad
740 477 954 522 mortua
973 478 993 519 :
1016 477 1123 519 non
1157 461 1303 519 enim
1336 462 1779 534 qualemcumque

216 569 437 625 mortem,
459 557 557 614 sed
577 557 805 629 addidit,
830 565 1037 613 mortem
1060 563 1228 612 autem
1245 554 1410 611 crucis
1436 552 1694 628 (Philipp.
1716 568 1771 619 ιι,

215 656 281 720 8).
306 653 391 709 llla
416 660 594 709 morte
616 651 771 723 pejus
785 651 917 707 nihil
939 649 1036 706 fuit
1058 649 1197 705 inter
1213 649 1392 705 omnia
1411 662 1606 720 genera
1631 662 1778 702 mor-

216 748 347 802 tium.
372 744 607 816 Denique
630 743 721 801 ubi
743 743 960 800 dolores
984 742 1229 799 acerrimi
1255 741 1544 812 exagitant,
1569 737 1776 795 crucia-

214 850 287 895 tus
302 846 531 903 vocatur,
556 851 591 893 a
612 850 776 893 cruce
797 837 1123 892 nominatus.
1147 833 1450 891 Pendentes
1472 831 1618 887 enim
1641 831 1695 886 in
1712 828 1777 885 li-

211 946 304 1003 gno
339 928 597 997 cruciﬁxi,
639 927 806 985 clavis
832 927 902 984 ad
928 927 1133 1000 lignum
1165 926 1387 997 pedibus
1424 924 1777 996 manibusque

211 1022 408 1090 conﬁxi,
439 1020 695 1093 producta
721 1027 895 1077 morte
920 1019 1266 1078 necabantur.
1300 1015 1419 1073 Non
1443 1016 1585 1073 enim
1604 1014 1777 1071 cruci-

86 1078 184 1131 a
214 1116 294 1188 ﬁgi
329 1078 588 1172 hoc-erat
640 1113 854 1173 occidi:
886 1112 985 1171 sed
1018 1113 1112 1170 diu
1152 1111 1432 1169 vivebatur
1477 1111 1533 1166 in
1573 1124 1770 1175 cruce;

208 1222 305 1265 non
322 1208 441 1279 quia
463 1206 672 1279 longior
708 1206 818 1262 vita
840 1204 1158 1277 eligebatur,
1187 1204 1285 1260 sed
1313 1202 1457 1283 quia.
1475 1216 1622 1258 mors
1659 1201 1772 1271 ipsa

207 1298 623 1370 proteodebatur,
664 1314 735 1356 ne
761 1297 918 1354 dolor
955 1297 1113 1354 citius
1140 1296 1403 1352 ﬁniretur.
1444 1293 1576 1349 Mori
1607 1291 1775 1349 voluit

208 1404 299 1460 pro
338 1390 525 1447 nobis:
549 1405 738 1460 parum
802 1387 1053 1454 dicimus,
1096 1385 1333 1458 cruciﬁgi
1380 1384 1627 1456 dignatus
1666 1391 1769 1452 est,

209 1496 365 1554 usque
389 1480 454 1538 ad
481 1489 710 1539 mortem
733 1480 911 1536 crucis
937 1478 1194 1536 obediens
1230 1477 1422 1535 factus.
1463 1475 1638 1547 Elegit
1673 1488 1773 1530 ex-

214 1586 418 1633 tremum
441 1583 495 1630 et
518 1573 810 1646 pessimum
833 1586 1002 1644 genus
1020 1571 1228 1637 mortis,
1248 1570 1337 1642 qui
1362 1584 1576 1625 omnem
1601 1566 1774 1623 fuerat

217 1665 464 1722 ablaturus
485 1675 709 1721 mortem
735 1681 750 1718 :
776 1663 845 1720 de
872 1671 1049 1720 morte
1072 1661 1305 1734 pessima
1333 1660 1527 1717 occidit
1553 1674 1768 1715 omnem

214 1770 444 1817 mortem.
483 1758 722 1816 Pessima
763 1759 907 1815 enim
931 1767 1049 1815 erat
1082 1772 1192 1815 non
1237 1755 1653 1827 intelligentibus
1674 1754 1769 1811 Ju-

211 1851 359 1918 da-‘u;
377 1866 492 1908 nam
513 1865 546 1906 a
564 1851 791 1908 Domino
820 1850 991 1907 electa
1017 1858 1152 1908 erat.
1185 1849 1356 1921 Ipsam
1384 1848 1527 1904 enim
1555 1862 1769 1903 crucem

210 1955 351 1998 suam
384 1942 585 2013 signum
612 1941 894 2001 habiturus
931 1949 1068 2007 erat,
1104 1942 1273 2012 ipsam
1311 1954 1525 1996 crucem
1553 1937 1620 1995 de
1656 1937 1772 1994 dia-

82 2020 93 2107 ξ
206 2033 323 2090 bolo
340 2042 577 2106 superato
606 2042 857 2107 tanquam
883 2043 1141 2104 tropaeum
1170 2032 1224 2088 in
1247 2029 1508 2087 frontibus
1534 2028 1768 2085 ﬁdelium

204 2125 474 2195 pusillum,
498 2135 558 2181 ut
572 2125 779 2183 diceret
805 2124 1091 2198 Apostolus
1116 2142 1130 2179 :
1154 2121 1288 2178 lilii
1314 2131 1482 2177 autem
1507 2122 1637 2176 absit
1659 2119 1774 2193 glo:

200 2218 319 2273 fieri
347 2218 438 2274 nisi
456 2219 509 2273 in
533 2233 682 2274 cruce
716 2216 924 2273 Domini
946 2216 1104 2272 nostri
1121 2213 1248 2270 Jesa
1270 2214 1477 2282 Christi,
1515 2229 1602 2284 per
1623 2229 1770 2284 quem

199 2310 322 2367 u'bi
349 2291 553 2365 ιιιιιιῶιε
594 2311 872 2380 σιίισίρειιε
910 2317 1004 2374 est,
1038 2318 1086 2363 et
1123 2324 1214 2380 ego
1242 2307 1433 2362 mundo
1467 2304 1662 2377 (Colat.
1694 2322 1767 2371 vr,

201 2401 314 2472 ﬂ).
344 2401 476 2459 Nihil
501 2412 618 2460 erat
654 2412 784 2459 tunc
810 2402 866 2458 in
885 2417 1049 2459 carne
1084 2400 1487 2466 intolerabilius,
1528 2399 1659 2454 nihil
1687 2408 1771 2455 est

190 2496 412 2552 nuncin
437 2495 611 2552 fronte
645 2495 951 2568 gloriosius.
981 2492 1120 2562 Quid
1151 2501 1331 2549 servat
1357 2491 1499 2547 ﬁdeli
1530 2506 1648 2558 suo,
1678 2490 1768 2560 qui

189 2586 350 2643 talem
370 2587 627 2644 honorem
651 2586 799 2644 dedit
827 2586 1090 2658 supplicio
1110 2584 1243 2642 suo?
1269 2585 1507 2656 Denique
1530 2583 1689 2639 modo
1718 2584 1768 2637 in

182 2680 363 2749 penis
387 2693 601 2736 reorum
630 2695 738 2736 non
759 2688 845 2736 est
866 2677 1008 2750 apud
1030 2678 1300 2733 Romanos
1329 2696 1341 2730 :
1375 2676 1463 2731 ubi
1488 2675 1631 2732 enim
1666 2675 1771 2731 Do—

180 2771 319 2826 mini
338 2785 469 2828 crux
493 2771 753 2829 honorata
777 2779 881 2839 est,
905 2779 1141 2842 putatum
1165 2777 1248 2825 est
1270 2768 1413 2839 quod
1440 2777 1493 2824 et
1517 2783 1640 2822 reus
1668 2767 1767 2822 ho-

178 2871 488 2931 norantur,
511 2863 557 2919 si
582 2863 1002 2935 cruciﬁgeretur.
1032 2860 1134 2931 Qui
1159 2876 1288 2932 ergo
1313 2859 1434 2915 ideo
1472 2859 1637 2924 venit,
1672 2873 1767 2913 ne-

175 2952 384 3009 minem
408 2952 657 3025 judicavit
685 2961 780 3008 :et
820 2952 991 3009 malos
1027 2965 1216 3023 passus
1243 2958 1348 3008 est.
1380 2948 1605 3005 Pertulit
1632 2948 1770 3019 inju-

176 3053 325 3101 stam
362 3045 639 3114 judicium,
688 3055 747 3101 ut
783 3052 967 3116 ageret
997 3044 1220 3114 justum.
1269 3040 1376 3099 Sed
1408 3041 1462 3097 in
1520 3056 1586 3097 eo
1626 3039 1767 3112 quod

174 3131 410 3198 pertulit
432 3130 703 3201 injustum,
743 3127 1123 3188 misericordiie
1149 3129 1264 3184 fuit.
1307 3126 1547 3199 Denique
1574 3127 1644 3183 ita
1673 3127 1772 3184 hu-

175 3224 333 3280 milis
362 3224 527 3281 Iactus
548 3232 606 3279 nt
627 3224 837 3280 veniret
861 3223 929 3278 ad
946 3236 1181 3289 crucem,
1204 3220 1410 3278 distulit
1433 3221 1649 3293 quidem
1674 3236 1773 3292 po-

179 3315 442 3381 tentiam,
473 3316 561 3372 sed
598 3314 885 3388 publicavit
914 3313 1357 3370 misericordiam.
1392 3312 1542 3371 Unde
1566 3312 1772 3370 distulit

182 3405 523 3474 potentiam?
546 3405 678 3475 Quia
704 3405 772 3462 de
799 3420 959 3462 cruce
986 3404 1155 3460 noluit
1176 3404 1525 3472 descendere,
1550 3405 1640 3477 qui
1667 3422 1768 3478 po-

188 3497 293 3552 tuit
311 3496 385 3554 de
400 3498 638 3570 sepulcro
663 3514 961 3571 resurgere.
984 3498 1137 3556 Unde
1156 3499 1445 3570 publicavit
1468 3499 1773 3556 misericor-

195 3587 379 3645 diam?
398 3591 523 3662 Quia
550 3594 789 3664 pendens
812 3593 866 3648 in
900 3607 1061 3649 cruce
1093 3592 1264 3649 dixit:
1289 3590 1464 3658 Pater,
1480 3593 1683 3665 ignosce
1704 3593 1771 3648 if-

202 3677 280 3745 lis,
321 3683 435 3751 quia
460 3683 689 3738 nesciunt
727 3683 849 3752 quid
888 3683 1081 3755 faciunt
1114 3680 1263 3755 (Luc.
1292 3698 1443 3748 χχιιι,
1489 3683 1602 3756 54).
1648 3684 1772 3742 Sive

205 3784 324 3841 ergo
359 3781 566 3844 propter
610 3772 733 3841 hoc,
778 3773 901 3845 quia
936 3790 1040 3828 non
1085 3784 1306 3830 venerat
1326 3774 1567 3844 judicare
1610 3792 1769 3832 mun-

210 3857 347 3927 dum.
360 3866 446 3920 sed
465 3866 675 3921 salvare
693 3864 970 3931 mundum,
988 3865 1138 3930 dixit,
1159 3865 1272 3938 Ego
1292 3868 1579 3940 nonjndico
1596 3884 1774 3940 quem-

213 3967 349 4021 quam
372 3970 391 4008 :
417 3956 529 4013 sive
558 3957 1010 4028 quemadmodum
1054 3959 1491 4025 commemoravi,
1517 3962 1768 4030 quoniam

218 4043 420 4113 dixerat.
452 4047 552 4105 Vos
577 4051 850 4106 secundum
886 4066 1088 4105 carum
1103 4051 1369 4123 iudicatis,
1409 4051 1629 4119 addidit,
1655 4050 1769 4124 Ego

225 4138 485 4210 noujudico
505 4157 827 4213 quamquam,
870 4149 928 4197 ut
963 4140 1321 4214 intelligamus
1348 4140 1619 4197 Christum
1660 4159 1767 4199 non

228 4230 479 4287 secundum
504 4247 722 4289 carnem
749 4231 1012 4304 judicare,
1041 4232 1177 4289 sicut
1204 4232 1273 4289 ab
1292 4232 1595 4290 hominibus
1618 4234 1768 4307 judi-

230 4329 353 4376 catus
368 4331 459 4378 est.

286 4409 335 4468 5.
364 4410 486 4469 Nam
530 4423 589 4472 ut
631 4416 930 4487 agnoscatis
959 4415 1071 4487 jam
1117 4425 1172 4472 et
1207 4416 1441 4488 judicem
1472 4416 1763 4487 Christum,

237 4503 375 4561 audite
394 4507 529 4579 quod
554 4510 794 4580 sequitur
817 4527 830 4563 :
853 4506 922 4562 Et
938 4509 983 4564 si
990 4509 1173 4581 judico
1194 4525 1304 4581 ego,
1325 4511 1578 4581 judicium
1604 4530 1767 4569 meum

239 4609 372 4654 mm
394 4610 477 4655 est.
516 4601 653 4657 Ecce
676 4600 839 4657 habes
866 4611 920 4656 et
940 4601 1194 4672 judicem.
1224 4600 1321 4658 sed
1345 4617 1573 4674 agnosce
1597 4606 1768 4662 salva-

242 4694 389 4761 torem,
420 4710 483 4751 ne
514 4695 714 4751 sentias
737 4692 991 4765 judicent.
1022 4693 1199 4763 Quare
1240 4704 1417 4751 autem
1454 4696 1588 4752 dixit
1619 4698 1764 4769 judi-

242 4778 344 4836 cium
368 4798 511 4841 suum
537 4800 722 4841 verum
747 4784 906 4839 esse?
927 4783 1059 4849 Quia
1094 4784 1251 4849 solus,
1284 4786 1475 4857 inquit,
1506 4803 1607 4842 non
1630 4804 1762 4857 sum,

244 4873 308 4926 id
323 4889 399 4947 ego
422 4886 468 4933 et
493 4878 580 4949 qui
597 4876 732 4931 misit
752 4893 832 4931 me
856 4874 1032 4932 Pater.
1064 4876 1180 4932 Dixi
1208 4878 1377 4946 vobis,
1409 4879 1621 4947 fratres,
1641 4883 1764 4952 quia

244 4959 421 5025 Joannes
448 4969 547 5026 iste
586 4968 910 5040 evangelista
938 4978 1153 5024 sanctus
1189 4970 1415 5026 multum
1445 4972 1552 5027 alte
1582 4973 1760 5028 volat:

246 5054 394 5115 tirett
424 5076 544 5117 eum
586 5069 769 5118 mente
811 5059 1284 5132 comprehendere.
1321 5061 1627 5136 Mysterinm
1666 5081 1764 5121 au-

246 5149 471 5211 lenaltius
494 5152 724 5210 volantis
742 5166 878 5224 opus
900 5161 985 5209 est
1009 5163 1065 5208 ut
1083 5168 1497 5211 commemorem
1523 5155 1766 5213 Charita-

250 5246 575 5302 leatvestram.
614 5246 683 5302 Et
720 5244 860 5316 apud
889 5244 1221 5302 Ezechielem
1249 5247 1582 5319 prophetam,
1625 5258 1681 5305 et
1710 5250 1765 5304 in

246 5331 510 5411 Apocalypsi
531 5338 701 5411 ipsius
726 5337 964 5405 Joannis,
993 5338 1144 5407 cujus
1171 5348 1252 5394 est
1278 5337 1378 5393 hoc
1394 5338 1760 5412 Evangelium,

245 5438 639 5489 commemoratur
673 5431 868 5487 animal
909 5430 1261 5503 quadruplex,
1302 5430 1505 5487 habens
1539 5446 1766 5503 quatuor

245 5530 471 5591 W8;
518 5522 770 5590 hominis,
801 5521 974 5591 vituli,
1020 5522 1209 5590 leonis,
1253 5522 1445 5594 aquila:
1483 5521 1690 5594 (Ezech.
1721 5541 1760 5594 ι,

240 5611 357 5684 Μος
391 5617 554 5692 Apoc.
598 5632 672 5685 tv,
718 5615 772 5682 6,
804 5614 881 5691 7).
919 5617 1018 5686 Qui
1062 5628 1185 5672 ante
1230 5631 1327 5670 nos
1373 5615 1764 5685 Scripturarum

238 5717 491 5766 auctarum
512 5709 763 5781 mysteria
795 5719 1171 5777 tractaverunt,
1201 5709 1439 5780 plerique
1461 5709 1510 5763 in
1535 5708 1635 5764 hoc
1652 5709 1764 5764 aui-

675 5933 859 5948 φηςι-...νῨηῖ

38 5818 99 6187 Ἰ
238 5798 345 5873 Itali,
377 5800 461 5860 vel
499 5801 676 5875 potius
696 5801 749 5858 in
776 5800 859 5858 his
895 5801 1211 5859 animalibus
1234 5809 1460 5874 quatuor
1484 5799 1763 5875 Evangeli-

1252 345 1665 409 TRACTATUS
1690 345 1935 407 XXXVI.
1976 349 2204 411 CAPUT
2241 348 2376 411 VIII.

3330 368 3471 430 £666

1884 472 1999 554 stas
2038 464 2433 524 intellexerunt.
2478 468 2711 528 Leonem
2741 489 2839 544 pro
2888 491 3016 550 rege
3050 480 3304 549 positum,
3337 499 3472 554 quo-

1882 552 2026 609 niam
2058 555 2267 612 videtur
2304 559 2390 614 leo
2431 574 2528 616 rex
2568 576 2688 618 esse
2725 564 3118 636 quodammodo
3155 552 3468 642 bestiarum,

1887 654 2106 718 propter
2144 650 2436 719 potentiam
2486 661 2542 708 et
2577 656 2867 713 terribilem
2915 659 3299 719 fortitudinem.
3345 664 3470 723 llaec

1881 752 2107 808 persona
2139 740 2335 798 tributa
2360 752 2443 798 est
2469 742 2740 811 Matthteo,
2779 749 2903 819 quia
2932 750 2986 805 in
3036 753 3468 821 generationibus

1882 827 2093 885 Domini
2130 834 2331 903 regiam
2374 836 2566 891 seriem
2617 850 2929 908 prosecutus
2968 852 3070 910 est,
3113 845 3463 915 quemadmo-

1880 918 2008 975 dum
2054 931 2200 979 esset
2226 923 2485 981 Dominus
2526 941 2621 997 per
2661 929 2885 1001 stirpem
2928 933 3127 1003 regiam
3157 933 3225 991 de
3264 937 3469 995 semine

1881 1012 2049 1071 David
2084 1016 2246 1088 regis.
2278 1015 2450 1074 Lucas
2476 1027 2653 1076 autem
2689 1022 2939 1092 quoniam
2968 1026 3130 1096 ccepit
3155 1042 3187 1082 a
3216 1029 3469 1085 sacerdo-

1884 1104 1961 1159 tio
2010 1104 2278 1163 Zacharia:
2321 1110 2636 1179 sacerdotis,
2679 1110 2883 1171 faciens
2920 1118 3245 1175 mentionem
3302 1121 3468 1190 patris

1878 1193 2098 1252 Joannis
2138 1197 2411 1268 Baptistaz,
2440 1200 2607 1257 vitulo
2640 1200 2926 1275 deputatus
2968 1216 3083 1274 est;
3115 1209 3239 1280 quia
3275 1225 3465 1282 magna

1878 1288 2094 1346 victima
2127 1290 2325 1347 vitulus
2354 1300 2471 1348 erat
2509 1292 2564 1349 in
2591 1294 2854 1352 sacrificio
2881 1298 3236 1355 sacerdotum.
3284 1300 3464 1359 Marco

1877 1380 2042 1437 homo
2066 1382 2307 1439 Christus
2343 1385 2537 1441 merito
2576 1387 2875 1457 assignatus
2899 1398 3003 1458 est,
3034 1392 3156 1462 quia
3196 1407 3369 1464 neque
3395 1393 3466 1452 de

1880 1474 2029 1548 regia
2067 1482 2331 1545 potestate
2373 1475 2577 1547 aliquid
2618 1478 2772 1546 dixit,
2815 1495 2988 1552 neque
3024 1481 3093 1537 de
3143 1483 3463 1541 sacerdotali

1876 1563 2060 1634 ccepit,
2088 1563 2183 1621 sed
2208 1574 2412 1621 tantum
2442 1567 2511 1622 ab
2536 1568 2753 1625 homine
2780 1568 2993 1627 Christo
3017 1588 3243 1630 exorsus
3262 1584 3362 1632 est.
3396 1576 3459 1632 lli

1876 1669 2066 1711 omnes
2089 1671 2258 1728 prope
2294 1656 2363 1714 de
2402 1659 2651 1725 terrenis,
2684 1660 2738 1717 id
2765 1671 2848 1718 est
2874 1662 2943 1719 de
2979 1664 3044 1721 iis
3070 1681 3187 1736 quae
3227 1667 3282 1722 in
3322 1675 3461 1726 terra

1876 1748 2042 1818 gessit
2075 1749 2334 1806 Dominus
2370 1761 2555 1808 noster
2587 1751 2744 1809 Jesus
2776 1754 3041 1824 Christus,
3082 1773 3187 1813 nou
3220 1774 3461 1817 recesse-

1875 1848 2044 1894 runt:
2077 1839 2145 1897 de
2186 1840 2463 1899 divinitate
2500 1843 2617 1913 ejus
2647 1860 2910 1917 perpauca
2947 1847 3112 1922 locuti
3157 1862 3299 1920 sunt,
3340 1862 3463 1910 tan-

1876 1946 2036 2002 quam
2063 1932 2115 1988 in
2148 1944 2286 1989 terra
2329 1949 2450 1990 cum
2491 1936 2585 1992 illo
2613 1938 2964 1996 ambulantes.
2997 1942 3186 1999 Restat
3228 1946 3407 2017 aquila
3444 1967 3458 2004 :

1876 2021 1991 2092 ipse
2018 2032 2102 2079 est
2123 2023 2378 2092 Joannes,
2408 2027 2715 2084 sublimium
2745 2031 3084 2101 praedicator,
3122 2044 3178 2091 et
3215 2035 3350 2093 lucis
3378 2038 3466 2095 iu-

1877 2123 2043 2173 terna:
2082 2125 2241 2188 atque
2276 2127 2492 2176 aeternio
2537 2121 2657 2177 fixis
2698 2125 2869 2179 oculis
2909 2129 3319 2199 contemplator.
3369 2131 3464 2189 Di-

1875 2218 2070 2264 cuntur
2095 2209 2238 2266 enim
2268 2220 2322 2267 et
2356 2213 2485 2283 pulli
2511 2214 2811 2284 aquilarum
2844 2233 2875 2274 a
2900 2221 3210 2288 parentibus
3236 2224 3315 2281 sic
3341 2241 3466 2297 pro-

1876 2300 2013 2366 bari,
2060 2303 2229 2371 patris
2270 2303 2475 2361 scilicet
2514 2320 2689 2377 ungue
2731 2310 3006 2380 suspendi,
3051 2321 3108 2368 et
3147 2314 3310 2371 radiis
3336 2317 3467 2377 solis

1875 2392 2071 2462 opponi
2099 2411 2111 2447 :
2138 2394 2229 2464 qui
2250 2392 2407 2459 firme
2425 2397 2816 2468 contemplatus
2840 2399 3020 2471 fuerit,
3049 2402 3190 2460 filius
3215 2408 3463 2478 agnosci-

1877 2492 1995 2551 tur;
2028 2484 2074 2540 si
2100 2485 2215 2542 acie
2246 2487 2599 2557 palpitaverit,
2636 2498 2886 2561 tanquam
2912 2493 3240 2552 adulterinus
3265 2499 3335 2555 ab
3362 2516 3465 2556 uu-

1874 2590 1976 2645 gue
2010 2575 2316 2633 dimittitur.
2343 2576 2462 2634 Jam
2490 2593 2619 2651 ergo
2643 2579 2822 2636 videte
2861 2598 3020 2653 quam
3046 2585 3293 2644 sublimia
3318 2589 3466 2662 loqui

1874 2665 2077 2733 debuit,
2125 2668 2218 2739 qui
2246 2680 2329 2723 est
2366 2669 2559 2741 aquilae
2597 2682 2936 2743 comparatus
2959 2692 2974 2729 :
2997 2684 3052 2731 et
3095 2686 3273 2735 tamen
3300 2681 3463 2739 etiam

1876 2772 1975 2814 nos
2006 2758 2153 2814 humi
2179 2770 2450 2831 repentes,
2477 2760 2674 2817 infirmi
2701 2771 2758 2819 et
2784 2764 2870 2819 vix
2897 2764 3057 2821 ullius
3090 2770 3349 2825 momenti
3374 2771 3461 2827 in-

1876 2857 1958 2906 ter
1981 2849 2245 2918 homines,
2268 2851 2534 2908 audemus
2557 2862 2785 2910 tractare
2805 2855 2926 2922 ista,
2953 2865 3008 2913 et
3035 2857 3137 2914 ista
3157 2844 3461 2933 exponere;

1876 2950 1930 2997 et
1958 2952 2204 3012 putamus
2232 2958 2329 2999 nos
2354 2954 2447 3000 aut
2464 2960 2657 3017 capere
2683 2962 2842 3019 posse
2866 2964 2989 3005 cum
3017 2952 3333 3023 cogitamus,
3370 2967 3464 3014 aut

1875 3033 1993 3104 capi
2018 3032 2145 3089 dum
2171 3034 2419 3090 dicimus.

1946 3127 2000 3182 6.
2041 3126 2218 3196 Quare
2256 3127 2355 3182 ista
2399 3127 2547 3184 dixi?
2595 3129 2756 3187 Forte
2793 3131 2938 3187 enim
2982 3143 3103 3203 post
3142 3134 3258 3193 haec
3300 3140 3461 3195 verba

1876 3218 2157 3290 quisquam
2184 3218 2314 3275 mihi
2330 3220 2475 3291 juste
2495 3220 2636 3278 dicat
2662 3241 2674 3278 :
2699 3223 2844 3280 Pone
2866 3241 2997 3297 ergo
3021 3227 3281 3286 codicem.
3308 3230 3461 3301 Quod

1876 3310 2084 3366 excedit
2110 3325 2414 3366 mensuram
2438 3320 2606 3381 tuam,
2633 3314 2760 3384 quid
2780 3317 2947 3371 sumis
2968 3316 3022 3372 in
3043 3334 3256 3375 manum
3279 3330 3422 3379 tuam
3436 3323 3462 3377 ἲ

1875 3402 2000 3473 quid
2027 3402 2075 3457 ei
2098 3402 2389 3459 committis
2420 3403 2650 3476 linguam
2674 3406 2858 3461 tuam?
2885 3407 2967 3464 Ad
2995 3408 3098 3467 hoc
3123 3414 3457 3483 respondeo:

1874 3492 2026 3548 Multi
2054 3492 2286 3550 lueretici
2322 3494 2614 3563 abundant,
2642 3505 2696 3552 et
2736 3497 2805 3552 ad
2848 3497 2950 3555 hoc
2992 3515 3087 3556 eos
3115 3502 3255 3560 Deus
3294 3505 3464 3562 abun-

1875 3586 2004 3643 dare
2032 3586 2292 3655 permisit,
2321 3602 2389 3642 ne
2407 3601 2621 3658 semper
2646 3588 2782 3645 lacte
2807 3590 3122 3661 nutriamnr,
3144 3604 3199 3649 et
3225 3595 3278 3649 in
3306 3594 3461 3653 bruta

1875 3676 2094 3732 infantia
2136 3692 2531 3733 remaneamus.
2583 3677 2717 3745 Quia
2752 3681 2893 3735 enim
2940 3698 3048 3738 non
3085 3684 3463 3745 intellexerunt

1876 3766 2146 3837 quomodo
2174 3766 2639 3823 commendaretur
2657 3768 2908 3825 divinitas
2930 3769 3151 3837 Christi,
3174 3789 3464 3847 sapuerunt

1875 3859 2016 3915 sicut
2044 3860 2365 3915 voluerunt:
2396 3876 2501 3916 non
2526 3870 2703 3917 autem
2731 3873 2875 3919 recte
2902 3865 3178 3937 Sapiendo,
3218 3870 3464 3929 fidelibus

1874 3950 2152 4008 catholicis
2177 3953 2503 4023 quaestiones
2541 3954 2948 4011 molestissimas
2990 3959 3316 4030 intulerunt;
3345 3979 3462 4024 ca:-

1875 4052 2067 4115 perunt
2090 4043 2343 4114 exagitari
2369 4053 2422 4099 et
2448 4043 2703 4100 D-tctnarc
2723 4046 2883 4101 corda
2912 4048 3167 4106 fidelium.
3195 4052 3312 4109 Jain
3336 4067 3462 4114 tunc

1874 4134 2167 4191 necessitas
2196 4133 2332 4190 facta
2365 4145 2447 4189 est
2474 4133 2835 4204 spiritualibus
2864 4137 3009 4201 viris,
3039 4141 3127 4210 qui
3151 4142 3348 4213 aliquid
3373 4161 3462 4202 se-

1874 4224 2105 4282 cundum
2132 4223 2466 4280 divinitatem
2499 4222 2708 4278 Domini
2735 4228 2901 4280 nustri
2928 4226 3055 4283 Jesu
3090 4228 3308 4299 Christi,
3350 4252 3457 4293 non

1872 4321 2043 4378 solum
2069 4320 2309 4392 legerant
2337 4319 2389 4375 iu
2421 4318 2727 4388 Evangelia,
2756 4319 2851 4375 sed
2880 4321 3040 4378 etiam
3065 4324 3456 4397 intellexerant,

1873 4427 1932 4475 ut
1949 4426 2135 4473 contra
2160 4431 2309 4472 arma
2333 4415 2528 4472 diaboli
2556 4414 2759 4473 Christi
2782 4433 2929 4474 arma
2957 4418 3294 4491 proferrent:
3319 4430 3373 4478 et
3391 4422 3461 4480 de

1871 4511 2071 4568 Christi
2113 4510 2389 4566 divinitate
2431 4510 2690 4566 adversus
2729 4509 2891 4567 falsos
2920 4511 3239 4583 fallacesque
3274 4514 3461 4571 ducto-

1872 4619 1981 4672 res,
2034 4603 2247 4675 quantis
2290 4611 2508 4672 possent
2546 4602 2767 4667 viribus.
2814 4605 3147 4674 apertissima
3186 4605 3434 4663 condicta

1872 4697 2015 4752 tione
2035 4704 2365 4766 pugnarent;
2408 4710 2475 4750 ne
2501 4709 2624 4750 cum
2659 4694 2759 4766 ipsi
2799 4703 3056 4763 tacerent,
3085 4696 3174 4752 alii
3202 4699 3455 4769 perirent.

1870 4785 2204 4856 Quicumque
2229 4785 2371 4840 enim
2401 4794 2686 4841 senserunt
2708 4785 2985 4842 Dominum
3012 4797 3249 4844 nostrum
3274 4788 3458 4848 Jesum

1870 4878 2137 4934 Christum
2149 4917 2165 4942 ,
2186 4884 2278 4931 aut
2291 4874 2517 4931 diversa:
2533 4876 2841 4932 substantia:
2859 4892 2978 4933 esse
2996 4892 3153 4950 quam
3178 4878 3336 4936 Pater
3351 4891 3454 4948 est,

1870 4978 1961 5025 aut
1989 4977 2192 5023 tantum
2230 4981 2351 5022 esse
2384 4964 2654 5023 Christum
2700 4967 2898 5034 solum,
2941 4975 3001 5022 ut
3028 4970 3139 5038 ipse
3177 4969 3248 5025 sit
3274 4969 3453 5042 Pater,

1870 5059 1985 5130 ipse
2018 5059 2088 5113 sit
2127 5057 2313 5125 Filius,
2345 5058 2461 5127 ipse
2489 5058 2560 5111 sit
2597 5057 2824 5127 Spiritus
2852 5068 3064 5114 sanctus
3092 5077 3106 5114 :
3133 5060 3457 5135 quicumque

1870 5151 2029 5208 etiam
2069 5149 2268 5205 sentire
2294 5149 2575 5204 voluerunt
2604 5148 2874 5205 hominem
2917 5148 3082 5207 fuisse
3124 5152 3319 5221 solum,
3349 5170 3454 5211 non

1871 5243 2040 5300 Deum
2067 5243 2264 5297 factum
2293 5242 2585 5308 hominem,
2612 5251 2704 5296 aut
2726 5242 2795 5297 ita
2827 5241 2992 5298 Deum
3023 5253 3081 5300 nt
3109 5246 3164 5301 in
3192 5261 3288 5303 sua
3315 5247 3457 5302 divi-

1870 5338 2038 5392 nitate
2065 5334 2396 5402 mutabilem,
2425 5343 2518 5390 aut
2540 5335 2610 5390 ita
2644 5336 2809 5391 Deum
2838 5345 2897 5392 ut
2933 5352 3039 5393 non
3067 5348 3122 5394 et
3147 5339 3450 5406 hominem;

1869 5444 1900 5484 a
1929 5428 2034 5484 ﬁde
2071 5425 2542 5499 naufragaverunt,
2588 5437 2644 5483 et
2670 5428 2738 5484 de
2765 5439 2921 5500 portu
2949 5429 3204 5491 Ecclesia:
3233 5432 3451 5501 projecti

1868 5532 2013 5587 sunt,
2044 5536 2111 5577 ne
2135 5519 2498 5592 inquietudine
2516 5536 2611 5578 sua
2637 5537 2800 5579 naves
2822 5538 3001 5580 secum
3028 5523 3227 5594 positas
3247 5525 3455 5594 frange-

1869 5626 2009 5673 rent.
2039 5614 2170 5683 Qute
2212 5630 2300 5670 res
2334 5614 2510 5686 coegit
2538 5623 2596 5670 ut
2617 5617 2779 5671 etiam
2816 5631 2916 5671 nos
2948 5615 3172 5681 minimi,
3203 5624 3258 5672 et
3279 5631 3447 5687 quan-

1871 5722 1980 5765 tum
2000 5709 2065 5763 ad
2087 5723 2186 5763 nos
2197 5704 2423 5777 pertinet
2441 5723 2656 5777 prorsus
2676 5707 2896 5777 indigni,
2916 5716 3169 5778 quantum
3187 5718 3363 5764 autem
3382 5707 3453 5766 ad

1873 5803 2014 5866 illius
2042 5798 2463 5860 miscricordiam
2482 5802 2537 5858 in
2564 5801 2742 5874 aliquo
2759 5799 3188 5873 dispensatorum
3213 5803 3330 5879 ejus
3349 5820 3452 5863 nu-
