3916 6370
598 383 734 450 ίϐῊ

601 514 771 560 tuum.
817 498 886 554 Et
911 492 1169 549 Dominus
1197 507 1210 541 :
1237 481 1500 554 Numquid
1528 497 1613 536 me
1641 478 1831 534 videtis
1851 517 1866 541 ,
1896 483 1953 528 ut
1974 473 2186 527 Patrem

602 594 880 649 ostendam
905 582 1088 640 vobis?
1125 581 1237 636 Hoc
1262 577 1403 633 enim
1433 573 1671 643 sequitur
1691 611 1705 634 ,
1744 568 1846 622 hoc
1873 565 1983 620 suis
2012 560 2187 616 verbis

603 689 718 758 ipse
754 678 1064 754 respondit,
1109 687 1333 745 quorum
1360 667 1645 722 verborum
1673 661 2059 732 expositionem
2089 668 2189 709 nos

602 749 729 838 ante
751 749 1320 848 praim’tsimusNidetc
1348 762 1490 816 enim
1519 756 1644 828 quid
1670 754 1882 818 dixerit,
1913 749 2087 818 Neque
2113 762 2191 799 me

603 843 774 936 scitis,
809 884 965 938 neque
990 862 1196 919 Patrem
1222 873 1405 913 meum.
1437 854 1498 910 Si
1541 868 1618 906 me
1651 848 1865 910 sciretis,
1904 843 2118 915 forsitan
2142 849 2190 894 et

604 931 817 1024 Patrem
843 931 1008 1016 meum
1027 953 1240 1012 sciretis.
1269 948 1454 1004 Dicitis
1477 959 1625 1016 ergo,
1650 940 1748 997 Ubi
1775 948 1846 994 est
1875 935 2029 990 Pater
2047 931 2192 987 tuus?

605 1057 756 1132 quasi
773 1055 883 1126 jam
908 1066 994 1107 me
1014 1047 1226 1109 sciatis;
1255 1043 1406 1114 quasi
1428 1047 1595 1093 totum
1625 1033 1727 1088 hoc
1752 1032 1851 1086 sim
1878 1026 2018 1100 quod
2043 1024 2189 1079 vide-

604 1123 693 1208 tis.
717 1123 858 1218 Ergo
877 1144 1000 1214 quia
1022 1155 1107 1196 me
1130 1152 1235 1192 non
1262 1131 1448 1198 nostis,
1471 1128 1590 1184 ideo
1613 1124 1764 1180 vobis
1783 1123 1992 1218 Patrem
2014 1129 2192 1218 meum

606 1205 714 1299 non
749 1205 1000 1294 esten-do.
1038 1231 1120 1286 Ile
1146 1230 1340 1300 quippe
1386 1219 1654 1277 hominem
1686 1211 1902 1286 putatis,
1929 1208 2050 1265 ideo
2090 1205 2192 1260 Pa-

609 1341 744 1389 trem
785 1343 961 1385 meum
1002 1323 1272 1379 hominem
1301 1314 1572 1388 quaeritis,
1603 1308 1724 1380 quia
1752 1301 2042 1360 secundum
2080 1313 2197 1353 car-

613 1439 739 1482 nem
785 1416 1052 1491 judicatis.
1099 1411 1234 1482 Quia
1282 1421 1412 1464 vero
1466 1399 1758 1459 secundum
1807 1393 1948 1466 quod
1999 1390 2195 1491 videtis

606 1481 750 1572 aliud
785 1481 918 1568 isum
944 1551 960 1576 ,
1006 1517 1062 1564 et
1113 1481 1256 1559 aliud
1300 1495 1590 1554 secundum
1629 1488 1772 1560 quod
1811 1501 1917 1541 non
1963 1481 2192 1576 videtis;

606 1606 821 1664 Patrem
880 1574 1058 1656 autem
1112 1607 1290 1648 meum
1342 1589 1531 1657 loquor
1584 1579 1822 1636 occultus
1868 1574 2136 1631 occultum
2180 1588 2192 1624 :

607 1697 759 1769 prius
785 1700 870 1750 est
898 1699 955 1746 ut
981 1703 1068 1744 me
1096 1679 1382 1743 noveritis;
1411 1686 1538 1732 tunc
1553 1681 1608 1729 et
1635 1671 1846 1727 Patrem
1861 1681 2036 1722 meum
2054 1663 2197 1719 scie-

607 1789 696 1844 tis.

681 1877 734 1931 3.
763 1874 825 1940 Si
847 1871 980 1925 enim
1006 1882 1085 1920 me
1109 1862 1319 1926 sciretis,
1361 1867 1405 1912 et
1436 1855 1641 1911 Patrem
1667 1866 1832 1906 meum
1859 1847 2071 1920 forsitan
2098 1843 2198 1897 sci-

611 1937 769 2023 retis.
787 1965 879 2018 llle
908 1959 996 2031 qui
1025 1955 1204 2010 omnia
1246 1951 1349 2007 scit
1370 1991 1385 2015 ,
1431 1943 1640 2017 quando
1668 1941 1798 1997 dicit
1825 1937 2056 2010 forsitan,
2094 1948 2200 1988 non

611 2057 838 2121 dubitat,
867 2027 962 2106 sed
1001 2049 1258 2115 increpat.
1299 2036 1528 2096 Attende
1553 2034 1696 2091 enim
1733 2027 2002 2102 quomodo
2028 2027 2199 2080 incre-

610 2148 790 2223 pative
816 2143 1022 2200 dicatur
1047 2139 1218 2208 ipsum
1248 2132 1482 2205 forsitan,
1523 2123 1669 2196 quod
1694 2121 1901 2177 videtur
1928 2133 2050 2174 esse
2079 2131 2202 2171 ver-

612 2205 740 2295 bum
768 2205 1132 2291 dubitationis.
1156 2224 1260 2281 Sed
1286 2217 1627 2277 dubitationis
1650 2213 1870 2269 verbum
1893 2219 1972 2264 est
1993 2205 2204 2278 quando

609 2329 807 2386 dicitur
825 2323 895 2379 ab
919 2320 1151 2384 homine,
1175 2316 1296 2371 ideo
1316 2311 1588 2366 dubitante
1607 2304 1730 2376 quia
1751 2301 2020 2356 nesciente
2046 2317 2058 2350 :
2083 2311 2203 2351 cum

609 2434 741 2477 vero
775 2417 971 2474 dicitur
1002 2429 1032 2467 a
1071 2411 1182 2466 Deo
1211 2406 1430 2463 verbum
1475 2395 1840 2461 dubitationis,
1869 2408 1990 2447 cum
2038 2390 2203 2444 Deum

611 2508 750 2568 nihil
767 2507 950 2577 utique
969 2503 1155 2566 lateat,
1179 2497 1265 2554 illa
1290 2491 1622 2550 dubitatione
1640 2485 1877 2557 arguitur
1900 2479 2203 2546 inlidelitas,

613 2617 721 2660 non
751 2570 998 2670 opinatur
1044 2590 1314 2648 divinitas.
1351 2583 1605 2640 llomines
1642 2579 1784 2634 enim
1813 2575 1881 2632 de
1923 2574 2007 2629 his
2047 2570 2207 2626 rebus

612 2707 750 2766 quas
777 2665 950 2747 certas
980 2686 1210 2747 habent,
1252 2674 1539 2750 aliquando
1569 2671 1892 2741 increpative
1929 2665 2205 2728 dubitant,

611 2757 667 2843 id
692 2795 797 2850 est,
824 2781 1044 2838 verbum
1089 2771 1435 2831 dubitationis
1477 2773 1701 2838 ponunt,
1734 2776 1854 2816 cum
1897 2757 2059 2813 corde
2099 2769 2202 2809 non

612 2849 857 2936 dubitent
887 2893 901 2929 :
931 2873 1078 2928 velut
1104 2869 1148 2924 si
1177 2863 1466 2935 indigneris
1494 2873 1652 2915 servo
1682 2865 1772 2910 tuo
1797 2861 1850 2909 et
1874 2852 2039 2918 dicas,
2065 2849 2204 2904 Con-

613 2969 812 3028 temuis
853 2980 974 3030 me;
1005 2959 1313 3020 considera,
1356 2953 1572 3008 forsitan
1617 2947 1863 3004 dominus
1899 2956 2021 2998 tuus
2061 2955 2206 2996 sunt.

612 3066 747 3123 Hinc
777 3071 831 3116 et
856 3057 1144 3130 Apostolus
1169 3051 1234 3107 ad
1265 3047 1521 3120 quosdam
1543 3049 1940 3111 contemptores
1970 3050 2096 3090 suos
2125 3033 2205 3086 lo-

613 3169 782 3228 quens
805 3123 921 3206 ait;
953 3147 1084 3202 Puto
1115 3155 1302 3208 autem,
1342 3150 1388 3195 et
1425 3155 1514 3210 ego
1546 3135 1794 3207 Spiritum
1839 3129 1932 3183 Dei
1967 3123 2202 3195 liabeo(l

613 3216 736 3302 Dor.
775 3257 872 3307 vn,
903 3240 972 3296 40
989 3237 1030 3311 ).
1062 3235 1161 3304 Qui
1187 3234 1336 3298 dicit,
1385 3239 1524 3300 puto,
1553 3226 1793 3281 dubitare
1827 3221 2034 3276 videtur
2065 3238 2078 3273 :
2107 3216 2200 3273 sed

613 3334 706 3392 ille
736 3307 1065 3401 increpabat,
1090 3341 1194 3380 non
1221 3321 1514 3378 dubitabat.
1546 3317 1611 3371 Et
1631 3315 1744 3385 ipse
1769 3311 2026 3367 Dominus
2053 3307 2204 3363 Chri-

613 3437 732 3484 stus
754 3424 859 3480 alio
890 3423 1009 3477 loco
1037 3419 1320 3487 increpans
1350 3411 1714 3467 inﬁdelitatem
1739 3408 1969 3461 futuram
1990 3402 2201 3474 generis

613 3515 832 3574 humani
857 3533 872 3571 :
895 3513 1023 3569 Cum
1043 3509 1245 3573 uenerit,
1273 3505 1458 3576 inquit,
1491 3501 1656 3556 Filius
1677 3497 1913 3564 hominis,
1937 3506 2103 3567 putas,
2122 3496 2202 3548 in-

612 3611 772 3666 veniet
801 3606 953 3676 fidem
975 3605 1028 3658 in
1058 3596 1383 3671 terra,(Luc.
1416 3609 1567 3658 xvnt,
1596 3591 1706 3662 8)?

682 3705 738 3759 ι.
768 3701 886 3756 Jam
906 3739 922 3766 ,
966 3703 1220 3768 quantum
1249 3689 1497 3747 existimo
1521 3727 1535 3749 .
1566 3683 1898 3740 intellexistis
1929 3679 2198 3753 quomodo

613 3792 937 3862 sitpositum
979 3785 1189 3858 forsitan
1217 3799 1235 3836 :
1275 3795 1341 3835 ne
1366 3777 1487 3849 quis
1531 3773 1812 3830 verborum
1840 3785 2106 3843 appensor
2147 3780 2201 3825 et

612 3882 936 3953 syllabarum
965 3875 1322 3938 examinator,
1345 3868 1506 3924 veluti
1537 3867 1698 3921 latine
1725 3865 1866 3935 loqui
1896 3862 2092 3930 sciens,
2124 3877 2201 3916 re-

613 3970 908 4044 prehendat
934 3968 1152 4023 verbum
1182 3963 1323 4035 quod
1347 3961 1481 4017 dixit
1507 3959 1598 4014 Dei
1638 3955 1904 4022 Verbum;
1936 3965 1990 4010 et
2017 3968 2198 4023 repre-

613 4061 896 4120 hendendo
928 4059 1020 4115 Dei
1051 4057 1304 4122 Verbum,
1338 4069 1442 4109 non
1470 4051 1746 4120 eloquens,
1777 4048 1872 4105 sed
1910 4056 2087 4102 mutus
2111 4061 2201 4100 re-

610 4162 843 4212 maneat.
888 4150 1018 4218 Quis
1053 4149 1193 4204 cnim
1233 4145 1465 4216 loquitur
1509 4142 1615 4207 sic,
1661 4138 1929 4211 quomodo
1969 4136 2205 4208 loquitur

611 4245 846 4302 Verbum
873 4241 1014 4314 quod
1035 4250 1150 4296 erat
1181 4240 1234 4293 in
1259 4236 1518 4308 principio
1545 4232 1682 4304 apud
1707 4232 1909 4288 Deum?
1934 4228 2052 4286 Noli
2084 4245 2205 4284 ver-

613 4337 681 4392 ba
727 4336 827 4390 ista
867 4329 1242 4394 considerare,
1282 4337 1336 4381 et
1365 4342 1433 4383 ex
1475 4325 1557 4378 his
1597 4322 1775 4378 verbis
1804 4321 2031 4376 assuetis
2075 4319 2203 4374 illud

616 4425 853 4482 Verbum
875 4421 1050 4478 metiri
1078 4421 1210 4476 velle
1235 4417 1376 4488 quod
1408 4417 1548 4471 Deus
1575 4425 1675 4471 est.
1710 4413 1875 4468 Audis
1903 4413 2044 4467 enim
2072 4411 2202 4466 Ver-

617 4516 746 4574 bum
785 4523 843 4571 et
868 4511 1202 4575 contemnis;
1231 4508 1352 4563 audi
1380 4508 1548 4562 Deum
1576 4516 1630 4560 et
1660 4505 1788 4560 time
1819 4523 1832 4558 :
1861 4503 1928 4557 In
1959 4503 2204 4574 principio

615 4618 723 4664 erat
773 4604 1012 4660 Verbum.
1052 4601 1133 4658 Tu
1173 4613 1395 4656 revocas
1440 4598 1502 4652 ad
1545 4611 1699 4650 usum
1745 4594 2205 4650 sermocinatiouis

618 4708 743 4761 tute,
768 4705 820 4752 et
845 4693 977 4748 dicis
996 4691 1134 4764 apud
1161 4701 1233 4757 te,
1255 4688 1393 4759 Quid
1421 4697 1504 4744 est
1529 4687 1786 4743 verbum?
1805 4686 1929 4758 quid
1957 4701 2203 4758 magnum

625 4798 707 4845 est
731 4785 992 4868 verbum?
1035 4794 1190 4840 sonat
1223 4793 1276 4838 et
1316 4781 1534 4848 transit;
1564 4779 1840 4835 verberato
1869 4795 1992 4835 aere
2020 4795 2202 4836 aurem

619 4881 866 4953 percutit.
898 4887 1084 4950 postea
1128 4891 1232 4932 non
1261 4875 1386 4930 erit.
1421 4872 1555 4928 Audi
1595 4872 1788 4938 adhuc,
1845 4870 2058 4927 Verbum
2099 4881 2207 4927 erat

617 4973 756 5045 apud
780 4972 942 5027 Deum
964 4989 983 5025 :
1011 4969 1278 5037 manebat,
1309 4983 1415 5024 non
1441 4967 1682 5022 sonando
1708 4966 1986 5023 transibat.
2017 4966 2206 5025 Adhuc

618 5067 755 5122 forte
798 5063 1093 5120 contemnis
1136 5081 1149 5117 ε
1199 5061 1333 5117 Deus
1375 5071 1481 5116 erat
1533 5058 1748 5114 Verbum
1793 5058 1982 5131 (Joan.
2023 5075 2075 5126 I,
2115 5060 2200 5129 l).

618 5156 775 5228 Apud
801 5157 1048 5226 teipsum,
1070 5169 1104 5209 o
1128 5153 1307 5221 homo,
1333 5168 1456 5208 cum
1478 5161 1559 5207 cst
1585 5153 1637 5206 in
1663 5152 1822 5208 corde
1843 5161 1938 5229 tuo
1960 5151 2200 5219 verbum,

618 5247 762 5305 aliud
787 5255 870 5304 est
893 5263 1052 5317 quam
1078 5260 1240 5302 sonus
1265 5265 1278 5300 :
1308 5245 1402 5302 sed
1435 5244 1654 5300 verbum
1693 5245 1836 5316 quod
1861 5255 1941 5300 est
1961 5244 2098 5316 apud
2130 5255 2202 5311 te,

598 5351 683 5410 ,ιιι
722 5347 959 5396 transeat
993 5337 1060 5392 ad
1107 5352 1211 5404 me,
1257 5351 1445 5392 sonum
1475 5336 1626 5407 quasi
1658 5319 1955 5391 vehiculum
1995 5337 2201 5408 qtimrit.

619 5431 860 5489 Assumit
877 5445 1006 5501 ergo
1033 5443 1244 5496 sonum,
1274 5428 1499 5499 imponit
1525 5444 1583 5484 se
1605 5427 1999 5499 quodaminodo
2025 5429 2077 5483 in
2111 5445 2204 5486 ve-

625 5527 881 5594 hiculum,
921 5526 1237 5582 transcurrit
1261 5541 1459 5593 aerem,
1486 5525 1628 5580 venit
1651 5524 1718 5580 ad
1749 5541 1854 5590 me,
1882 5541 1980 5581 nec
2005 5524 2209 5580 recedit

625 5635 657 5674 a
685 5631 758 5674 te.
786 5619 961 5675 Sonus
1002 5627 1178 5673 autem
1222 5626 1280 5672 ut
1313 5618 1516 5673 veniret
1549 5616 1615 5671 ad
1645 5633 1730 5671 me
1753 5659 1770 5684 ,
1818 5617 2037 5673 recessit
2065 5633 2094 5671 a
2125 5626 2204 5682 te,

623 5727 725 5767 nec
769 5712 1001 5782 perstitit
1038 5710 1178 5781 apud
1221 5726 1328 5766 me.
1375 5709 1606 5766 Verbum
1648 5725 1773 5779 ergo
1818 5710 1958 5780 quod
2001 5724 2115 5767 erat
2156 5713 2208 5766 in

629 5802 794 5860 corde
812 5809 926 5871 tuo,
943 5801 1198 5875 numquid
1219 5807 1730 5858 souomrzntereunte
1751 5801 2039 5872 printeriit?
2057 5802 2210 5874 Quod

1543 365 1608 424 1N
1636 360 1911 423 JOANNIS
1945 345 2414 419 EVANGELIUM,
2452 351 2510 407 S.
2552 344 2914 407 AUGUSTINI

3682 355 3783 416 κη

2295 463 2566 535 cogitabas
2595 463 2812 528 dixisti;
2845 471 2898 516 et
2927 469 2984 515 ut
3027 459 3092 515 ad
3121 475 3207 516 me
3246 462 3532 531 perveniret
3554 467 3671 536 quod
3690 476 3788 542 apud

2296 569 2350 614 te
2396 557 2612 624 latebat,
2654 555 2887 628 syllabas
2929 554 3148 610 sonuisti
3184 569 3385 610 :sonus
3407 556 3681 627 syllabarum
3703 580 3789 634 ρει.

2299 649 2449 704 duxit
2475 647 2540 703 ad
2571 662 2754 703 aurem
2786 661 2958 702 meam
2985 646 3357 717 cogitationem
3379 657 3511 703 tuam
3531 665 3544 714 ;
3562 665 3642 719 per
3662 668 3792 714 aurem

2297 758 2470 797 meam
2495 739 2771 797 descendit
2795 741 2848 796 in
2869 755 2962 796 cor
2983 756 3156 796 meum
3179 742 3425 810 cogitatio
3452 753 3550 811 tua,
3573 761 3702 803 sonus
3719 767 3793 807 ωο-

2299 834 2420 890 dius
2448 834 2828 890 transvolavit:
2867 833 3087 889 verbum
3121 849 3247 889 vero
3283 833 3408 888 illud
3433 837 3561 905 q||°d
3585 852 3791 912 assumis"

2300 939 2515 992 sonum,
2537 934 2820 995 antequam
2840 939 3082 989 sonares,
3104 934 3220 979 erat
3238 923 3376 995 apud
3397 934 3473 987 te;
3494 931 3600 996 quia
3618 932 3791 1000 sonuisti,

2306 1028 2390 1074 est
2413 1019 2552 1088 apud
2593 1034 2699 1081 me,
2726 1027 2781 1072 et
2810 1032 2915 1073 non
2941 1017 3162 1072 recessit
3188 1033 3219 1071 a
3246 1026 3318 1072 te.
3351 1017 3457 1073 Hoc
3483 1021 3680 1086 attende,
3695 1027 3792 1093 quis-

2301 1109 2420 1180 quis
2445 1124 2506 1165 es
2530 1109 2862 1165 examinator
2883 1123 3156 1162 sonorum.
3183 1107 3414 1164 Verbum
3446 1111 3532 1166 Dei
3557 1117 3792 1183 contemnis,

2301 1200 2392 1270 qui
2421 1201 2642 1256 verbum
2685 1199 2918 1254 hominis
2942 1214 3048 1254 non
3091 1199 3521 1270 comprehendis!

2375 1291 2431 1347 5.
2465 1290 2576 1347 Scit
2601 1307 2728 1361 ergo
2763 1290 2941 1346 omnia
2972 1306 3070 1361 per
3093 1305 3252 1361 quem
3296 1290 3429 1346 laeui
3457 1301 3568 1346 sunt
3595 1298 3744 1364 omnia,
3763 1310 3796 1352 et

2303 1392 2484 1438 tamen
2523 1381 2818 1437 dubitando
2856 1383 3094 1452 increpat
3123 1401 3136 1435 :
3167 1381 3231 1436 Si
3259 1399 3338 1436 me
3373 1384 3570 1451 sciretis,
3597 1388 3796 1454 forsitan

2305 1471 2515 1528 Patrem
2557 1489 2723 1527 meum
2750 1473 2964 1527 sciretis.
3007 1471 3252 1542 Increpat
3291 1473 3541 1528 inﬁdeles.
3564 1473 3674 1529 Nam
3694 1478 3794 1532 talem

2311 1566 2634 1621 sententiam
2670 1565 2804 1619 dixit
2847 1564 3120 1634 discipulis
3155 1583 3168 1619 :
3198 1564 3295 1620 sed
3326 1565 3395 1620 ibi
3428 1580 3526 1620 non
3552 1576 3623 1621 est
3643 1570 3792 1623 verbum

2306 1657 2674 1723 dubitationis,
2709 1656 2832 1727 quia
2864 1671 2969 1710 non
3000 1654 3099 1710 fuit
3125 1671 3288 1711 causa
3315 1657 3793 1728 increpandazinlideli-

2306 1754 2460 1816 tatis,
2503 1749 2632 1804 Nam
2672 1750 2813 1820 quod
2842 1748 3002 1805 modo
3039 1748 3174 1804 dixit
3202 1748 3430 1816 Iudaeis,
3462 1751 3519 1806 Si
3541 1768 3609 1805 me
3637 1753 3792 1817 sciretis,

2306 1842 2520 1912 forsitan
2557 1852 2600 1896 et
2636 1842 2846 1897 Patrem
2875 1859 3042 1896 meum
3079 1843 3273 1898 sciretis
3309 1860 3327 1898 :
3356 1843 3484 1898 dixit
3517 1853 3565 1899 et
3599 1844 3788 1914 discipulis

2308 1933 2520 2002 quando
2545 1933 2971 2004 cum‘Philippus
2999 1935 3365 2005 interrogavit,
3405 1935 3506 1989 imo
3529 1936 3743 2005 postularit
3763 1947 3793 1990 et

2308 2026 2414 2091 ait,
2444 2024 2678 2090 Domine,
2718 2025 2923 2080 ostende
2957 2025 3098 2080 nobis
3143 2025 3372 2092 Patrem,
3421 2037 3466 2080 et
3496 2027 3648 2096 διαθείη
3678 2029 3791 2081 nobis:

2308 2117 2690 2188 quasidiceret,
2710 2118 2777 2173 Et
2802 2119 2900 2188 ipsi
2924 2128 2973 2173 te
2987 2119 3097 2189 jam
3119 2121 3387 2186 novimus,
3409 2119 3660 2189 apparuisti
3677 2119 3788 2183 nobis,

2308 2211 2540 2266 vidimus
2571 2220 2644 2278 te,
2674 2211 2920 2282 dignatus
2946 2226 3007 2266 es
3033 2212 3236 2282 eligere
3263 2227 3389 2277 nos,
3420 2211 3788 2275 secuti'snmuste,

2312 2303 2576 2359 mirabilia
2609 2314 2694 2358 tua
2724 2304 2978 2372 vidimus,
3009 2306 3172 2361 verba
3201 2307 3386 2361 salutis
3418 2306 3686 2370 audivimus,
3705 2320 3790 2374 pra-

2313 2405 2463 2466 cepta
2492 2397 2842 2462 suscepimus,
2880 2397 3138 2468 promissa
3168 2413 3475 2468 speramus;
3504 2398 3686 2452 multum
3700 2395 3792 2450 nobis

2313 2487 2557 2542 conferre
2587 2489 2869 2559 praesentia
2915 2499 3000 2544 tua
3041 2490 3155 2560 ipse
3186 2491 3430 2561 dignatus
3470 2504 3522 2544 es
3551 2509 3562 2542 :
3587 2488 3661 2542 sed
3683 2498 3790 2540 tamen

2313 2595 2433 2634 cum
2458 2590 2508 2634 te
2539 2581 2865 2647 noverimus,
2890 2582 3011 2652 quia
3035 2581 3253 2638 Patrem
3280 2582 3501 2637 nondum
3527 2581 3730 2638 novimus.
3747 2580 3792 2631 in-

2314 2670 2649 2726 ﬁammamur
2675 2670 2943 2728 desiderio
2965 2672 3106 2728 illius
3130 2673 3348 2728 videndi
3373 2689 3518 2743 quem
3547 2670 3723 2726 nondum
3738 2682 3792 2721 no-

2315 2763 2486 2818 vimus
2514 2781 2527 2817 :
2557 2779 2618 2818 ac
2657 2779 2752 2834 per
2793 2763 2894 2819 hoc
2921 2765 3042 2834 quia
3085 2773 3137 2820 te
3183 2766 3443 2832 novimus,
3472 2763 3555 2818 sed
3591 2777 3672 2816 non
3700 2759 3792 2813 nobis

2317 2854 2533 2922 sufﬁcit,
2553 2855 2725 2910 donec
2762 2863 2816 2910 et
2858 2855 3070 2910 Patrem
3112 2857 3454 2922 noverimus;
3487 2852 3670 2911 ostende
3699 2850 3790 2904 nobis

2314 2943 2551 3012 Patrem,
2581 2955 2634 2999 et
2665 2943 2857 3000 sufﬁcit
2887 2946 3058 3000 nobis.
3102 2947 3170 3000 Et
3198 2947 3448 3002 Dominus
3485 2956 3534 3000 ut
3557 2945 3706 2999 scirent
3730 2953 3790 2992 non
3840 2965 3841 2970 π

2315 3054 2374 3094 se
2403 3055 2559 3094 nosse
2598 3038 2737 3109 quod
2765 3054 2825 3094 se
2856 3038 3110 3108 putabant
3133 3040 3249 3108 jam
3278 3055 3430 3096 nosse
3454 3058 3466 3093 :
3495 3037 3629 3091 Tanto
3652 3045 3790 3100 tmpore
3840 3013 3841 3088 ξ

2313 3133 2709 3198 vobiscumsum,
2727 3141 2775 3185 et
2795 3147 2873 3185 me
2898 3133 3138 3186 nescitis?
3168 3133 3428 3203 Philippe,
3449 3131 3526 3199 qui
3553 3144 3618 3182 me
3630 3125 3730 3186 vidit,
3748 3121 3790 3172 ιιὶ-
3840 3131 3841 3187 1

2311 3222 2386 3277 dit
2403 3233 2450 3278 et
2473 3223 2683 3278 Patrem
2699 3223 2877 3294 (Joau.
2904 3240 3013 3290 xrv,
3037 3225 3090 3292 8,
3105 3223 3188 3296 9).
3210 3224 3464 3294 Numquid
3483 3221 3615 3276 habet
3629 3219 3700 3271 ista
3717 3227 3789 3266 sen-

2315 3315 2474 3370 tentia
2517 3315 2735 3371 verbum
2779 3314 3161 3371 dubitationis?
3196 3315 3444 3388 numquid
3468 3313 3606 3375 dixit,
3644 3307 3715 3375 Qui
3741 3317 3790 3358 me

2313 3406 2473 3473 vidit,
2524 3405 2747 3461 forsitan
2796 3406 2927 3460 vidit
2955 3416 3009 3462 et
3047 3407 3300 3464 Patrem?
3329 3406 3525 3476 Quare?
3550 3402 3654 3470 Quia
3685 3394 3790 3451 ﬁdelis

2310 3497 2585 3560 audiebat,
2628 3512 2734 3553 non
2765 3496 2887 3553 ﬁdei
2932 3509 3247 3569 persecutor
3273 3517 3284 3552 :
3313 3499 3428 3554 ideo
3456 3512 3547 3551 non
3567 3501 3658 3548 erat
3675 3486 3788 3543 Domi-

2310 3606 2412 3646 nus
2440 3591 2759 3660 increpator,
2794 3589 2887 3644 sed
2928 3590 3136 3645 doctor.
3174 3592 3276 3658 Qui
3301 3607 3378 3644 me
3401 3589 3529 3654 vidit,
3565 3583 3706 3639 ridiiet
3728 3575 3788 3629 Pt-

2311 3693 2435 3737 trem
2458 3699 2476 3746 ;
2499 3692 2548 3737 et
2585 3682 2692 3750 hic,
2725 3681 2784 3737 Si
2810 3699 2888 3736 me
2919 3683 3112 3736 sciretis
3131 3725 3144 3750 ,
3171 3694 3218 3738 et
3246 3682 3447 3737 Patrem
3481 3695 3614 3734 meum
3633 3671 3788 3728 sciretis:

2311 3775 2559 3830 tollamus
2582 3775 2802 3831 verbum
2827 3791 2934 3847 quo
2953 3785 3130 3831 notata
3153 3786 3237 3834 est
3257 3776 3524 3832 inﬁdelitas
3540 3766 3786 3827 audientium,

2310 3875 2366 3922 et
2401 3867 2512 3936 ipsa
2539 3869 2800 3922 sententia
2823 3876 2921 3922 est.

2383 3959 2436 4014 6.
2463 3958 2579 4014 Jam
2607 3957 2860 4014 hesterno
2896 3959 2984 4016 die
3008 3961 3488 4018 commendavimus
3517 3946 3711 4009 Cliaritati
3733 3958 3786 3994 te-

2311 4063 2457 4120 strac,
2485 4061 2541 4107 et
2572 4051 2804 4108 diximus
2834 4053 3128 4108 sententias
3152 4053 3371 4110 Joannis
3394 4045 3692 4117 evangelista,
3712 4031 3784 4103 qui-

2312 4145 2411 4200 bus
2452 4144 2607 4199 nohis
2647 4154 2829 4199 narrat
2856 4144 2999 4215 quod
3029 4160 3058 4198 a
3099 4144 3324 4202 Domino
3349 4142 3546 4205 didicit,
3581 4147 3658 4190 nec
3676 4129 3786 4183 discu-

2314 4236 2520 4294 tiendas
2545 4237 2706 4292 fuisse
2737 4236 2782 4291 si
2818 4235 2930 4290 ﬁeri
2970 4247 3188 4307 posset,
3217 4238 3316 4292 nisi
3349 4231 3672 4289 htcreticorum
3692 4228 3782 4271 com-

2315 4339 2494 4386 menta
2541 4306 2978 4400 compellerentf
3012 4328 3262 4386 Breviter
3305 4343 3427 4398 ergo
3478 4324 3679 4378 hesterno
3712 4306 3781 4398 die:

2315 4420 2701 4476 insinuavimus
2747 4419 3006 4475 Charitati
3052 4430 3281 4486 vestrae,
3330 4431 3443 4474 esse
3485 4406 3706 4468 hereticos
3731 4408 3782 4486 αξίι

2315 4522 2572 4567 vocantur
2602 4510 3001 4580 Patripassiani,
3034 4513 3115 4567 vel
3145 4527 3176 4566 a
3206 4527 3303 4567 suo
3323 4518 3524 4564 auctore
3553 4481 3758 4555 Sabelliani
3775 4503 3781 4530 :

2313 4604 2370 4660 hi
2399 4603 2583 4659 dicunt
2625 4577 2800 4674 ipsum
2828 4619 2947 4659 esse
2973 4603 3184 4659 Patrem
3221 4604 3306 4674 qui
3346 4608 3422 4656 est
3445 4595 3616 4653 Filius;
3645 4577 3780 4639 nomina

2317 4699 2551 4765 diversa,
2587 4713 2744 4753 unam
2776 4713 2904 4752 vero
2929 4711 3048 4754 esse
3089 4711 3384 4767 personam.
3417 4693 3535 4749 Cum
3557 4683 3662 4742 vult,
3685 4674 3782 4728 Ρθίετ

2312 4798 2434 4857 es"
2481 4790 2756 4860 ῑιιιιιιίυηις
2788 4805 2909 4844 cum
2951 4789 3099 4853 vult,
3148 4789 3355 4844 Filius:
3396 4795 3554 4841 tamen
3591 4780 3691 4828 unus
3719 4767 3777 4815 ecl.

2313 4881 2443 4938 lletn
2472 4857 2596 4935 sunt
2627 4881 2716 4936 alii
2747 4880 2982 4935 lncretici
3010 4881 3097 4950 qui
3121 4889 3371 4936 vocantur
3399 4869 3573 4929 Ariani.
3598 4857 3782 4918 Conﬁten-

2320 4983 2405 5028 tur
2447 4973 2660 5043 quidem
2693 4973 2905 5028 unicum
2932 4972 3104 5028 Patris
3133 4973 3320 5027 Filium
3353 4964 3599 5022 Dominum
3619 4953 3778 5043 ηοεσξξω

2315 5033 2494 5118 Jesutn
2516 5061 2812 5130 Christum,
2843 5064 2988 5118 illum
3011 5061 3218 5118 Patrem
3245 5061 3380 5126 Filii,
3404 5059 3543 5111 istum
3561 5044 3707 5130 Filiunt

2313 5153 2441 5218 tris;
2475 5168 2596 5206 eum
2624 5154 2712 5223 qui
2739 5154 2896 5208 Pater
2921 5164 3003 5209 est
3031 5169 3135 5209 non
3163 5167 3279 5209 esse
3305 5121 3501 5209 Filium,
3523 5151 3622 5196 eum
3645 5126 3708 5200 qui
3727 5121 3778 5173 l'i-

2314 5243 2417 5298 lius
2444 5253 2528 5298 est
2555 5259 2659 5299 non
2697 5259 2817 5300 esse
2846 5245 3057 5300 Patrem
3091 5265 3104 5301 :
3132 5244 3440 5301 conﬁtentur
3462 5224 3773 5306 generationan

2313 5335 2406 5392 sed
2443 5345 2638 5407 negant
2679 5335 3053 5406 aaqualitatein.
3093 5335 3233 5404 Nos,
3263 5333 3313 5390 id
3346 5339 3439 5393 cst,
3463 5302 3670 5380 catholica
3693 5302 3774 5407 flii.“

2312 5393 2543 5485 veniens
2568 5427 2635 5484 de
2653 5393 2891 5483 doctrina
2921 5393 3323 5499 Apostolorum,
3355 5421 3560 5492 plantam
3585 5407 3626 5460 ίη

2317 5539 2414 5594 per
2443 5523 2637 5580 seriem
2683 5522 3036 5579 successionis
3075 5529 3322 5593 accepta.
3355 5489 3475 5570 iam
3515 5501 3570 5558 ad
3609 5489 3772 5594 post???

2318 5615 2744 5682 transmittenda,
2785 5615 2922 5671 inter
2954 5583 3222 5688 utrosque,
3254 5583 3419 5672 idest,
3439 5604 3558 5656 inter

2322 5725 2562 5766 errorem
2595 5709 2764 5763 tenuit
2800 5670 3222 5764 veritatem.‘ln'
3243 5670 3413 5760 errore
3453 5670 3770 5766 Sabelliauorutti

2321 5759 2463 5862 in;
2481 5759 2569 5860 2s}
2595 5759 2773 5869 an;
2803 5759 3234 5874 έιῖέέἆῖὺέιὲτ
3258 5792 3342 5867 qui
3374 5782 3522 5847 Filius
3547 5790 3561 5831 ε
3585 5771 3630 5830 in
3648 5759 3774 5821 εηοη
