3916 6400
188 402 310 462 ιθτδ

190 519 504 583 Arianorum,
545 513 683 570 alius
714 518 797 569 est
819 510 1030 584 quidem
1060 511 1239 580 Pater,
1267 512 1403 568 alius
1426 512 1626 578 Filius;
1659 511 1756 568 sed

193 612 290 684 ipse
320 608 479 665 Filius
512 622 622 663 non
650 606 826 662 solum
856 604 1011 672 alius,
1040 603 1136 661 sed
1176 605 1341 661 etiam
1376 605 1520 659 aliud
1544 613 1628 659 est
1656 622 1669 658 :
1701 613 1757 660 tu

193 704 241 759 in
278 701 444 758 medio
483 698 649 770 quid?
695 697 980 754 Exclusisti
1023 696 1408 761 sabellianum,
1451 695 1676 752 exclude
1704 703 1760 749 et

196 795 431 851 arianutn.
460 790 638 855 Pater,
682 789 840 845 Pater
865 796 980 852 est;
1012 787 1198 855 Filius,
1244 787 1408 842 Filius
1433 795 1518 842 est
1543 804 1555 839 :
1583 786 1717 840 alius
1739 827 1754 853 ,

196 902 291 944 non
327 882 495 948 aliud;
537 881 662 952 quia
703 897 795 952 ego
832 889 880 934 et
920 878 1107 944 Pater,
1139 878 1350 950 inquit,
1391 894 1547 932 unum
1585 893 1760 932 sumus

200 975 364 1050 (locu.
389 990 442 1038 x,
465 971 566 1042 30)
582 1012 598 1038 ,
623 971 763 1027 sicut
789 971 950 1026 etiam
981 969 1233 1026 hesterno
1251 969 1358 1037 die,
1381 977 1634 1040 quantum
1659 983 1758 1038 po-

201 1071 287 1134 tui,
311 1063 688 1122 commendavi.
720 1062 854 1120 Cum
874 1063 1042 1131 audit,
1072 1079 1266 1130 sumus,
1287 1061 1543 1118 abscedat
1568 1059 1760 1118 confu-

200 1173 282 1214 sus
301 1157 641 1222 sabellianus;
684 1171 806 1210 cum
831 1154 997 1222 audit,
1027 1171 1204 1219 uiuunt,
1233 1153 1484 1209 abscedat
1511 1153 1764 1209 confusus

200 1253 390 1308 arianus
410 1269 424 1303 :
444 1249 705 1322 gubernet
726 1249 1022 1306 catholicus
1039 1249 1178 1306 inter
1197 1257 1484 1320 utrumque
1505 1247 1626 1303 ﬁdei
1653 1262 1765 1303 suae

206 1343 464 1414 navigium,
492 1341 746 1413 quoniam
783 1340 1080 1398 cavendum
1107 1348 1190 1396 est
1213 1340 1265 1395 in
1296 1349 1522 1410 utroque
1549 1337 1763 1393 naufra-

203 1436 347 1507 gium.
374 1434 463 1489 Dic
485 1449 614 1505 ergo
646 1443 722 1501 tu,
755 1432 898 1504 quod
917 1431 1046 1488 dicit
1063 1431 1433 1503 Evangelium,
1456 1429 1568 1502 Ego
1595 1439 1643 1484 et
1659 1428 1768 1484 Pa-

206 1537 272 1582 ter
292 1542 434 1581 unum
458 1542 648 1580 sumus.
680 1524 798 1582 Non
822 1540 952 1595 ergo
975 1523 1270 1592 diversum,
1299 1523 1421 1594 quia
1443 1539 1636 1588 unum;
1661 1536 1768 1578 non

205 1633 345 1686 unus,
366 1619 480 1690 quia
504 1634 700 1673 sum.

205 1752 208 1758 -
265 1713 315 1766 7.
351 1711 502 1766 Paulo
519 1718 644 1766 ante
662 1709 816 1776 dixit,
842 1709 1108 1764 Judicium
1127 1725 1293 1765 meum
1318 1724 1488 1763 verum
1517 1716 1589 1763 est
1604 1725 1624 1775 ;
1653 1707 1771 1779 quia

205 1803 329 1858 solus
351 1819 439 1857 non
460 1819 592 1868 sum,
623 1801 713 1857 sed
737 1818 830 1873 ego
849 1811 895 1856 et
925 1802 1010 1873 qui
1034 1803 1165 1856 misit
1187 1819 1265 1856 me
1299 1800 1459 1857 Pater
1481 1817 1500 1855 :
1522 1811 1770 1871 tanquam

207 1895 418 1962 diceret,
443 1895 566 1952 ideo
598 1894 858 1967 judicium
897 1910 1080 1951 meum
1109 1903 1191 1953 est
1220 1909 1401 1950 rerum
1420 1935 1433 1960 ,
1459 1893 1582 1964 quia
1609 1893 1774 1950 Filius

210 1985 293 2043 Dei
317 2003 422 2043 sum
443 2029 459 2056 ,
485 1987 606 2058 quia
636 2002 827 2043 verum
874 1985 1066 2057 loquor
1087 2026 1103 2053 ,
1148 1987 1270 2056 quia
1308 1986 1420 2056 ipsa
1447 1985 1646 2041 veritas
1674 1999 1774 2055 ego

211 2095 334 2136 sum.
373 2081 455 2136 lsti
494 2080 777 2137 carnaliter
813 2079 1204 2152 intelligentes,
1249 2080 1531 2146 dixerunt,
1579 2080 1678 2136 Ubi
1705 2089 1776 2135 est

217 2182 346 2242 pater
363 2173 504 2227 tuus?
529 2171 686 2228 Modo
713 2171 860 2238 audi,
891 2172 1073 2227 ariane
1097 2190 1110 2226 :
1136 2171 1313 2244 Neque
1337 2188 1416 2226 me
1439 2171 1594 2239 scitis,
1621 2188 1776 2242 neque

212 2262 401 2319 Patrem
433 2280 626 2330 meum;
665 2265 791 2335 quia
832 2264 876 2318 si
913 2280 992 2318 me
1024 2265 1241 2332 sciretis,
1273 2275 1319 2320 et
1363 2263 1574 2319 Patrem
1612 2281 1779 2319 meum

211 2357 400 2411 sciretis.
420 2357 551 2425 Quid
564 2366 668 2425 est,
689 2358 734 2412 si
754 2373 833 2412 me
847 2357 1040 2412 sciretis
1065 2367 1112 2412 et
1131 2357 1363 2424 Patrem,
1384 2375 1550 2413 meum
1564 2361 1775 2429 sciretis,

215 2450 331 2517 nisi,
357 2466 434 2521 ego
460 2461 505 2505 et
531 2447 689 2504 Pater
713 2466 872 2504 unum
895 2450 1351 2519 sumus?Quando
1372 2451 1520 2506 vides
1545 2439 1778 2522 aliquem

215 2541 356 2596 alicui
379 2542 630 2598 similem:
666 2541 909 2598 intendat
942 2541 1186 2598 Charitas
1231 2553 1430 2608 vestra,
1475 2543 1783 2614 quotidiana

216 2630 395 2688 locutio
416 2642 517 2699 est;
541 2649 645 2689 non
668 2635 740 2689 sit
761 2635 913 2691 vobis
939 2635 1162 2690 arduum
1189 2635 1330 2706 quod
1358 2651 1480 2691 esse
1504 2635 1784 2692 advertitis

214 2722 442 2778 usitatum
465 2743 478 2778 :
501 2725 712 2795 quando
740 2740 872 2796 ergo
901 2725 1049 2782 vides
1076 2725 1308 2796 aliquem
1337 2727 1496 2781 alicui
1528 2727 1780 2795 similem,

214 2822 270 2868 et
297 2815 416 2870 nosti
441 2824 492 2870 tu
520 2817 604 2872 cui
648 2815 840 2871 similis
869 2817 977 2882 sit,
1007 2816 1282 2872 admirans
1317 2816 1473 2886 dicis,
1504 2817 1785 2886 Quomodo

216 2906 316 2963 iste
338 2909 481 2965 homo
518 2909 708 2965 similis
749 2918 834 2966 est
876 2909 949 2965 illi
990 2909 1227 2966 homini!
1258 2910 1369 2965 Hoc
1411 2927 1521 2966 non
1553 2911 1780 2978 diceres,

218 2999 315 3054 nisi
340 3001 437 3056 duo
457 3010 652 3057 essent.
685 3001 780 3056 Hic
800 3001 890 3056 ille
915 3001 1004 3071 qui
1029 3017 1150 3056 eum
1176 3000 1402 3072 ignorat,
1433 3002 1518 3056 cui
1549 3010 1602 3056 tu
1623 3002 1784 3057 istum

217 3089 430 3147 similem
453 3092 614 3148 dicis:
640 3091 806 3158 itane,
830 3091 1019 3162 inquit,
1042 3091 1228 3146 similis
1247 3094 1362 3148 est?
1385 3094 1448 3147 Et
1470 3103 1522 3148 tu
1543 3092 1610 3148 ad
1630 3108 1782 3148 eum:

219 3181 350 3250 Quid
373 3184 505 3240 enim
530 3227 543 3250 ,
575 3194 628 3240 tu
659 3185 806 3240 illum
847 3199 951 3239 non
992 3184 1171 3238 nosti?
1215 3185 1286 3240 At
1322 3185 1410 3241 ille
1438 3204 1452 3240 :
1478 3184 1594 3240 Non
1639 3186 1783 3255 novi,

215 3271 398 3343 inquit.
425 3275 532 3330 iam
558 3283 634 3342 tu,
663 3284 723 3330 ut
752 3275 901 3330 illum
929 3290 1088 3347 quem
1115 3275 1305 3342 nescit,
1337 3276 1386 3331 ei
1412 3286 1595 3331 notum
1626 3277 1788 3333 facias

216 3377 288 3416 ex
334 3374 571 3434 praesente
607 3381 768 3437 quem
815 3367 1002 3433 cernit,
1032 3366 1327 3437 respondes
1349 3377 1404 3423 et
1428 3367 1561 3423 dicis
1592 3386 1605 3422 :
1638 3368 1790 3424 Hunc

214 3454 421 3525 vidisti,
457 3458 596 3514 illum
641 3459 841 3514 vidisti.
883 3458 999 3515 Non
1044 3460 1225 3531 utique
1264 3461 1388 3530 quia
1432 3461 1532 3517 hoc
1582 3462 1782 3531 dixisti,

219 3561 370 3602 unum
407 3564 520 3606 esse
557 3551 872 3606 asseverasti
896 3591 912 3617 ,
943 3559 998 3606 et
1021 3549 1155 3606 duos
1183 3551 1426 3621 negasti:
1451 3552 1544 3607 sed
1571 3561 1788 3624 propter

224 3637 591 3697 similitudinem
637 3642 742 3698 tale
783 3642 975 3698 dedisti
996 3657 1339 3720 responsum,
1369 3644 1530 3700 Istum
1569 3647 1707 3701 nosti
1734 3656 1789 3703 et

227 3727 358 3785 illum
381 3733 540 3798 nosti;
581 3733 736 3789 valde
778 3733 922 3789 enim
960 3733 1151 3789 similis
1191 3743 1308 3802 est,
1354 3743 1410 3790 et
1453 3737 1584 3791 nihil
1628 3737 1788 3793 distat

229 3823 438 3879 omnino.
463 3824 595 3880 Hinc
624 3834 680 3880 et
709 3823 984 3890 Dominus,
1013 3824 1077 3880 Si
1100 3842 1211 3892 me,
1250 3825 1458 3897 inquit,
1485 3829 1676 3883 sciretis
1698 3870 1712 3894 ,
1739 3837 1788 3884 et

233 3909 412 3968 Patrem
442 3933 602 3971 meum
627 3917 850 3984 sciretis,
880 3931 987 3972 non
1016 3917 1140 3988 quia
1168 3917 1327 3974 Pater
1367 3926 1450 3973 est
1478 3918 1661 3985 Filius,
1693 3920 1787 3976 sed

232 4005 336 4074 quia
361 4006 491 4063 Patri
525 4008 716 4065 similis
753 4008 939 4064 Filius.
976 4009 1268 4065 Erubescat
1303 4011 1539 4066 arianus.
1580 4011 1788 4067 Gratias

235 4092 427 4155 Domino
452 4101 570 4172 quia
597 4109 655 4157 et
682 4101 796 4172 ipse
823 4102 1038 4156 arianus
1065 4101 1287 4158 recessit
1313 4101 1382 4157 ab
1407 4117 1591 4159 errore
1615 4103 1791 4159 sabel-

235 4188 372 4261 liano,
392 4204 442 4250 et
466 4211 569 4251 non
597 4205 680 4251 est
707 4196 1122 4268 patripassianus
1146 4214 1160 4250 :
1193 4211 1299 4252 non
1328 4196 1458 4253 dicit
1486 4198 1656 4267 ipsum
1684 4198 1787 4253 Pa-

237 4289 349 4338 trem
382 4286 616 4343 indutum
643 4302 805 4344 carne
831 4288 1041 4345 venisse
1065 4289 1133 4345 ad
1161 4289 1404 4346 homines
1422 4331 1438 4357 ,
1466 4289 1638 4361 ipsum
1668 4304 1790 4346 esse

237 4390 437 4448 passum,
467 4383 637 4453 ipsum
682 4383 1064 4452 resurrexisse,
1111 4391 1167 4438 et
1208 4381 1599 4454 quodammodo
1637 4383 1704 4438 ad
1731 4398 1790 4439 se

239 4469 538 4538 ascendisse;
571 4473 675 4528 hoc
704 4488 809 4528 non
841 4471 971 4528 dicit
997 4491 1011 4527 :
1039 4474 1281 4545 agnoscit
1315 4487 1526 4530 mecum
1553 4473 1786 4543 Patrem,

241 4555 416 4618 Patrem
443 4579 588 4632 esse;
629 4572 685 4620 et
723 4563 914 4620 Filium
937 4605 954 4632 ,
975 4564 1169 4620 Filium
1199 4580 1340 4622 esse.
1372 4565 1500 4633 Sed,
1535 4581 1568 4622 o
1597 4565 1786 4636 frater,

242 4653 420 4710 evasisti
459 4655 586 4712 illud
613 4656 968 4727 naufragium,
1000 4671 1167 4728 quare
1212 4657 1385 4714 tendis
1428 4657 1481 4714 in
1525 4657 1790 4714 alterum?

244 4737 386 4815 Pater,
409 4747 561 4804 Pater
585 4756 700 4813 est;
733 4747 918 4814 Filius,
941 4746 1109 4803 Filius
1135 4755 1218 4804 est
1245 4766 1260 4803 :
1287 4763 1452 4820 quare
1479 4747 1612 4805 dicis
1635 4748 1792 4805 dissi-

245 4834 423 4894 milem?
448 4855 611 4912 quare
657 4839 960 4897 diversum?
996 4855 1163 4912 quare
1203 4840 1361 4897 aliam
1403 4841 1791 4899 substantiam?

245 4926 554 4990 Sidissimilis
592 4943 767 5002 esset,
815 4933 1071 5006 numquid
1112 4933 1314 4992 diceret
1355 4935 1631 5007 discipulis
1657 4937 1788 5006 suis,

247 5019 322 5086 Qui
337 5042 408 5081 me
423 5027 561 5096 uidit,
584 5027 710 5082 uidit
729 5037 776 5084 et
804 5027 1050 5098 Patrem}9
1070 5027 1327 5100 numquid
1342 5026 1547 5084 diceret
1570 5027 1789 5098 Iudaeis,

247 5109 292 5165 Si
311 5131 379 5172 me
398 5119 607 5184 sciretis,
639 5128 684 5173 et
713 5117 924 5173 Patrem
950 5134 1116 5173 meum
1138 5118 1367 5174 sciretis?
1389 5118 1541 5175 Unde
1564 5118 1670 5176 hoc
1696 5134 1792 5176 ve-

247 5215 334 5262 tum
373 5220 530 5281 esset,
581 5209 684 5266 nisi
713 5219 766 5267 et
795 5210 924 5266 illud
955 5225 1172 5279 verum,
1203 5209 1316 5282 Ego
1360 5219 1408 5265 et
1451 5209 1610 5266 Pater
1635 5228 1794 5267 unum

247 5303 416 5357 Mtte?

297 5388 340 5446 8.
377 5390 497 5451 Hec
524 5393 673 5451 verba
699 5395 896 5450 locutus
925 5403 997 5450 est
1019 5394 1170 5451 Iesus
1207 5394 1262 5449 in
1296 5395 1663 5468 gazophylacio
1696 5397 1793 5451 do-

247 5486 397 5542 min
421 5487 645 5562 templo:
671 5505 861 5562 magna
888 5489 1099 5557 ﬁducia,
1126 5489 1241 5545 sine
1269 5489 1478 5545 timore.
1509 5487 1627 5546 Non
1651 5491 1796 5546 enim

246 5586 477 5647 Pateretur
503 5582 648 5657 quod
677 5584 879 5652 nollet,
911 5584 1003 5654 qui
1045 5599 1144 5640 nec
1183 5593 1494 5641 nasceretur
1530 5584 1576 5640 si
1607 5584 1792 5640 nollet.

244 5663 446 5747 Denique
467 5675 593 5749 quid
617 5675 889 5748 sequitur?
917 5673 986 5730 Et
1010 5693 1154 5732 nemo
1177 5676 1507 5748 apprehendit
1528 5693 1659 5743 eum,
1677 5677 1796 5749 quia

243 5767 430 5823 nondum
451 5777 652 5824 seuerat
677 5767 805 5824 liora
827 5769 957 5840 ejus.
988 5767 1101 5824 Hoc
1124 5770 1248 5825 item
1280 5769 1518 5826 nonnulli
1549 5785 1671 5825 cum
1695 5785 1794 5825 au-

139 5889 142 5898 -
241 5853 390 5929 dium,
423 5861 526 5918 sub
561 5859 673 5917 fato
713 5859 878 5916 fuisse
916 5860 1198 5918 Dominum
1238 5861 1511 5921 Christum
1548 5861 1793 5934 credunt,

405 5953 634 6018 Sacr.
679 5953 955 6017 Ausus'r.
985 5953 1094 6018 Ill.

1205 395 1614 454 TRAC'I‘ATUS
1653 390 1917 452 XXXVII.
1963 393 2186 454 CAPUT
2228 391 2360 453 Vlll.

1865 519 1919 567 et
1939 512 2123 567 dicunt
2145 529 2158 566 :
2183 512 2322 568 Ecce
2341 510 2582 566 Christus
2601 511 2826 567 habebat
2853 511 3036 567 fatum.
3057 511 3102 567 0
3121 512 3166 568 si
3185 527 3277 569 cor
3305 523 3460 572 tuum

1865 617 1972 660 non
2012 613 2155 659 esset
2199 604 2424 669 fatuum,
2466 619 2572 659 non
2626 604 2877 660 crederes
2920 603 3119 660 fatum!
3153 605 3210 661 Si
3253 605 3459 677 fatum,

1866 695 2007 751 sicut
2031 696 2274 752 nonnulli
2313 696 2715 762 intellexerunt,
2767 713 2798 750 a
2841 696 3000 752 fando
3041 697 3240 752 dictum
3270 707 3372 766 est,
3402 687 3490 756 id'

1865 798 1950 844 est
1973 805 2003 843 a
2030 789 2324 860 loquendo;
2353 789 2585 846 Verbum
2611 790 2706 846 Dei
2744 791 3011 862 quomodo
3052 791 3213 847 habet
3262 791 3461 858 fatum,

1867 878 2081 948 quando
2119 879 2171 934 in
2202 879 2318 950 ipso
2358 879 2536 935 Verbo
2561 880 2738 936 omnia
2767 889 2891 935 sunt
2915 896 3033 951 qua:
3059 880 3272 937 condita
3296 882 3462 937 sunt?

1868 969 1986 1024 Non
2007 970 2148 1025 enim
2173 970 2372 1042 aliquid
2409 971 2553 1027 Deus
2580 971 2853 1026 constituit
2880 971 3022 1043 quod
3046 981 3170 1028 ante
3199 974 3459 1040 nescivit;

1870 1061 1925 1117 in
1966 1062 2137 1118 Verbo
2177 1063 2342 1133 ipsius
2373 1073 2489 1119 erat
2515 1063 2657 1134 quod
2682 1064 2877 1120 factum
2908 1075 3009 1121 est.
3040 1065 3268 1122 Mundus
3291 1065 3465 1122 factus

1871 1162 1986 1221 est;
2019 1163 2073 1211 et
2106 1153 2276 1210 factus
2300 1164 2401 1222 est,
2433 1166 2488 1211 et
2515 1156 2587 1211 ibi
2611 1165 2744 1212 erat.
2773 1156 3052 1224 Quomodo
3079 1166 3136 1213 et
3159 1157 3328 1214 factus
3356 1167 3462 1225 est,

1872 1256 1929 1304 et
1957 1248 2027 1303 ibi
2054 1248 2203 1303 erat?
2227 1247 2362 1316 Quia
2389 1247 2578 1304 domus
2603 1263 2760 1318 quam
2781 1249 3008 1306 aediﬁcat
3029 1257 3280 1316 structor,
3313 1250 3463 1320 prius

1873 1341 1926 1395 in
1947 1348 2062 1397 arte
2105 1350 2246 1406 erat;
2291 1347 2347 1396 et
2392 1340 2463 1396 ibi
2501 1340 2695 1396 melius
2722 1350 2858 1407 erat,
2889 1341 3005 1397 sine
3035 1349 3315 1408 vetustate,
3347 1341 3468 1396 sine

1873 1433 2027 1488 ruina
2061 1451 2074 1488 :
2105 1442 2281 1489 tamen
2321 1441 2378 1488 ut
2401 1433 2647 1490 ostendat
2673 1442 2865 1500 artem,
2894 1433 3118 1490 fabricat
3142 1434 3391 1501 domum;
3413 1443 3470 1492 et

1874 1524 2138 1595 processit
2161 1524 2553 1596 quodammodo
2578 1526 2771 1581 domus
2796 1541 2864 1580 ex
2888 1525 3078 1593 domo;
3110 1534 3166 1582 et
3189 1525 3235 1581 si
3275 1526 3469 1583 domus
3556 1572 3561 1575 .

1873 1625 2014 1684 ruat,
2042 1631 2130 1672 ars
2155 1625 2355 1674 manet.
2395 1617 2472 1673 Ita
2506 1617 2646 1688 apud
2680 1617 2775 1674 Dei
2813 1617 3046 1674 Verbum
3091 1627 3247 1674 erant
3288 1621 3470 1676 omnia

1876 1725 1997 1780 qua:
2032 1709 2244 1765 condita
2271 1718 2425 1777 sunt;
2453 1711 2578 1782 quia
2599 1712 2776 1766 omnia
2801 1712 2856 1766 in
2882 1713 3143 1782 sapientia
3169 1712 3293 1768 fecit
3318 1714 3464 1769 Deus

1879 1799 2050 1870 (Psat.
2080 1818 2167 1857 cm
2189 1844 2204 1871 ,
2235 1802 2359 1875 24),
2386 1810 2443 1859 ει
2469 1810 2662 1858 cuncta
2689 1811 2812 1857 nota
2845 1801 2969 1858 fecit
2997 1820 3010 1856 :
3043 1818 3149 1858 non
3175 1803 3319 1859 enim
3344 1803 3472 1875 quia

1879 1891 2005 1949 fecit
2027 1893 2248 1961 didicit,
2278 1895 2372 1951 sed
2398 1895 2522 1966 quia
2559 1903 2780 1951 noverat
2809 1893 2954 1950 fecit.
2985 1893 3151 1950 Nobis
3183 1895 3307 1966 quia
3330 1895 3472 1951 facta

1882 1998 2026 2056 sunt,
2052 1999 2178 2046 nota
2200 1999 2356 2056 sunt;
2382 1989 2456 2045 illi
2478 1990 2579 2046 nisi
2608 1998 2729 2046 nota
2756 1997 2955 2055 essent,
2981 1987 3118 2044 facta
3144 2003 3248 2044 non
3268 1999 3474 2046 essent.

1882 2085 2168 2140 Praecessit
2211 2099 2340 2155 ergo
2381 2082 2638 2140 Verbum.
2677 2083 2749 2138 Et
2784 2082 2910 2154 quid
2935 2092 3060 2139 ante
3087 2081 3317 2138 Verbum
3345 2082 3479 2138 Dei?

1881 2175 2024 2230 Nihil
2047 2175 2284 2231 omnino.
2315 2174 2446 2230 Nam
2478 2175 2526 2230 si
2549 2184 2693 2230 esset
2719 2174 2919 2244 aliquid
2946 2182 3105 2241 ante,
3133 2189 3242 2228 non
3270 2173 3474 2231 dictum

1885 2277 2057 2336 esset,
2087 2269 2156 2324 In
2183 2269 2431 2340 principio
2460 2276 2566 2323 erat
2601 2266 2849 2334 Verbum;
2879 2265 2994 2333 sed,
3023 2266 3080 2322 ln
3114 2261 3376 2339 principio
3395 2267 3479 2322 fa-

1887 2369 2030 2416 ctum
2050 2369 2130 2416 est
2154 2359 2406 2415 Verbum.
2435 2360 2672 2429 Denique
2691 2359 2758 2414 de
2781 2358 2977 2414 mundo
2997 2359 3122 2429 quid
3143 2359 3217 2413 ait
3243 2358 3480 2430 Moyses?

1887 2453 1955 2508 In
1972 2453 2221 2525 principio
2257 2453 2374 2523 fecit
2402 2451 2539 2506 Deus
2560 2452 2740 2506 calum
2761 2460 2807 2505 et
2830 2459 3014 2504 terram
3039 2449 3191 2522 (Gen.
3213 2465 3252 2518 ι,
3277 2450 3352 2522 Ι).
3375 2449 3482 2506 Fe-

1888 2545 1961 2599 cit
1986 2543 2128 2616 quod
2159 2559 2264 2598 non
2301 2551 2416 2598 erat
2442 2559 2456 2594 :
2486 2542 2530 2596 si
2556 2555 2683 2611 ergo
2711 2539 2838 2596 fecit
2874 2539 3017 2612 quod
3042 2555 3149 2595 non
3177 2547 3328 2608 erat,
3356 2549 3483 2596 ante

1889 2638 2016 2710 quid
2042 2638 2190 2694 erat?
2217 2636 2286 2690 In
2319 2635 2567 2707 principio
2605 2643 2711 2688 erat
2760 2631 2997 2687 Verbum.
3025 2632 3090 2688 Et
3115 2633 3259 2688 unde
3282 2633 3482 2689 coelum

1889 2740 1944 2786 et
1971 2729 2150 2786 terra?
2183 2726 2370 2784 Omnia
2401 2743 2491 2799 per
2527 2726 2696 2798 ipsum
2724 2726 2861 2795 facta
2885 2733 3003 2778 sunt
3041 2723 3220 2794 (Joan.
3249 2740 3288 2792 ι,
3317 2724 3370 2790 i,
3399 2721 3480 2796 '5).

1892 2821 1970 2876 Tu
2011 2835 2141 2892 ergo
2166 2819 2321 2892 ponis
2361 2817 2629 2874 Christum
2669 2816 2769 2872 sub
2798 2816 2935 2871 fato?
2967 2815 3067 2872 Ubi
3096 2824 3221 2871 sunt
3258 2815 3396 2872 fata?
3422 2815 3484 2872 In

1891 2911 2052 2980 caelo,
2081 2909 2257 2982 inquis
2281 2949 2296 2975 ,
2343 2909 2397 2964 in
2425 2907 2612 2964 ordine
2652 2915 2709 2963 et
2743 2905 3179 2962 conversionibus
3221 2905 3481 2963 siderum.

1891 3003 2171 3071 Quomodo
2219 3017 2349 3074 ergo
2394 3000 2561 3056 fatum
2611 2999 2806 3067 habet,
2847 3015 2944 3070 per
2970 3014 3128 3070 quem
3159 2999 3353 3055 factum
3399 3010 3486 3058 est

1892 3097 2089 3153 caelum
2119 3103 2175 3151 et
2200 3093 2406 3159 sidera;
2445 3107 2569 3148 cum
2601 3100 2689 3148 tua
2731 3091 3006 3158 voluntas,
3037 3090 3084 3146 si
3110 3099 3258 3146 recte
3282 3090 3481 3161 sapias,

1892 3185 2236 3243 transcendat
2263 3194 2318 3242 et
2359 3184 2568 3241 sidera?
2601 3185 2684 3238 An
2709 3182 2832 3255 quia
2872 3181 3011 3238 nosti
3039 3181 3238 3238 Christi
3266 3196 3486 3242 carnem

1893 3278 2058 3334 fuisse
2081 3277 2180 3332 sub
2205 3276 2364 3344 coelo,
2395 3275 2516 3332 ideo
2538 3281 2691 3346 putas
2716 3282 2772 3330 et
2793 3280 3114 3344 potestatem
3138 3271 3340 3330 Christi
3359 3273 3490 3329 sub-

1892 3370 2059 3427 ditam
2082 3369 2261 3426 coelo?

1965 3465 2019 3521 9.
2050 3461 2210 3532 Audi,
2240 3463 2434 3518 stulte:
2459 3458 2708 3517 Nondum
2725 3469 2927 3516 venerat
2944 3459 3071 3515 hora
3090 3459 3220 3531 ejus,
3248 3474 3356 3516 non
3382 3475 3489 3532 qua

1894 3568 2176 3631 cogeretur
2204 3557 2360 3624 mori,
2405 3554 2502 3612 sed
2529 3571 2632 3626 qua
2674 3553 2983 3625 dignaretur
3023 3552 3212 3608 occidi.
3255 3551 3490 3608 Noverat

1893 3651 2036 3706 enim
2067 3651 2183 3720 ipsc
2222 3646 2436 3719 quando
2462 3645 2686 3702 deberet
2713 3643 2849 3699 mori
2875 3662 2887 3697 :
2917 3641 3144 3698 intendit
3167 3641 3342 3697 omnia
3364 3657 3490 3713 qua:

1892 3739 2144 3811 praedicta
2165 3747 2289 3793 sunt
2315 3735 2384 3793 de
2410 3736 2524 3804 illo,
2551 3743 2607 3791 et
2629 3732 2972 3805 exspectabat
2995 3730 3136 3786 ﬁniri
3163 3731 3342 3786 omnia
3367 3746 3490 3803 quae

1893 3829 2148 3902 praedicta
2175 3835 2298 3884 sunt
2322 3837 2445 3883 ante
2465 3826 2580 3897 ejus
2602 3825 2903 3897 passionem
2924 3822 3133 3890 futura;
3163 3831 3220 3878 ut
3240 3838 3361 3880 cum
3387 3823 3489 3878 im-

1894 3921 2034 3991 pleta
2070 3925 2268 3986 essent,
2307 3926 2432 3974 tunc
2457 3915 2665 3973 veniret
2687 3924 2746 3971 et
2769 3915 2945 3986 passio
2965 3955 2980 3980 ,
3005 3914 3370 3986 dispositionis
3393 3931 3488 3971 or-

1893 4010 2040 4075 dine,
2052 4024 2158 4064 non
2171 4007 2315 4063 fatali
2326 4007 2664 4065 necessitate.
2682 4007 2920 4078 Denique
2934 4007 3132 4073 audite,
3149 4016 3205 4062 ut
3216 4007 3449 4078 probetis
3470 4029 3484 4063 :

1895 4103 2037 4158 inter
2060 4112 2252 4157 eastern
2276 4115 2394 4170 qua:
2416 4100 2484 4154 de
2504 4099 2594 4154 illo
2619 4098 2931 4170 prophetata
2958 4105 3103 4166 sunt,
3128 4098 3386 4168 scriptum
3404 4107 3492 4155 est

1894 4195 2078 4261 etiam,
2107 4191 2370 4248 Dederunt
2395 4192 2449 4246 in
2475 4207 2641 4246 escam
2666 4207 2829 4245 meam
2856 4192 2948 4263 fel,
2982 4200 3028 4244 et
3055 4190 3109 4244 in
3135 4190 3221 4244 siti
3245 4206 3355 4245 mea
3384 4207 3482 4261 po-

1895 4294 2122 4342 tavertmt
2150 4300 2230 4339 me
2255 4293 2394 4339 aceto
2421 4281 2594 4354 (Psal.
2623 4297 2818 4350 vaut,
2862 4281 2978 4354 22).
3023 4281 3302 4351 Quomodo
3347 4281 3487 4338 facta
3517 4291 3520 4296 ‘

1895 4379 2024 4444 sint,
2054 4377 2110 4432 in
2130 4374 2422 4448 Evangelia
2448 4374 2713 4430 novimus.
2745 4374 2900 4429 Prius
2921 4373 3182 4430 dederunt
3203 4373 3301 4440 fel;
3331 4390 3491 4432 acce-

1896 4471 1992 4540 pit,
2019 4469 2270 4542 gustavit,
2292 4475 2347 4524 et
2369 4465 2581 4538 despuit
2607 4483 2620 4522 :
2648 4474 2831 4537 postea
2864 4467 2920 4521 in
2947 4480 3106 4523 cruce
3143 4465 3401 4537 pendens,
3431 4476 3491 4524 ut

1896 4562 2075 4619 omnia
2105 4561 2355 4634 praedicta
2380 4560 2799 4633 complerentur,
2831 4559 2923 4627 ait,
2957 4559 3088 4616 Sitio
3112 4575 3131 4614 :
3165 4569 3493 4632 acceperunt

1898 4656 2172 4729 spongiam
2203 4663 2356 4713 aceto
2382 4655 2618 4727 plenam,
2670 4655 2723 4709 in
2767 4652 3027 4709 arundine
3068 4654 3386 4725 ligaverunt,
3431 4665 3494 4712 et

1897 4749 2246 4806 admoverunt
2263 4747 2516 4820 pendenti
2533 4764 2550 4814 ;
2569 4747 2774 4817 accepit
2791 4746 2882 4802 ille
2900 4755 2953 4802 et
2967 4746 3059 4811 ait,
3083 4745 3376 4820 Perfectum
3393 4757 3487 4804 est.

1897 4840 2035 4909 Quid
2056 4847 2158 4907 est,
2187 4837 2479 4910 Perfectum
2501 4838 2612 4894 est?
2632 4836 2854 4908 lmpleta
2874 4844 2997 4892 sunt
3016 4836 3192 4892 omnia
3219 4854 3337 4909 qua:
3361 4849 3495 4894 ante

1899 4931 2200 5004 passionem
2251 4945 2429 4987 meam
2481 4928 2691 4986 fuerant
2740 4927 3053 4998 prophetata
3091 4945 3104 4982 :
3147 4943 3275 5001 ergo
3315 4928 3493 4986 adhuc

1900 5021 2028 5095 quid
2059 5022 2144 5079 hic
2171 5021 2346 5078 facio?
2380 5019 2617 5093 Denique
2643 5028 2990 5091 posteaquam
3015 5017 3168 5088 dixit,
3196 5018 3492 5092 Perfectum

1898 5123 1993 5184 est,
2015 5115 2258 5170 inclinato
2271 5115 2431 5188 capite
2456 5112 2666 5169 tradidit
2685 5111 2915 5184 spiritum
2931 5111 3110 5187 (Joau.
3132 5128 3250 5183 ιιι,
3272 5115 3494 5187 28-50).

1899 5205 2166 5278 Numquid
2186 5205 2260 5261 illi
2283 5207 2517 5262 latrones
2532 5204 2684 5276 juxta
2704 5203 2918 5272 conﬁxi,
2946 5204 3160 5276 quando
3181 5207 3488 5274 voluerunt,

1900 5298 2342 5372 exspiraverunt?
2371 5297 2710 5355 Tenebantur
2735 5295 2961 5352 vinculis
2988 5297 3165 5353 carnis
3186 5337 3203 5364 ,
3233 5297 3356 5368 quia
3380 5312 3496 5354 non

1900 5400 2054 5450 erant
2092 5398 2360 5448 creatorcs
2385 5388 2600 5445 carnis:
2626 5387 2790 5444 clavis
2826 5387 3022 5444 conﬁxi
3050 5386 3142 5442 diu
3176 5386 3490 5443 cruciaban-

1902 5495 2007 5555 tur,
2039 5484 2164 5557 quia
2192 5482 2487 5539 inﬁrmitati
2512 5498 2618 5539 non
2646 5481 3076 5538 dominabantur.
3108 5481 3364 5537 Dominus
3391 5496 3500 5536 au-

1903 5590 2010 5636 tem
2035 5575 2248 5650 quando
2272 5575 2460 5645 voluit,
2491 5591 2705 5632 carnem
2727 5578 2782 5630 in
2813 5585 2967 5631 utero
2988 5572 3229 5644 virginali
3250 5573 3496 5642 accepit;

1901 5671 2114 5746 quando
2139 5671 2322 5739 voluit,
2348 5671 2416 5726 ad
2441 5669 2687 5726 homines
2711 5667 3001 5740 processit;
3026 5663 3281 5735 quamdiu
3302 5665 3495 5733 voluit,

1902 5763 2039 5821 inter
2066 5761 2310 5818 homines
2331 5761 2493 5828 vixit;
2517 5759 2727 5832 quando
2751 5757 2937 5825 voluit,
2970 5770 3001 5809 a
3028 5769 3188 5810 carne
3213 5755 3494 5814 discessit:

1905 5862 2010 5920 hoc
2032 5866 2116 5918 est
2137 5857 2435 5932 potestatis,
2464 5869 2570 5912 non
2611 5850 2961 5910 necessitatis.
2984 5849 3132 5906 Hanc
3156 5864 3283 5923 ergo
3306 5848 3493 5932 horam

2569 5945 3216 6028 {Cinquante-trois.)

3311 400 3457 459 1674
3509 379 3587 460 ,’
