3916 6414
494 503 503 516 ’
539 541 631 595 ille
661 534 1024 608 exspectabat,
1062 546 1167 587 non
1194 529 1431 598 fatalem,
1456 529 1549 586 sed
1573 536 1927 600 opportunam
1954 535 2009 582 et
2033 538 2131 580 vo-

538 628 822 687 luntariam
855 647 868 683 :
902 634 958 682 ut
992 624 1141 697 prius
1165 622 1341 679 omnia
1378 620 1807 692 complerentur,
1852 633 1972 691 qua:
2014 623 2137 672 ante

538 722 843 796 passionem
876 716 1043 790 ipsius
1067 715 1321 786 compleri
1362 712 1662 785 oportebat.
1698 711 1832 768 Nam
1867 707 2136 782 quomodo

534 816 640 874 sub
682 814 774 869 fati
803 810 1123 868 necessitate
1148 808 1355 879 positus
1379 815 1525 874 erat,
1556 805 1647 877 qui
1676 805 1783 861 alio
1813 805 1933 860 loco
1959 803 2131 859 dixit:

538 906 849 964 Potestatem
875 904 1030 959 habeo
1057 900 1275 972 ponendi
1303 899 1525 955 animam
1554 912 1738 965 meam,
1766 906 1813 952 et
1841 904 2135 969 potestatem

539 1002 696 1056 habeo
721 999 900 1055 iterum
926 994 1156 1050 sumendi
1190 1008 1300 1047 eam
1332 1009 1351 1048 :
1376 1006 1522 1047 nemo
1548 991 1680 1046 tollit
1705 1004 1814 1045 eam
1842 1004 1873 1043 a
1912 1003 2015 1056 me,
2045 986 2134 1043 sed

538 1109 630 1165 ego
656 1094 762 1162 ipse
790 1104 923 1163 pono
962 1104 1072 1143 eam
1101 1104 1129 1141 a
1163 1102 1258 1153 me,
1282 1096 1329 1142 et
1356 1087 1535 1141 iterum
1561 1100 1703 1141 sumo
1718 1100 1832 1140 eam
1860 1082 2039 1154 (Joan.
2070 1097 2128 1148 x,

539 1182 672 1255 i8)?
697 1180 941 1238 Ostendit
982 1179 1124 1235 hanc
1164 1187 1505 1250 potestatem,
1556 1176 1769 1249 quando
1810 1190 1932 1231 eum
1961 1171 2131 1229 Judaei

537 1274 863 1347 quatrebant.
899 1270 1057 1339 Quem
1095 1270 1336 1343 quiet-itis,
1371 1272 1577 1343 inquit!
1602 1270 1669 1326 Et
1694 1270 1772 1326 illi
1798 1289 1810 1325 :
1835 1264 2031 1324 Jesum.
2063 1262 2132 1321 Et

535 1367 628 1422 ille
652 1383 663 1420 :
690 1360 799 1437 Ego
819 1380 950 1420 sum.
974 1363 1086 1431 Qua
1109 1377 1238 1418 voce
1262 1360 1461 1428 audita,
1487 1360 1743 1416 redierunt
1770 1368 1903 1414 retro
1930 1366 1977 1412 et
2002 1358 2131 1412 ceci-

537 1460 716 1515 derunt
738 1455 848 1531 (Id.
879 1472 1029 1524 xvm,
1061 1452 1208 1525 ιθ).

609 1550 695 1609 10.
742 1552 874 1607 Dicit
896 1550 1109 1621 aliquis,
1126 1549 1183 1605 Si
1201 1548 1319 1602 irate
1340 1546 1394 1601 in
1416 1546 1503 1601 illo
1522 1555 1756 1617 potestas
1781 1554 1913 1610 erat,
1937 1558 2122 1615 quare,

531 1659 655 1702 cum
684 1640 853 1701 Judtei
880 1638 1197 1698 insultarent
1233 1637 1482 1709 pendenti
1509 1646 1563 1693 et
1589 1634 1846 1701 dicerent,
1877 1632 1938 1693 Si
1958 1635 2127 1691 Filius

533 1736 630 1796 Dei
656 1746 751 1807 est,
781 1734 1048 1792 descendat
1069 1734 1132 1788 de
1158 1748 1304 1787 cruce
1327 1728 1542 1802 (Matth.
1575 1744 1741 1795 xxvu,
1768 1730 1879 1802 ιο),
1904 1746 2013 1786 non
2034 1729 2126 1786 de-

530 1831 739 1890 scendit
761 1870 775 1894 ,
821 1837 879 1883 ut
921 1826 1002 1883 eis
1030 1838 1180 1880 suam
1220 1831 1538 1894 potestatem
1566 1820 1941 1880 descendendo
1968 1838 2123 1879 mon-

527 1920 759 1981 su'aret?
794 1916 930 1987 Quia
984 1916 1293 1988 patientiam
1346 1914 1571 1970 docebat
1598 1957 1612 1983 ,
1667 1915 1785 1971 ideo
1835 1916 2122 1986 potentiam

529 2008 826 2071 dill‘erebat.
854 2008 912 2065 Si
956 2008 1099 2064 enim
1127 2007 1277 2077 quasi
1312 2014 1611 2063 commotus
1646 2002 1713 2061 ad
1750 2019 1934 2061 eorum
1962 2007 2123 2062 verba

530 2100 921 2169 descenderet,
967 2099 1139 2155 vietus
1184 2098 1546 2154 conviciorum
1593 2092 1778 2153 dolore
1826 2104 2119 2168 putaretur.

526 2195 758 2254 Prorsus
781 2206 889 2250 non
908 2190 1207 2259 descendit,
1232 2190 1368 2247 ﬁxus
1395 2192 1706 2262 permansit,
1729 2190 1941 2261 quando
1964 2191 2124 2247 vellet

529 2287 897 2346 abscessurus.
928 2282 1063 2340 Nam
1092 2282 1218 2354 quid
1258 2281 1307 2338 ei
1337 2298 1583 2354 magnum
1614 2282 1713 2337 fuit
1740 2282 1807 2336 de
1836 2297 1997 2337 cruce
2020 2281 2120 2338 de-

526 2378 789 2439 scendere
810 2420 825 2446 ,
854 2374 940 2448 qui
962 2375 1135 2446 potuit
1159 2374 1224 2430 de
1252 2373 1496 2444 sepulcro
1520 2374 1838 2444 resurgere?
1859 2372 2121 2444 Intellige-

528 2486 653 2529 mus
675 2478 803 2540 ergo
827 2479 925 2524 nos
948 2465 1139 2538 quibus
1174 2465 1277 2521 hoc
1314 2465 1671 2519 ministratum
1698 2474 1799 2531 est,
1828 2465 2119 2535 potentiam

526 2558 738 2619 Domini
756 2559 925 2615 nostri
950 2556 1075 2613 Jesu
1102 2555 1302 2611 Christi
1326 2557 1586 2611 occultam
1608 2564 1754 2623 tunc,
1784 2556 2119 2612 manifestam

525 2652 753 2709 fumram
779 2650 830 2704 in
857 2648 1057 2720 judicio
1086 2664 1099 2701 :
1141 2646 1210 2703 de
1237 2661 1342 2718 quo
1366 2646 1566 2703 dictum
1594 2656 1697 2713 est,
1728 2647 1866 2703 Deus
1899 2649 2118 2720 manife-

525 2754 633 2802 stus
659 2746 838 2810 veniet,
881 2741 1019 2798 Deus
1046 2750 1216 2797 uoster
1241 2750 1287 2795 et
1311 2756 1410 2795 non
1439 2741 1601 2796 silebit
1628 2739 1812 2810 (Paul.
1846 2757 1994 2809 xux,
2018 2740 2051 2798 5
2070 2740 2114 2816 ).

524 2836 661 2908 Quid
681 2844 783 2903 eSt,
810 2834 1105 2905 manifestus
1123 2832 1318 2886 veniet!
1340 2832 1472 2900 Quia
1492 2832 1639 2886 venit
1662 2833 1921 2900 oecuitus,
1940 2835 2118 2889 veniat

523 2932 842 2991 manifestus
869 2930 1004 2987 Deus
1027 2940 1229 2996 noster,
1256 2928 1361 2983 hoc
1388 2937 1470 2984 est
1490 2926 1757 2983 Christus.
1780 2923 1848 2982 Et
1872 2945 1972 2983 non
2001 2929 2117 2984 sile-

525 3025 635 3079 bit:
660 3023 785 3095 quid
815 3030 927 3090 est,
953 3036 1056 3075 non
1088 3016 1293 3075 silebit?
1329 3017 1461 3085 Quia
1493 3018 1663 3089 primo
1695 3016 1859 3073 siiuit.
1904 3018 2004 3075 Ubi
2037 3020 2116 3075 sio

524 3116 658 3171 luit?
678 3112 899 3181 Quando
923 3112 1190 3184 judicatus
1217 3119 1299 3166 est
1320 3125 1334 3176 ;
1354 3117 1419 3163 nt
1447 3108 1607 3165 etiam
1637 3108 1740 3165 hoc
1764 3109 2109 3181 impleretur,

524 3206 668 3278 quod
694 3213 750 3261 et
777 3204 1033 3275 prephcta
1062 3201 1410 3272 praedixerat,
1445 3200 1591 3257 Sicut
1616 3202 1722 3256 ouis
1746 3202 1814 3256 ad
1836 3203 2113 3257 immolan-

525 3297 648 3352 dum
682 3296 861 3351 ducttts
886 3304 957 3350 est
977 3336 992 3361 ,
1033 3304 1078 3349 et
1115 3296 1243 3349 sicut
1281 3308 1442 3365 agnus
1474 3308 1645 3348 eorum
1674 3295 1907 3350 tondente
1934 3313 1986 3350 se
2009 3296 2116 3351 sine

524 3404 661 3456 uoce,
688 3387 759 3442 sic
791 3403 890 3440 nou
918 3386 1111 3456 aperuit
1156 3401 1211 3439 os
1247 3401 1393 3438 suum
1425 3383 1592 3456 (lsai.
1617 3401 1726 3454 Lm,
1750 3385 1846 3458 7).
1886 3383 1945 3443 Si
1987 3401 2116 3459 ergo

518 3482 633 3554 pati
672 3479 836 3535 nollet
856 3522 872 3547 ,
901 3491 1006 3532 non
1032 3484 1339 3548 pateretur;
1371 3476 1415 3532 si
1444 3492 1550 3532 non
1581 3486 1872 3550 pateretur,
1898 3482 2114 3551 sanguis

518 3573 613 3628 ille
654 3582 760 3627 non
808 3566 1156 3634 funderetur;
1198 3568 1246 3622 si
1277 3568 1489 3639 sanguis
1519 3570 1607 3625 ille
1643 3584 1749 3625 non
1779 3570 2111 3641 funderetur,

517 3664 887 3723 mrmdusnon
932 3662 1303 3721 redimeretur.
1345 3661 1577 3732 Agamus
1622 3663 1799 3734 itaque
1825 3666 2020 3736 gratias
2058 3675 2114 3723 et

515 3758 774 3831 potestati
801 3752 1111 3819 divinitatis,
1148 3761 1202 3809 et
1229 3754 1557 3809 miserationi
1598 3753 1920 3813 infirmitatis
1958 3758 2109 3830 ejus:

522 3860 578 3906 et
600 3851 668 3906 de
694 3849 898 3906 occulta
920 3847 1155 3919 potentia
1177 3858 1332 3918 quam
1352 3844 1523 3902 Iudici
1549 3860 1653 3903 non
1677 3859 1952 3915 noverant,
1972 3850 2112 3909 unde

520 3940 630 3999 iliis
652 3940 813 3997 modo
840 3934 1039 3995 dictum
1061 3944 1162 4007 est,
1194 3930 1374 4010 Neque
1398 3952 1475 3992 me
1502 3938 1679 4008 nostis,
1722 3956 1875 4012 neque
1903 3940 2113 3999 Patrem

520 4048 723 4101 meum;
745 4043 797 4089 et
823 4030 889 4088 de
918 4042 1078 4088 carne
1102 4037 1344 4101 suscepta
1376 4038 1533 4101 quam
1562 4029 1729 4087 Judaei
1756 4042 2032 4102 noverant,
2058 4040 2113 4090 et

518 4126 673 4199 cujus
704 4126 925 4197 patriam
955 4123 1225 4190 sciebant;
1255 4122 1398 4178 unde
1424 4122 1528 4178 illis
1558 4123 1663 4178 alio
1692 4123 1809 4179 ioco
1843 4124 2008 4193 dixit,
2039 4123 2111 4179 Et

519 4235 600 4274 me
623 4218 801 4286 nostis,
829 4228 875 4272 et
902 4216 1035 4272 unde
1054 4214 1150 4270 sim
1169 4216 1324 4270 nostis
1353 4214 1527 4289 (Joan.
1558 4232 1653 4284 vn,
1678 4211 1792 4288 28).
1818 4214 2111 4289 Utrumque

514 4312 825 4368 noverimus
855 4311 906 4364 in
932 4302 1182 4377 Christo;
1222 4316 1275 4364 et
1304 4308 1443 4364 unde
1482 4309 1703 4379 aequalis
1739 4317 1822 4364 est
1849 4309 2015 4377 Patri,
2056 4321 2111 4368 et

515 4402 664 4457 unde
702 4401 793 4457 ilio
822 4401 993 4471 major
1031 4409 1112 4457 est
1152 4392 1333 4455 Pater.
1376 4398 1512 4455 Illud
1554 4399 1789 4456 Verbum
1831 4410 1932 4467 est,
1980 4403 2110 4461 illud

518 4508 677 4557 caro;
708 4488 839 4546 illud
867 4493 1007 4547 Deus
1035 4500 1118 4547 est
1135 4532 1151 4559 ,
1180 4488 1312 4546 illud
1341 4490 1505 4547 homo
1528 4508 1541 4546 :
1564 4491 1658 4547 sed
1685 4504 1820 4547 unus
1850 4500 1932 4549 est
1953 4492 2108 4551 Cirris

520 4595 637 4639 stus
656 4580 799 4640 Deus
823 4591 879 4638 et
902 4582 1079 4638 homo.

947 4742 1358 4806 πκρτλτυε
1385 4744 1673 4804 XXXVII.

520 4880 596 4939 Ab
635 4899 695 4939 eo
741 4881 879 4953 quod
914 4878 1160 4954 scriptum
1201 4889 1272 4937 est
1292 4923 1307 4948 ,
1341 4878 1480 4938 Dixit
1502 4896 1632 4955 ergo
1660 4882 1739 4940 eis
1762 4883 1916 4940 Jesus
1946 4903 1958 4939 :
1992 4883 2106 4960 Ego

592 4976 746 5041 vado,
773 4984 828 5034 et
852 4975 1100 5047 qumretis
1121 4986 1245 5041 me;
1269 4992 1423 5047 usque
1446 4970 1514 5030 ad
1538 4975 1615 5046 id,
1642 4972 1784 5033 Dixit
1807 4976 1885 5036 eis
1910 4976 2102 5038 Iesus:

590 5064 955 5219 Prigtgipium,
994 5064 1116 5140 quia
1162 5076 1217 5126 ct
1255 5066 1445 5142 loquor
1485 5066 1655 5127 vobis.
1707 5065 1833 5144 Cap.
1878 5088 1987 5143 vui,
2028 5070 2101 5144 ᾖ.

586 5156 682 5217 21-
764 5200 779 5216 .

589 5316 641 5377 1.
674 5314 860 5377 Lectio
888 5319 1063 5377 sancti
1094 5312 1368 5394 Ἐπιιεέἕῆ
1407 5332 1529 5395 quae
1570 5325 1842 5396 praecessit
1874 5324 2101 5386 hodier-

516 5426 661 5484 nam,
695 5412 762 5470 ita
794 5408 1162 5483 condluserat,
1190 5415 1313 5488 quia
1341 5416 1536 5473 loeutus
1568 5427 1642 5474 est
1682 5419 1866 5476 docens
1910 5422 1965 5475 in
2007 5437 2100 5493 ga-

514 5508 812 5582 zopltytaei‘o
840 5502 1126 5576 Dominus,
1172 5518 1291 5580 qua:
1319 5510 1486 5567 voluit
1507 5552 1522 5578 ,
1572 5519 1628 5567 et
1668 5526 1787 5585 qua:
1839 5512 2099 5570 audistis:

513 5610 560 5656 et
582 5616 725 5657 nemo
744 5598 1077 5673 apprehendit
1101 5614 1234 5671 enni,
1250 5599 1370 5675 quia
1382 5605 1611 5660 nondum
1634 5615 1832 5661 uenerat
1852 5606 1977 5662 hora
1992 5608 2101 5679 ejus

516 5691 710 5762 (Joan.
758 5705 874 5762 vm,
922 5692 1042 5766 ιθ).
1070 5690 1211 5751 liiue
1237 5690 1560 5769 disputatum
1586 5696 1957 5757 est‘dumiuico
1986 5698 2094 5771 die,

520 5784 658 5852 quod
688 5785 803 5854 ipse
828 5784 1029 5841 donare
1062 5782 1312 5858 dignatus
1349 5797 1452 5844 est.
1501 5787 1863 5847 intitnavimus
1900 5789 2093 5849 Chari-

520 5873 612 5929 ta‘li
656 5883 845 5931 vestra:
886 5886 1052 5945 quam
1079 5872 1282 5934 dictum
1312 5879 1388 5935 sit
1405 5921 1421 5948 ,
1468 5876 1711 5933 Nondum
1748 5890 1944 5937 uenerat
1971 5887 2097 5941 liora

1636 6026 1675 6035 ,σε

1494 411 1559 469 IN
1597 406 1876 468 JOANNIS
1913 382 2378 474 EVANGELIUM,
2418 404 2477 463 s.
2520 400 2886 466 Auousrtul

3620 422 3723 487 1610

2245 524 2388 597 ejus,-
2431 538 2503 582 ne
2544 527 2777 599 positum
2812 525 3087 584 Christum
3134 528 3436 605 aab'aiiqua
3472 544 3720 606 necessitate

2243 615 2387 670 fatali
2429 616 2536 672 ulla
2574 617 2821 689 irnpietas
2845 619 3063 676 auderet
3102 619 3333 692 immite
3358 628 3721 698 Non.

2241 706 2367 764 dum
2406 709 2552 764 enim
2596 718 2817 766 venerat
2862 710 2993 767 hora
3030 722 3131 784 qua
3164 728 3229 769 ex
3255 714 3429 774 ordine
3462 732 3720 789 suo,seerm.
3818 746 3819 749 η

2240 799 2366 856 dum
2390 812 2452 856 ea
2480 812 2597 871 quae
2624 800 2873 872 praedicta
2900 802 3108 860 suntde
3126 805 3233 872 illo,
3254 818 3357 863 non
3377 808 3725 886 ararim

2239 892 2455 957 invitus,
2482 893 2581 948 sed
2608 894 2944 951 occideretur
2970 906 3201 965 paratus.

2306 980 2366 1038 1.
2394 982 2552 1039 Modo
2579 993 2757 1040 autem
2796 985 2867 1041 de
2902 987 3019 1056 ipsa
3059 988 3304 1059 passione
3334 1000 3451 1057 aut,
3474 1004 3580 1065 qua
3601 999 3724 1068 posita
3818 1058 3819 1061 η

2239 1083 2487 1130 eratnon
2526 1071 2580 1131 in
2620 1076 3531 1153 ejusnecessitate,sedpotemte,
3571 1086 3725 1149 iactitat
3818 1088 3819 1153 ἢ

2237 1172 2322 1219 est
2362 1163 2560 1220 Judaeis
2586 1166 2772 1222 d‘roeus
2816 1183 2832 1221 :
2866 1166 2979 1240 Ego
3006 1170 3151 1224 vado.
3176 1171 3385 1229 Christo
3403 1175 3534 1231 enim
3556 1176 3726 1238 Domino

2236 1270 2382 1313 mors
2424 1256 2688 1330 proiectio
2730 1259 2830 1315 fuit
2872 1260 2967 1316 iﬂo
3006 1262 3149 1319 unde
3186 1272 3415 1335 venerat,
3441 1268 3725 1329 mandem

2235 1348 2572 1406 discesserat.
2616 1349 2757 1423 Ego,
2786 1352 2991 1423 inquit,
3022 1354 3185 1421 om,
3214 1359 3725 1429 «Mnemon

2234 1440 2520 1510 desiderio,
2553 1442 2647 1498 sed
2671 1442 2814 1499 odio.
2846 1444 2979 1501 Nam
3008 1447 3156 1503 iﬂnnt
3180 1456 3503 1523 posteaquam
3535 1452 3729 1513 sum

2233 1530 2303 1585 ab
2324 1532 2493 1587 oculis
2516 1532 2815 1601 hominum,
2842 1536 3195 1606 inquide
3214 1543 3375 1611 θιηυὶ
3396 1542 3591 1601 oderant
3607 1548 3726 1619 equi

2233 1622 2481 1677 amabant
2513 1642 2525 1677 :
2557 1624 2631 1679 illi
2662 1628 3065 1698 persequendo,
3113 1631 3187 1685 illi
3230 1631 3416 1689 habere
3434 1636 3726 1706 capre-dou

2233 1714 2459 1771 Psalmis
2488 1717 2563 1771 an
2588 1718 2703 1788 ipse
2732 1719 2990 1776 Dominus
3018 1731 3117 1792 per
3138 1723 3457 1795 prophetam,
3487 1726 3620 1785 res
3640 1731 3725 1803 [ψ

2232 1818 2483 1875 ante,et
2528 1818 2630 1866 non
2670 1823 2741 1867 est
2775 1814 2862 1885 qui
2899 1817 3123 1885 requirat
3171 1818 3387 1874 atrimam
3430 1822 3721 1895 ΜηΜΜ.

2230 1912 2369 1967 extr,
2402 1903 2459 1972 5)
2490 1913 2583 1960 :et
2610 1906 2802 1962 iterum
2850 1908 2923 1963 ait
2957 1909 3066 1965 aiio
3094 1911 3212 1966 loco
3237 1912 3291 1968 in
3316 1909 3532 1983 Pssimo,
3555 1914 3723 1989 Confun-

2230 1994 2418 2049 datrtttr
2442 2004 2487 2049 et
2529 2007 2845 2053 rever-cantur
2871 2002 3176 2070 requirentes
3200 2004 3415 2059 animum
3438 2018 3580 2061 meam
3598 2006 3720 2080 (Puri.

2231 2094 2417 2152 χχιιι,
2452 2088 2561 2158 15).
2592 2088 2835 2160 Culpavit
2871 2093 2964 2164 qui
3007 2106 3117 2150 non
3161 2095 3496 2167 requirerent,
3523 2096 3724 2155 damnaui

2228 2179 2318 2251 qui
2337 2181 2688 2252 requirerent.
2712 2183 2902 2240 Malum
2927 2194 3011 2243 est
3038 2188 3182 2243 enim
3200 2203 3305 2244 non
3325 2202 3546 2261 qua-rere
3558 2190 3724 2246 animm

2227 2273 2445 2341 Christi,
2476 2275 2570 2333 sed
2602 2278 2869 2348 quomodo
2897 2290 3015 2334 earn
3058 2282 3385 2352 quasiverunt
3427 2281 3661 2356 disclpuii;
3690 2288 3727 2338 et

2227 2367 2425 2422 malum
2466 2378 2555 2424 est
2602 2383 2841 2441 quaerere
2878 2372 3117 2429 animum
3152 2373 3371 2443 Chrimi,
3412 2375 3497 2431 sed
3530 2374 3727 2446 quomodo

2226 2472 2344 2515 eam
2371 2459 2541 2517 Judaei
2571 2464 2898 2533 qumsierunt
2930 2482 2944 2519 :
2972 2465 3055 2521 iiii
3080 2467 3224 2524 enim
3250 2476 3306 2523 ut
3328 2467 3579 2537 haberent,
3606 2468 3670 2525 isti
3688 2477 3727 2524 ut

2226 2550 2534 2623 perderent.
2555 2554 2793 2627 Denique
2809 2556 2897 2613 ἱειιί
2917 2559 3039 2629 quia
3054 2560 3144 2616 sic
3163 2561 3595 2633 qua-rebanturut:
3610 2561 3723 2630 malo,

2223 2645 2390 2701 corde
2408 2659 2684 2717 perverso,
2713 2650 2838 2720 quid
2864 2659 3087 2709 secutus
3114 2651 3391 2725 adiunxit?
3414 2651 3625 2721 Quantis
3641 2668 3721 2719 me,

2224 2746 2374 2806 et,ne
2398 2740 2595 2811 putetis
2624 2742 2747 2814 quia
2772 2743 2910 2799 bene
2935 2756 3022 2801 me
3046 2746 3322 2818 quzeretis,
3341 2749 3392 2803 in
3419 2758 3593 2821 peccant
3612 2755 3723 2803 ratio

2222 2832 2525 2889 moriemini.
2553 2833 2668 2891 Hoc
2687 2844 2769 2892 est
2780 2834 3059 2895 Christum
3088 2841 3228 2899 male
3247 2856 3490 2915 qumrere,
3510 2842 3554 2900 in
3568 2849 3723 2914 peccato

2222 2936 2322 2979 suo
2347 2925 2487 2980 mori
2520 2944 2534 2981 :
2565 2926 2670 2983 hoc
2707 2937 2789 2984 est
2815 2927 2963 2985 ilium
2990 2932 3193 3002 odisse,
3219 2950 3315 3006 per
3331 2948 3477 3007 quem
3502 2942 3722 3008 possetso-

2223 3014 2332 3070 lum
2370 3016 2549 3074 salvus
2574 3034 2712 3076 esse.
2743 3018 2877 3076 Cum
2902 3022 3045 3077 enim
3084 3024 3327 3082 homines
3348 3040 3551 3098 quorum
3575 3038 3667 3098 spes
3687 3025 3721 3079 in

2223 3110 2335 3167 Deo
2362 3121 2465 3179 egi,
2499 3124 2605 3168 non
2643 3111 2872 3186 debeant
2901 3117 3040 3172 maia
3074 3116 3300 3177 reddere
3330 3134 3424 3177 nec
3442 3122 3458 3153 ¹
3477 3132 3562 3192 pro
3584 3117 3720 3184 malis,

2222 3202 2517 3259 reddebant
2544 3205 2629 3261 isti
2652 3208 2792 3262 mala
2825 3220 2922 3279 pro
2946 3208 3130 3267 bonis.
3154 3211 3520 3269 Prmnuntiavit
3535 3225 3635 3284 ergo
3652 3208 3723 3264 iil‘o

2222 3291 2501 3361 Dominus,
2534 3295 2769 3369 dixitque
2796 3300 3117 3358 sententiam
3146 3306 3411 3374 praescius,
3441 3300 3564 3378 quod
3586 3304 3629 3359 in
3656 3310 3721 3356 suo

2220 3397 2441 3457 peccato
2467 3400 2824 3448 morerentur.
2840 3391 3043 3452 Deinde
3069 3394 3309 3470 adjungit
3336 3416 3348 3453 :
3374 3394 3477 3467 Quo
3511 3412 3587 3471 ego
3616 3394 3719 3460 ηάον

2220 3493 2309 3535 vos
2349 3496 2451 3536 non
2495 3484 2700 3555 potestis
2745 3487 2927 3543 omne.
2960 3489 3076 3546 Hoc
3107 3500 3164 3547 et
3201 3490 3465 3565 discipulis
3507 3491 3596 3547 alio
3636 3488 3719 3543 loco

2218 3572 2379 3642 dixit;
2413 3590 2513 3633 nec
2542 3586 2721 3636 tamen
2757 3583 2835 3640 eis
2873 3580 3022 3651 dixit,
3072 3586 3140 3643 In
3180 3598 3378 3661 peccato
3422 3596 3563 3644 oestro
3594 3580 3723 3639 morio-

2217 3666 2362 3720 mim'.
2417 3666 2553 3736 Quid
2601 3681 2778 3729 autem
2832 3671 3006 3731 dixit?
3053 3675 3213 3745 Quod
3258 3687 3311 3736 et
3349 3678 3499 3736 istis:
3532 3675 3623 3744 Quo
3657 3688 3719 3743 €90

2217 3758 2366 3826 uado,
2398 3775 2485 3816 uos
2522 3763 2692 3819 uenire
2737 3781 2838 3821 non
2883 3771 3091 3840 potestis
3140 3770 3320 3843 (Joan.
3362 3788 3475 3842 χιιι,
3517 3766 3603 3843 53).
3638 3762 3722 3821 Non

2217 3851 2435 3908 abstulit
2460 3868 2631 3926 spem,
2659 3856 2753 3913 sed
2780 3859 3024 3929 praedixit
3051 3861 3380 3921 dilationem.
3406 3860 3598 3934 Quando
3620 3856 3719 3914 enim

2217 3942 2320 4000 hoc
2347 3943 2619 4017 discipulis
2642 3948 2895 4007 Dominus
2919 3950 3261 4025 loquebatur,
3286 3963 3406 4013 tunc
3425 3972 3519 4012 nou
3540 3950 3721 4026 poterant

2218 4034 2403 4092 venire
2447 4052 2553 4109 quo
2600 4038 2688 4096 ille
2724 4040 2852 4112 ibat,
2895 4043 2991 4101 sed
3037 4056 3225 4117 postea
3260 4046 3464 4107 venturi
3482 4036 3722 4104 erant:isti

2216 4139 2391 4187 autem
2421 4148 2712 4208 nunquam,
2761 4137 2953 4211 quibus
2992 4144 3253 4214 praescius
3296 4143 3444 4210 dixit,
3480 4138 3540 4196 In
3575 4140 3720 4211 ραιαω

2217 4231 2376 4279 vestro
2402 4226 2705 4283 moriemini.

2286 4314 2339 4372 5.
2368 4314 2468 4374 llis
2494 4328 2670 4376 autem
2700 4320 2895 4380 auditis
2939 4320 3116 4382 verbis
3135 4367 3151 4394 ,
3185 4327 3447 4400 quomodo
3471 4327 3617 4385 solent
3636 4337 3719 4378 ων

2214 4421 2312 4461 nea
2343 4407 2635 4480 cogitantes
2653 4452 2668 4478 ,
2697 4416 2751 4468 et
2779 4410 3071 4470 secundum
3117 4430 3335 4476 carnem
3371 4416 3659 4491 iudicantes,
3682 4417 3718 4468 ei

2215 4506 2384 4555 totum
2405 4502 2690 4560 carnaliter
2717 4501 2997 4564 audientes
3017 4516 3180 4581 atque
3205 4511 3482 4585 sapientes,
3498 4509 3717 4566 dixerunt:

2215 4590 2483 4665 Numquid
2522 4595 2790 4668 interﬂciet
2830 4601 3189 4672 semetipsum;
3232 4606 3351 4677 quia
3375 4604 3524 4673 fuit,
3550 4598 3719 4669 OM99”

2213 4684 2361 4753 vado,
2390 4702 2475 4742 vos
2500 4702 2600 4743 non
2626 4691 2832 4761 potestis
2856 4694 3021 4752 uenire
3036 4695 3066 4750 γ
3091 4693 3269 4755 Stuita
3288 4697 3461 4766 verba,
3490 4705 3536 4753 et
3557 4691 3719 4750 omnino

2212 4776 2313 4832 insi
2321 4778 2529 4847 pientis:
2556 4780 2729 4852 plena.
2748 4783 2886 4859 Quid
2906 4787 3085 4842 enim?
3104 4805 3213 4846 non
3237 4800 3473 4864 poterant
3489 4787 3567 4845 illo
3588 4781 3720 4842 venite

2210 4882 2318 4941 quo
2347 4871 2434 4928 ille
2458 4875 2801 4947 perrexisset,
2820 4878 2863 4932 si
2887 4877 3211 4939 interﬁceret
3229 4878 3582 4955 semetipsum?
3605 4875 3718 4933 Num'

2210 4960 2336 5033 quid
2366 4963 2464 5034 ipsi
2491 4976 2594 5020 non
2622 4975 2778 5023 erant
2804 4970 3081 5027 morituri?
3099 4973 3236 5042 Quid
3254 4983 3336 5032 est
3354 4990 3495 5047 ergo,
3516 4960 3716 5036 Numquid

2209 5055 2474 5128 inter/hiet
2509 5063 2829 5118 semetiosum
2857 5079 2876 5127 ;
2931 5065 3051 5137 quia
3093 5067 3388 5141 άὶςοὶιιραο
3410 5084 3495 5142 ego
3517 5061 3637 5129 uada.
3658 5071 3717 5111 ωδ

2210 5162 2312 5204 non
2337 5150 2539 5219 potestis
2566 5152 2765 5208 uenire?
2793 5152 2849 5210 Si
2878 5153 2945 5211 de
2973 5164 3145 5214 morte
3170 5158 3398 5216 hominis
3420 5158 3613 5221 diceret.
3632 5147 3718 5221 θυῖε

2209 5238 2374 5297 homo
2389 5254 2493 5297 non
2506 5243 2769 5300 moritur?
2780 5242 2925 5317 Ergo
2944 5264 3043 5319 quo
3065 5265 3157 5321 ego
3180 5251 3308 5306 vado
3331 5250 3476 5318 dixit,
3496 5261 3586 5303 non
3603 5232 3715 5298 cum‘

2208 5334 2314 5390 itur
2346 5333 2413 5390 ad
2455 5346 2707 5406 mortem,
2736 5338 2829 5395 sed
2849 5355 2955 5409 quo
2979 5340 3086 5397 ibat
3132 5342 3248 5415 ipse
3284 5353 3404 5416 post
3425 5349 3635 5398 mortem-
3657 5324 3715 5386 ῙῘῙῙ

2208 5428 2386 5502 itaque
2412 5440 2520 5486 non
2549 5426 2924 5505 inte‘iiigentes,
2957 5432 3058 5493 ista
3086 5437 3485 5509 responderunt.

2276 5522 2331 5579 ι.
2363 5522 2430 5580 Et
2456 5524 2711 5581 Dominus
2744 5524 2809 5582 ad
2850 5540 2945 5584 eos
2985 5529 3076 5602 qui
3112 5537 3309 5589 terram
3336 5524 3597 5603 sapiebant.
3622 5511 3714 5592 quid

2204 5616 2321 5674 ait?
2353 5614 2415 5674 Et
2439 5619 2636 5677 dicebat
2657 5621 2727 5675 eis
2755 5637 2774 5675 :
2810 5619 2913 5678 Vos
2941 5623 3003 5679 de
3022 5624 3255 5683 deorsum
3276 5622 3406 5682 estis.
3433 5620 3543 5679 ideo
3566 5617 3714 5686 um"

2205 5711 2411 5784 sapitis,
2443 5711 2562 5785 quia
2590 5712 2727 5771 sicut
2749 5723 3031 5788 serpentes
3050 5723 3246 5775 terram
3276 5708 3591 5785 manducam-
3609 5693 3712 5776 Quid

2272 5841 2288 5905 ξ
2314 5841 2478 5905 Abest,
2498 5853 2604 5905 nec,
2634 5843 2697 5893 ab
2718 5844 3075 5900 erunibus-Illo.

2258 5902 2290 5934 τ
2315 5899 2501 5966 Aliquot
2530 5899 2656 5966 Νη
2680 5918 2771 5957 non
2793 5918 2903 5970 quo.
