3916 6368
214 365 356 431 illi?

218 495 319 544 est.
349 491 538 539 terram
570 479 940 538 manducatis?
963 479 1212 536 Terrenis
1237 477 1530 549 pascimini,
1560 479 1787 534 terrenis

221 572 570 639 delectaniini,
602 573 826 628 terrenis
855 571 1066 627 inhiatis
1090 614 1104 639 ,
1131 585 1340 626 sursum
1370 586 1463 626 cur
1490 586 1592 626 non
1621 569 1787 626 habe~

223 669 313 723 tis.
339 665 434 720 Vos
471 666 532 720 de
569 665 802 720 deorsum
827 666 942 720 estis
979 681 998 718 :
1031 681 1119 735 ego
1152 663 1215 717 de
1251 665 1484 730 supernis
1519 680 1650 717 sum.
1689 660 1790 717 Vos

224 758 289 812 de
317 755 490 810 mundo
518 757 612 808 hoc
637 755 752 810 estis
784 771 803 808 :
827 771 920 825 ego
953 771 1054 808 non
1079 770 1190 808 sum
1214 755 1276 808 de
1294 753 1386 808 hoc
1413 753 1621 807 mundo.
1645 753 1788 820 Quo-

225 848 377 903 modo
412 847 549 902 enim
604 855 720 902 erat
767 847 837 902 de
886 846 1116 914 mundo,
1164 861 1261 916 per
1300 861 1458 917 quem
1497 845 1664 901 factus
1708 853 1792 901 est

225 937 480 995 mundus?
507 937 704 993 Omnes
730 936 796 992 de
827 936 1024 992 mundo
1050 945 1169 1008 post
1196 937 1470 1002 mundum;
1495 937 1616 1008 quia
1645 937 1791 1006 prius

226 1029 444 1087 mundus
462 1070 477 1094 ,
507 1035 564 1085 et
590 1029 668 1083 sic
691 1028 851 1086 homo
877 1027 942 1084 de
970 1029 1167 1084 mundo
1195 1047 1211 1082 :
1240 1029 1384 1100 prius
1413 1038 1595 1085 autem
1628 1027 1790 1084 Chri-

229 1131 338 1177 stus
357 1161 372 1187 ,
399 1118 588 1174 deinde
615 1117 878 1184 mundus;
908 1119 1155 1188 quoniam
1185 1127 1308 1174 ante
1337 1119 1593 1173 mundum
1629 1117 1789 1173 Chri-

229 1220 356 1278 stus,
383 1221 500 1266 ante
519 1209 791 1265 Christum
820 1209 950 1264 nihil
978 1227 992 1262 :
1020 1209 1142 1280 quia
1169 1210 1222 1263 in
1248 1210 1495 1281 principio
1525 1219 1630 1264 erat
1665 1209 1789 1262 Ver-

228 1305 546 1371 lmrnmmnia
585 1319 674 1374 per
707 1303 873 1374 ipsum
924 1305 1060 1374 facta
1104 1313 1221 1356 sunt
1259 1301 1438 1372 (Joan.
1462 1317 1499 1368 ι,
1527 1302 1576 1369 i,
1601 1301 1679 1372 3).
1703 1299 1791 1354 Sic

226 1411 348 1468 ergo
359 1405 464 1452 erat
476 1395 568 1449 ille
585 1394 654 1450 de
665 1393 927 1466 supernis.
947 1394 1020 1448 De
1032 1393 1220 1463 quibus
1237 1393 1484 1464 supernis
1498 1393 1522 1446 ?
1541 1393 1616 1447 De
1632 1407 1755 1447 aere
1767 1394 1792 1445 ?

227 1487 372 1543 Absit
400 1505 414 1541 :
441 1485 512 1540 ibi
539 1496 592 1540 et
619 1499 745 1540 aves
769 1485 1007 1540 volitant.
1055 1485 1131 1539 De
1172 1483 1309 1540 caelo
1346 1483 1485 1554 quod
1511 1481 1792 1538 videmus?

228 1576 299 1634 Et
327 1576 423 1632 hoc
447 1576 614 1642 absit;
645 1576 716 1630 ibi
747 1584 798 1631 et
825 1575 991 1630 stellae
1020 1584 1074 1631 et
1100 1576 1180 1631 sol
1209 1584 1264 1630 et
1294 1575 1414 1630 luna
1441 1575 1788 1630 circumeunt.

224 1674 304 1730 De
329 1671 572 1744 Angelis?
596 1670 778 1742 Neque
804 1670 906 1726 hoc
929 1669 1233 1741 intelligatis
1265 1688 1278 1724 :
1309 1685 1403 1739 per
1432 1669 1578 1724 illum
1603 1677 1657 1724 et
1682 1669 1794 1723 An-

225 1765 327 1836 geli
349 1763 460 1818 iacti
483 1771 640 1828 sunt,
669 1778 764 1833 per
792 1776 948 1832 quem
983 1763 1160 1816 omnia
1187 1763 1319 1816 facta
1342 1769 1482 1816 sunt.
1507 1761 1582 1816 De
1603 1760 1792 1832 quibus

226 1869 350 1925 ergo
373 1853 607 1923 supernis
635 1852 915 1908 Christus?
945 1853 1024 1907 Ab
1055 1852 1172 1923 ipso
1195 1851 1373 1907 Patre.
1402 1851 1539 1907 Nihil
1570 1851 1660 1906 illo
1683 1851 1793 1906 Deo

229 1947 478 2016 superius,
500 1946 588 2016 qui
615 1944 845 2000 Verbum
867 1944 1048 2015 genuit
1073 1944 1278 2014 :equale
1315 1943 1437 2009 sibi,
1464 1952 1789 1998 comternum

231 2036 344 2100 sibi,
373 2034 712 2107 unigenitum,
746 2034 860 2088 sine
885 2041 1126 2102 tempore
1150 2074 1164 2097 ,
1203 2047 1300 2102 per
1340 2047 1497 2102 quem
1541 2031 1793 2086 conderet

231 2133 474 2196 tempora.
504 2123 592 2180 Sic
633 2138 762 2195 ergo
795 2125 976 2194 accipe
1017 2122 1286 2177 Christum
1328 2122 1395 2176 de
1437 2122 1702 2191 supernis,
1739 2129 1796 2176 ut

231 2216 445 2271 excedas
467 2215 788 2287 cogitatione
833 2225 916 2268 tua
957 2229 1116 2270 omne
1141 2212 1282 2284 quod
1311 2213 1503 2268 factum
1533 2221 1647 2278 est;
1677 2213 1794 2266 uni-

234 2321 429 2363 versam
466 2305 684 2362 omnino
722 2315 1018 2361 creaturam
1043 2347 1058 2373 ,
1103 2320 1261 2360 omne
1308 2318 1500 2374 corpus
1526 2345 1539 2369 ,
1581 2319 1792 2359 omnem

236 2397 486 2453 conditum
513 2396 778 2467 Spiritum,
811 2411 1021 2451 omnem
1065 2411 1174 2449 rem
1221 2410 1434 2465 quoquo
1468 2393 1628 2448 modo
1673 2411 1794 2448 mu-

237 2483 436 2538 tabilem
465 2499 479 2535 :
507 2491 675 2536 totum
718 2480 918 2536 excedo
942 2522 957 2544 ,
1004 2480 1140 2533 sicut
1183 2480 1410 2534 excessit
1444 2477 1693 2542 Joannes,
1739 2487 1798 2532 ut

238 2574 564 2645 contingeret,
598 2572 666 2628 In
692 2573 942 2643 principio
965 2581 1073 2626 erat
1108 2570 1346 2638 Verbum,
1374 2579 1418 2624 et
1450 2569 1669 2625 Verbum
1688 2578 1796 2623 erat

239 2664 369 2734 apud
392 2663 565 2728 Deum,
593 2673 644 2718 et
672 2662 806 2717 Dens
832 2671 939 2716 erat
975 2661 1208 2716 Verbum.

306 2759 358 2813 5.
387 2757 490 2828 Ego
509 2772 655 2830 ergo,
691 2756 882 2828 inquit,
929 2755 992 2809 de
1029 2754 1261 2824 supernis
1293 2769 1421 2807 sum.
1465 2751 1566 2808 Vos
1599 2752 1662 2807 de
1702 2753 1797 2806 hoc

239 2851 414 2904 mdo
435 2851 548 2906 estis
578 2865 597 2903 :
632 2865 724 2920 ego
757 2863 861 2902 non
897 2862 1007 2900 sum
1049 2846 1112 2898 de
1150 2849 1242 2898 hoc
1279 2845 1486 2899 mundo.
1531 2843 1653 2898 Dixi
1679 2861 1796 2915 ergo

237 2944 368 2998 vobis
386 2944 496 3014 quia
519 2940 799 2995 moriemini
813 2939 866 2992 in
888 2938 1103 3007 peccatis
1123 2937 1316 2990 uestris.
1348 2934 1601 3004 Exposuit
1619 2935 1793 3000 nobis,

236 3035 436 3102 fratres,
456 3034 578 3105 quid
606 3032 826 3102 intelligi
847 3031 1094 3094 voluerit,
1129 3029 1227 3083 Vos
1249 3030 1311 3082 de
1336 3029 1430 3082 hoc
1455 3029 1640 3081 mundo
1657 3027 1793 3082 estis.

235 3125 357 3183 Ideo
379 3128 563 3198 quippe
589 3125 741 3190 dixit,
778 3121 882 3177 Vos
908 3123 971 3175 de
997 3125 1091 3175 hoc
1132 3121 1318 3173 mundo
1349 3121 1484 3183 estis,
1517 3120 1638 3188 quia
1667 3132 1794 3188 pec-

237 3226 437 3275 eatores
459 3225 606 3274 eram
625 3255 641 3282 ,
669 3216 792 3285 quia
822 3213 985 3282 iniqui
1011 3220 1183 3276 erant,
1206 3211 1327 3280 quia
1353 3210 1594 3264 inﬁdeles
1621 3216 1792 3273 erant,

243 3310 364 3380 quia
399 3319 595 3365 terrena
642 3306 938 3376 sepiebant.
981 3304 1113 3358 Nam
1157 3302 1282 3373 quid
1310 3301 1460 3356 vobis
1497 3300 1707 3355 videtur
1731 3299 1800 3355 de

240 3402 428 3458 sanctis
447 3399 745 3471 Apostolis?
785 3398 1050 3464 Quantum
1096 3397 1350 3450 intererat
1396 3395 1533 3447 inter
1586 3391 1800 3448 Judmos

238 3501 294 3549 et
333 3493 600 3563 Apostolus
624 3491 652 3544 τ
687 3489 952 3558 Quantum
1000 3487 1138 3540 inter
1198 3484 1445 3540 tenebras
1484 3492 1540 3538 et
1582 3483 1754 3537 lucem
1780 3522 1797 3548 ,

241 3591 477 3653 quantum
505 3582 645 3638 inter
671 3579 830 3635 iidem
878 3587 933 3633 et
959 3575 1350 3640 inﬁdelitatem,
1387 3584 1640 3645 quantum
1662 3574 1801 3629 inter

245 3673 475 3743 pietatem
501 3681 560 3729 et
600 3672 946 3742 impietatem,
975 3675 1230 3739 quantum
1269 3667 1407 3722 inter
1444 3681 1592 3737 spem
1622 3674 1676 3722 et
1704 3664 1801 3721 do-

245 3767 575 3836 spa-ationem
602 3807 616 3831 ,
643 3772 897 3835 quantum
937 3761 1074 3815 inter
1101 3759 1413 3814 charitatem
1451 3765 1506 3814 et
1537 3757 1802 3828 cupidita-

251 3865 342 3912 tetn
361 3873 375 3910 :
394 3858 614 3912 multum
635 3869 761 3925 ergo
781 3853 1056 3908 laterent.
1093 3850 1231 3918 Quid
1255 3849 1417 3921 ergo?
1440 3849 1570 3919 quia
1593 3857 1798 3910 tantum

249 3945 515 4016 intererat,
547 3946 786 4018 Apostoii
828 3944 894 4001 de
933 3942 1132 3998 mundo
1159 3955 1266 3996 non
1289 3941 1557 4007 oranti-8i
1599 3940 1800 4010 cogites

250 4042 488 4112 quomodo
514 4041 626 4098 nati
652 4041 775 4106 sint,
809 4050 864 4096 et
897 4038 1038 4094 unde
1067 4037 1310 4096 venerint
1330 4053 1352 4100 ς·
1379 4035 1499 4105 quia
1526 4047 1711 4088 omnes
1729 4047 1798 4089 ea

252 4136 395 4192 Adam
421 4142 694 4200 venerant,
707 4133 774 4188 do
800 4133 898 4188 hoc
922 4130 1121 4186 mundo
1145 4137 1314 4185 erant.
1343 4127 1446 4182 Sed
1473 4125 1599 4195 quid
1625 4125 1705 4180 eis
1724 4124 1799 4180 ait

251 4225 347 4294 ipse
385 4224 678 4282 Dominus?
717 4223 827 4294 Ego
865 4239 952 4277 uos
1013 4221 1073 4278 de
1120 4220 1307 4274 modo
1361 4217 1485 4287 elegi
1517 4217 1530 4246 ¹
1565 4214 1672 4285 (Id.
1704 4230 1794 4280 xv,

257 4316 347 4389 l9).
386 4317 483 4386 Qui
536 4331 666 4387 ergo
705 4315 772 4370 de
819 4311 1018 4368 mundo
1057 4320 1228 4374 erant,
1275 4309 1394 4365 facti
1431 4317 1553 4363 sunt
1590 4322 1695 4362 non
1730 4306 1798 4362 de

254 4408 442 4475 unde,
492 4419 548 4464 et
589 4408 852 4478 pertinere
898 4411 1174 4474 stuperent
1219 4401 1283 4456 ad
1332 4415 1452 4455 eum
1501 4414 1594 4466 per
1634 4412 1796 4466 quem

254 4493 498 4555 iactmest
523 4497 770 4554 mundus.
822 4495 912 4552 isti
953 4504 1131 4549 autem
1179 4498 1547 4547 remanserunt
1575 4504 1696 4546 esse
1730 4489 1797 4546 de

257 4592 455 4659 mundo,
492 4591 681 4663 quibus
717 4589 918 4646 dictum
963 4596 1084 4653 est,
1139 4583 1428 4641 Mortemini
1476 4583 1530 4637 in
1582 4582 1798 4652 peccatis

258 4683 420 4737 intris.

311 4771 357 4827 6.
393 4771 564 4830 Nemo
601 4783 731 4841 ergo
771 4769 934 4835 dicat,
963 4765 1175 4833 fratres,
1202 4763 1277 4820 De
1316 4763 1415 4818 hoc
1453 4761 1650 4818 mundo
1693 4775 1797 4818 non

257 4881 367 4923 sum.
389 4868 640 4939 Quisquis
668 4881 728 4924 es
765 4866 946 4934 homo,
973 4863 1042 4920 de
1072 4862 1172 4919 hoc
1205 4861 1402 4917 mutulo
1420 4875 1480 4917 es
1508 4859 1636 4916 :sed
1658 4860 1800 4918 venit

255 4957 309 5014 td
329 4967 373 5016 te
395 4960 484 5030 qui
509 4957 938 5024 iecitmundum,
959 4964 1018 5011 et
1041 4953 1282 5010 liberavit
1300 4962 1352 5009 te
1369 4953 1438 5008 de
1460 4953 1560 5010 hoc
1580 4951 1794 5009 mundo.

254 5049 302 5107 εί
337 5051 561 5110 delectat
600 5060 655 5109 te
688 5051 936 5118 mundus,
967 5063 1179 5118 semper
1203 5047 1282 5102 vis
1307 5061 1426 5103 esse
1455 5044 1796 5110 immundus;

255 5144 292 5199 ti
311 5155 476 5202 autem
510 5145 619 5216 iam
644 5160 749 5200 non
775 5154 830 5200 te
849 5142 1078 5198 delectat
1105 5139 1193 5195 hie
1215 5139 1443 5196 mundus
1465 5179 1480 5204 ,
1504 5138 1612 5208 jam
1644 5147 1700 5193 tu
1739 5153 1798 5194 es

257 5238 476 5295 mdo.
517 5237 896 5294 Verumtamen
934 5234 982 5289 si
1027 5245 1126 5303 per
1161 5231 1390 5300 aliquam
1439 5229 1795 5287 inﬁrmitatem

239 5315 399 5386 ladhuc
421 5339 480 5386 te
497 5329 726 5385 delectat
745 5325 996 5391 mundus,
1026 5324 1226 5379 habitet
1259 5322 1312 5377 in
1346 5328 1398 5376 te
1421 5323 1510 5391 qui
1536 5320 1757 5378 mundat
1778 5359 1795 5386 ,

257 5423 410 5480 etet-is
432 5421 684 5480 mundus.
713 5420 770 5477 Si
807 5427 983 5476 autem
1011 5416 1188 5473 lueris
1219 5411 1466 5479 mundus,
1494 5428 1595 5471 non
1617 5429 1796 5472 rema-

257 5513 380 5572 Iebh
406 5515 461 5571 in
491 5513 726 5580 mundo;
757 5527 859 5568 nec
883 5510 1066 5566 audies
1094 5508 1232 5579 quod
1272 5507 1554 5564 audierunt
1585 5506 1752 5564 Judaei
1777 5549 1792 5574 ,

259 5602 518 5662 [uicatim
536 5608 589 5660 in
614 5604 826 5676 peccatis
845 5600 1250 5660 vestris.0ntnes
1274 5601 1414 5657 enim
1441 5615 1560 5657 cum
1581 5609 1794 5668 peccato

254 5699 338 5754 nati
365 5713 582 5760 sumus;
613 5712 797 5751 omnes
833 5693 1058 5749 vivendo
1085 5692 1150 5747 ad
1175 5693 1224 5746 id
1253 5691 1392 5761 quod
1438 5691 1543 5743 nati
1584 5706 1793 5744 eramus

304 5810 450 5868 ‘\t56.,
482 5816 575 5871 Ego
599 5819 676 5857 ros
698 5807 758 5858 de
781 5804 866 5857 hoc
887 5803 1222 5869 mandoelcgl.

1268 357 1678 422 TRACTATUS
1719 364 2004 422 XXXVIII.
2046 365 2270 426 CAPUT
2309 359 2444 426 Vill.

3333 379 3473 437 1678

1894 478 2212 546 addidimus.
2227 484 2500 554 magisque
2518 483 2583 540 de
2599 487 2798 541 mundo
2814 487 3148 558 faetisumus,
3167 504 3324 560 quam
3343 502 3469 549 tunc

1895 574 2105 644 quando
2136 572 2203 630 de
2232 575 2540 646 parentibus
2563 577 2760 632 nostris
2784 576 2893 633 nati
2931 593 3134 634 sumus.
3164 581 3234 636 Et
3262 581 3352 638 ubi
3384 598 3470 639 es-

1895 676 2094 730 semus,
2117 664 2163 720 si
2193 664 2282 720 ille
2314 678 2421 720 non
2459 667 2685 732 veniret,
2726 667 2816 738 qui
2851 683 2964 724 non
2998 669 3226 728 habebat
3252 674 3470 730 omnino

1894 763 2169 822 peccatum
2212 755 2253 819 ι,
2298 763 2358 808 ut
2396 754 2629 811 solveret
2666 770 2825 811 omne
2868 760 3188 828 peccatum?
3216 760 3273 816 ln
3311 777 3469 832 quem

1895 843 2061 899 Judaei
2089 846 2210 916 quia
2246 861 2354 902 non
2390 846 2698 914 credebant,
2722 850 2917 906 merito
2940 851 3252 920 audierunt,
3285 853 3474 911 Morie-

1896 934 2020 988 mim‘
2060 936 2113 989 in
2155 937 2372 1006 peccatis
2407 939 2584 994 vestris
2616 954 2637 994 :
2663 939 2786 1010 quia
2826 955 2933 997 non
2974 942 3172 999 habere
3200 954 3473 1014 peccatum

1895 1024 2044 1079 nullo
2067 1025 2227 1081 modo
2251 1027 2499 1096 potuistis
2517 1069 2532 1096 ,
2560 1029 2650 1099 qui
2676 1045 2796 1084 cum
2819 1040 3041 1102 peccato
3063 1034 3170 1088 nati
3193 1035 3324 1091 estis
3342 1077 3356 1100 ,
3379 1037 3474 1092 sed

1897 1123 2072 1172 tamen
2095 1115 2137 1171 si
2163 1117 2214 1170 in
2236 1132 2342 1184 me,
2370 1119 2558 1189 inquit,
2583 1120 2936 1190 credideritis,
2963 1137 3084 1179 cum
3113 1134 3329 1194 peccato
3349 1128 3473 1196 qui-

1895 1205 2018 1262 dem
2057 1209 2164 1262 nati
2209 1210 2357 1274 estis,
2401 1210 2494 1266 sed
2537 1212 2590 1266 in
2623 1222 2842 1282 peccato
2877 1223 3056 1271 vestro
3096 1215 3337 1274 morituri
3365 1233 3474 1276 non

1897 1298 2046 1353 estis.
2076 1299 2208 1356 Tota
2235 1314 2362 1371 ergo
2390 1301 2673 1358 infelicitas
2701 1303 3006 1362 Iudaeorum
3034 1307 3148 1377 ipsa
3177 1319 3311 1376 erat,
3341 1324 3474 1376 non,

1896 1400 2170 1459 peccatum
2200 1392 2414 1458 habere,
2442 1393 2536 1448 sed
2566 1395 2618 1448 in
2647 1397 2874 1464 peccatis
2899 1399 3053 1452 mori.
3087 1399 3202 1455 Hoc
3223 1408 3305 1456 est
3331 1401 3476 1471 quod

1896 1480 2055 1536 debet
2104 1480 2287 1553 fugere
2336 1485 2510 1540 omnis
2561 1484 2881 1542 christianos
2930 1506 2942 1542 :
2999 1498 3214 1560 propter
3264 1491 3366 1549 hoc
3406 1492 3476 1551 ad

1896 1571 2220 1643 Baptismum
2250 1576 2513 1640 curritur;
2560 1586 2776 1648 propter
2805 1578 2905 1635 hoc
2929 1581 3020 1653 qui
3047 1582 3360 1652 aegritudine
3386 1585 3474 1641 vel

1898 1664 2111 1720 aliunde
2133 1666 2521 1735 periclitantur,
2549 1668 2648 1723 sibi
2675 1669 2976 1728 desiderant
2995 1671 3298 1739 subveniri;
3350 1689 3478 1744 pro-

1897 1765 2020 1829 pter
2047 1757 2148 1814 hoc
2165 1759 2325 1814 etiam
2351 1774 2542 1829 sugens
2570 1762 2815 1831 parvulus
2835 1778 2866 1816 a
2894 1772 3063 1820 matre
3102 1765 3204 1835 piis
3231 1766 3476 1824 manibus

1903 1849 1968 1904 ad
2011 1850 2301 1908 Ecclesiam
2333 1851 2532 1916 fertur,
2565 1868 2632 1908 ne
2659 1852 2776 1909 sine
2799 1854 3066 1926 Baptismo
3093 1866 3254 1914 exeat
3275 1900 3290 1924 ,
3329 1867 3385 1916 et
3420 1858 3478 1916 in

1897 1952 2124 2011 peccato
2173 1959 2281 2013 quo
2323 1952 2477 1999 natus
2514 1956 2598 2000 et
2634 1947 2908 2004 moriatur.
2956 1947 3317 2006 infelicissima
3343 1965 3476 2008 cono
3541 1990 3543 1992 -

1899 2032 2046 2100 ditio,
2082 2035 2276 2089 misera
2307 2051 2425 2089 sors
2454 2036 2698 2104 istorum,
2723 2039 2813 2109 qui
2858 2039 2925 2095 de
2961 2055 3056 2098 ore
3097 2043 3333 2100 veridico
3377 2058 3476 2100 au-

1902 2122 2138 2190 dierunt,
2170 2123 2236 2177 In
2262 2127 2476 2195 peccatis
2503 2128 2679 2184 vestris
2702 2129 3002 2185 moriemini.

1973 2215 2026 2268 7.
2045 2214 2194 2271 Unde
2211 2224 2384 2271 tamen
2407 2216 2509 2272 hoc
2526 2218 2604 2274 eis
2630 2221 2919 2291 contingat,
2951 2223 3175 2292 exponit
3201 2241 3214 2278 :
3244 2223 3306 2282 Si
3341 2227 3474 2283 enim

1900 2320 2002 2358 non
2043 2305 2352 2360 credideritis
2394 2308 2514 2375 quia
2559 2325 2650 2379 ego
2696 2326 2829 2378 sum,
2869 2312 3152 2368 moriemini
3186 2314 3239 2370 in
3263 2317 3481 2386 peccatis

1899 2397 2092 2450 vestris.
2122 2396 2315 2463 Credo,
2345 2396 2567 2464 fratres,
2598 2398 2652 2456 in
2681 2399 2771 2456 illa
2799 2401 3132 2459 multitudine
3159 2420 3277 2476 qua:
3301 2407 3483 2464 Domi-

1902 2503 2030 2542 num
2059 2488 2329 2556 audiebat,
2351 2498 2405 2544 et
2429 2505 2522 2546 eos
2549 2489 2712 2548 fuisse
2736 2492 2824 2562 qui
2851 2494 3098 2551 credituri
3124 2507 3293 2554 erant.
3319 2499 3483 2569 Quasi

1901 2588 2075 2634 autem
2105 2580 2158 2635 in
2188 2596 2374 2636 omnes
2395 2584 3074 2650 processeratseverissima
3090 2587 3178 2644 illa
3192 2592 3479 2659 sententia,

1902 2668 1970 2724 In
2004 2680 2208 2740 peccato
2236 2681 2396 2728 vestro
2424 2674 2745 2739 moriemini;
2775 2689 2838 2730 ac
2876 2689 2970 2746 per
2999 2675 3101 2734 hoc
3140 2685 3198 2734 et
3239 2679 3346 2736 illis
3391 2683 3482 2754 qui

1902 2760 2154 2817 credituri
2180 2771 2352 2827 erant,
2398 2778 2520 2833 spes
2567 2773 2682 2822 erat
2722 2765 2893 2823 ablata
2922 2784 2935 2821 :
2966 2767 3040 2822 illi
3070 2769 3377 2840 steviebant,
3406 2772 3483 2830 illi

1901 2851 2190 2918 timebant;
2221 2853 2329 2908 imo
2353 2869 2458 2910 non
2492 2854 2746 2911 timebant
2769 2897 2784 2922 ,
2834 2856 2926 2912 sed
2965 2857 3074 2927 jam
3101 2857 3477 2932 desperabant.

1902 2941 2190 2998 Revocavit
2214 2958 2307 2999 eos
2335 2944 2386 3000 in
2415 2960 2600 3014 spem;
2642 2945 2881 3017 adiunxit
2922 2949 3085 3017 enim,
3117 2948 3180 3006 Si
3203 2967 3302 3006 non
3321 2955 3482 3009 credi-

1902 3035 2074 3089 deritis
2107 3037 2226 3105 quia
2275 3053 2366 3106 ego
2416 3054 2527 3092 sum
2547 3080 2560 3102 ,
2597 3040 2875 3094 moriemini
2926 3041 2978 3096 in
3032 3044 3244 3112 peccatis
3285 3048 3480 3102 uestris.

1903 3123 2047 3196 Ergo
2095 3127 2141 3180 si
2188 3127 2520 3184 credideritis
2563 3129 2681 3199 quia
2727 3144 2826 3199 ego
2865 3145 3006 3199 sum,
3047 3149 3150 3188 non
3183 3135 3484 3195 moriemini

1903 3215 1958 3272 in
1999 3217 2226 3285 peccatis
2267 3217 2480 3274 vestris.
2526 3219 2745 3277 Reddita
2785 3231 2866 3278 est
2893 3236 3016 3292 spes
3043 3223 3486 3298 desperantibus,

1905 3307 2154 3363 oscitatio
2199 3307 2336 3366 facta
2377 3321 2460 3365 est
2487 3309 2894 3382 dormientibus,
2923 3313 3170 3372 cordibus
3199 3317 3484 3388 evigilave-

1903 3407 2031 3454 runt
2058 3415 2070 3452 :
2103 3399 2226 3456 inde
2253 3400 2462 3470 plurimi
2489 3401 2848 3468 crediderunt,
2873 3404 3005 3460 sicut
3029 3405 3295 3478 Evangelii
3318 3408 3485 3478 ipsius

1904 3492 2283 3560 consequentia
2335 3500 2616 3548 testantur.
2672 3493 2839 3549 Erant
2887 3495 3029 3552 enim
3087 3496 3196 3553 illic
3243 3499 3482 3556 membra

1904 3580 2136 3649 Christi,
2186 3598 2305 3652 quae
2348 3583 2581 3640 nondum
2618 3584 2950 3643 adhaeserant
2986 3589 3194 3658 corpori
3236 3587 3477 3647 Christi:

1905 3680 1961 3730 et
1984 3673 2037 3728 in
2067 3672 2158 3728 illo
2185 3674 2380 3744 populo
2403 3690 2434 3729 a
2463 3689 2570 3745 quo
2595 3676 2880 3732 crucifixus
2907 3686 3009 3744 est,
3037 3693 3067 3733 a
3096 3693 3202 3748 quo
3241 3680 3296 3735 in
3336 3681 3481 3754 ligno

1904 3777 2195 3835 suspensus
2219 3774 2319 3832 est,
2351 3781 2382 3822 a
2405 3781 2511 3838 quo
2541 3767 2775 3838 pendens
2799 3769 2984 3827 irrisus
2998 3778 3099 3840 est,
3117 3787 3146 3826 a
3171 3786 3277 3844 quo
3297 3771 3482 3832 lancea

1906 3859 2216 3915 vulneratus
2245 3869 2348 3927 est,
2377 3875 2407 3914 a
2437 3876 2541 3931 quo
2568 3860 2690 3917 l‘elle
2711 3870 2768 3918 et
2793 3872 2944 3918 aceto
2969 3872 3301 3935 potatus'est,
3326 3877 3482 3928 erant

1904 3953 2142 4008 membra
2167 3951 2382 4019 Christi,
2413 3969 2508 4022 pro
2535 3953 2725 4022 quibus
2750 3954 2903 4021 dixit,
2931 3955 3108 4023 Pater,
3131 3957 3331 4030 ignosce
3353 3959 3479 4027 illis,

1904 4047 2022 4116 quia
2047 4045 2272 4100 nesciunt
2299 4045 2422 4108 quid
2450 4046 2664 4117 faciunt.
2694 4047 2831 4114 Quid
2857 4056 3032 4107 autem
3072 4064 3329 4108 converso
3371 4067 3480 4110 non

1903 4137 2209 4207 ignoscitur,
2236 4136 2278 4190 si
2306 4135 2454 4191 fusus
2491 4136 2683 4194 Christi
2723 4139 2933 4208 sanguis
2979 4139 3300 4210 ignoscitur?
3343 4141 3474 4210 Quis

1903 4225 2164 4282 homicida
2191 4226 2457 4296 desperet,
2476 4226 2521 4282 si
2543 4227 2592 4282 in
2615 4242 2761 4298 spem
2786 4227 3019 4286 redditus
3045 4237 3126 4285 est
3142 4245 3175 4286 a
3193 4245 3298 4302 quo
3316 4232 3475 4290 etiam

1903 4317 2144 4374 Christus
2171 4317 2376 4373 occisus
2403 4318 2520 4373 est?
2547 4316 2898 4376 Crediderunt
2921 4319 3043 4377 inde
3062 4320 3233 4389 multi;
3252 4321 3478 4382 donatus

1903 4417 1987 4463 est
2024 4407 2104 4464 eis
2146 4408 2358 4478 sanguis
2392 4407 2588 4465 Christi
2609 4449 2624 4475 ,
2655 4417 2714 4464 ut
2755 4410 2921 4482 magis
2948 4425 3070 4468 eum
3099 4410 3345 4472 biberent
3367 4429 3478 4484 quo

1902 4498 2274 4565 liberarentur,
2305 4515 2461 4572 quam
2489 4501 2567 4557 rei
2589 4501 2658 4562 de
2684 4503 2776 4560 illo
2791 4503 2961 4562 eti‘uso
2984 4513 3291 4564 tenerentur
3318 4524 3332 4564 :
3358 4508 3478 4582 quis

1902 4589 2180 4660 desperet?
2212 4592 2274 4648 Et
2298 4592 2343 4647 si
2373 4593 2425 4647 in
2451 4607 2612 4650 cruce
2634 4594 2772 4650 latro
2795 4595 3028 4654 salvatus
3054 4606 3155 4661 est.
3198 4608 3322 4656 ante
3348 4613 3478 4670 pau-

1900 4680 2069 4740 lulum
2121 4682 2383 4740 homicida
2406 4724 2422 4749 ,
2487 4693 2606 4756 post
2657 4686 2931 4758 paululum
2975 4697 3252 4746 accusatus
3274 4731 3287 4756 ,
3342 4704 3475 4748 con-

1900 4774 2072 4830 victus
2093 4814 2110 4840 ,
2136 4774 2437 4843 damnatus,
2467 4791 2753 4848 suspensus
2771 4819 2784 4842 ,
2813 4778 3097 4844 liberatus;
3125 4780 3236 4838 noli
3269 4782 3472 4840 mirari.

1903 4867 2004 4924 Ubi
2043 4867 2338 4935 convictus,
2370 4867 2439 4924 ibi
2467 4867 2745 4925 damnatus
2776 4887 2791 4924 ;
2823 4868 2915 4926 sed
2947 4869 3018 4926 ibi
3060 4870 3342 4939 liberabis,
3385 4873 3476 4931 ubi

1902 4963 2135 5012 mutatus
2165 4955 2309 5028 (Luc.
2341 4972 2490 5023 xun,
2521 4956 2735 5028 54-43).
2771 4956 2827 5013 ln
2858 4957 2956 5014 hoc
2996 4973 3121 5030 ergo
3158 4961 3351 5032 populo
3387 4964 3476 5019 cui

1903 5046 2156 5102 Dominus
2177 5046 2510 5120 loquebatur,
2527 5057 2676 5104 erant
2701 5048 2788 5120 qui
2819 5047 2880 5104 in
2899 5059 3113 5119 peccato
3135 5065 3236 5109 suo
3260 5047 3476 5109 fuerant

1903 5139 2146 5194 morituri
2181 5155 2192 5191 :
2224 5147 2376 5193 erant
2397 5139 2555 5192 etiam
2583 5139 2672 5208 qui
2713 5139 2763 5192 in
2802 5139 2971 5208 ipsum
2996 5143 3085 5212 qui
3115 5142 3428 5214 loquebatur
3455 5186 3472 5212 ,

1902 5231 2109 5288 fuerant
2135 5230 2405 5298 credituri,
2437 5237 2494 5286 et
2519 5228 2586 5284 ab
2610 5229 2752 5287 outni
2779 5239 2993 5300 peccato
3023 5231 3298 5290 liberandi.

1972 5324 2022 5378 8.
2056 5322 2252 5380 Tamen
2281 5321 2382 5378 hoc
2407 5320 2622 5378 attende
2648 5321 2786 5392 quod
2812 5323 2888 5378 ait
2914 5323 3164 5381 Dominus
3189 5325 3428 5380 Christus
3454 5344 3469 5381 :

1902 5415 1962 5472 Si
1991 5432 2090 5470 non
2123 5413 2429 5472 credideritis
2452 5415 2569 5484 quia
2610 5431 2700 5486 ego
2742 5432 2874 5483 sum,
2929 5418 3204 5473 moriemini
3255 5418 3308 5472 in
3357 5435 3471 5488 pec-

1900 5509 2022 5561 catis
2061 5506 2247 5563 vestris.
2300 5504 2436 5576 Quid
2487 5515 2588 5574 est,
2639 5506 2701 5562 Si
2740 5524 2841 5564 non
2888 5507 3194 5564 credideritis
3233 5507 3350 5577 quia
3378 5523 3470 5576 ego

1900 5580 2046 5655 sani?
2087 5598 2198 5670 Ego
2249 5615 2379 5665 sum,
2429 5601 2590 5670 quid?
2635 5599 2769 5654 Nihil
2817 5600 3040 5665 addidit;
3083 5608 3136 5654 et
3175 5598 3295 5668 quia
3337 5598 3467 5655 nihil

1900 5689 2135 5753 addidit,
2183 5689 2406 5744 multum
2445 5699 2524 5744 est
2552 5688 2692 5759 quod
2728 5688 3136 5745 conmendavit.
3179 5689 3463 5760 Exspectzk

1964 5803 1979 5832 ι
2007 5807 2134 5862 Mss.,
2157 5799 2240 5865 qui
2259 5813 2350 5851 non
2372 5799 2571 5851 habebat
2591 5804 2872 5862 peccatum;
2893 5802 3232 5862 "samum,
3255 5797 3462 5854 mnino.
