3916 6368
475 372 497 429 Ι
509 366 614 427 679

470 493 630 547 batur
689 481 832 540 enim
898 467 958 532 ui
1016 471 1220 529 diceret
1285 463 1414 536 quid
1476 470 1651 527 esset,
1720 472 1820 513 nec
1885 462 2060 510 tamen

472 582 625 638 dixit.
657 573 794 646 Quid
822 564 1228 641 exspectabatur
1253 567 1313 614 ut
1335 554 1566 612 diceret?
1593 552 1772 646 Forte,
1804 548 1920 646 Nisi
1949 563 2057 646 cre-

475 641 706 731 dideritis
747 667 869 740 quia
895 677 987 734 ego
1011 675 1122 716 sum
1158 654 1430 715 Christus;
1472 649 1569 703 nisi
1595 642 1905 701 credideritis
1943 641 2061 712 quia

475 785 567 841 ego
615 779 729 822 sum
777 759 873 815 Dei
929 754 1125 816 Filius;
1181 749 1280 841 nisi
1318 741 1632 841 credideritis
1673 740 1792 810 quia
1828 749 2060 841 ego

473 825 709 916 Ferbum
735 849 944 914 Patris;
976 845 1074 900 nisi
1102 837 1414 896 credideritis
1437 834 1558 906 quia
1585 847 1674 902 ego
1689 845 1800 884 sum
1815 825 2060 882 conditor

472 949 695 1013 mundi;
725 944 824 1000 nisi
847 937 1161 996 credideritis
1185 932 1303 1002 quia
1319 945 1410 1001 ego
1427 943 1538 982 sum
1559 921 1786 978 hominis
1807 919 2061 1013 formator

475 1051 529 1100 et
553 1009 890 1099 reformator,
910 1037 1121 1086 creator
1143 1033 1200 1081 et
1225 1027 1513 1085 recreator,
1537 1015 1702 1072 factor
1717 1019 1773 1067 et
1792 1009 2019 1064 refactor
2043 1024 2056 1060 :

475 1135 572 1192 nisi
603 1134 704 1188 hoc
733 1121 1044 1183 credideritis
1071 1118 1189 1190 quia
1216 1129 1307 1185 ego
1335 1127 1469 1175 sum,
1517 1103 1801 1162 moriemini
1841 1101 1897 1154 in
1940 1115 2060 1171 pec-

475 1227 602 1283 catis
631 1221 824 1279 vestris.
850 1215 1069 1272 Multum
1098 1218 1182 1266 est
1219 1203 1360 1278 quod
1387 1202 1460 1257 ait
1486 1200 1681 1270 ipsum,
1711 1194 1824 1266 Ego
1851 1208 1965 1247 sum
1991 1193 2004 1221 ¹
2044 1207 2056 1243 :

473 1318 598 1391 quia
625 1316 702 1372 sic
727 1312 935 1368 dixerat
983 1313 1036 1361 et
1072 1303 1213 1358 Deus
1241 1294 1422 1391 (Moysi
1443 1335 1458 1361 ,
1494 1291 1606 1391 Ego

473 1374 605 1478 Quis
633 1407 791 1477 digne
816 1402 1093 1470 eloquatur
1128 1389 1255 1462 quid
1299 1387 1401 1453 sit,
1444 1382 1596 1480 sum?
1642 1375 1881 1480 Mittebat:
1921 1374 2061 1429 Deus

477 1467 572 1578 per
597 1467 840 1571 angelum
869 1467 1046 1558 suum,
1078 1499 1292 1543 servum
1317 1493 1472 1536 suum
1493 1475 1716 1578 hioysen.
1731 1469 1799 1524 ad
1828 1467 2060 1578 liberan-

475 1560 602 1657 dum
649 1560 714 1652 evx
745 1591 978 1662 Egypto
1017 1581 1270 1656 populum
1315 1587 1471 1630 suum
1519 1565 1750 1662 (legistis
1789 1560 1933 1662 quod
1961 1573 2059 1614 auo

473 1656 627 1750 distis
650 1733 665 1758 ,
717 1695 771 1742 et
813 1656 1010 1743 nostis;
1037 1682 1402 1758 commemoro
1429 1661 1660 1758 tamen);
1682 1656 1924 1758 mittebat
1949 1662 2060 1708 tre-

473 1748 739 1842 mentem;
779 1775 1124 1830 excusantem
1154 1803 1170 1828 ,
1214 1758 1310 1817 sed
1355 1753 1715 1812 obedientem.
1757 1748 1890 1842 cum
1930 1759 2063 1842 ergo

474 1838 775 1933 excusaret,
805 1867 880 1921 ait
903 1864 1032 1924 Deo,
1064 1870 1222 1928 quem
1253 1849 1397 1922 loqui
1419 1849 1470 1902 in
1492 1845 1679 1916 angelo
1695 1838 2060 1933 intelligebat:

581 1930 774 2021 dixerit
815 1956 946 2014 mihi
987 1950 1232 2024 populus,
1281 1945 1351 2000 Et
1373 1940 1493 2013 quis
1519 1946 1602 1995 est
1631 1938 1773 1993 Deus
1799 1933 1888 2005 qui
1918 1930 2064 1987 misit

477 2069 566 2123 te,
611 2050 738 2125 quid
792 2047 870 2104 eis
920 2041 1131 2100 dicam?
1169 2038 1239 2094 Et
1266 2033 1522 2125 Dominus
1549 2028 1783 2125 adeum,
1814 2024 1926 2095 Ego

477 2115 564 2221 qui
589 2115 700 2204 sum
729 2159 747 2198 :
773 2150 828 2198 et
852 2136 1114 2210 repetivit,
1148 2131 1294 2186 Dices
1322 2127 1444 2221 ﬁliis
1469 2123 1656 2221 Israel,
1683 2120 1783 2186 Qui
1811 2126 1905 2221 est,
1930 2115 2065 2221 misit

478 2207 559 2296 me
587 2238 656 2292 ad
679 2253 784 2291 vos.
811 2207 928 2288 Non
956 2229 1033 2284 ait
1071 2234 1126 2282 et
1171 2222 1275 2289 ibi,
1321 2220 1437 2291 Ego
1461 2231 1579 2272 sum
1609 2214 1769 2276 Deus;
1797 2218 1920 2277 aut,
1951 2207 2064 2279 Ego

479 2349 598 2390 sum
641 2327 823 2386 mundi
865 2323 1184 2384 fabricator;
1225 2323 1346 2382 aut,
1386 2312 1499 2382 Ego
1539 2323 1657 2366 sum
1701 2303 1938 2362 omnium
1980 2317 2066 2357 re-
2119 2355 2125 2372 ς

479 2442 597 2484 rum
647 2429 894 2483 creator;
935 2424 1045 2481 at",
1085 2412 1197 2484 Ego
1232 2422 1350 2464 sum
1384 2402 1552 2476 ipsius
1804 2393 2064 2452 ‘ibemndi
2105 2451 2120 2480 ί
2169 2393 2362 2426 ιιιιιιιιη
2393 2393 2584 2441 ρυωδι,
2615 2393 2876 2427 ιιιυωιιιιιι
2893 2393 3000 2472 ιιυιι
3027 2393 3113 2473 (ῗδι
3139 2393 3289 2441 quoa
3307 2393 3421 2427 erat.
3445 2393 3460 2423 ἱ
3482 2393 3526 2425 δι
3543 2393 3709 2424 nonest

562 2533 565 2534 γ
596 2523 799 2534 γωῌμ
833 2529 844 2534 _
879 2507 971 2534 ω,
1002 2505 1104 2534 ιω,
1134 2509 1334 2534 “Mum
1403 2496 1509 2534 ,ρηη
1546 2509 1657 2534 mm
1682 2488 1768 2534 ml,-
1795 2501 1942 2534 mm:
1973 2493 2060 2534 eL
2169 2462 2312 2534 (iuod
2352 2471 2488 2527 erat,
2521 2477 2667 2518 mors
2708 2460 2957 2532 quietiam
2985 2461 3060 2516 lbi
3087 2461 3232 2517 facta
3277 2469 3397 2528 est;
3429 2469 3709 2534 peremptum

479 2523 799 2588 propagator
833 2529 845 2565 :
879 2507 974 2564 sed
1002 2505 1104 2560 hoc
1134 2509 1358 2564 tantum,
1400 2488 1768 2588 Egosum
1795 2493 2060 2588 sumet,

483 2579 773 2677 nica/iiiis
802 2600 986 2666 Israel,
1021 2596 1121 2663 Qui
1147 2603 1214 2649 est
1227 2607 1376 2659 ;non
1419 2586 1639 2650 addidit,
1660 2582 1761 2650 Qui
1795 2589 1878 2677 est
1924 2579 2066 2634 Deus

479 2673 678 2766 vester,
705 2697 794 2768 qui
834 2701 916 2750 est
954 2691 1095 2746 Deus
1120 2694 1328 2758 patrum
1358 2689 1679 2742 vestrorum,
1719 2673 1813 2768 sed
1860 2678 2065 2726 tantum

481 2794 586 2850 hoc
599 2765 751 2855 dixit,
777 2785 877 2852 Qui
903 2792 993 2850 est,
1019 2779 1154 2834 misit
1182 2793 1261 2832 me
1288 2775 1355 2828 ad
1380 2789 1485 2826 vos.
1517 2769 1678 2824 Forte
1703 2765 1926 2821 multum
1952 2768 2070 2818 erat

483 2896 539 2942 et
567 2883 634 2940 ad
663 2883 836 2954 ipsum
863 2876 1100 2947 Moysen,
1130 2872 1262 2926 sicut
1291 2866 1520 2923 multum
1549 2869 1710 2954 estet
1750 2858 1817 2914 ad
1847 2872 1945 2954 nos
1965 2862 2071 2954 1‘et

480 2977 652 3033 multo
681 2945 850 3044 inagis
876 2945 1092 3028 adnos,
1117 2959 1415 3029 intelligere
1441 2954 1568 3027 quid
1596 2953 1802 3044 dictum
1827 2949 1898 3044 sit
1918 2945 2068 3044 ,‘Ego

483 3085 595 3124 sum
623 3065 709 3138 qui
732 3038 881 3126 sum;
910 3067 984 3127 et,
1018 3055 1119 3124 Qui
1149 3063 1241 3120 est,
1269 3051 1404 3105 misit
1430 3063 1507 3102 me
1533 3046 1601 3138 ad
1628 3060 1733 3138 vos.
1763 3041 1831 3098 Et
1857 3039 1903 3095 si
1932 3038 2072 3138 forte

484 3129 704 3231 caperet
756 3153 967 3224 Moyses
999 3190 1015 3215 ,
1068 3146 1145 3203 illi
1192 3144 1258 3200 ad
1309 3155 1446 3214 quos
1496 3137 1806 3231 mittebatur
1861 3129 2073 3231 quando

485 3223 777 3322 caperent?
807 3223 1016 3300 Distulit
1055 3253 1184 3308 ergo
1218 3233 1477 3291 Dominus
1503 3227 1645 3301 quod
1684 3223 2074 3322 caperehomo

489 3313 597 3400 no-n
643 3344 843 3412 posset,
875 3343 931 3390 et
954 3328 1158 3388 addidit
1192 3325 1334 3398 quod
1365 3336 1557 3394 capere
1585 3326 1766 3412 posset
1793 3334 1806 3370 :
1834 3313 2075 3412 adiunxit

489 3406 718 3490 cnim—et
743 3431 837 3498 ait,
869 3426 979 3499 Ego
1003 3439 1115 3479 sum
1143 3420 1282 3475 Deus
1309 3415 1583 3480 Abraham,
1631 3421 1678 3467 et
1719 3411 1859 3465 Deus
1899 3406 2070 3473 Isaac,

489 3537 538 3584 et
567 3525 708 3580 Deus
730 3520 892 3577 Jacob
920 3516 1115 3589 (Exod.
1147 3529 1226 3580 ιιι,
1257 3508 1472 3578 1545).
1501 3507 1613 3562 iioc
1650 3511 1800 3575 potes
1840 3515 2031 3571 capere
2059 3516 2073 3552 :

491 3617 625 3674 Nam
654 3613 767 3686 Ego
786 3626 897 3667 sum
916 3609 1000 3679 qui
1027 3622 1175 3672 sum,
1202 3617 1320 3673 qua:
1345 3613 1497 3655 mens
1523 3604 1702 3668 potest
1724 3591 1950 3686 capere?

565 3706 621 3761 9.
660 3684 797 3772 Quid
823 3715 950 3770 ergo
978 3698 1118 3754 nos?
1149 3692 1532 3749 audebitnusne
1570 3685 1768 3757 aliquid
1799 3684 1980 3740 dicere
2011 3698 2078 3739 ex

495 3805 600 3856 hoc
627 3794 768 3868 quod
793 3793 999 3850 dictum
1016 3796 1118 3855 est,
1147 3785 1259 3856 Ego
1288 3801 1398 3839 sum
1417 3783 1499 3854 qui
1520 3798 1631 3835 sum
1665 3796 1683 3833 :
1711 3779 1792 3836 vel
1820 3779 1993 3851 potius
2013 3794 2078 3834 ex

492 3892 600 3947 hoc
627 3884 770 3961 quod
815 3881 1094 3938 Dominum
1129 3878 1308 3934 dicere
1335 3874 1575 3941 audistis,
1611 3871 1729 3927 Nisi
1769 3871 2080 3926 credideritis

493 3982 617 4056 quia
643 3994 733 4052 ego
773 3991 905 4044 sum,
937 3970 1217 4027 moriemini
1255 3968 1309 4023 in
1345 3966 1559 4039 peccatis
1585 3964 1800 4020 vestris?
1826 3963 1970 4018 itane
2000 3962 2082 4018 his

498 4077 702 4135 viribus
725 4073 858 4130 meis
887 4067 1105 4126 tantillis
1129 4075 1185 4123 et
1211 4077 1348 4136 pene
1376 4061 1557 4128 nullis,
1581 4058 1788 4116 audebo
1812 4058 2082 4129 disputare

493 4169 622 4244 quid
651 4168 722 4224 sit
761 4162 900 4238 quod
926 4161 1001 4218 ait
1023 4157 1279 4216 Dominus
1317 4153 1582 4220 Christus,
1616 4149 1736 4244 Nisi
1772 4148 2085 4204 credideritis

497 4243 618 4333 quia
646 4274 736 4331 ego
763 4254 917 4312 sum?
955 4251 1176 4308 Audebo
1205 4249 1378 4320 ipsum
1406 4245 1687 4301 Dominum
1705 4243 2042 4333 interrogare
2068 4257 2082 4294 :

499 4350 679 4408 audite
709 4363 795 4404 me
837 4345 1254 4414 interrogantem
1285 4337 1460 4408 potius
1489 4348 1646 4406 quam
1686 4332 2084 4404 disputantem,

500 4444 674 4515 magis
690 4448 1012 4512 quaerentem
1034 4449 1193 4507 quam
1218 4437 1649 4503 praesumentem,
1675 4425 1852 4495 potius
1876 4425 2087 4481 discen-

500 4547 613 4593 tem
641 4545 798 4604 quam
827 4528 1125 4591 docentem,
1158 4532 1214 4578 et
1233 4528 1380 4576 certe
1403 4519 1457 4573 in
1483 4533 1568 4574 me
1591 4516 1678 4571 vel
1698 4530 1793 4586 per
1816 4529 1904 4571 me
1928 4515 2089 4570 etiam

505 4643 604 4685 vos
633 4625 975 4692 interrogate.
1021 4618 1224 4674 Praesto
1253 4621 1336 4669 est
1357 4612 1518 4668 etiam
1560 4610 1674 4680 ipse
1701 4608 1958 4665 Dominus
2001 4608 2092 4680 qui

503 4723 705 4792 ubique
734 4724 836 4784 est,
880 4711 1058 4768 audiat
1098 4703 1458 4778 interrogandi
1495 4703 1760 4768 allectum,
1809 4711 1864 4758 et
1891 4702 2090 4759 intelli-

505 4813 667 4889 gendi
696 4815 912 4884 praestet
939 4804 1205 4862 etiectum.
1237 4798 1369 4856 Nam
1398 4813 1498 4871 ego
1525 4797 1716 4870 quibus
1744 4794 1956 4889 verbis,
1973 4803 2026 4851 et
2047 4793 2092 4850 si

505 4886 648 4966 forte
685 4901 880 4975 aliquid
908 4898 1081 4972 capio,
1110 4893 1401 4968 perducere
1427 4905 1644 4964 possum
1675 4887 1817 4961 quod
1846 4887 1998 4960 capio
2027 4886 2092 4944 ad

507 5001 669 5058 corda
696 4995 910 5054 vestra?
933 4993 1188 5063 Quisnam
1230 4987 1426 5045 sufficit
1463 4983 1664 5042 sonus?
1705 4998 1823 5054 qua:
1861 4980 2094 5051 suppetit

513 5089 854 5163 eloquentia?
882 5103 1000 5159 quae
1021 5084 1160 5141 vires
1187 5079 1555 5153 intelligendi?
1582 5091 1700 5148 quae
1728 5076 1948 5132 facultas
1974 5088 2096 5145 pro-

699 5175 756 5214 ιιι

699 5177 711 5188 ⁸
732 5177 756 5214 9

503 5177 894 5325 Ῑρΐῗὲῗὴῦἰυθιιι
941 5276 1068 5333 ergo
1106 5259 1332 5315 Domino
1361 5263 1543 5312 nostro
1583 5254 1710 5312 Jesu
1738 5252 1970 5320 Christo,
2011 5252 2094 5308 di-

510 5380 650 5430 cam,
679 5369 733 5419 et
757 5358 936 5415 audiat
978 5370 1063 5410 me
1089 5356 1131 5407 ¹.
1165 5351 1334 5409 Credo
1369 5359 1706 5422 praesentem,
1739 5349 1958 5405 omnino
1987 5364 2093 5403 non

511 5454 730 5519 dubito;
759 5451 874 5522 ipse
899 5447 1040 5504 enim
1067 5444 1219 5512 dixit,
1251 5442 1382 5497 Ecce
1410 5459 1500 5515 ego
1525 5443 1778 5498 vobiscum
1803 5457 1916 5496 sum
1942 5455 2098 5510 usque

513 5547 566 5603 in
609 5541 1085 5602 consummationem
1113 5534 1510 5605 swculi(.l!atth.
1543 5549 1737 5601 xxvrn,
1769 5531 1884 5606 20).
1914 5533 1958 5588 Ο
1989 5531 2095 5587 Do-

573 5684 589 5713 ¹
627 5683 700 5731 sic
730 5688 806 5729 Fr.
829 5679 976 5743 Lugd.
1002 5686 1119 5728 Ven.
1145 5683 1274 5726 [οι-,ε
1295 5672 1492 5725 Multum
1517 5680 1588 5722 est
1609 5669 1738 5735 quod
1767 5669 1834 5720 ait
1858 5669 1976 5736 ipse,
2003 5679 2104 5734 Ego

506 5749 747 5872 “"i'ipiiii
768 5809 841 5852 Er.
866 5803 1012 5866 Lugd.
1032 5809 1086 5852 et
1105 5809 1247 5864 \‘eu.,
1269 5799 1435 5851 audiet
1453 5808 1547 5849 nte.
1600 5801 1661 5846 Ιιο

1397 347 1462 404 ιΝ
1500 342 1778 405 JOANNIS
1816 329 2280 407 summust,
2322 293 2786 398 sannosum

3587 338 3704 402 ιιω

2165 450 2312 506 mine
2336 449 2477 507 Deus
2504 458 2710 518 noster,
2735 448 2864 522 quid
2886 447 3140 524 estquod
3163 447 3310 518 aisti,
3331 448 3446 506 Nisi
3465 449 3703 510 credidert.

2167 543 2232 599 tis
2257 543 2376 615 quia
2417 560 2508 616 ego
2547 560 2662 599 suus
2683 542 2710 595 i
2732 541 2872 611 Quid
2895 542 3039 598 enim
3062 556 3171 599 non
3196 549 3282 599 est
3306 555 3484 599 eorum
3521 559 3624 615 qua:
3643 545 3705 604 fe-

2166 634 2328 690 cisti?
2357 634 2620 706 Numquid
2664 634 2861 690 coelum
2884 649 2994 690 non
3031 634 3153 691 est?
3181 632 3435 705 numquid
3461 641 3586 691 terra
3620 653 3705 694 non

2167 728 2290 783 est?
2318 726 2575 798 numquid
2618 743 2726 783 non
2754 735 2882 783 sunt
2914 741 2978 783 ea
3019 741 3136 797 qua:
3175 725 3231 782 in
3276 734 3415 782 terra
3440 733 3493 784 et
3515 726 3565 782 in
3598 728 3708 785 nmio

2166 820 2333 874 sunt?
2365 817 2621 888 numquid
2645 818 2809 874 homo
2829 818 2942 890 ipse
2965 816 3052 873 cui
3073 817 3309 888 loqueris
3324 831 3430 874 non
3447 817 3560 872 est?
3585 833 3708 873 num-

2165 908 2293 978 quid
2317 909 2536 980 angelus
2562 923 2720 980 quem
2738 907 2909 965 mittis
2931 923 3036 964 non
3062 907 3178 963 est?
3207 904 3267 964 Si
3294 906 3469 962 omnia
3487 917 3600 962 sunt
3619 907 3710 965 hiet:

2167 1013 2286 1067 qua:
2331 1014 2429 1068 per
2457 1006 2510 1055 te
2535 997 2676 1055 facta
2719 1008 2868 1066 sunt,
2897 997 3025 1071 quid
3067 1006 3149 1055 est
3173 996 3319 1070 quod
3349 998 3439 1054 tibi
3480 999 3710 1070 proprium

2167 1092 2415 1162 quiddam
2451 1093 2666 1149 tenuisti
2695 1093 2871 1164 ipsum
2901 1107 3041 1159 esse,
3068 1091 3214 1165 quod
3245 1091 3365 1147 aliis
3393 1105 3496 1147 non
3518 1090 3679 1148 dedisti
3696 1137 3709 1159 ,

2166 1194 2227 1238 ιιι
2251 1193 2306 1240 ιιι
2332 1184 2476 1240 solus
2501 1186 2689 1242 esses?
2718 1184 2853 1241 Nam
2894 1182 3160 1256 quomodo
3187 1182 3369 1250 audio,
3399 1181 3507 1255 Ego
3532 1201 3627 1238 sum
3646 1186 3712 1254 qui

2164 1291 2318 1341 sum;
2361 1277 2511 1347 quasi
2547 1276 2650 1331 alia
2694 1290 2802 1332 non
2829 1275 2978 1331 sint?
3020 1283 3076 1330 et
3112 1271 3384 1346 quomodo
3413 1272 3579 1340 audio,
3620 1272 3712 1328 Nisi

2166 1369 2478 1424 credideritis
2498 1370 2616 1438 quia
2643 1386 2733 1440 ego
2771 1368 2925 1424 sum?
2953 1367 3032 1423 illi
3069 1368 3214 1424 enim
3241 1382 3352 1423 non
3374 1377 3522 1422 erant
3542 1366 3620 1438 qui
3639 1383 3713 1422 au—

2166 1457 2420 1515 diebant?
2449 1459 2519 1515 Et
2547 1460 2593 1515 si
2623 1469 2932 1532 peccatores
2957 1467 3128 1525 erant,
3157 1458 3404 1514 homines
3424 1466 3581 1514 erant.
3605 1457 3713 1525 Quid

2166 1565 2294 1621 ergo
2323 1550 2496 1606 facio?
2546 1549 2685 1618 Quid
2729 1550 2800 1606 sit
2843 1550 3016 1622 ipsum
3054 1564 3196 1614 esse,
3243 1548 3386 1605 dicat
3415 1547 3573 1615 cordi,
3599 1547 3712 1604 intus

2166 1642 2326 1710 dicat,
2355 1643 2496 1698 intus
2521 1643 2800 1713 loquatur;
2831 1641 2992 1697 homo
3011 1639 3239 1697 interior
3265 1638 3464 1705 audiat,
3486 1653 3621 1694 meus
3640 1652 3712 1693 ca.

2167 1733 2278 1804 piat
2301 1748 2427 1789 vere
2467 1748 2587 1789 esse
2617 1750 2631 1786 :
2658 1741 2743 1790 est
2781 1732 2926 1789 enim
2965 1746 3180 1804 semper
3209 1729 3402 1787 eodem
3430 1729 3577 1786 modo
3599 1744 3709 1786 esse.

2172 1824 2303 1896 (Res
2329 1825 2472 1880 enim
2500 1825 2694 1895 aliqua,
2720 1822 2972 1895 quaelibet
3006 1824 3228 1878 omnino
3262 1840 3275 1876 :
3307 1820 3456 1893 quasi
3481 1819 3605 1891 ctepi
3625 1819 3711 1875 dis-

2168 1925 2376 1987 putare,
2421 1923 2477 1972 et
2529 1915 2706 1973 destiti
2749 1929 3023 1986 quaerere;
3062 1912 3209 1970 forte
3236 1911 3379 1984 quod
3417 1911 3580 1967 audivi
3614 1909 3711 1966 volo

2167 2006 2333 2078 loqui,
2365 2007 2566 2062 auditui
2609 2022 2730 2063 meo
2757 2005 2850 2063 det
2887 2006 3303 2062 exsultationem
3347 2013 3402 2060 et
3434 2011 3596 2062 vestro
3618 2017 3711 2058 cum

2169 2099 2377 2171 loquor)
2415 2115 2429 2153 :
2474 2113 2563 2155 res
2606 2098 2750 2154 enim
2795 2096 3078 2169 quaelibet,
3120 2109 3347 2167 prorsus
3389 2093 3712 2167 qualicumque

2169 2189 2504 2258 excellentia,
2535 2189 2581 2244 si
2608 2187 2877 2244 mutabilis
2903 2197 3005 2255 est,
3035 2202 3140 2243 non
3171 2203 3301 2244 vere
3323 2195 3442 2252 est;
3470 2201 3567 2242 non
3598 2186 3712 2241 enim

2169 2289 2251 2336 est
2271 2281 2341 2336 ibi
2365 2297 2548 2337 verum
2568 2295 2707 2348 esse,
2732 2280 2826 2337 ubi
2849 2288 2932 2337 est
2949 2289 3004 2338 et
3027 2295 3136 2336 non
3153 2294 3302 2337 esse.
3329 2277 3579 2351 Quidquid
3595 2278 3709 2335 enim

2168 2371 2362 2426 mutari
2393 2379 2584 2441 potest,
2615 2380 2876 2427 mutatum
2893 2385 3000 2426 non
3027 2378 3113 2426 est
3139 2369 3289 2441 quod
3307 2379 3421 2427 erat
3445 2387 3460 2423 :
3482 2369 3526 2425 si
3543 2383 3632 2424 non
3649 2376 3712 2424 est

2169 2563 2255 2609 est
2291 2552 2490 2624 aliquid
2513 2553 2584 2609 ibi
2610 2552 2754 2624 quod
2780 2563 2916 2622 erat,
2943 2564 2997 2610 et
3021 2567 3129 2610 non
3156 2562 3264 2611 est.
3302 2552 3524 2625 Nigredo
3545 2561 3710 2610 mortua

2171 2654 2256 2702 est
2274 2646 2326 2700 in
2353 2645 2526 2716 capite
2553 2645 2874 2701 albescentis
2891 2645 3056 2712 senis,
3084 2644 3430 2715 pulchritudo
3451 2653 3633 2700 mortua
3648 2650 3712 2700 est

2172 2737 2225 2792 in
2248 2751 2473 2808 corpore
2493 2735 2618 2793 fessi
2643 2745 2698 2791 et
2721 2735 2925 2793 incurvi
2951 2737 3116 2804 senis,
3147 2746 3378 2793 mortua:
3400 2745 3518 2793 sunt
3535 2735 3655 2791 vires
3669 2734 3710 2790 in

2173 2847 2398 2904 corpore
2422 2831 2738 2904 languentis,
2770 2839 2979 2887 mortua
3003 2838 3088 2887 est
3115 2830 3284 2888 statio
3319 2830 3373 2887 in
3396 2843 3602 2902 corpore
3620 2843 3710 2883 am-

2173 2925 2429 2990 bulantis,
2472 2933 2683 2981 mortua
2725 2932 2809 2980 est
2831 2923 3123 2981 ambulatio
3169 2925 3228 2982 in
3269 2938 3486 2997 corpore
3523 2923 3709 2986 stantis.

2174 3027 2384 3073 mortua
2412 3026 2495 3073 est
2530 3017 2816 3072 ambulatio
2843 3025 2900 3073 et
2939 3017 3100 3073 statio
3141 3017 3201 3073 in
3243 3031 3464 3090 corpore
3495 3014 3709 3088 jacentis,

2175 3119 2384 3166 mortua
2413 3117 2496 3165 est
2523 3108 2720 3165 locutio
2748 3108 2802 3164 in
2842 3108 3020 3180 lingua
3048 3108 3282 3165 tacentis
3309 3126 3326 3164 :
3353 3106 3587 3180 quidquid
3619 3119 3711 3161 ιιιιι-

2178 3213 2320 3260 tatur
2343 3212 2398 3259 et
2424 3211 2508 3259 est
2540 3203 2680 3274 quod
2708 3216 2814 3258 non
2839 3209 2975 3270 erat,
3004 3201 3164 3258 video
3195 3202 3271 3258 ibi
3297 3200 3564 3276 quamdam
3586 3198 3712 3254 vitam

2179 3297 2230 3353 in
2260 3313 2326 3353 eo
2348 3297 2492 3368 quod
2529 3305 2628 3363 est,
2657 3305 2714 3352 et
2739 3304 2967 3352 mortem
3007 3295 3062 3350 in
3087 3309 3155 3352 eo
3184 3294 3333 3367 quod
3371 3295 3483 3352 fuit.
3524 3293 3713 3362 Denique

2179 3390 2247 3446 de
2273 3401 2484 3446 mortuo
2508 3404 2629 3445 eum
2657 3387 2868 3455 dicitur,
2903 3373 3003 3444 Ubi
3028 3395 3114 3444 est
3139 3387 3310 3444 homo
3334 3386 3455 3443 ille?
3477 3381 3715 3454 responde-

2180 3490 2286 3549 tur,
2319 3481 2459 3536 Fuit.
2503 3479 2548 3536 0
2588 3480 2786 3536 veritas
2814 3494 2934 3550 qua:
2971 3493 3100 3536 vere
3123 3480 3227 3534 esi
3255 3477 3388 3534 Nam
3427 3477 3479 3534 in
3515 3472 3714 3532 omnibus

2081 3606 2087 3614 -
2181 3572 2482 3629 actionibus
2508 3580 2564 3627 et
2589 3570 2820 3626 motibus
2838 3569 3054 3638 nostris,
3079 3578 3134 3625 et
3161 3570 3217 3626 in
3242 3569 3388 3626 omni
3411 3577 3606 3641 prorsus
3627 3561 3714 3634 agi-

2182 3663 2384 3720 tatione
2410 3669 2669 3719 creaturae
2691 3661 2798 3718 duo
2823 3669 3063 3732 tempora
3091 3661 3335 3729 invenio,
3365 3657 3654 3732 praeteritum
3673 3659 3713 3708 et

2183 3757 2438 3812 futurum.
2472 3755 2715 3811 Praesens
2750 3769 2956 3826 quaero,
2986 3753 3117 3810 nihil
3145 3763 3257 3811 stat
3287 3772 3302 3809 :
3333 3751 3469 3827 quod
3492 3750 3610 3818 dixi,
3628 3746 3712 3818 jam

2187 3865 2294 3905 non
2317 3857 2438 3914 est;
2464 3845 2604 3919 quod
2629 3847 2867 3903 dicturus
2892 3862 3034 3914 sum,
3062 3846 3303 3903 nondum
3327 3855 3410 3903 est
3437 3861 3451 3898 :
3479 3839 3603 3914 quod
3618 3834 3712 3901 fecit

2183 3942 2295 4013 jam
2321 3956 2428 3998 non
2455 3948 2571 4008 est;
2601 3938 2744 4010 quod
2773 3938 3008 4011 facturus
3030 3953 3173 4006 sum,
3219 3937 3452 3994 nondum
3474 3942 3584 3991 est:
3607 3922 3713 4001 quod

2187 4033 2316 4102 vixi,
2353 4033 2464 4103 jam
2489 4046 2594 4087 non
2619 4039 2737 4097 est;
2777 4029 2920 4102 quod
2941 4029 3180 4086 victurus
3223 4045 3364 4096 sum,
3407 4024 3617 4084 nondum
3636 4025 3712 4075 est.

2191 4125 2524 4182 Praeteritum
2553 4132 2610 4180 et
2636 4122 2872 4178 futurum
2895 4121 3109 4178 invenio
3129 4121 3186 4178 in
3215 4121 3361 4178 omni
3385 4127 3523 4176 motu
3542 4124 3710 4172 rerum:

2191 4218 2247 4275 in
2272 4217 2494 4276 veritate
2529 4232 2648 4288 quae
2686 4223 2887 4279 manet.
2919 4213 3250 4286 prateritum
3291 4222 3346 4270 et
3384 4213 3595 4268 futurum
3632 4216 3714 4260 non

2192 4311 2426 4378 invenio,
2458 4309 2554 4366 sed
2581 4309 2754 4365 solum
2782 4322 3038 4380 prmsens,
3077 4315 3133 4364 et
3157 4307 3263 4364 hoc
3285 4299 3710 4376 incorruptibiliteri

2193 4402 2336 4476 quod
2355 4404 2408 4460 in
2433 4411 2678 4458 creatura
2715 4415 2823 4456 non
2846 4409 2949 4456 est.
2979 4399 3192 4457 Discute
3215 4416 3394 4458 rerum
3417 4393 3709 4455 mutationesi

2195 4495 2435 4552 invenies
2458 4493 2582 4549 Fuit
2603 4501 2657 4550 et
2683 4493 2798 4548 Erit
2828 4509 2840 4546 :
2873 4492 3048 4564 cogita
3073 4491 3261 4561 Deum,
3291 4490 3516 4549 invenies
3534 4486 3628 4549 Est,
3647 4476 3712 4535 ubi

2197 4587 2320 4644 Fuit
2339 4595 2397 4645 et
2428 4586 2545 4642 Erit
2569 4599 2689 4642 esse
2730 4599 2837 4643 non
2864 4585 3053 4656 possit.
3085 4584 3154 4643 Ut
3177 4601 3308 4658 ergo
3332 4595 3387 4644 et
3412 4591 3468 4640 tu
3492 4582 3574 4645 sis,
3599 4586 3710 4632 tran-

2197 4678 2393 4736 scende
2413 4687 2640 4748 tempus.
2653 4675 2760 4733 Sed
2782 4676 2900 4745 quis
2921 4676 3259 4734 transcendet
3272 4676 3466 4732 viribus
3487 4669 3618 4728 suis?
3637 4665 3714 4720 Le-

2196 4781 2287 4830 vet
2322 4771 2449 4828 illuc
2474 4771 2564 4827 ille
2587 4770 2676 4842 qui
2713 4769 2856 4826 Patri
2879 4768 3032 4838 dixit,
3072 4768 3201 4826 Volo
3225 4779 3282 4825 ut
3316 4768 3399 4824 ubi
3424 4783 3507 4840 ego
3536 4777 3644 4826 sum,
3678 4761 3712 4807 ιε

2197 4866 2298 4939 ipsi
2321 4866 2422 4921 sint
2447 4880 2658 4920 mecum.
2703 4863 2816 4918 Hoc
2844 4863 3023 4937 itaque
3049 4865 3362 4934 promittens
3386 4877 3452 4918 ne
3477 4855 3711 4939 moriamur

2199 4935 2254 5014 iu
2295 4955 2526 5028 peccatis
2554 4953 2768 5020 nostris,
2800 4935 2950 5008 nihil
2972 4952 3115 5008 aliud
3143 4953 3395 5010 Dominus
3419 4950 3559 5006 Jesus
3590 4935 3709 4997 Chri-

2198 5059 2315 5108 stus
2337 5048 2469 5106 mihi
2494 5046 2703 5104 videtur
2745 5045 2831 5101 his
2857 5043 3035 5102 verbis
3066 5044 3285 5114 dixisse,
3318 5043 3432 5101 Nisi
3455 5028 3708 5096 credideritis

2199 5143 2319 5213 quia
2353 5157 2444 5212 ego
2487 5155 2600 5195 sum
2626 5154 2644 5192 :
2668 5151 2890 5209 prorsus
2928 5135 3059 5191 nihil
3086 5135 3230 5193 aliud
3269 5133 3398 5192 mihi
3440 5128 3619 5186 videtur
3647 5116 3707 5174 llis

2198 5235 2377 5292 verbis
2395 5231 2593 5290 dixisse
2607 5245 2766 5303 quam
2785 5228 2909 5296 hoc,
2933 5227 3059 5285 Nisi
3069 5228 3372 5285 credideritis
3387 5224 3497 5298 quia
3510 5233 3588 5292 ego
3601 5215 3708 5303 Delli

2199 5345 2330 5395 sum,
2360 5302 2642 5383 moriemini
2667 5325 2722 5379 in
2750 5321 2966 5395 peccatis
2992 5321 3183 5378 vestris.
3213 5321 3371 5388 Bene,
3397 5317 3498 5372 Deo
3530 5302 3703 5406 gratiis:

2201 5419 2327 5492 quia
2349 5418 2501 5488 dixit,
2532 5417 2653 5473 Nisi
2677 5417 3030 5474 credideritis:
3055 5431 3162 5472 non
3189 5414 3336 5478 dixit,
3361 5407 3465 5467 Nisi
3486 5402 3704 5493 ceperit}?-

2203 5482 2332 5582 Quis
2359 5482 2502 5570 enim
2531 5510 2634 5567 hoc
2658 5510 2872 5582 capiat?
2899 5509 3005 5565 Aut
3032 5525 3175 5574 vere,
3201 5507 3318 5579 quia
3343 5512 3492 5559 ausus
3512 5504 3609 5582 still!
3637 5482 3704 5582 ἀί·

2204 5568 2346 5675 ἔοι-θ,
2376 5614 2432 5661 et
2468 5604 2566 5661 visi
2603 5568 2740 5660 estis
2760 5602 3055 5674 intelligere
3082 5604 3122 5670 ι,
3150 5568 3338 5670 aliquid
3364 5596 3425 5649 de
3451 5594 3572 5645 tanta
3595 5568 3702 5634 inel-

2278 5813 2288 5837 ι
2319 5813 2444 5869 t.ov.,
2471 5812 2514 5857 et
2536 5804 2646 5857 nisi.
2669 5813 2723 5856 At
2747 5804 2863 5858 editi
2887 5804 2966 5856 alii
3000 5811 3053 5857 et
3082 5810 3208 5866 uss,
3236 5793 3340 5852 visi.
