3916 6406
70 4603 92 5112 Ι

217 435 331 494 1681

211 538 454 614 fabilitate
473 552 734 628 cepistis?
759 549 818 608 Si
840 563 972 624 ergo
998 562 1104 607 non
1131 547 1300 620 capis,
1329 545 1462 602 fides
1486 553 1539 600 te
1565 542 1774 598 liberat.

211 648 326 708 Ideo
341 657 394 705 et
415 647 673 705 Dominus
696 661 806 701 non
825 643 921 713 ait,
946 641 1060 699 Nisi
1088 638 1341 712 ceperitis
1363 637 1486 710 quia
1511 648 1612 708 ego
1636 648 1780 698 sum;

211 741 297 799 sed
313 739 452 812 quod
481 744 731 811 poterant
743 735 897 804 dixit,
919 732 1040 790 Nisi
1064 731 1376 788 credideritis
1398 731 1518 802 quia
1537 746 1629 802 ego
1647 744 1782 795 sum,

211 832 480 890 moriemini
501 831 558 887 in
585 829 800 904 peccatis
823 827 1019 884 vestris.

274 926 357 981 11.
397 923 468 980 Ει
492 923 571 980 illi
599 935 815 993 semper
840 928 1052 977 terrena
1079 917 1349 990 sapientes
1377 925 1432 973 et
1453 929 1670 987 semper
1695 927 1785 971 se-

212 1015 428 1074 cundum
475 1029 692 1072 carnem
722 1013 998 1070 audientes
1037 1021 1094 1068 et
1120 1010 1526 1083 respondentes,
1571 1007 1700 1080 quid
1737 1008 1788 1063 ei

212 1110 492 1167 dixerunt?
530 1108 607 1164 Tu
645 1109 758 1181 quis
784 1109 879 1165 es?
916 1107 1034 1164 Non
1071 1107 1214 1163 enim
1259 1121 1381 1162 cum
1423 1103 1624 1170 dixisti,
1671 1102 1791 1158 Nisi

215 1201 513 1258 credideritis
560 1201 679 1272 quia
721 1217 812 1272 ego
835 1216 970 1267 sunt,
1005 1197 1259 1256 addidisti
1286 1196 1412 1269 quid
1440 1211 1609 1254 esses.
1657 1195 1791 1264 Quis

219 1308 290 1360 es,
315 1301 370 1349 ut
407 1290 726 1349 credamus?
750 1291 820 1346 Et
847 1291 957 1359 ille,
991 1289 1331 1363 Principium.
1372 1288 1515 1344 Ecce
1539 1286 1682 1359 quod
1707 1295 1791 1343 est

224 1399 346 1444 esse.
369 1383 692 1456 Principium
717 1383 915 1439 mutari
939 1397 1048 1439 non
1071 1390 1284 1454 potest:
1313 1379 1629 1452 principium
1651 1379 1706 1434 in
1731 1393 1792 1434 se

227 1489 407 1544 manet,
433 1485 488 1534 et
513 1476 732 1533 innovat
755 1475 936 1532 omnia
965 1491 981 1543 ;
1011 1473 1326 1545 principium
1355 1479 1457 1539 est,
1485 1470 1569 1527 cui
1589 1470 1791 1526 dictum

232 1581 319 1637 est,
343 1567 419 1625 Tu
456 1577 626 1624 autem
648 1567 783 1624 idem
811 1569 920 1640 ipse
959 1583 1031 1634 es,
1061 1574 1109 1622 et
1151 1565 1274 1621 anni
1316 1564 1391 1619 tui
1415 1579 1518 1619 non
1558 1561 1793 1632 deﬁcient

235 1661 384 1733 (Psot.
410 1677 480 1727 et,
507 1660 622 1734 28).
655 1659 1000 1732 Principium,
1025 1660 1118 1726 ait,
1152 1660 1270 1726 quia
1310 1660 1328 1692 ⁸
1348 1667 1396 1714 et
1425 1657 1606 1730 loquor
1630 1656 1790 1713 vobis.

237 1753 526 1824 Principium
554 1767 642 1808 me
668 1751 894 1820 credite,
922 1766 991 1808 ne
1016 1750 1318 1807 moriemini
1344 1750 1397 1806 in
1439 1750 1672 1820 peccatis
1695 1764 1790 1806 ve—

235 1845 359 1900 stris.
383 1843 650 1915 Tanquam
674 1845 817 1899 enim
837 1842 890 1899 in
913 1858 979 1899 eo
1004 1841 1147 1914 quod
1174 1841 1443 1908 dixerunt,
1462 1839 1542 1895 Tu
1566 1841 1680 1913 quis
1697 1857 1750 1896 es
1768 1842 1794 1896 .9

235 1935 348 1992 nihil
387 1935 522 1992 aliud
559 1935 794 1992 dixerint
830 1950 1010 2007 quam,
1053 1934 1193 2004 Quid
1225 1943 1274 1990 te
1315 1947 1436 1991 esse
1481 1933 1794 1990 credimus?

235 2026 499 2099 respondit,
526 2025 848 2098 Principium
870 2045 889 2093 ;
916 2025 968 2082 id
991 2034 1092 2091 est,
1118 2025 1438 2097 Principium
1458 2040 1545 2082 me
1566 2025 1790 2082 credite.

238 2118 287 2174 ln
308 2133 468 2190 greco
493 2134 723 2188 namque
750 2119 964 2190 eloquio
1003 2118 1344 2185 discernitur,
1376 2117 1518 2188 quod
1556 2132 1664 2173 non
1693 2133 1794 2189 po-

235 2220 325 2267 test
350 2211 397 2266 in
421 2211 601 2267 latino.
635 2210 788 2282 Apud
815 2226 1020 2282 graecos
1048 2212 1192 2268 enim
1214 2210 1454 2268 feminini
1480 2211 1692 2282 generis
1712 2222 1797 2269 est

235 2304 542 2375 principium,
570 2303 710 2360 sicut
735 2302 874 2374 apud
906 2317 1004 2360 nos
1041 2303 1128 2359 lex
1154 2304 1368 2375 generis
1402 2301 1642 2359 feminini
1672 2312 1794 2374 est,

236 2411 338 2466 qua:
357 2397 486 2467 apud
521 2395 645 2451 illos
670 2404 755 2450 εει
780 2395 1057 2451 masculini
1087 2413 1100 2448 :
1132 2395 1270 2451 sicut
1294 2395 1552 2466 sapientia
1577 2405 1633 2452 et
1654 2395 1796 2467 apud

235 2500 323 2543 nos
343 2496 392 2543 et
410 2486 543 2559 apud
565 2486 690 2542 illos
715 2487 928 2558 generis
946 2485 1187 2542 feminini
1212 2497 1314 2542 εει.
1344 2484 1688 2545 Consuetudo
1713 2488 1796 2543 lo-

237 2579 438 2635 cutionis
457 2578 577 2636 ideo
601 2595 698 2652 per
729 2579 968 2636 diversas
990 2580 1197 2652 linguas
1225 2581 1394 2636 variat
1416 2597 1612 2652 genera
1638 2596 1798 2637 voca-

236 2671 475 2740 bulorum,
495 2671 618 2743 quia
648 2671 702 2727 in
725 2671 856 2742 ipsis
882 2669 1048 2727 rebus
1073 2685 1180 2727 non
1209 2671 1416 2728 invenis
1443 2687 1649 2728 sexum.
1679 2671 1797 2728 Non

235 2763 362 2818 enim
387 2764 638 2834 sapientia
666 2777 795 2819 vere
820 2763 1018 2818 femina
1046 2773 1151 2830 est,
1195 2778 1318 2819 cum
1344 2763 1586 2818 Christus
1612 2764 1682 2818 sit
1706 2764 1800 2819 Dei

232 2855 477 2928 Sapientia
501 2857 547 2929 (l
577 2856 694 2914 Cor.
725 2873 763 2922 ι,
792 2857 909 2928 24).
941 2865 997 2914 ει
1019 2856 1266 2914 Christus
1289 2857 1584 2929 appelletur
1605 2873 1802 2929 genere

230 2949 525 3016 niasculino,
571 2948 832 3019 sapientia
880 2947 1157 3004 feminino.
1205 2948 1342 3004 Cum
1393 2963 1523 3020 ergo
1560 2949 1804 3006 dicerent

226 3037 404 3107 Judtei,
436 3039 511 3095 Tu
534 3041 647 3112 quis
686 3041 780 3095 es?
807 3038 900 3094 ille
928 3041 1020 3110 qui
1048 3041 1252 3096 sciebat
1288 3055 1408 3097 esse
1445 3040 1517 3096 ibi
1543 3040 1802 3112 quosdam

227 3132 527 3200 credituros,
552 3140 609 3188 et
625 3132 746 3188 ideo
770 3131 989 3200 dixisse,
1017 3131 1097 3186 Tu
1121 3133 1234 3204 quis
1256 3135 1347 3189 es?
1375 3142 1432 3188 ut
1457 3133 1654 3189 scirent
1677 3133 1805 3204 quid

230 3224 373 3279 illum
408 3224 624 3280 credere
649 3223 929 3293 deberent,
969 3225 1264 3296 respondit,
1299 3225 1617 3297 Principium
1647 3244 1666 3280 :
1696 3243 1804 3282 non

233 3323 470 3384 tanquam
505 3316 724 3383 diceret,
767 3316 1088 3388 Principium
1119 3333 1272 3382 sum;
1303 3317 1398 3373 sed
1441 3326 1691 3389 tanquam
1717 3319 1804 3374 di-

237 3415 394 3473 ceret,
413 3408 722 3481 Principium
739 3425 825 3466 me
844 3409 1065 3466 credite.
1089 3409 1243 3478 Quod
1270 3411 1323 3466 in
1340 3427 1587 3468 sermone
1603 3427 1803 3483 graeco,

236 3510 292 3556 ut
330 3502 450 3569 dixi,
492 3503 764 3560 evidenter
791 3512 1032 3574 apparet,
1075 3503 1163 3559 ubi
1208 3503 1444 3560 feminini
1485 3505 1698 3576 generis
1723 3513 1808 3561 εει

239 3593 532 3664 principium
558 3594 658 3666 (a).
703 3593 863 3651 Velut
899 3595 947 3651 si
974 3595 1131 3652 vellet
1173 3595 1352 3652 dicere
1380 3611 1440 3652 se
1467 3611 1587 3655 esse
1611 3599 1807 3655 verita-

242 3694 358 3754 tem,
395 3697 446 3742 et
482 3687 798 3755 dicentibus,
842 3687 920 3742 Tu
948 3689 1058 3759 quis
1083 3689 1176 3743 es?
1201 3688 1569 3760 responderet,
1597 3691 1807 3748 Veritao

244 3787 338 3833 tem
361 3797 374 3845 ;
399 3795 513 3836 cum
539 3780 780 3836 videatur
803 3779 870 3836 ad
893 3779 944 3835 id
967 3780 1107 3851 quod
1132 3781 1331 3838 dictum
1357 3793 1460 3851 est,
1486 3782 1567 3838 Tu
1590 3785 1702 3857 quis
1720 3786 1808 3840 es?

245 3870 543 3940 respondere
588 3871 857 3938 debuisse,
903 3870 1149 3939 Veritas;
1181 3871 1234 3926 id
1279 3881 1382 3941 est,
1416 3874 1625 3930 Veritas
1664 3890 1804 3931 sum.

245 3959 340 4018 Sed
361 3963 507 4020 altius
528 3964 828 4036 respondit,
858 3979 978 4020 cum
1006 3964 1212 4022 videret
1238 3979 1332 4021 eos
1356 3967 1424 4021 ita
1465 3967 1685 4034 dixisse,
1730 3966 1808 4022 Tu

247 4055 346 4123 quis
369 4056 457 4110 es?
481 4071 543 4112 ac
583 4056 626 4112 si
673 4055 934 4121 dicerent,
965 4055 1224 4124 Quoniam
1255 4057 1350 4112 abs
1377 4064 1430 4112 te
1471 4057 1768 4113 audivimus
1788 4100 1806 4127 ,

254 4142 359 4202 Nisi
373 4148 674 4203 credideritis
692 4149 812 4218 quia
834 4164 926 4220 ego
953 4165 1086 4214 sum,
1118 4148 1243 4219 quid
1271 4158 1325 4204 te
1351 4163 1470 4205 esse
1497 4149 1809 4207 credemus?

252 4235 312 4290 ad
333 4236 422 4294 hoc
442 4238 731 4310 respondit,
759 4237 1080 4309 Principium
1102 4257 1120 4293 :
1143 4249 1392 4310 tanquam
1411 4239 1633 4309 diceret,
1658 4242 1812 4298 Prin-

254 4329 423 4400 cipium
441 4348 524 4389 me
551 4331 774 4388 credite.
805 4331 876 4387 Et
896 4331 1119 4396 addidit,
1147 4333 1266 4404 quia
1286 4342 1332 4386 et
1352 4333 1531 4404 loquor
1554 4334 1690 4390 vobis
1717 4353 1735 4389 :
1757 4334 1811 4391 id

254 4430 345 4488 est,
381 4424 490 4494 quia
518 4423 736 4479 humilis
782 4432 998 4494 propter
1039 4438 1135 4478 vos
1165 4423 1352 4490 factus,
1395 4423 1462 4479 ad
1505 4425 1602 4481 ista
1648 4426 1810 4482 verba

253 4510 496 4570 descendi.
524 4515 659 4572 Nam
699 4515 744 4570 si
783 4515 1096 4586 principium
1126 4515 1278 4572 sicuti
1323 4524 1424 4583 est,
1470 4517 1540 4572 ita
1571 4528 1813 4574 maneret

254 4606 375 4675 apud
399 4607 624 4676 Patrem,
656 4618 844 4664 utnon
872 4608 1136 4678 acciperet
1161 4608 1384 4663 formam
1410 4609 1549 4664 servi
1575 4620 1628 4666 et
1648 4610 1812 4666 homo

255 4695 529 4769 loquentur
571 4700 915 4768 hominibus;
941 4701 1207 4771 quomodo
1248 4701 1297 4758 ei
1344 4702 1644 4765 crederent,
1689 4719 1810 4758 cum

256 4789 438 4850 inlirma
463 4794 622 4850 corda
648 4794 974 4864 intelligibile
1003 4793 1234 4850 Verbum
1273 4795 1390 4850 sine
1421 4810 1552 4851 voce
1576 4796 1812 4852 sensibili

254 4883 416 4942 audire
454 4900 558 4942 non
603 4886 864 4958 possent?
909 4885 1069 4957 Ergo,
1101 4885 1290 4956 inquit,
1334 4887 1535 4943 credite
1577 4903 1663 4944 me
1692 4903 1814 4946 esse

253 4975 544 5049 principium
568 4995 584 5046 ;
615 4979 756 5050 quia,
789 4986 845 5033 ut
870 4978 1116 5044 credatis,
1147 4993 1254 5034 non
1280 4981 1448 5036 solum
1473 4996 1614 5050 sum,
1640 4982 1734 5039 sed
1760 4993 1816 5040 et

253 5065 420 5136 loquor
455 5070 623 5127 vobis.
675 5069 782 5127 Sed
819 5070 886 5126 de
929 5070 1027 5125 hac
1057 5085 1116 5126 re
1152 5071 1262 5140 jam
1294 5073 1515 5128 multum
1543 5083 1626 5130 est
1668 5076 1814 5146 loqui

251 5159 385 5216 vobis
410 5180 424 5218 :
452 5162 655 5234 placeat
677 5164 857 5234 itaque
879 5159 1135 5217 Charitati
1160 5173 1350 5218 vestrae
1379 5174 1435 5219 ut
1459 5165 1603 5235 quod
1622 5177 1809 5238 restat,

253 5248 331 5308 illo
351 5253 628 5326 adiuvante
653 5267 948 5319 servemus,
989 5254 1223 5310 crastino
1247 5254 1523 5312 reddituri.

675 5387 1085 5449 TRACTATUS
1122 5390 1365 5447 XXXIX.

253 5500 316 5555 Ab
341 5518 394 5558 eo
421 5504 556 5578 quod
580 5504 826 5575 scriptum
864 5513 956 5573 est,
1003 5503 1166 5561 Multa
1191 5507 1362 5563 habeo
1387 5507 1453 5564 de
1482 5507 1631 5565 vobis
1670 5512 1812 5584 loqui

310 5641 327 5674 ί
345 5639 476 5702 Editi,
496 5640 596 5707 qui.
618 5648 675 5693 At
693 5641 918 5706 plerique
941 5649 1065 5704 Mss,
1090 5642 1204 5706 quia
1229 5656 1246 5693 :
1265 5643 1401 5706 juxta
1418 5659 1646 5709 graecum,
1669 5647 1750 5700 oti.

306 5723 372 5787 (α)
389 5731 437 5798 in
463 5738 630 5848 ἓξὲξ
649 5733 726 5777 εει
741 5726 1056 5802 ténat'chén;
1079 5727 1206 5800 quod
1229 5730 1471 5799 nonnullis
1503 5732 1718 5783 adverbii
1735 5748 1816 5785 so-

306 5797 353 5834 m
369 5787 445 5837 lue
661 5797 717 5838 ut
745 5795 920 5839 Latinis
953 5802 1191 5848 prompto
1228 5799 1279 5840 ot
1315 5804 1524 5848 primum
1547 5806 1564 5843 :
1588 5796 1658 5845 sic
1678 5805 1816 5848 certe

254 5787 445 5854 humide
463 5787 630 5854 habet,
661 5797 717 5838 ut
745 5790 920 5854 Latinis
953 5787 1199 5854 praccipio
1228 5799 1280 5854 et
1315 5791 1524 5854 primum
1547 5806 1564 5843 :
1588 5796 1658 5845 sic
1678 5805 1816 5849 certe

257 5848 438 5918 annalist
455 5849 798 5914 Chrysostomo.
827 5858 879 5902 Αι
901 5848 1283 5916 interpretationi
1298 5848 1544 5922 Augustini
1567 5856 1696 5910 favet
1717 5848 1817 5918 am-

259 5903 442 5972 brosius,
461 5911 741 5973 Bernartius,
767 5921 860 5967 etc.

1258 423 1670 487 TBACTATUS
1706 417 1954 479 XXXIX.
2004 417 2230 477 CAPUT
2274 417 2410 476 VIII.

3333 412 3367 501 ⁵1
3377 405 3483 467 68%

1957 545 2011 592 et
2041 537 2313 608 judicare;
2342 552 2498 607 usque
2516 537 2584 590 ad
2609 535 2710 604 id,,
2736 533 2804 590 Et
2827 547 2934 588 non
2967 537 3331 602 cognoverunt
3359 530 3485 599 quia

1961 630 2172 687 Patrem
2192 631 2310 701 ejus
2323 630 2535 687 dicebat
2560 629 2748 686 Deum.
2781 627 2908 696 Cap.
2935 640 3050 693 vui,
3089 625 3124 695 7
3149 663 3163 677 .
3192 623 3285 692 26,
3315 624 3406 679 27.

1963 746 2014 800 1.
2055 743 2231 800 Verba
2273 744 2485 799 Domini
2529 741 2696 798 nostri
2738 739 2864 796 .lesu
2904 737 3101 795 Christi
3139 752 3258 810 qua:
3297 735 3484 793 habuit

1891 843 2012 884 cum
2053 827 2273 896 ludatis,
2321 828 2394 884 ita
2435 825 2722 883 moderans
2755 824 3020 896 loquelam
3065 836 3234 889 suam,
3269 830 3329 877 ut
3353 820 3491 876 caeci

1892 939 2000 981 non
2025 922 2296 989 viderent,
2327 928 2383 976 et
2410 919 2596 977 fideles
2637 918 2821 975 oculos
2847 917 3136 988 aperirent,
3167 930 3287 986 quae
3325 912 3489 969 hodie

1894 1015 1963 1071 de
2003 1023 2190 1070 sancto
2233 1013 2524 1084 Evangelio
2551 1012 2768 1068 recitata
2799 1019 2943 1074 sunt,
2984 1009 3084 1065 ista
3129 1016 3255 1064 sunt
3287 1025 3300 1062 :
3331 1004 3488 1062 Dice-

1894 1108 2014 1164 bant
2032 1123 2151 1179 ergo
2169 1104 2364 1169 Judaei,
2385 1105 2467 1160 Tu
2488 1105 2600 1176 quis
2619 1122 2671 1160 es
2689 1105 2714 1159 ?
2735 1104 2868 1174 Quia
2896 1103 3102 1159 dixerat
3119 1116 3282 1173 supra
3307 1099 3490 1156 Domi-

1895 1217 2018 1269 nus,
2044 1201 2163 1257 Nisi
2186 1201 2497 1256 crcdideritis
2518 1201 2636 1271 quia
2654 1216 2743 1271 ego
2765 1215 2900 1264 sum,
2927 1196 3209 1252 moriemini
3233 1195 3288 1249 in
3314 1209 3492 1265 pecca-

1897 1298 1962 1352 tis
1981 1297 2153 1352 vestris
2175 1295 2352 1368 (Joan.
2381 1311 2496 1360 vui,
2521 1293 2614 1359 25,
2640 1293 2753 1362 24).
2783 1293 2865 1348 Ad
2884 1291 2986 1348 hoc
3007 1305 3135 1362 ergo
3155 1289 3250 1356 illi,
3276 1287 3357 1342 Tu
3377 1287 3491 1360 quis

1898 1391 1992 1445 es?
2019 1389 2183 1445 veluti
2209 1397 2508 1461 quaerentes
2528 1402 2685 1443 nosse
2713 1387 2766 1442 in
2792 1402 2950 1458 quem
2971 1385 3226 1441 deberent
3243 1382 3490 1449 credere,

1899 1499 1969 1539 ne
1997 1482 2050 1538 in
2081 1496 2179 1538 suo
2201 1490 2419 1554 peccato
2443 1488 2802 1536 morerentur.
2833 1476 3130 1549 Respondit
3153 1474 3454 1533 dicentibus
3472 1515 3491 1541 ,

1902 1575 1980 1630 Tu
2006 1576 2118 1646 quis
2137 1574 2230 1630 es?
2257 1583 2312 1630 et
2336 1574 2430 1641 ait,
2456 1571 2792 1642 Principium,
2824 1571 2944 1642 quia
2969 1579 3015 1625 et
3039 1570 3217 1641 loquor
3242 1567 3401 1624 vobis.
3432 1566 3496 1623 Si

1899 1683 1962 1725 se
1980 1667 2114 1723 dixit
2137 1667 2393 1722 Dominus
2416 1679 2538 1721 esse
2563 1663 2902 1734 principium,
2924 1661 3089 1733 quaeri
3115 1668 3291 1731 potest
3310 1666 3494 1715 utrum

1901 1767 1956 1815 et
1984 1757 2144 1814 Pater
2162 1755 2478 1829 principium
2505 1755 2594 1811 sit.
2620 1753 2677 1811 Si
2703 1753 2844 1810 enim
2875 1751 3044 1808 Filisu
3071 1750 3389 1823 principium
3410 1758 3497 1804 est

1901 1851 1991 1922 qui
2019 1848 2182 1906 habet
2223 1849 2457 1914 Patrem,
2499 1857 2699 1920 quanto
2743 1845 2950 1902 facilius
2997 1843 3370 1916 intelligendus
3411 1852 3497 1899 est

1899 1942 2044 1998 Deus
2068 1941 2227 1997 Pater
2243 1956 2365 1997 esse
2385 1941 2726 2012 principium,
2757 1938 2846 2010 qui
2875 1936 3036 1993 habet
3060 1935 3275 2008 quidem
3295 1935 3498 1994 Filium

1901 2033 1988 2090 cui
2016 2032 2177 2089 Pater
2204 2033 2294 2099 sit,
2324 2030 2420 2088 sed
2448 2046 2555 2088 non
2584 2030 2747 2088 habet
2770 2030 2840 2086 de
2867 2043 2973 2100 quo
2997 2028 3108 2085 sit?
3145 2027 3314 2082 Filius
3350 2026 3498 2083 enim

1900 2125 2077 2181 Patris
2101 2132 2186 2180 est
2211 2123 2399 2189 Filius,
2441 2130 2497 2178 et
2521 2122 2677 2178 Pater
2700 2122 2885 2192 utique
2908 2120 3030 2176 Filii
3069 2119 3228 2176 Pater
3249 2127 3334 2175 est
3361 2137 3374 2174 :
3402 2117 3502 2174 sed

1902 2217 2049 2274 Deus
2076 2215 2144 2274 de
2187 2216 2299 2272 Deo
2339 2214 2509 2272 Filius
2532 2213 2739 2280 dicitur,
2773 2213 2955 2269 lumen
2993 2211 3062 2268 de
3088 2209 3288 2266 lumine
3332 2207 3501 2267 Filius

1903 2308 2325 2366 dicitur:Pater
2369 2306 2565 2363 dicitur
2612 2307 2815 2367 lumen,
2863 2303 2958 2360 sed
3001 2317 3106 2358 non
3143 2301 3213 2358 de
3257 2301 3495 2366 lumine;

1903 2402 2065 2460 Pater
2091 2401 2284 2458 dicitur
2310 2399 2470 2465 Deus,
2500 2397 2597 2454 sed
2623 2413 2728 2453 non
2753 2395 2821 2452 de
2848 2395 2983 2452 Deo.
3019 2393 3077 2451 Si
3101 2409 3231 2466 ergo
3256 2393 3400 2450 Deus
3427 2391 3500 2449 de

1905 2491 2039 2560 Deo,
2061 2492 2241 2547 lumen
2267 2490 2335 2546 de
2361 2489 2561 2546 lumine
2582 2487 2898 2560 principium
2922 2494 3007 2544 est
3028 2503 3043 2553 ;
3070 2494 3269 2558 quanto
3289 2484 3499 2541 facilius

1905 2583 2217 2656 intelligitur
2243 2579 2560 2653 principium
2602 2579 2782 2635 lumen
2818 2578 2887 2635 de
2912 2593 3018 2649 quo
3047 2577 3244 2643 lumen,
3275 2585 3329 2632 et
3355 2575 3503 2632 Deus

1907 2675 1975 2732 de
2013 2690 2121 2747 quo
2147 2673 2328 2730 Deus?
2357 2671 2578 2730 Videtur
2612 2672 2789 2742 itaque
2813 2668 3123 2737 absurdum,
3162 2667 3460 2726 charissimi
3483 2711 3502 2738 ,

1906 2778 1969 2826 ut
1990 2767 2186 2825 Filium
2211 2768 2454 2824 dicamus
2480 2765 2820 2838 principium,
2853 2773 2909 2822 et
2935 2763 3151 2821 Patrem
3181 2762 3505 2836 principium

1909 2875 2017 2916 non
2041 2859 2302 2917 dicamus.

1978 2952 2034 3007 2.
2057 2950 2164 3008 Sed
2184 2951 2310 3024 quid
2334 2951 2592 3023 agemus?
2615 2949 2871 3023 numquid
2891 2949 3001 3006 duo
3019 2958 3177 3007 erunt
3200 2947 3500 3021 principia?

1910 3044 2218 3102 Cavendum
2245 3054 2329 3100 est
2347 3043 2450 3100 hoc
2471 3043 2671 3100 dicere.
2691 3043 2827 3112 Quid
2850 3043 3019 3115 ergo?
3039 3043 3086 3099 si
3105 3051 3159 3099 ει
3180 3043 3338 3100 Pater
3354 3043 3506 3116 prin-

1911 3138 2110 3210 cipium
2133 3145 2188 3192 et
2213 3136 2384 3192 Filius
2413 3136 2750 3208 principium,
2784 3135 3054 3208 quomodo
3077 3151 3186 3193 non
3214 3136 3322 3193 duo
3346 3138 3499 3210 priu-

1911 3232 2083 3304 cipia?
2122 3230 2401 3300 Quomodo
2441 3230 2668 3286 dicimus
2717 3229 2934 3286 Patrem
2983 3229 3155 3287 Deum
3206 3240 3262 3286 et
3308 3229 3508 3288 Filium

1913 3325 2103 3392 Deum,
2131 3339 2232 3380 nec
2257 3333 2437 3380 tamen
2469 3322 2696 3378 dicimus
2731 3320 2868 3378 duos
2891 3322 3044 3379 deos.
3071 3321 3230 3379 Nefas
3253 3331 3336 3380 est
3361 3323 3507 3378 enim

1913 3417 2096 3473 dicere
2124 3415 2260 3471 duos
2286 3413 2439 3479 deos,
2457 3413 2609 3470 nefas
2634 3422 2721 3471 est
2738 3413 2918 3472 dicere
2938 3424 3049 3471 tres
3072 3415 3202 3473 deos
3228 3425 3312 3473 :et
3328 3427 3508 3472 tamen

1913 3507 2005 3579 qui
2046 3505 2206 3563 Pater
2234 3513 2336 3572 est,
2371 3520 2476 3561 non
2507 3513 2590 3561 est
2611 3504 2811 3573 Filius;
2842 3506 2934 3577 qui
2960 3505 3130 3562 Filius
3155 3515 3258 3574 est,
3289 3522 3393 3562 non
3423 3518 3511 3563 est

1912 3598 2105 3654 Pater:
2125 3596 2356 3669 Spiritus
2380 3605 2558 3652 autem
2588 3605 2804 3651 sanctus
2827 3596 3003 3652 Patris
3023 3611 3081 3652 et
3101 3597 3222 3652 Filii
3251 3596 3503 3667 Spiritus,

1914 3697 2016 3739 nec
2058 3681 2219 3738 Pater
2253 3690 2340 3737 est
2377 3695 2479 3736 nec
2503 3679 2693 3736 Filius.
2729 3678 2983 3748 Quamvis
3012 3696 3160 3752 ergo,
3185 3681 3323 3736 sicut
3347 3697 3506 3740 aures

1913 3773 2192 3830 catholicae
2231 3781 2357 3830 sunt
2392 3771 2615 3829 eruditae
2663 3772 2717 3828 in
2760 3772 2966 3844 gremio
3010 3773 3196 3828 matris
3230 3773 3504 3842 Ecclesiae,

1913 3879 2016 3920 nec
2046 3865 2136 3920 ille
2163 3866 2252 3936 qui
2279 3874 2362 3920 est
2385 3865 2545 3921 Pater
2564 3867 2635 3920 sit
2661 3863 2850 3932 Filius,
2875 3879 2974 3920 nec
3000 3864 3090 3920 ille
3118 3864 3208 3936 qui
3232 3874 3314 3920 est
3338 3863 3504 3921 Filius

1915 3955 1985 4011 sit
2027 3954 2204 4023 Pater,
2234 3969 2334 4011 nec
2377 3954 2606 4025 Spiritus
2644 3963 2860 4010 sanctus
2899 3954 3072 4011 Patris
3095 3965 3150 4012 et
3176 3955 3297 4012 Filii
3325 3955 3394 4012 sit
3425 3957 3509 4014 vel

1913 4045 2084 4103 Filius
2107 4046 2190 4102 vel
2220 4046 2397 4112 Pater,
2426 4054 2537 4102 tres
2565 4046 2696 4102 deos
2722 4054 2900 4102 tamen
2943 4060 3065 4102 esse
3103 4062 3208 4102 non
3236 4045 3500 4108 dicimus:

1917 4140 2159 4212 quamvis
2189 4138 2256 4196 de
2280 4139 2504 4210 singulis
2529 4139 2575 4195 si
2601 4148 2891 4209 quaaratur,
2915 4153 3135 4196 necesse
3159 4148 3242 4196 est
3268 4139 3336 4196 de
3365 4155 3504 4211 quo-

1916 4248 2144 4304 cumque
2166 4232 2480 4302 interrogati
2505 4231 2786 4299 fuerimus,
2819 4232 2986 4288 Deum
3012 4247 3133 4289 esse
3161 4233 3443 4289 fateamur.

1988 4325 2040 4379 5.
2071 4323 2142 4379 Ει
2179 4321 2409 4380 absurda
2448 4323 2546 4379 ista
2592 4321 2842 4379 videntur
2879 4322 3184 4381 hominibus
3213 4324 3368 4380 solita
3397 4333 3506 4382 tra-

1919 4416 2170 4472 hentibus
2217 4415 2286 4472 ad
2327 4416 2563 4484 insolita,
2591 4414 2821 4470 visibilia
2849 4415 2918 4472 ad
2962 4416 3266 4486 invisibilia,
3295 4427 3506 4476 creatu-

1918 4524 2034 4564 ram
2076 4507 2511 4580 comparantibus
2559 4505 2821 4562 Creatori.
2850 4506 3181 4579 lnterrogant
3219 4509 3364 4565 enim
3405 4523 3508 4566 nos

1919 4601 2204 4672 aliquando
2252 4600 2500 4657 infideles
2543 4609 2599 4655 ct
2639 4598 2823 4655 dicunt
2850 4616 2862 4652 :
2888 4599 3098 4655 Patrem
3121 4616 3282 4672 quem
3310 4600 3510 4670 dicitis,

1920 4694 2088 4749 Deum
2115 4693 2327 4748 dicitis?
2354 4691 2792 4764 Respondemus:
2816 4693 3006 4748 Deum.
3027 4692 3221 4749 Filium
3245 4710 3403 4766 quem
3429 4693 3513 4750 di-

1919 4787 2040 4842 citis
2060 4829 2074 4852 ,
2113 4785 2280 4841 Deum
2321 4785 2537 4842 dicitis?
2562 4785 2972 4855 Respondemus
2996 4804 3008 4840 :
3032 4785 3220 4842 Deum.
3250 4787 3510 4858 Spiritum

1920 4887 2164 4935 sanctum
2192 4893 2353 4949 quem
2393 4877 2586 4946 dicitis,
2618 4878 2786 4933 Deum
2825 4877 3038 4933 dicitis?
3062 4879 3466 4949 Respondemus
3492 4899 3508 4936 :

1919 4972 2106 5029 Deum.
2157 4971 2318 5043 Ergo,
2366 4972 2631 5043 inquiunt,
2669 4971 2828 5026 Pater
2871 4982 2926 5027 et
2972 4971 3144 5026 Filius
3185 4979 3241 5027 et
3279 4971 3511 5044 Spiritus

1921 5073 2135 5121 sanctus
2164 5072 2273 5120 tres
2298 5071 2423 5118 sunt
2451 5061 2564 5117 dii?
2603 5061 3009 5133 Respondemus
3047 5079 3060 5115 :
3103 5061 3238 5119 Non.
3269 5061 3511 5122 Turban-

1923 5166 2024 5223 tur,
2047 5155 2170 5227 quia
2190 5170 2299 5211 non
2323 5153 2692 5211 illuminantur
2716 5172 2728 5208 :
2753 5169 2848 5210 cor
2873 5155 3112 5211 clausum
3143 5155 3362 5223 habent,
3385 5158 3509 5229 quia

1921 5248 2112 5304 clavim
2142 5247 2264 5303 fidei
2295 5261 2403 5303 non
2427 5245 2646 5303 habent.
2675 5246 2782 5304 Nos
2825 5261 2975 5318 ergo,
3004 5247 3216 5314 fratres,
3241 5247 3344 5304 fide
3374 5264 3511 5318 pra:-

1920 5339 2166 5409 cedente,
2195 5355 2315 5411 quae
2339 5346 2494 5395 sanat
2512 5339 2729 5395 oculum
2755 5339 2936 5398 cordis
2967 5340 3154 5406 nostri,
3183 5338 3324 5410 quod
3351 5338 3511 5393 intel-

1922 5433 2157 5506 ligimus,
2185 5434 2301 5490 sine
2329 5433 2654 5490 obscuritate
2673 5437 2966 5505 capiamus;
2985 5433 3126 5506 quod
3139 5448 3243 5488 non
3258 5431 3510 5502 intelligi-

1921 5541 2062 5594 mus,
2078 5525 2194 5582 sine
2205 5524 2533 5581 dubitatione
2547 5525 2828 5582 credamus
2839 5543 2856 5581 :
2867 5542 2897 5582 a
2911 5525 3252 5582 fundamento
3267 5521 3389 5578 fidei
3402 5538 3514 5579 non

1922 5616 2255 5683 recedamus,
2281 5624 2337 5670 ut
2359 5615 2426 5670 ad
2454 5616 2666 5673 culmen
2686 5616 3023 5689 perfectionis
3045 5613 3336 5671 veniamus.
3370 5613 3514 5670 Deus

1921 5720 2005 5767 est
2023 5711 2201 5778 Pater,
2232 5709 2372 5765 Deus
2388 5717 2471 5765 est
2483 5709 2649 5767 Filius
2667 5713 2805 5766 Deus
2831 5718 2912 5764 est
2932 5709 3156 5776 Spiritus
3179 5717 3397 5764 sanctus
3422 5726 3435 5761 :
3458 5716 3517 5765 et

1924 5812 2101 5860 tamen
2120 5803 2276 5860 Pater
2291 5817 2395 5861 non
2412 5811 2494 5860 εει
2513 5803 2602 5874 qui
2617 5802 2805 5869 Filius,
2822 5815 2920 5857 nec
2935 5798 3101 5856 Filius
3118 5801 3305 5871 estqui
3322 5801 3504 5869 Pater,
3530 5815 3540 5865 ε

1924 5912 2024 5958 nec
2038 5896 2264 5975 Spiritus
2279 5906 2494 5965 sanctus
2513 5896 2681 5960 Patris
2696 5905 2749 5953 et
2767 5894 2884 5959 Filii
2903 5894 3132 5972 Spiritus
3147 5903 3240 5958 aut
3253 5896 3412 5959 Pater
3425 5905 3512 5959 est
