3916 6406
524 437 657 494 ιθδδ

515 740 632 795 Non
675 739 804 794 mihi
851 736 1202 792 calumniator
1242 733 1564 805 respondeat
1591 751 1606 786 :
1629 729 1767 798 Quid
1789 743 1916 799 ergo
1945 728 2119 787 tres?,

514 929 676 984 Pater
703 936 758 982 et
784 925 949 980 Filius
975 933 1031 980 et
1055 922 1285 993 Spiritus
1308 928 1544 976 sanctus.
1573 917 1735 982 Ecce,
1763 914 1952 984 inquit,
1981 921 2092 966 tres

515 1018 727 1082 dixisti;
754 1016 848 1072 sed
873 1015 998 1086 quid
1036 1023 1144 1069 tres
1171 1013 1430 1082 exprime.
1459 1011 1569 1065 lmo
1596 1016 1656 1063 tu
1684 1020 1942 1061 numera:
1968 1018 2091 1057 nam

516 1123 616 1179 ego
639 1107 884 1177 compleo
907 1117 1036 1171 tres.
1062 1119 1184 1160 cum
1213 1103 1356 1168 dico,
1379 1101 1540 1158 Pater
1565 1108 1620 1155 et
1651 1097 1817 1152 Filius
1843 1105 1899 1153 et
1920 1094 2114 1170 Spiri:

519 1208 605 1254 tus
631 1206 870 1254 sanctus.
909 1195 967 1251 Id
994 1197 1136 1252 enim
1155 1193 1298 1265 quod
1321 1193 1480 1252 Pater
1506 1191 1570 1246 od
1597 1198 1776 1254 seest,
1807 1186 1950 1242 Deus
1973 1195 2088 1250 est;

515 1291 660 1362 quod
685 1291 750 1346 ad
775 1289 968 1345 Filium
986 1299 1090 1353 est,
1114 1288 1269 1342 Pater
1285 1294 1370 1340 est
1391 1303 1404 1339 :
1421 1283 1565 1355 quod
1585 1281 1752 1337 Filius
1772 1279 1839 1334 ad
1854 1278 2091 1348 seipsutn

516 1393 620 1450 est,
649 1383 789 1439 Deus
811 1389 922 1446 est;
952 1379 1092 1450 quod
1116 1379 1186 1434 ad
1213 1378 1426 1434 Patrem
1454 1384 1555 1440 est,
1584 1373 1751 1428 Filius
1774 1380 1875 1427 est.

585 1477 640 1530 4.
671 1475 776 1530 ista
804 1489 921 1544 qua:
947 1471 1068 1527 dico
1089 1469 1314 1542 potestis
1361 1467 1428 1523 de
1467 1462 1903 1522 similitudinibus
1927 1475 2093 1531 agno-

513 1583 666 1625 scere
687 1567 1025 1638 quotidianis.
1051 1565 1225 1620 Homo
1259 1572 1316 1620 et
1343 1563 1476 1618 alter
1502 1561 1684 1624 homo,
1713 1557 1756 1612 si
1779 1557 1873 1613 ille
1900 1558 1971 1612 sit
1993 1573 2091 1627 pc-

516 1668 617 1722 ter,
649 1658 740 1713 ille
763 1657 940 1724 ﬁlius;
967 1655 1109 1726 quod
1135 1655 1297 1712 homo
1319 1661 1424 1717 est,
1454 1650 1522 1706 ad
1553 1651 1786 1720 seipsum
1806 1657 1924 1715 est;
1947 1648 2090 1718 quod

511 1758 665 1820 pater
688 1757 790 1814 est,
816 1749 888 1803 ad
927 1747 1095 1801 tilium
1139 1755 1222 1800 est
1249 1761 1266 1796 :
1290 1751 1351 1799 et
1379 1739 1518 1798 titius
1543 1740 1686 1813 quod
1713 1740 1876 1795 homo
1893 1748 1996 1807 est,
2021 1737 2091 1793 ad

516 1841 746 1910 seipsum
777 1846 896 1903 est;
925 1836 1067 1907 quod
1101 1843 1280 1890 autem
1311 1833 1454 1888 ﬁlius
1501 1841 1606 1899 est,
1634 1831 1703 1886 ad
1741 1841 1946 1901 patrem
1978 1839 2084 1885 est.

514 1930 675 1984 Pater
701 1929 842 1984 enim
886 1943 1083 1984 nomen
1109 1937 1191 1982 est
1213 1926 1412 1981 dictum
1432 1925 1503 1981 ad
1533 1923 1757 1996 aliquid,
1783 1933 1838 1980 et
1857 1923 2000 1978 Elius
2020 1922 2092 1978 ad

513 2021 711 2091 aliquid
740 2040 753 2073 :
779 2020 874 2076 sed
915 2020 1004 2074 isti
1042 2020 1149 2075 duo
1187 2019 1431 2074 homines
1465 2027 1610 2074 sunt.
1651 2019 1722 2072 At
1764 2031 1893 2072 vero
1931 2016 2091 2070 Pater

518 2113 656 2167 Deus
692 2114 760 2168 ad
798 2112 996 2183 aliquid
1015 2121 1102 2168 est
1121 2112 1304 2179 Pater,
1323 2110 1377 2166 id
1401 2110 1574 2166 estad
1602 2109 1829 2175 Filium;
1849 2108 2089 2164 etFilins

518 2204 654 2259 Deus
682 2203 748 2258 ad
777 2203 974 2274 aliquid
1000 2212 1084 2259 est
1109 2203 1295 2269 Filius,
1316 2201 1370 2256 id
1397 2201 1568 2257 estad
1587 2199 1799 2256 Patrem
1825 2220 1841 2253 :
1867 2199 1966 2256 sed
1985 2215 2088 2255 non

514 2295 781 2364 quomodo
807 2296 882 2350 illi
907 2296 1012 2352 duo
1041 2296 1281 2352 homines
1303 2304 1449 2364 sunt,
1467 2296 1544 2350 sic
1565 2294 1651 2349 isti
1673 2293 1779 2348 duo
1798 2293 1895 2348 dii.
1915 2294 2090 2360 Quare

513 2388 615 2444 hoc
641 2403 748 2442 non
775 2388 847 2442 ita
869 2398 950 2442 est
972 2388 1080 2442 ibi?
1104 2388 1239 2454 Quia
1265 2385 1397 2442 illud
1417 2385 1586 2452 aliud,
1611 2385 1717 2440 hoc
1739 2392 1922 2439 autem
1943 2384 2088 2439 aliud

512 2489 594 2533 est
619 2480 772 2550 :quia
805 2481 893 2535 illa
929 2480 1178 2535 divinitas
1215 2487 1320 2534 est.
1343 2478 1446 2533 Est
1473 2477 1545 2532 ibi
1571 2476 1769 2546 aliquid
1799 2475 2085 2540 ineﬂ'ahile,

511 2571 654 2639 quod
682 2572 855 2626 verbis
879 2572 1133 2641 explicari
1166 2586 1269 2626 non
1300 2570 1498 2640 possit,
1535 2577 1594 2624 ut
1627 2576 1682 2623 et
1713 2582 1972 2623 numerus
1992 2567 2084 2633 sit,

510 2670 563 2715 et
586 2678 839 2717 numerus
865 2678 970 2717 non
991 2664 1080 2717 sit.
1114 2661 1303 2718 Videte
1322 2663 1469 2716 enim
1491 2661 1540 2714 si
1555 2675 1665 2714 non
1691 2660 1843 2730 quasi
1869 2668 2089 2729 apparet

511 2767 783 2817 numerus,
814 2753 968 2808 Pater
991 2762 1046 2808 et
1072 2753 1241 2807 Filius
1265 2760 1323 2807 et
1343 2752 1570 2822 Spiritus
1591 2759 1806 2805 sanctus
1835 2749 2085 2806 Trinitas.

510 2843 562 2898 Si
588 2852 715 2911 tres,
739 2845 862 2915 quid
895 2845 1038 2899 tres?
1065 2843 1250 2898 Deficit
1289 2859 1557 2898 numerus.
1585 2841 1659 2897 lta
1692 2843 1832 2898 Deus
1861 2857 1959 2897 nec
1997 2858 2087 2898 re-

509 2935 649 2991 cedit
682 2951 710 2989 a
743 2951 984 3002 numero,
1011 2950 1111 2990 nec
1141 2936 1351 3005 capitur
1372 2949 1613 2988 numero.
1641 2933 1774 3002 Quia
1802 2942 1911 2989 tres
1937 2943 2084 3002 sunt,

511 3036 758 3096 tanquam
791 3036 1156 3081 estnumerus
1182 3044 1194 3079 :
1219 3026 1262 3080 si
1303 3024 1498 3095 quaeris
1539 3023 1661 3095 quid
1711 3033 1840 3089 tres,
1871 3040 1979 3078 non
2005 3033 2087 3079 est

511 3132 780 3170 numerus.
813 3115 964 3172 Unde
990 3117 1188 3171 dictum
1215 3125 1313 3181 est,
1342 3113 1562 3186 Magnus
1585 3113 1832 3169 Domitius
1851 3124 2016 3169 noster
2039 3123 2086 3170 et

510 3223 692 3277 magna
731 3209 884 3261 virtus
925 3211 1052 3278 ejus,
1085 3217 1129 3260 et
1161 3207 1424 3278 sapientia:
1461 3208 1571 3276 ejus
1613 3222 1714 3260 non
1751 3215 1822 3260 est
1853 3221 2085 3259 numerus

510 3295 680 3370 (Psal.
711 3314 818 3365 xw,
847 3295 901 3365 6,
931 3300 1006 3369 5).
1037 3295 1140 3355 Ubi
1183 3300 1416 3368 cogitare
1458 3298 1708 3366 coeperis,
1754 3296 1944 3366 incipis
1981 3311 2082 3350 nu-

510 3403 715 3442 merare
746 3406 757 3440 :
789 3387 876 3442 ubi
907 3389 1288 3453 numeraveris;
1315 3387 1438 3458 quid
1470 3388 1833 3443 numeraveris
1860 3401 1964 3441 non
1985 3401 2085 3456 po-

508 3485 587 3532 tes
617 3473 959 3546 reSpondere.
988 3475 1173 3541 Pater,
1219 3474 1376 3530 Pater
1417 3486 1525 3542 est;
1556 3475 1737 3544 Filius,
1765 3473 1931 3531 Filius
1966 3485 2080 3541 est;

505 3567 733 3637 Spiritus
759 3575 995 3634 sanctus,
1027 3566 1255 3636 Spiritus
1292 3577 1505 3622 sanctus
1540 3576 1622 3622 est
1651 3568 1810 3638 :quid
1833 3576 1962 3622 sunt
1996 3568 2081 3622 isti

508 3667 636 3727 tres,
667 3655 826 3715 Pater
850 3669 903 3715 et
927 3658 1092 3715 Filius
1112 3667 1164 3714 et
1193 3656 1420 3730 Spiritus
1445 3660 1694 3714 sanctus?
1721 3659 1834 3714 Non
1861 3669 1968 3715 tres
1983 3661 2082 3715 dii?

506 3747 642 3804 Non.
671 3749 786 3805 Non
817 3760 924 3806 tres
966 3752 1391 3821 omnipotentes?
1414 3751 1551 3806 Non.
1590 3752 1705 3806 Non
1747 3760 1856 3806 tres
1893 3751 2082 3807 mundi

504 3841 804 3895 creatores?
833 3840 968 3895 Non.
988 3842 1127 3913 Ergo
1149 3842 1486 3913 omnipotens
1515 3842 1705 3897 Pater?
1733 3841 2081 3912 Omnipotens

507 3930 682 3999 plane.
707 3929 846 4000 Ergo
869 3939 924 3986 et
949 3932 1117 3988 Filius
1157 3948 1259 3987 non
1301 3934 1672 4003 omnipotens?
1693 3933 1859 3988 Plane
1901 3941 1958 3988 et
1989 3933 2080 3988 Fi-

499 4020 607 4074 lius
645 4021 1014 4092 omnipotens?
1042 4024 1180 4094 Ergo
1206 4032 1258 4080 et
1281 4023 1506 4093 Spiritus
1533 4033 1748 4079 sanctus
1777 4040 1883 4079 non
1910 4025 2082 4079 omni-

507 4109 729 4181 potens?
758 4110 826 4168 Et
860 4114 972 4184 ipse
1019 4117 1375 4186 omnipotens.
1408 4115 1540 4171 Tres
1569 4131 1696 4187 ergo
1739 4117 2080 4186 omnipoten-

505 4205 622 4260 tes?
645 4203 800 4274 Non;
828 4207 921 4263 sed
961 4223 1096 4264 unus
1133 4210 1491 4280 omnipotens.
1516 4208 1632 4265 Hoc
1657 4209 1770 4264 solo
1797 4224 2076 4263 numerum

503 4296 770 4354 insinuant
792 4299 934 4370 quod
957 4298 1020 4355 ad
1044 4303 1270 4358 invicem
1287 4311 1427 4369 sunt,
1459 4317 1564 4356 non
1590 4301 1728 4370 quod
1755 4301 1822 4355 ad
1847 4315 1904 4356 se
1933 4312 2076 4356 sunt.

502 4386 636 4452 Quia
660 4389 800 4442 enim
821 4387 967 4444 Deus
991 4387 1150 4445 Pater
1174 4385 1239 4446 ad
1267 4407 1325 4446 se
1349 4400 1434 4446 est
1459 4391 1598 4445 Deus
1625 4392 1784 4446 simul
1804 4407 1922 4446 cum
1945 4391 2079 4446 Filio

503 4485 557 4532 et
581 4474 799 4546 Spiritu
837 4489 1043 4545 sancto,
1082 4495 1187 4535 non
1235 4490 1359 4536 sunt
1397 4491 1508 4536 tres
1535 4481 1641 4545 dii;
1671 4483 1792 4550 quia
1821 4481 1886 4535 ad
1915 4497 1974 4537 se
1999 4492 2082 4537 est

503 4565 840 4636 omnipotens
884 4568 1042 4622 simul
1072 4583 1192 4624 cum
1229 4565 1363 4624 Filio
1401 4579 1453 4623 et
1495 4569 1694 4639 Spiritu
1739 4580 1943 4635 sancto,
1973 4587 2076 4626 non

503 4663 629 4712 sunt
655 4665 764 4713 tres
793 4659 1185 4728 omnipotentes
1212 4678 1223 4711 :
1248 4659 1368 4731 quia
1398 4675 1525 4715 vero
1553 4676 1657 4716 non
1686 4661 1750 4716 ad
1777 4677 1836 4717 se
1865 4673 1945 4717 est
1971 4661 2076 4718 Pa-

505 4765 606 4826 ter,
648 4757 742 4814 sed
778 4757 844 4815 ad
884 4759 1106 4828 Filium;
1135 4777 1230 4818 nec
1258 4763 1424 4818 Filius
1448 4761 1515 4817 ad
1545 4777 1604 4818 se
1637 4772 1739 4830 est,
1771 4763 1864 4821 sed
1891 4765 1954 4820 ad
1984 4765 2082 4820 Pa-

504 4859 672 4916 trem;
706 4865 804 4906 nec
833 4849 1064 4923 Spiritus
1093 4851 1159 4908 ad
1189 4867 1268 4920 se,
1298 4853 1349 4908 in
1378 4868 1444 4909 eo
1464 4853 1608 4924 quod
1632 4853 1825 4910 dicitur
1850 4855 2076 4926 Spiritus

503 4939 675 4995 Patris
703 4949 759 4998 et
781 4938 936 5009 Filii;
967 4955 1073 4997 non
1100 4952 1183 4998 est
1210 4940 1334 5015 quid
1361 4941 1533 5000 dicam
1566 4954 1702 5011 tres,
1733 4945 1834 5001 nisi
1863 4946 2076 5003 Patrem

501 5037 558 5084 et
601 5028 793 5086 Filium
841 5039 896 5088 et
918 5030 1178 5102 Spiritum
1223 5042 1462 5090 sanctum
1501 5050 1666 5090 unum
1693 5035 1884 5103 Deum,
1915 5053 2075 5093 unum

504 5119 941 5192 omnipotentem.
971 5122 1115 5198 Ergo
1141 5141 1301 5182 unum
1329 5125 1666 5198 principium.

573 5212 627 5269 5.
660 5212 898 5284 Accipite
926 5211 1126 5286 aliquid
1153 5214 1220 5272 de
1241 5215 1530 5287 Scripturis
1552 5219 1776 5285 sanctis,
1804 5219 1944 5276 unde
1970 5215 2074 5276 hoc

501 5304 642 5376 quod
667 5301 861 5361 dicitur
879 5314 1163 5377 utcumque
1189 5307 1425 5378 capiatis.
1456 5305 1803 5380 Posteaquam
1823 5311 2077 5368 Dominus

503 5405 683 5453 uoster
751 5395 906 5453 Iesus
965 5395 1209 5454 Christus
1271 5399 1600 5470 resurrexit,
1652 5412 1865 5459 etcum
1911 5405 2078 5460 voluit

500 5488 740 5544 ascendit
765 5488 818 5544 in
848 5489 1066 5555 caelum,
1103 5486 1286 5546 decem
1315 5491 1503 5548 diebus
1533 5493 1639 5550 illic
1666 5495 1898 5564 impletis
1933 5496 2076 5551 misit

498 5578 623 5632 inde
655 5577 912 5649 Spiritum
963 5589 1202 5638 sanctum
1229 5601 1239 5636 :
1265 5598 1368 5654 quo
1407 5582 1616 5654 impleti
1660 5586 1748 5656 qui
1778 5587 1996 5642 aderant
2020 5588 2076 5644 in

560 5733 741 5806 ξ
757 5741 857 5784 tm:
1149 5746 1204 5787 At
1239 5745 1340 5806 λιες.
1371 5749 1547 5806 mnes
1563 5748 1892 5806 πέδω-πορθ,
1917 5753 2079 5806 perso-

501 5801 580 5841 nc
606 5804 852 5857 :eamque
875 5801 1088 5861 eum
1113 5803 1430 5849 tovanienaes
1449 5801 1498 5848 in
1531 5801 1929 5864 αωειιόωὼωὶ
1963 5808 2077 5858 toni

499 5851 616 5901 noni
636 5863 980 5916 receperant.

1437 432 1502 487 IN
1540 428 1816 486 JOANNIS
1856 421 2315 521 Εγικϐειιωι,
2357 428 2414 485 S.
2457 429 2815 486 AUGUSTlNl

515 568 607 610 aut
633 555 814 608 Filius.
844 552 1073 605 Trinitas
1095 560 1233 604 unos
1259 549 1398 604 Deus
1430 566 1441 600 :
1468 546 1716 613 Trinitas,
1743 559 1846 599 una
1871 531 2157 614 aeterni-:2;

519 658 616 712 tas,
650 659 752 700 una
795 654 1052 715 potem,
1091 657 1196 697 una
1235 641 1514 711 maiestas;
1545 640 1714 702 tres‘,
1744 635 1838 692 sed
1861 647 1967 690 non
1994 629 2158 716 diijji

2153 731 2158 808 ς
2189 723 2266 808 ῥιὶ
2293 725 2599 795 doluerunt,
2629 729 2872 787 dolentes
2912 734 3096 788 minati
3127 744 3267 804 ωυι,
3292 744 3455 798 mutati
3697 740 3700 746 ’

513 833 572 889 Si
597 833 738 888 enim
761 840 891 897 tres,
914 830 1007 894 ait,
1029 837 1244 898 oportet
1263 827 1412 882 dicat
1430 824 1557 895 quid
1579 833 1708 878 tres.
1736 817 2054 890 Βοψοηάθο
2074 810 2121 870 Γ
2151 823 2159 901 ζ

2198 906 2453 999 ﬁdelium,
2473 910 2572 964 tria
2589 911 2752 966 millia
2771 911 3069 971 hominum.
3095 917 3217 974 Item
3236 921 3336 978 alio
3355 921 3478 981 iam
3494 928 3666 997 quItn

2149 1027 2154 1076 ς
2197 998 2476 1066 miraculo,
2503 1014 2843 1060 accessa-unt
2877 1006 2982 1062 alia
3017 1009 3240 1081 quinque
3279 1013 3454 1084 millia;
3481 1018 3670 1080 fictaest

2205 454 2315 491 um,
2359 454 2414 485 ῠ.
2457 454 2815 486 ηυυυοιιλι

2199 544 2432 599 conclavi
2464 559 2590 612 uno,
2621 551 2856 603 omnium
2884 551 3116 628 gentia:
3147 551 3324 623 linguis
3357 571 3584 631 mn;
3603 567 3658 624 ιθ.

2197 637 2323 727 qui.
2337 635 2588 693 κίταωο
2608 641 2843 696 exterriti
2868 638 3077 697 Domini
3095 643 3447 717 ἑυιαΐωιαω,
3470 665 3644 727 comm

2198 828 2322 871 runt
2369 835 2380 870 :
2435 831 2773 876 accesserunt
2818 827 3028 892 corpori
3065 825 3288 896 Domini,
3316 831 3365 887 id
3399 843 3472 889 est
3499 849 3666 896 mero

2197 1091 2347 1160 plebs
2375 1107 2476 1147 una
2500 1107 2606 1148 non
2629 1111 2792 1164 parva
2818 1116 2830 1151 ι
2858 1098 2909 1152 iu
2935 1111 3043 1168 qua
3083 1111 3495 1179 omnes'accepto
3519 1111 3668 1183 Spiritu

2195 1193 2402 1249 sancto,
2429 1198 2534 1253 quo
2575 1201 2728 1242 amor
2774 1189 3062 1258 spiritualis
3096 1207 3343 1252 accensis:
3366 1209 3456 1265 est,
3474 1202 3672 1261 obtriuit

2196 1272 2309 1341 ipsa
2330 1283 2392 1330 et
2415 1275 2623 1333 fervore
2649 1279 2864 1348 spiritus
2885 1281 2940 1336 in
2968 1295 3128 1339 unum
3150 1287 3359 1356 redacti,
3381 1303 3615 1363 ceperunt
3635 1300 3672 1354 in

2092 1376 2108 1439 ξ
2195 1367 2308 1436 ipsa
2335 1369 2607 1426 societatis
2633 1372 2836 1428 unitate
2861 1375 3091 1432 vendere
3115 1381 3288 1435 omnia
3317 1396 3428 1452 que
3449 1385 3671 1456 habebant,

2195 1467 2250 1512 et
2271 1459 2439 1528 pretia
2469 1475 2668 1529 ponere
2691 1462 2759 1518 ad
2787 1465 2950 1534 pedes
2978 1469 3362 1538 Apostolorum,
3381 1483 3436 1530 ιι
3456 1476 3675 1536 ἀίειιὶδιη.

2193 1560 2343 1604 retur
2370 1551 2674 1622 unicuique,
2702 1554 2839 1610 sicut
2883 1557 3076 1628 cuique
3117 1573 3250 1631 opus
3289 1573 3414 1620 erat.
3438 1567 3498 1622 Et
3527 1568 3608 1624 hoc
3629 1573 3676 1627 de

2193 1638 2299 1694 illis
2323 1640 2595 1710 Scriptura
2623 1643 2776 1710 dicit.
2795 1647 2939 1716 quod
2966 1658 3074 1704 erat
3121 1653 3192 1706 eis
3234 1655 3396 1709 enim
3436 1671 3525 1712 una
3559 1670 3595 1715 α
3614 1676 3676 1716 cor

2195 1745 2351 1783 unum
2377 1731 2431 1784 in
2455 1730 2617 1786 Deum
2647 1734 2785 1804 (Act.
2814 1738 2968 1808 tt-tv).
2999 1741 3269 1798 Attenditc
3291 1760 3428 1817 ergo,
3453 1747 3622 1816 hiat,
3641 1762 3679 1807 et

2197 1821 2322 1878 hinc
2346 1827 2617 1894 agnoscite
2653 1829 2966 1898 mysterium
2995 1832 3286 1902 Trinitatis,
3313 1837 3550 1907 quomodo
3571 1841 3677 1896 dict-

2195 1929 2334 1980 mus,
2358 1913 2426 1969 Et
2453 1915 2608 1973 Pater
2629 1927 2735 1985 est,
2764 1928 2818 1974 et
2853 1919 3024 1976 Filius
3068 1935 3172 1989 est,
3203 1935 3259 1980 et
3294 1925 3502 1997 Spiritus
3521 1939 3679 1987 tam

2195 2013 2298 2071 est,
2321 2015 2375 2060 et
2399 2015 2572 2062 tamen
2599 2023 2735 2063 unus
2763 2009 2906 2065 Deus
2925 2021 3028 2066 est.
3049 2013 3189 2070 Ecce
3211 2016 3284 2070 illi
3305 2025 3377 2072 tot
3395 2019 3537 2074 millia
3550 2031 3677 2084 emt.

2195 2105 2249 2151 et
2276 2111 2369 2151 eor
2398 2112 2558 2152 unum
2587 2109 2734 2166 erat;
2767 2116 2892 2157 ecce
2916 2111 2994 2158 tot
3022 2106 3188 2161 millia
3211 2118 3376 2176 erant,
3401 2119 3452 2164 et
3478 2125 3564 2166 una
3595 2113 3679 2166 ani-

2193 2201 2279 2240 ma
2300 2197 2431 2242 erat.
2457 2189 2562 2245 Sed
2591 2190 2717 2246 ubi?
2747 2191 2803 2246 In
2833 2191 2965 2248 Deo.
2997 2195 3209 2262 Quanto
3245 2201 3404 2270 magis
3425 2201 3522 2272 ipse
3545 2201 3679 2257 Deut?

2193 2279 2456 2350 Numquid
2485 2297 2604 2338 erro
2639 2284 2693 2338 in
2724 2285 2908 2353 verbo,
2936 2289 3150 2358 quando
3187 2290 3303 2346 dico
3339 2292 3464 2348 duos
3497 2293 3680 2349 homines

2195 2373 2327 2428 duas
2354 2375 2578 2440 animas,
2599 2387 2691 2431 aut
2721 2386 2830 2433 tres
2855 2378 3100 2437 homines
3121 2391 3232 2438 tres
3253 2384 3461 2451 animas,
3482 2395 3560 2440 aut
3579 2387 3680 2439 mul-

2197 2475 2277 2521 tos
2295 2465 2538 2522 homines
2563 2469 2755 2523 multas
2782 2471 3018 2526 animos?
3045 2473 3212 2529 Recte
3231 2476 3400 2547 utique
3421 2475 3543 2532 dico.
3558 2477 3680 2532 Aet-e-

2193 2555 2320 2611 dant
2347 2557 2413 2612 ad
2433 2557 2624 2627 Deum,
2648 2575 2750 2614 una
2775 2564 2951 2618 anima
2975 2574 3062 2621 est
3081 2569 3336 2623 omnium.
3365 2568 3416 2624 Si
3437 2569 3682 2624 accedetues

2191 2647 2258 2702 ad
2286 2649 2471 2714 Deum,
2500 2651 2680 2706 multa:
2707 2653 2901 2709 animm.
2940 2670 3038 2724 per
3081 2658 3388 2714 charitatem
3431 2674 3522 2714 una
3553 2659 3683 2712 animi

2191 2747 2294 2805 est,
2331 2749 2386 2794 et
2419 2739 2584 2795 multa
2631 2743 2792 2797 corda
2836 2760 2998 2800 unum
3037 2762 3168 2816 cor;
3199 2749 3320 2818 quid
3349 2750 3446 2820 agit
3485 2750 3580 2819 ipse
3599 2747 3684 2802 lout

2191 2828 2464 2884 eharitatis
2483 2832 2539 2885 in
2564 2831 2718 2888 Patre
2745 2842 2801 2890 et
2822 2833 2993 2892 Filio?
3019 2837 3211 2894 Nonne
3239 2840 3308 2894 ibi
3335 2841 3488 2910 magis
3511 2839 3685 2893 Trinitas

2192 2937 2328 2977 unus
2373 2932 2457 2978 est
2485 2923 2659 2980 Deus?
2692 2925 2820 2983 Inde
2861 2931 3004 2986 enim
3047 2933 3209 2988 nobis
3241 2933 3461 2989 charitas
3483 2933 3616 2997 venit,
3635 2932 3684 2986 de

2191 3010 2307 3081 ipso
2346 3013 2543 3083 Spiritu
2583 3026 2798 3084 sancto,
2850 3019 2987 3075 sicut
3029 3022 3162 3078 dicit
3207 3022 3684 3094 Apostolusxlwian

2189 3097 2286 3157 Dei
2323 3103 2511 3172 diiusa
2550 3117 2624 3162 est
2668 3109 2721 3162 in
2755 3111 2988 3167 cordibus
3015 3116 3202 3169 nostris
3249 3130 3334 3185 per
3369 3114 3687 3184 Struit-utan.

2187 3207 2324 3251 ctum
2347 3199 2430 3267 qui
2459 3199 2608 3253 datus
2628 3209 2700 3254 est
2727 3201 2867 3256 nobis
2886 3203 2905 3272 (
2922 3204 3072 3258 Rom.
3105 3222 3157 3273 ν,
3191 3209 3276 3278 5).
3298 3207 3352 3262 Si
3377 3221 3494 3276 ergo
3515 3204 3686 3260 dictitat

2192 3287 2284 3343 Dei
2305 3289 2493 3356 ili/fusa
2516 3292 2568 3346 in
2591 3293 2822 3348 cordibus
2846 3297 3027 3351 nostris
3047 3315 3141 3368 per
3159 3300 3407 3371 Spiritui
3417 3286 3682 3365 simle

2190 3381 2335 3436 datus
2358 3392 2431 3436 est
2456 3383 2616 3450 nobis,
2649 3385 2840 3440 multas
2857 3388 3064 3444 animus
3089 3390 3214 3447 facit
3237 3405 3388 3446 unam
3413 3393 3624 3453 ortinam,
3643 3396 3679 3440 et

2187 3475 2352 3529 multa
2377 3476 2537 3531 corda
2584 3477 2705 3532 facit
2745 3494 2907 3534 unum
2947 3495 3072 3548 cor;
3105 3494 3304 3554 quanto
3327 3485 3484 3554 magis
3507 3483 3684 3537 Patent

2187 3563 2353 3620 Filius
2393 3575 2445 3621 et
2485 3562 2712 3636 Spiritus
2737 3579 2972 3636 sanctus,
3007 3573 3148 3628 Deus
3173 3590 3328 3640 unus,
3357 3576 3517 3630 lumen
3541 3584 3682 3632 unum,

2189 3672 2456 3727 unumque
2485 3658 2839 3728 principium?

2258 3748 2310 3803 6.
2338 3745 2626 3806 Audiamus
2654 3766 2781 3822 ergo
2811 3753 3128 3824 principium
3156 3755 3298 3826 quod
3327 3756 3538 3826 loquitur
3552 3750 3684 3807 nobis.

2191 3837 2375 3906 Multa,
2405 3841 2592 3910 inquit,
2621 3842 2778 3896 habeo
2807 3844 2942 3914 loqui
2965 3843 3028 3898 de
3053 3847 3191 3901 vobis
3217 3859 3262 3902 et
3289 3848 3524 3919 judicare.
3550 3841 3688 3899 1οωί-

2187 3932 2339 3987 nislis
2367 3933 2504 4003 quod
2534 3935 2627 3994 ait.
2648 3934 2762 4006 Ego
2787 3952 2890 3990 non
2905 3937 3083 4009 judico
3110 3957 3406 4009 quaequeut
3431 3938 3582 4010 (1m.
3605 3946 3685 3993 "ut

2189 4024 2313 4096 15):
2347 4041 2472 4081 ecce
2497 4028 2653 4082 modo
2679 4028 2825 4094 dicit,
2861 4029 3027 4084 Multa
3069 4032 3225 4087 habeo
3264 4034 3326 4088 de
3363 4031 3491 4087 vobis
3525 4028 3688 4097 tequid

2175 4117 2428 4184 judicare.
2460 4117 2562 4173 Sed
2588 4119 2726 4172 aliud
2759 4129 2858 4182 est,
2887 4137 2987 4175 non
3003 4123 3217 4192 judico;
3239 4121 3399 4188 aliud,
3423 4121 3561 4175 habeo
3578 4113 3686 4187 Μ·

2185 4226 2317 4263 care.
2348 4207 2466 4263 Non
2494 4211 2693 4281 judico,
2719 4211 2850 4267 dixit
2885 4213 2953 4268 ad
2994 4229 3261 4283 prmsens;
3291 4223 3494 4270 venerat
3513 4209 3629 4267 enim
3648 4212 3688 4258 ut

2183 4305 2414 4360 salvaret
2437 4306 2713 4370 mundum,
2737 4322 2841 4361 non
2872 4317 2928 4361 ut
2955 4307 3220 4377 judicaret
3243 4309 3486 4364 metutum
3507 4302 3599 4373 (Id.
3617 4312 3686 4359 ut.

2185 4398 2276 4468 i7)
2303 4397 2477 4468 :quod
2506 4408 2680 4453 autem
2711 4398 2856 4462 dicit,
2889 4399 3056 4453 Multa
3093 4401 3251 4456 habeo
3285 4401 3349 4455 de
3384 4397 3510 4454 vobis
3530 4390 3689 4463 tequid

2184 4490 2426 4554 iudicare,
2452 4489 2705 4559 judicium
2735 4489 2964 4544 futurum
2995 4491 3144 4546 dicit.
3174 4491 3296 4546 Ideo
3319 4491 3453 4546 enim
3483 4479 3686 4542 ascendit,

2187 4589 2242 4635 ut
2270 4582 2442 4636 veniat
2463 4582 2700 4651 judicare
2725 4587 2874 4638 vivos
2899 4591 2954 4639 et
2980 4594 3237 4640 mortuos.
3264 4583 3428 4640 Nemo
3443 4580 3609 4652 insutis
3625 4577 3689 4643 l“'

2183 4671 2398 4739 dicabit,
2425 4689 2580 4744 quam
2609 4674 2696 4742 qui
2720 4674 3197 4746 injustejudicatus
3221 4686 3324 4734 est.
3345 4673 3517 4737 Μαιω,
3541 4665 3686 4737 inquit.

2181 4762 2338 4816 [iubeo
2363 4763 2424 4816 de
2451 4763 2585 4818 vobis
2610 4764 2744 4833 loqui
2769 4776 2814 4819 et
2830 4767 3100 4838 judicare:
3119 4769 3209 4823 sed
3223 4769 3308 4841 qui
3329 4785 3406 4822 me
3419 4764 3558 4828 misit,
3575 4772 3689 4814 Odm

2184 4865 2273 4906 est.
2303 4851 2489 4909 Videte
2518 4854 2961 4924 quemadmodum
2987 4856 3129 4910 Patri
3154 4857 3247 4912 det
3279 4855 3494 4928 gloriam
3513 4844 3687 4919 atqth

2183 4941 2365 4998 Filius.
2391 4943 2701 5014 Exemplum
2726 4945 2868 5002 enim
2899 4946 3050 5001 nobis
3075 4947 3298 5017 praebet,
3325 4956 3378 5002 et
3408 4953 3620 5014 tanquam
3647 4933 3684 4988 in

2181 5033 2427 5092 cordibus
2453 5037 2650 5091 nostris
2675 5037 2938 5108 loquitur:
2957 5036 3002 5092 Ο
3029 5037 3188 5093 homo
3215 5035 3406 5104 ﬁdelis,
3433 5035 3476 5090 si
3497 5033 3687 5094 Ενειυῧθ·

2179 5123 2310 5182 lium
2349 5142 2524 5181 meum
2561 5127 2733 5195 audis,
2772 5129 2899 5183 dicit
2923 5129 3018 5184 tibi
3043 5129 3302 5184 Dominus
3328 5113 3687 5184 ῡωδιυιιςνιιδί

2182 5231 2281 5287 ego
2329 5215 2380 5270 in
2430 5216 2687 5287 principio
2717 5217 2945 5274 Verbum
2978 5218 3114 5273 Deus
3141 5219 3280 5289 apud
3310 5218 3488 5280 Deum,
3515 5202 3686 5278 aequalis

2180 5307 2343 5375 Patri,
2373 5319 2666 5364 comternus
2703 5309 2965 5380 gignenti,
2991 5310 3059 5366 do
3086 5309 3306 5380 gloriam
3349 5309 3395 5364 ei
3433 5305 3565 5374 cujus
3599 5307 3684 5352 sum

2181 5401 2376 5468 Filius;
2401 5401 2668 5472 quomodo
2697 5411 2750 5456 tu
2781 5399 3041 5472 superbus
3077 5413 3136 5457 es
3163 5386 3411 5456 adversus
3437 5410 3543 5454 eum
3571 5388 3686 5455 cujus

2180 5508 2364 5550 servus
2392 5494 2483 5549 es?

2251 5585 2303 5640 7.
2335 5585 2496 5640 Multa
2533 5584 2707 5653 Itabeo,
2739 5585 2926 5656 inquit,
2955 5585 3016 5639 de
3043 5584 3178 5639 vobis
3215 5585 3351 5653 loqui
3389 5590 3430 5636 et
3460 5576 3688 5650 judicia:

2180 5676 2268 5732 sed
2290 5677 2377 5746 qui
2401 5691 2478 5729 me
2507 5677 2659 5744 misit,
2686 5692 2836 5730 verax
2853 5685 2926 5730 est
2947 5693 2964 5730 :
2987 5682 3232 5747 tanquam
3254 5671 3460 5736 diceret,
3488 5665 3591 5723 Ideo
3614 5673 3685 5712 ιέο

2179 5781 2296 5823 rum
2313 5765 2510 5836 judico,
2538 5767 2659 5838 quia
2685 5767 2848 5822 Filius
2869 5767 3072 5823 veracis
3101 5766 3295 5821 veritas
3315 5777 3445 5820 sum.
3467 5759 3601 5814 Pater
3616 5762 3685 5838 te-

2181 5875 2296 5926 rax,
2326 5858 2490 5914 Filius
2517 5837 2732 5928 veritas,
2761 5859 2885 5930 quid
2933 5867 3177 5931 putamus
3209 5872 3325 5910 esse
3356 5847 3588 5923 amplius?
3607 5837 3687 5895 Co-
