1958 3182
98 229 206 265 sitam
219 226 242 256 si
249 225 392 261 minus,
406 222 469 258 quid
481 226 520 249 est
534 221 656 256 amplius,
674 228 754 248 verax
767 228 799 246 an
811 219 879 246 veri-

99 279 145 306 ω.
158 274 196 305 De
217 271 375 308 quibusdam
395 276 555 305 quaramus.
571 268 633 296 Pius
654 267 734 294 homo
756 267 813 301 plus
829 271 879 299 est,

98 327 128 350 an
141 318 244 358 pietas?
258 317 313 348 Sed
326 317 384 354 plus
398 320 439 347 est
453 316 510 351 ipsa
526 314 609 349 pietas
623 323 628 340 :
642 313 701 347 plus
715 313 786 341 enim
800 320 814 338 a
826 311 881 358 ρὶθέ

98 357 158 399 tate.
176 371 228 395 non
249 363 360 401 pictam
376 362 428 398 pio.
443 362 535 390 Potest
549 360 619 387 enim
643 366 703 388 eSse
720 359 812 393 pictas,
830 357 881 385 etsi

98 412 137 443 ille
148 411 190 447 qui
199 410 259 448 pina
266 414 335 443 erat.
344 409 430 438 factus
437 412 478 437 est
486 408 592 442 impius.
605 406 663 441 Ipse
678 406 791 440 perdidit
801 406 880 439 pieta-

97 463 155 491 Wn,
168 457 259 495 pietati
276 456 341 487 nihil
356 455 475 485 abstulit.
489 454 557 488 Quid
574 454 637 481 item
657 453 767 487 pulcher
785 456 810 479 et
824 451 879 485 pul-

95 502 230 534 chritttdo?
243 502 306 532 Plus
331 506 372 530 est
394 500 562 537 pulchritudo
583 507 662 534 quam
686 498 880 533 pulcherzpul-

95 548 210 581 obtundo
222 548 294 576 enim
307 547 372 577 facit
386 546 535 582 pulchrum,
553 553 604 573 non
618 544 731 580 pulcher
746 543 807 571 facit
822 544 880 577 pul-

94 594 278 626 chritudinem?
290 593 385 622 Castus
405 598 431 622 et
452 592 578 621 castitas?
592 591 704 620 Castitas
725 591 801 625 plane
824 590 881 623 plus

94 646 218 676 estquam
232 643 333 669 castus.
347 639 374 669 Si
386 639 459 668 enim
473 638 580 667 castitas
591 645 645 664 non
660 641 741 669 esset,
756 636 825 664 unde
839 643 880 662 es-

94 692 131 718 set
151 687 201 718 iste
221 690 322 718 castus,
339 693 390 713 non
406 685 516 714 haberet
529 693 534 710 :
547 685 569 711 si
584 688 674 710 autem
694 682 807 710 noluerit
821 689 881 709 esse

95 738 185 767 castus,
200 733 312 762 castitas
334 733 438 769 integra
457 736 619 767 perseverat.
634 729 661 756 Si
675 737 738 763 ergo
752 729 810 763 plus
824 728 880 762 pie—

96 783 130 807 tas
141 785 219 815 quam
238 777 312 814 plus,
327 777 388 813 plus
404 775 573 811 pulchritudo
587 782 666 810 quam
683 774 804 809 pulcher,
822 773 880 807 plus

94 824 192 857 castitas
214 831 298 859 quam
319 828 424 854 castus;
441 822 567 857 numquid
593 820 687 848 dicturi
711 826 802 846 sumus
823 818 880 852 plus

94 870 181 901 veritas
196 878 280 907 quam
294 870 393 898 verax?
406 870 434 896 Si
455 869 505 896 hoc
525 868 681 899 dixerimus,
702 866 797 893 Filium
814 865 880 891 inci-

97 916 191 952 ptumus
207 915 302 945 dicere
321 915 399 944 Patre
419 914 557 948 majorem.
573 912 617 939 Ait
630 912 700 939 enim
715 911 882 946 apertissime

96 963 145 998 ipse
157 962 286 994 Minus
299 971 305 990 :
317 961 375 998 Ego
394 969 459 992 tum,
475 961 513 988 via
534 965 556 987 et
579 960 678 991 veritas,
691 963 713 985 et
728 958 777 984 vita
792 957 879 992 (Joan.

99 1017 146 1044 xtv,
158 1008 196 1044 6).
212 1008 286 1044 Ergo
301 1008 325 1036 si
341 1007 422 1037 Filius
436 1007 550 1039 veritas;
567 1006 644 1033 Pater
664 1005 736 1040 quid,
751 1004 800 1031 nisi
812 1003 882 1038 quod

97 1054 128 1082 ait
139 1054 190 1090 ipsa
203 1054 316 1087 veritas,
329 1053 380 1086 Qui
393 1062 431 1081 me
442 1053 517 1086 misit,
530 1060 605 1080 verax
616 1051 670 1078 est?
684 1050 764 1077 Filius
774 1049 880 1082 veritas,

99 1097 167 1130 Pater
179 1107 261 1128 verax
281 1098 364 1134 :quid
387 1099 444 1134 plus
465 1098 499 1125 sit
520 1105 621 1132 qua‘ro,
637 1096 683 1123 sed
703 1095 881 1130 thualilatem

99 1144 202 1173 invenio.
216 1145 309 1174 Verax
325 1145 395 1173 enim
412 1144 489 1172 Pater
505 1151 556 1170 non
580 1143 612 1169 ah
631 1150 661 1169 ea
677 1142 788 1168 veritate
802 1148 881 1167 verax

101 1194 134 1218 est
144 1191 214 1226 cujus
228 1195 335 1226 partem
350 1190 429 1225 cepit,
445 1189 490 1216 sed
501 1197 581 1224 quam
597 1194 677 1216 totam
692 1188 791 1223 genuit.

129 1237 152 1267 8.
166 1237 249 1267 Video
273 1237 377 1273 planius
401 1244 460 1265 esse
473 1235 623 1264 dicendum.
652 1235 684 1261 lit
703 1238 775 1261 certe
790 1240 822 1260 ne
837 1240 883 1259 vos

101 1281 138 1309 diu
150 1286 251 1313 teneam
265 1303 272 1315 ,
290 1281 368 1309 hodie
382 1281 433 1309 huc
448 1289 530 1315 usque
547 1284 673 1308 tractetur
690 1289 694 1305 :
712 1287 770 1305 cum
791 1278 883 1305 liniero

101 1327 160 1366 quod
178 1327 240 1356 volo
261 1327 365 1359 dicere,
382 1327 522 1362 adjuvanle
539 1326 608 1358 Deo,
631 1332 719 1352 sermo
734 1324 882 1351 claudatur.

103 1370 150 1400 Hoc
161 1373 218 1403 ideo
230 1372 297 1406 dixi,
313 1378 342 1399 ut
354 1373 470 1400 intentos
487 1380 533 1398 vos
548 1371 671 1398 facerem.
689 1370 782 1397 Omnis
797 1370 882 1396 anima

103 1419 213 1456 quoniam
227 1426 272 1447 res
290 1422 331 1446 est
344 1418 475 1447 mutabilis
486 1439 492 1449 ,
520 1422 546 1445 et
561 1417 680 1451 quamvis
697 1423 790 1450 magna
810 1422 885 1442 crea—

104 1464 161 1498 tura,
173 1469 262 1494 tamen
270 1469 406 1496 creatura;
423 1463 543 1499 quamvis
557 1470 668 1497 corpore
680 1462 782 1493 melior,
796 1466 884 1488 tamen

104 1507 161 1538 facta
175 1519 180 1537 :
194 1510 285 1539 omnis
296 1518 358 1545 ergo
375 1509 460 1537 anima
474 1509 598 1544 quoniam
613 1507 748 1534 mutabilis
762 1511 813 1539 cst,
834 1506 884 1532 hoc

104 1559 148 1588 est,
157 1555 236 1584 modo
250 1555 343 1589 credit,
358 1555 437 1582 modo
449 1562 500 1581 tton
516 1554 615 1584 credit;
630 1553 708 1580 modo
724 1552 788 1585 vult,
806 1551 885 1578 modo

105 1605 151 1628 non
173 1600 247 1634 vult;
271 1600 350 1628 modo
376 1600 492 1627 adultera
509 1604 566 1631 est,
595 1599 673 1626 modo
696 1603 785 1630 casta;
807 1598 886 1624 modo

107 1645 183 1680 bona,
206 1646 280 1676 modo
298 1646 385 1679 mala;
406 1646 540 1672 mutabilis
563 1650 604 1672 est
623 1654 628 1671 :
645 1645 714 1670 Deus
732 1649 819 1670 autem
836 1643 886 1669 hoc

109 1692 222 1729 estquod
232 1698 287 1726 est;
304 1692 364 1720 ideo
380 1692 514 1728 proprium
530 1699 624 1717 nomen
642 1690 691 1716 sibi
708 1690 808 1721 tenuit,
831 1689 885 1723 Iz‘go

107 1738 266 1775 ιυιιᾳκῐιυηι
280 1737 377 1776 (Exod.
393 1745 430 1769 Ill,
449 1736 502 1771 14).
522 1736 575 1762 Hoc
590 1740 630 1762 est
642 1735 722 1761 Filius
734 1755 740 1766 ,
755 1734 884 1765 dicendo,

109 1780 160 1810 Nisi
169 1783 324 1811 credideritis
336 1784 394 1819 quia
407 1791 452 1817 ego
466 1790 520 1809 sum
535 1790 543 1808 :
557 1781 589 1808 ad
602 1781 650 1807 hoc
664 1781 778 1815 pertinet
794 1785 829 1811 ct,
847 1779 886 1805 Tu

108 1830 154 1864 quit
166 1830 213 1858 es?
225 1829 382 1867 Principium
399 1829 486 1866 (Joan.
498 1837 542 1855 vui
556 1850 562 1861 ,
578 1828 611 1854 2t
621 1848 627 1858 ,
644 1828 701 1862 25).
726 1827 794 1854 Deus
808 1827 887 1861 igitur

110 1874 318 1904 incommutabilis
338 1881 392 1909 est,
414 1876 500 1902 anima
519 1874 663 1902 mutabilis.
684 1874 794 1907 Quando
816 1874 887 1907 capit

109 1920 187 1949 anima
199 1928 230 1948 ex
242 1921 297 1949 Deo
311 1921 380 1949 unde
395 1922 428 1949 sit
441 1921 523 1952 bona,
542 1919 724 1954 participando
744 1919 773 1945 tit
796 1919 863 1945 bona
879 1926 884 1944 :

109 1967 230 2002 quomodo
244 1970 303 1996 tuus
318 1968 410 1996 oculus
420 1967 599 2004 participando
612 1967 692 1993 videt.
709 1966 774 1993 Nam
790 1966 888 1993 lumine

110 2010 233 2042 subtracto
246 2023 298 2043 non
314 2015 395 2048 videt,
410 2015 484 2050 cujus
496 2014 626 2049 particeps
637 2013 720 2040 ﬂictus
732 2012 811 2039 videt.
822 2012 888 2044 Quia

111 2063 167 2105 ergo
179 2061 262 2093 anima
276 2061 458 2097 participando
469 2061 497 2088 lit
513 2061 580 2087 bona
592 2082 598 2092 ,
616 2061 636 2086 si
657 2064 755 2086 mutata
774 2059 886 2093 cccpcrit

111 2107 255 2145 autem,
270 2108 374 2136 bonitas
395 2112 483 2135 tutariet
505 2108 581 2142 cujus
594 2111 649 2134 erat
665 2106 795 2142 particeps
808 2106 887 2133 bona.

114 2148 228 2183 [inuitatis
240 2153 311 2185 enim
322 2153 457 2189 cujusdam
472 2154 604 2189 particeps
618 2152 684 2179 facta
696 2158 736 2179 est
751 2159 810 2179 cum
821 2151 890 2178 bona

112 2202 189 2235 εαξη
201 2207 251 2238 qua
266 2204 364 2228 mutata
377 2199 401 2227 iu
411 2200 496 2234 pejus,
513 2199 614 2233 integra
624 2198 726 2226 bonitas
741 2202 888 2233 permanet.

113 2239 246 2277 Bireocdat
259 2246 346 2275 anima
361 2249 388 2273 et
401 2245 468 2272 mala
487 2244 548 2277 ﬁat,
565 2252 616 2271 non
631 2244 755 2271 tuinnitttr
770 2243 889 2276 bonitas;

114 2289 280 2322 “revertatur
293 2297 320 2320 et
333 2291 402 2320 bona
419 2291 472 2326 ﬁat,
488 2299 540 2319 ιιοιι
555 2291 651 2318 crescit
663 2291 776 2318 bonitas.
794 2290 889 2318 Factus

116 2333 247 2366 ﬂuuius
260 2342 321 2367 tuus
335 2337 465 2375 particeps
482 2337 548 2364 lucis
563 2337 650 2371 hujus,
667 2340 694 2363 et
707 2335 780 2363 vides
797 2345 802 2361 :
820 2336 892 2362 clau-

116 2382 218 2416 licet!
228 2382 296 2415 hanc
309 2384 395 2414 lucem
409 2391 460 2411 non
472 2383 589 2410 minuisti
607 2392 613 2409 :
632 2387 738 2417 apertus
753 2382 809 2409 est?
823 2382 891 2409 hanc

116 2424 190 2462 tatem
203 2438 254 2459 non
263 2430 370 2458 auxisti.
386 2429 441 2460 Hac
454 2430 514 2458 data
528 2429 710 2464 similitudine,
728 2428 832 2461 fratres,
847 2429 890 2456 in~

119 2473 214 2515 White
227 2477 288 2517 quia
299 2477 322 2505 si
334 2477 376 2513 pia
388 2481 428 2504 est
439 2477 526 2504 anima
537 2497 543 2508 ,
561 2480 603 2503 est
616 2476 699 2512 pietas
712 2475 782 2510 apud
798 2475 890 2509 Deum,

118 2519 182 2561 σῆιδ
194 2520 363 2563 ﬂtplrticeps
373 2522 477 2554 anima;
495 2522 516 2553 si
529 2526 569 2548 cst
584 2527 654 2548 casta
672 2522 759 2548 anima
772 2541 780 2554 ,
794 2526 833 2547 est
846 2528 892 2547 ca-

193 2566 261 2614 apud
281 2567 364 2614 Deum
375 2589 382 2602 ,
403 2567 479 2603 cujus
497 2572 538 2595 est
553 2567 683 2602 particeps
696 2567 802 2600 anima;
816 2566 838 2593 si
852 2571 893 2614 est

119 2609 176 2642 Ιῆι
185 2609 272 2644 inim:
280 2635 289 2649 ,
300 2618 342 2643 est
354 2612 459 2642 bonitas
473 2612 542 2649 apud
554 2612 636 2640 Deum
646 2633 654 2645 ,
671 2613 746 2648 cujus
757 2616 797 2639 est
810 2611 893 2647 parti-

190 2659 292 2695 inima;
316 2659 339 2691 si
362 2664 404 2688 est
424 2666 505 2690 verax
532 2659 638 2696 anima,
661 2662 701 2685 est
715 2658 812 2686 veritas
824 2657 893 2693 apud

120 2696 205 2745 δὴ,
222 2706 297 2742 cuius
312 2709 354 2734 est
371 2705 503 2744 particeps
516 2704 613 2731 anima.
627 2702 709 2738 Cujus
725 2703 856 2738 particeps
872 2703 894 2735 si

120 2749 250 2787 iopth
262 2745 349 2780 enim
361 2771 369 2787 ,
384 2750 472 2782 omnis
487 2750 567 2782 homo
579 2749 694 2779 mendax
715 2747 800 2785 (Psat.
820 2756 892 2784 cxv,

231 2795 319 2836 omnis
340 2795 421 2826 homo
439 2797 571 2831 mendax,
597 2796 684 2825 nullus
699 2796 778 2823 homo
792 2795 825 2823 de
847 2803 895 2824 suo

183 2872 186 2874 .
199 2834 388 2874 ’Μιυωω
401 2850 492 2874 verax.
506 2841 540 2870 de
555 2849 602 2869 suo
617 2847 658 2869 est
671 2848 765 2874 verax;
781 2841 895 2874 quiage-

401 2850 492 2877 verax,
506 2841 540 2870 de
555 2849 602 2869 suo
617 2847 658 2869 est
671 2848 765 2875 verax;
781 2841 840 2876 quia
847 2849 895 2876 ge-

337 2884 413 2922 Aliud
427 2893 485 2922 est.
501 2887 587 2919 Verax
601 2893 642 2917 est
657 2887 735 2917 homo
751 2887 816 2922 istc,
833 2887 893 2923 quia

28 2965 443 3182 L_L

652 162 857 191 TRACTATUS
877 160 932 190 XL.
953 160 1069 189 CAPUT
1085 160 1152 189 VM.

1653 160 1723 189 {686

934 218 989 252 jam
1002 217 1121 253 percepit
1133 218 1284 251 veritatem;
1300 218 1374 246 aliud
1381 223 1439 251 est,
1457 218 1542 246 Verax
1554 218 1644 250 Deus,
1660 219 1725 253 quia

934 262 1027 298 genuit
1039 262 1188 291 veritatem.
1202 262 1272 291 Ecce
1284 263 1421 298 quomodo.
1432 271 1513 293 verax
1527 267 1569 291 est
1580 263 1659 296 Deus.
1672 270 1727 292 non

934 310 1126 346 participando,
1140 310 1188 338 sed
1200 310 1351 345 generando
1362 310 1510 338 veritatem.
1527 309 1615 338 Video.
1623 317 1670 339 vos
1683 309 1726 338 ln-

935 356 1071 384 tuuexiue
1092 360 1119 384 et
1131 356 1258 392 gaudeo:
1277 356 1393 388 adﬁciat
1413 356 1489 384 vobis
1511 355 1606 388 hodie;
1630 360 1727 385 Caetera

934 402 1161 437 “Idoneum;
1168 403 1307 438 placuerit,
1316 403 1385 431 sicut
1390 402 1540 435 donaverit,
1548 408 1713 437 exponam
1719 420 1726 428 .

1187 459 1391 487 TRAC-TATUS
1414 459 1470 487 XL.

935 514 971 542 Ab
984 523 1012 544 eo
1020 515 1085 550 loco,
1099 515 1170 543 Dixit
1180 523 1243 551 ergo
1255 516 1294 544 eis
1304 516 1396 544 Jesus:
1412 515 1478 544 Cum
1492 515 1672 545 exaltaveritis
1683 515 1727 542 Fi-

970 561 1034 588 lium
1050 560 1184 594 hominis;
1201 569 1278 597 usque
1292 561 1326 588 ad
1347 561 1384 594 id,
1401 561 1434 588 Et
1448 561 1614 596 cognoscetis
1628 561 1727 588 verita-
1740 559 1748 574 τ

969 610 1033 639 tem,
1049 609 1077 634 et
1090 606 1188 634 veritas
1201 606 1323 634 liberablt
1335 613 1392 634 vos.
1414 606 1477 642 Cap.
1497 613 1553 640 vui,
1577 606 1594 640 ᾗ
1606 625 1614 632 .
1629 605 1724 634 28-52.

971 665 996 692 1.
1017 664 1055 697 De
1067 668 1160 693 sancto
1176 664 1319 701 Evangelia
1331 664 1474 693 secundum
1488 664 1620 699 Joannem
1631 686 1638 698 ,
1652 665 1726 699 quod
1770 667 1776 670 '

934 715 1038 746 gestare
1060 718 1108 738 nos
1123 710 1217 743 videtis
1238 711 1264 738 in
1281 711 1420 745 manibus,
1439 711 1496 746 jam
1519 711 1601 740 multa
1626 710 1727 739 audivit

934 756 1056 788 Charitas
1071 760 1170 789 vestra,
1181 764 1239 793 qua:
1251 757 1306 791 Deo
1316 757 1431 789 donante
1441 757 1509 792 sicut
1524 757 1658 792 potuimus
1667 757 1727 785 diuo

935 803 1107 843 putavimus,
1140 802 1357 833 commendantes
1384 802 1459 831 vobis
1500 803 1615 833 maxime
1644 801 1726 835 istum

935 849 1124 884 evangelistam
1137 848 1171 878 de
1187 848 1290 878 Domini
1305 849 1455 883 divinitate,
1477 848 1622 881 secundum
1645 856 1726 883 quam

935 894 1044 930 mqualis
1056 899 1097 922 est
1108 894 1182 927 Patri,
1192 898 1219 927 et
1230 894 1313 921 Filius
1327 895 1419 926 unicus
1434 894 1480 923 Dei
1492 916 1498 928 ,
1514 894 1587 931 loqui
1600 894 1725 931 elegisse,

934 944 962 967 et
979 944 1118 979 propterea
1133 940 1227 979 aquilm
1248 944 1430 974 comparatum
1447 948 1453 965 :
1470 939 1539 966 nulla
1559 939 1656 976 quippe
1669 938 1728 967 avis

935 985 1026 1012 volare
1041 985 1119 1012 altius
1129 985 1291 1022 perhibetur.
1307 984 1420 1012 Proinde
1435 992 1494 1022 quae
1507 992 1540 1011 ex
1550 983 1645 1011 ordine
1658 983 1725 1011 sub-
1742 991 1744 993 '

935 1035 1083 1066 sequuntur
1094 1051 1101 1064 ,
1115 1030 1183 1058 sicut
1198 1038 1229 1057 ea
1245 1030 1372 1058 Dominus
1388 1034 1502 1058 tractare
1513 1029 1666 1063 donaverit,
1684 1029 1728 1065 iu-

937 1076 1086 1104 tentissime
1097 1076 1196 1103 audite.

970 1123 998 1150 2.
1018 1123 1112 1152 Loculi
1123 1131 1214 1155 sumus
1227 1124 1302 1151 vobis
1316 1123 1349 1151 de
1360 1123 1520 1162 przecedenti
1535 1124 1648 1157 lectione
1660 1145 1667 1158 ,
1678 1124 1729 1153 ,iu-

936 1169 1073 1197 sinuantes
1086 1169 1218 1205 quomodo
1243 1170 1404 1206 intelligatur
1426 1169 1506 1203 Pater
1528 1177 1608 1201 verax
1618 1190 1627 1206 ,
1645 1169 1730 1197 Filius

937 1214 1044 1243 veritas.
1065 1214 1130 1241 Cum
1149 1219 1237 1242 autem
1260 1215 1370 1242 dixisset
1385 1215 1513 1242 Dominus
1526 1215 1623 1248 Jesus,
1646 1214 1731 1243 Verax

937 1265 972 1287 est
984 1260 1027 1296 qui
1041 1268 1080 1287 me
1093 1260 1158 1287 misit
1172 1260 1259 1295 (Joan.
1274 1268 1330 1293 vni,
1344 1260 1389 1296 26)
1401 1281 1409 1296 ι
1421 1268 1471 1287 non
1484 1260 1671 1289 intellexerunt
1681 1260 1732 1288 Ju—

937 1305 986 1333 daei
999 1305 1070 1341 quod
1083 1305 1116 1334 de
1128 1306 1205 1333 Patre
1216 1306 1266 1336 illis
1282 1305 1391 1338 diceret.
1407 1306 1440 1333 Et
1451 1306 1486 1333 ait
1498 1306 1550 1340 illis
1563 1306 1634 1342 quod
1648 1305 1729 1340 modo
1770 1338 1773 1341 ἱ

937 1361 996 1380 cum
1011 1353 1142 1389 legeretur
1154 1353 1265 1381 audistis
1282 1361 1287 1379 :
1304 1352 1368 1380 Cum
1390 1353 1557 1387 exultaverim
1572 1349 1667 1383 Filium
1684 1353 1731 1381 Ito-

938 1400 1012 1426 minis
1022 1421 1028 1433 ,
1041 1405 1099 1427 tunc
1109 1400 1262 1436 cognoscetis
1272 1400 1332 1435 quid
1345 1407 1389 1435 ego
1399 1408 1455 1433 sunt
1465 1419 1472 1432 ,
1489 1404 1511 1426 et
1526 1407 1543 1426 α
1555 1400 1648 1434 meipso
1664 1399 1730 1434 facio

938 1446 1021 1479 nihil,
1040 1446 1083 1472 sed
1095 1446 1160 1473 sicut
1170 1445 1254 1473 docui!
1273 1454 1312 1472 me
1331 1444 1421 1482 Pater,
1431 1445 1484 1472 Itaac
1498 1445 1595 1480 loquor.
1610 1444 1679 1484 Quid
1691 1449 1733 1474 est

939 1491 1006 1519 hoc?
1020 1492 1089 1519 Nihil
1108 1492 1178 1520 enim
1194 1491 1264 1519 aliud
1278 1491 1381 1524 videtur
1401 1491 1519 1530 dixisse,
1535 1492 1586 1520 nisi
1600 1499 1648 1523 eos
1670 1496 1731 1527 post

939 1540 1090 1577 passionem
1102 1547 1176 1574 suam
1193 1541 1345 1577 cognituros
1366 1540 1426 1576 quis
1440 1544 1520 1571 esset.
1540 1540 1637 1569 Procul
1649 1540 1732 1574 dubio

939 1594 1004 1622 ergo
1016 1586 1121 1614 videbat
1133 1586 1167 1614 ibi
1179 1586 1292 1622 aliquos,
1308 1593 1374 1627 quos
1390 1586 1446 1626 ipse
1460 1590 1586 1622 noverat,
1598 1593 1664 1621 quos
1675 1586 1733 1621 ipse

939 1639 1000 1659 cum
1020 1632 1126 1660 creteris
1140 1632 1239 1659 sanctis
1258 1632 1313 1659 suis
1332 1635 1393 1659 ante
1407 1631 1623 1659 constitutionem
1638 1630 1731 1659 mundi

940 1678 1105 1713 prazsciendo
1119 1679 1237 1714 elegerat
1246 1699 1253 1711 ,
1274 1682 1335 1715 post
1346 1678 1497 1713 passionem
1514 1686 1589 1714 suam
1601 1685 1661 1710 esse
1672 1685 1732 1706 cre-

940 1723 1051 1751 dituros.
1068 1723 1119 1758 Ipsi
1134 1727 1197 1751 sunt
1208 1723 1242 1750 illi
1254 1731 1319 1759 quos
1333 1723 1440 1757 assidue
1454 1723 1690 1758 commendamus,
1704 1728 1732 1751 et

940 1769 973 1796 ad
986 1769 1159 1798 imitationem
1171 1777 1229 1797 cum
1243 1777 1335 1804 magna
1350 1770 1535 1798 exhortatione
1549 1770 1731 1807 proponimus.

941 1815 1020 1843 Misso
1033 1816 1104 1844 enim
1121 1816 1237 1852 desuper
1256 1816 1356 1852 Spiritu
1373 1821 1465 1845 sancto
1478 1821 1538 1851 post
1553 1817 1655 1849 Domini
1671 1823 1733 1851 pas-

941 1862 1042 1889 sionem
1058 1867 1085 1889 et
1097 1864 1319 1896 resurrectionem
1332 1867 1359 1891 et
1373 1863 1567 1896 ascensionem,
1579 1871 1638 1891 cum
1654 1864 1735 1892 ntira-i

941 1908 999 1934 cuia
1012 1908 1105 1935 tierent
1120 1908 1145 1935 in
1160 1909 1217 1944 ejus
1228 1909 1344 1943 nomine,
1361 1917 1439 1944 quem
1457 1914 1581 1945 tanquam
1597 1914 1731 1938 mortuum

943 1957 1133 1988 persequentes
1147 1953 1230 1981 Judzui
1247 1959 1463 1988 contempscrant
1475 1976 1482 1988 ,
1505 1955 1657 1991 compuncli
1673 1959 1736 1986 sunt

942 1999 1039 2032 corde;
1060 2004 1086 2027 et
1108 2000 1152 2034 qui
1168 2000 1307 2028 saevientes
1320 2000 1489 2034 occiderunt,
1506 2001 1598 2028 mutati
1611 2001 1735 2029 credide-

942 2048 1019 2078 runt;
1048 2050 1074 2072 et
1099 2053 1177 2080 quem
1199 2045 1354 2083 sanguinem
1368 2045 1502 2072 saeviendo
1518 2046 1656 2079 ruderum,
1673 2054 1735 2073 cre—

942 2089 1030 2118 dendo
1045 2089 1168 2118 biberunt
1182 2099 1188 2117 :
1204 2090 1247 2117 illa
1261 2090 1309 2118 tria
1323 2090 1414 2124 millia,
1427 2095 1452 2118 et
1468 2090 1512 2118 illa
1527 2091 1642 2126 quinque
1653 2091 1736 2118 millia

942 2136 1093 2165 Judzeorum
1107 2137 1171 2172 (Act.
1188 2145 1218 2172 ll,
1233 2137 1277 2170 57,
1293 2137 1337 2171 41,
1350 2140 1372 2163 et
1383 2145 1418 2169 tv,
1431 2136 1470 2172 4).
1492 2144 1558 2172 quos
1569 2137 1603 2168 ibi
1617 2136 1733 2171 videbat,

943 2183 1050 2218 quando
1062 2182 1176 2217 dicebat,
1188 2182 1250 2210 Cum
1262 2182 1428 2210 exultaveritis
1439 2181 1535 2210 Filium
1547 2183 1665 2216 hominis,
1677 2187 1736 2213 tunc

943 2229 1095 2265 cognoscetis
1115 2229 1173 2263 quia
1194 2237 1239 2265 ego
1256 2236 1321 2255 sum.
1346 2228 1482 2267 Tanquam
1504 2228 1611 2262 dicens,
1637 2228 1735 2265 Dill‘cro

945 2274 1122 2310 cognitionem
1133 2278 1260 2310 vestram,
1278 2279 1305 2303 ut
1319 2273 1441 2310 impleam
1457 2274 1607 2310 passionem
1623 2282 1735 2310 meam:

944 2320 1038 2347 ordine
1050 2324 1138 2347 vestro
1153 2320 1161 2335 ¹
1177 2320 1343 2356 cognoscetis
1356 2320 1401 2356 qui
1415 2320 1474 2348 sim.
1492 2319 1548 2352 Non
1566 2321 1627 2356 quia
1643 2328 1736 2354 omnes

945 2370 1008 2394 tunc
1022 2370 1098 2394 erant
1113 2365 1240 2394 credituri
1254 2373 1286 2393 ex
1299 2366 1329 2393 iis
1344 2366 1389 2409 qui
1399 2365 1557 2405 audiebant,
1571 2366 1597 2395 id
1610 2371 1665 2401 est,
1677 2371 1738 2403 pos;

946 2413 1096 2447 passionem
1113 2412 1216 2440 Domini
1232 2422 1237 2438 :
1254 2420 1313 2439 nam
1326 2412 1403 2448 paulo
1419 2416 1476 2448 post
1488 2411 1560 2449 dicit,
1579 2411 1641 2439 Ηωε
1654 2421 1682 2443 eo
1694 2413 1736 2441 lo-

945 2463 1045 2493 quente,
1064 2458 1136 2485 multi
1151 2458 1309 2489 crediderunt
1323 2450 1349 2484 in
1360 2466 1426 2489 eum,
1440 2462 1467 2486 et
1478 2457 1594 2484 nondum
1606 2458 1737 2497 exaltalus

946 2508 1004 2532 erat
1025 2503 1108 2530 Filius
1129 2502 1255 2530 hominis.
1278 2502 1469 2530 Exaltationem
1484 2501 1581 2538 quippe
1600 2502 1664 2540 dicit
1679 2510 1739 2537 pas-
1760 2535 1762 2537 τ

947 2550 1039 2581 sionis,
1053 2556 1104 2575 non
1117 2548 1332 2583 gloriﬁcationis;
1351 2547 1453 2580 crucis,
1469 2556 1521 2583 non
1534 2540 1597 2576 coeli
1613 2558 1620 2576 :
1637 2549 1697 2585 quia
1712 2554 1740 2587 et

948 2595 982 2622 ibi
996 2594 1128 2622 exaltatus
1148 2596 1205 2626 est,
1227 2593 1333 2629 quando
1348 2593 1472 2628 pependit
1487 2590 1514 2621 in
1528 2593 1609 2630 ligno.
1629 2594 1681 2622 Sed
1695 2593 1738 2621 illa
1755 2607 1758 2611 ν

947 2640 1071 2668 exaltatio
1094 2639 1242 2667 humiliatio
1257 2638 1315 2666 fuit.
1332 2633 1406 2667 'l‘unc
1425 2640 1495 2667 enim
1512 2640 1594 2668 factus
1613 2645 1653 2669 est
1672 2639 1739 2667 obc-

947 2686 1024 2714 diens
1035 2693 1116 2720 usque
1130 2685 1163 2712 ad
1178 2689 1290 2712 mortem
1316 2686 1403 2713 crucis
1429 2686 1556 2723 (Philipp.
1572 2693 1589 2713 ιι
1600 2705 1607 2717 ,
1625 2685 1663 2720 8).
1683 2684 1740 2724 Hoc

949 2732 1088 2770 oportebat
1103 2731 1208 2767 impleri
1221 2740 1268 2767 per
1286 2740 1378 2760 eorum
1400 2725 1494 2760 manus
1508 2732 1551 2767 qui
1574 2735 1664 2767 postea
1680 2731 1740 2758 fue-

950 2784 1009 2806 rant
1022 2776 1149 2805 credituri
1161 2799 1167 2809 ,
1181 2778 1276 2812 quibus
1290 2778 1369 2810 dicit,
1387 2777 1448 2805 Cum
1463 2771 1630 2804 exaltaveritis
1642 2774 1740 2803 Filium

951 2824 1059 2852 hominis
1069 2845 1076 2857 ,
1103 2828 1161 2850 tunc
1179 2825 1331 2859 cognoscetis
1344 2824 1401 2858 quin
1415 2831 1459 2858 ego
1478 2831 1542 2850 situt.
1567 2822 1654 2856 Quare
1668 2821 1718 2849 hoc
1730 2843 1740 2862 ν

983 2891 991 2907 ¹
1004 2890 1073 2922 miti,
1084 2896 1160 2921 persp.
1173 2893 1236 2920 ωδε,
1252 2892 1335 2915 uestro.
