3916 6366
493 319 630 378 1687

492 441 598 499 nisi
639 443 699 492 ut
724 445 883 491 nemo
918 431 1226 504 desperaret
1251 431 1303 486 in
1338 442 1671 502 quocumque
1707 425 1911 481 scelere
1939 421 2080 478 male

492 535 598 592 sibi
626 532 872 591 conscius
888 572 904 598 ,
929 526 1144 601 quando
1175 525 1390 582 videbat
1415 523 1494 579 eis
1519 521 1706 578 donari
1729 515 2079 576 homicidium

495 629 589 700 qui
617 623 923 682 occiderant
947 620 1256 678 Christum?

568 718 624 772 5.
664 715 776 772 Hos
797 729 924 786 ergo
943 713 996 768 in
1023 712 1111 767 illa
1140 710 1290 766 turba
1315 721 1609 789 agnoscens
1625 705 1904 772 Dominus,
1927 700 2077 766 dixit,

494 811 626 869 Cum
652 807 988 864 exaltareritis
1013 805 1207 860 Filium
1228 804 1463 868 hominis,
1495 811 1612 857 tunc
1633 797 1940 871 cognoscetis
1961 795 2082 866 quia

497 920 590 976 ego
626 919 758 958 sum.
806 901 924 958 lam
947 901 1115 956 nostis
1139 898 1264 970 quid
1284 898 1353 953 sit
1379 914 1489 951 sum
1502 913 1521 961 ;
1567 910 1664 950 nec
1685 893 1898 949 assidue
1920 906 2078 962 repe-

499 995 718 1052 tendum
745 1001 862 1059 est,
911 1008 979 1048 ne
1023 992 1190 1062 pariat
1217 1005 1305 1046 res
1333 997 1477 1045 tanta
1517 985 1803 1042 fastidium.
1845 983 2085 1038 Recolitc

499 1088 651 1155 illud,
703 1086 813 1158 Ego
857 1102 969 1139 sum
1005 1086 1090 1154 qui
1117 1101 1262 1150 sum,
1291 1091 1346 1138 et
1373 1082 1472 1147 Qui
1496 1088 1587 1146 est,
1615 1080 1748 1133 misit
1770 1095 1847 1132 me
1869 1077 1887 1148 (
1907 1075 2083 1130 Exod.

502 1198 586 1246 ιιι,
625 1182 742 1251 lt);
775 1188 830 1236 et
854 1179 1188 1251 agnoscetis,
1219 1176 1344 1247 quid
1369 1175 1569 1230 dictum
1600 1173 1702 1241 sit,
1747 1173 1888 1226 Tunc
1923 1171 2088 1225 scietis

499 1275 620 1345 quia
665 1289 756 1344 ego
783 1288 894 1325 sum
935 1287 954 1324 :
985 1269 1078 1325 sed
1105 1280 1178 1336 et,
1209 1269 1365 1324 Pater
1393 1276 1474 1322 est
1495 1309 1508 1332 ,
1532 1275 1584 1321 et
1610 1265 1839 1336 Spiritus
1867 1273 2086 1319 sanctus

501 1375 606 1419 est.
640 1364 719 1419 Ad
745 1365 918 1435 ipsum
965 1377 1084 1418 esse
1127 1361 1355 1431 pertinet
1399 1369 1504 1414 tota
1542 1359 1794 1413 Trinitas.
1829 1355 1934 1411 Sed
1964 1356 2087 1426 quia

501 1455 758 1511 Dominus
784 1456 921 1511 sicut
949 1454 1116 1509 Filius
1145 1453 1479 1524 loquebatur,
1513 1465 1579 1504 ne
1604 1450 1740 1505 forte
1767 1453 1818 1504 in
1849 1464 1913 1504 eo
1938 1447 2082 1517 quod

502 1546 661 1614 dixit,
693 1546 836 1600 Tunc
863 1546 1171 1618 cognoscetis
1197 1546 1318 1616 quia
1338 1560 1429 1614 ego
1458 1559 1606 1609 sum,
1639 1541 1963 1595 subintraret
2004 1555 2089 1594 er-

504 1655 595 1695 ror
617 1639 1041 1696 Sabellianorum
1063 1679 1077 1705 ,
1110 1639 1212 1692 hoc
1237 1645 1319 1692 est
1355 1634 1898 1704 Patripassianorum,
1931 1646 2090 1702 quem

504 1730 655 1786 vobis
699 1746 935 1786 errorem
974 1727 1344 1784 commendavi
1372 1741 1478 1781 non
1511 1724 1827 1791 tenendum,
1877 1723 1970 1779 sed
1997 1738 2090 1778 ca.

504 1823 756 1886 vendum,
787 1837 972 1876 eorum
1001 1819 1204 1875 scilicet
1236 1818 1327 1888 qui
1356 1817 1635 1882 dixerunt,
1669 1816 1784 1886 Ipse
1811 1825 1891 1870 est
1912 1815 2089 1880 Pater,

503 1915 620 1987 ipse
640 1926 722 1971 est
737 1914 934 1974 Filius;
962 1913 1068 1967 duo
1093 1920 1216 1968 sunt
1236 1912 1470 1977 nomina,
1497 1909 1591 1966 sed
1614 1925 1702 1965 res
1721 1924 1822 1964 una
1845 1927 1856 1961 :
1876 1916 2093 1978 propter

507 2013 666 2067 istum
692 2024 819 2081 ergo
841 2009 1133 2065 cavendum
1159 2022 1396 2064 errorem
1421 2022 1542 2062 cum
1564 2005 1785 2060 dixisset
1811 2003 2091 2071 Dominus,

508 2101 651 2157 Tunc
676 2102 984 2173 cognoscetis
1006 2101 1126 2171 quia
1153 2117 1243 2171 ego
1274 2116 1418 2165 sum;
1464 2114 1529 2153 ne
1559 2099 1673 2168 ipse
1711 2097 2096 2168 intelligeretur

506 2195 686 2260 Pater,
719 2193 970 2249 continuo
998 2192 1286 2262 subjunxit,
1320 2191 1387 2246 Et
1410 2207 1442 2244 a
1467 2191 1655 2261 meipso
1677 2190 1810 2262 facio
1833 2188 1981 2254 nihil,
2007 2187 2096 2241 sed

507 2286 639 2340 sicut
658 2285 826 2339 docuit
850 2301 929 2339 me
951 2283 1126 2348 Pater,
1155 2283 1262 2337 haec
1288 2285 1482 2353 loquor.
1511 2281 1627 2337 Jam
1657 2279 1887 2352 gaudere
1912 2293 2096 2349 caspe-

507 2385 594 2432 rat
619 2376 938 2433 sabellianus
957 2417 971 2439 ,
1002 2376 1202 2431 erroris
1225 2375 1307 2430 sui
1334 2375 1615 2429 occasione
1641 2379 1911 2442 comperta
1942 2389 1954 2424 :
1989 2378 2098 2425 sta-

507 2469 605 2524 tim
634 2479 690 2524 ut
709 2485 768 2525 se
799 2478 1046 2539 tanquam
1075 2467 1128 2522 in
1149 2467 1378 2523 obscuro
1403 2465 1590 2522 extulit
1612 2508 1627 2532 ,
1657 2465 1936 2536 sequentis
1973 2477 2101 2518 sen-

509 2562 687 2617 tentia:
709 2562 824 2616 luce
843 2559 1096 2616 confusus
1119 2569 1218 2616 εει.
1249 2559 1536 2614 Putaveras
1562 2573 1686 2613 eum
1710 2572 1830 2612 esse
1860 2556 2095 2620 Patrem,

509 2653 630 2724 quia
651 2652 805 2720 dixit,
832 2652 944 2724 Ego
964 2669 1075 2707 sum
1096 2669 1114 2706 :
1140 2651 1260 2706 audi
1287 2651 1411 2722 quia
1440 2651 1605 2706 Filius
1633 2658 1736 2714 est,
1766 2648 1829 2702 Et
1853 2665 1885 2701 a
1910 2647 2100 2718 meipso

507 2746 643 2818 facio
672 2744 818 2799 nihil.
843 2743 979 2810 Quid
1009 2753 1109 2806 est,
1139 2743 1184 2796 Α
1206 2745 1398 2812 meipso
1429 2741 1562 2811 facio
1597 2739 1766 2794 nihil?
1810 2740 1850 2792 A
1893 2738 2100 2808 meipso

504 2853 615 2894 non
644 2853 784 2893 sum.
814 2836 978 2892 Filius
1006 2837 1149 2892 enim
1173 2836 1240 2890 de
1265 2835 1424 2890 Patre
1450 2843 1533 2889 est
1556 2834 1724 2898 Deus;
1747 2833 1904 2889 Pater
1922 2841 2099 2888 autem

504 2945 613 2986 non
640 2939 723 2985 est
750 2927 817 2984 de
841 2926 976 2982 Filio
996 2928 1137 2983 Deus
1168 2943 1182 2980 :
1212 2927 1378 2981 Filius
1397 2934 1481 2982 est
1503 2926 1642 2980 Deus
1667 2924 1734 2980 de
1758 2924 1902 2989 Deo;
1937 2924 2093 2979 Pater

506 3030 686 3076 autem
703 3020 865 3086 Deus,
893 3018 987 3075 sed
1019 3033 1127 3073 non
1148 3017 1214 3072 de
1235 3017 1381 3073 Deo:
1414 3016 1581 3072 Filius
1609 3026 1688 3071 est
1715 3016 1893 3071 lumen
1920 3016 1987 3072 de
2013 3017 2099 3070 lu-

507 3114 683 3178 mine;
713 3113 869 3168 Pater
897 3121 1074 3167 autem
1104 3113 1302 3180 lumen,
1332 3113 1425 3168 sed
1453 3128 1557 3168 non
1587 3113 1655 3169 de
1671 3113 1868 3168 lumine
1899 3129 1910 3164 :
1936 3111 2100 3168 Filius

509 3219 612 3271 est,
640 3202 734 3260 sed
757 3202 928 3259 estde
951 3218 1059 3274 quo
1086 3213 1202 3270 est;
1231 3207 1389 3262 Pater
1409 3214 1584 3262 autem
1616 3214 1698 3260 est
1717 3247 1730 3274 ,
1753 3205 1850 3260 sed
1878 3220 1982 3261 non
2012 3215 2094 3261 est

508 3301 577 3356 de
605 3317 711 3371 quo
739 3311 840 3357 est.
1859 3353 1861 3357 .

581 3393 634 3447 4.
676 3392 826 3460 Quod
851 3408 978 3465 ergo
1003 3391 1236 3458 addidit,
1286 3391 1430 3447 Sicut
1469 3391 1639 3445 docuit
1667 3407 1746 3445 me
1776 3390 1953 3458 Pater,
1991 3392 2096 3446 haec

510 3485 719 3555 loquor;
749 3487 949 3541 nemini
996 3494 1233 3540 vestrum
1276 3483 1498 3553 obrepat
1541 3483 1791 3553 cogitatio
1832 3483 2093 3551 carnalis,

505 3576 699 3632 fratres
725 3577 854 3634 mei.
885 3577 1002 3633 Non
1028 3577 1170 3633 enim
1202 3567 1375 3647 petest
1395 3575 1626 3630 humana
1656 3575 1933 3630 inﬁrmitas
1961 3576 2098 3645 cogi-

509 3675 656 3735 tare,
690 3669 790 3723 nisi
820 3670 961 3740 quod
1009 3669 1287 3725 consuevit
1313 3667 1486 3722 facere
1535 3669 1615 3723 vel
1665 3667 1868 3723 audire.
1917 3666 2094 3724 Nolite

508 3774 637 3830 ergo
666 3759 816 3814 vobis
857 3761 1010 3830 quasi
1038 3759 1172 3815 duos
1198 3759 1441 3815 homines
1483 3768 1607 3813 ante
1648 3759 1830 3814 oculos
1855 3775 2054 3830 ponere
2077 3801 2092 3826 ,

510 3868 674 3907 unum
720 3863 923 3922 patrem
949 3895 963 3920 ,
994 3853 1220 3908 alterum
1248 3853 1412 3908 [ilium
1432 3893 1447 3919 ,
1475 3861 1530 3908 et
1557 3854 1862 3924 loquentem
1890 3861 2094 3924 patrem

507 3945 574 4001 ad
607 3945 770 4000 ﬁlium
812 3964 825 4000 :
854 3945 992 4001 sicut
1028 3945 1157 4000 facis
1188 3953 1242 4001 tu
1262 3987 1277 4010 ,
1311 3944 1524 4016 quando
1553 3945 1713 4001 verba
1743 3947 1917 4017 aliqua
1962 3947 2095 4002 dicis

508 4036 620 4092 ﬁlio
651 4044 762 4104 tuo,
794 4052 1018 4093 monens
1047 4052 1169 4094 eum
1197 4046 1252 4094 et
1278 4038 1548 4094 instruens
1572 4053 1693 4094 eum
1723 4038 1992 4109 quomodo
2012 4039 2094 4093 lo-

505 4140 732 4202 quatur,
766 4141 822 4186 ut
845 4147 1193 4204 quazcumque
1211 4132 1412 4188 audivit
1439 4147 1470 4186 a
1510 4142 1562 4188 te
1581 4174 1596 4200 ,
1623 4132 1960 4188 commendet
1985 4147 2098 4188 mc-

506 4225 730 4290 moriae;
782 4239 902 4280 cum
932 4225 1388 4281 commendaverit
1427 4228 1732 4293 memoriae,
1780 4225 2017 4296 proferat
2040 4235 2096 4281 et

508 4315 685 4386 lingua
717 4359 731 4382 ,
779 4315 1064 4387 distinguat
1095 4332 1187 4385 per
1216 4331 1378 4372 sonos
1400 4357 1416 4382 ,
1445 4316 1638 4371 inferat
1660 4316 1876 4372 auribus
1905 4316 2095 4371 alienis

507 4408 650 4476 quod
677 4409 915 4476 percepit
935 4409 988 4463 iu
1015 4409 1146 4462 suis.
1179 4407 1353 4462 Nolite
1384 4407 1456 4460 ita
1476 4409 1730 4477 cogitare,
1764 4423 1830 4462 ne
1858 4409 1911 4462 in
1935 4408 2096 4464 corde

508 4505 689 4553 vestro
729 4497 867 4552 idola
912 4497 1196 4552 fabricetis.
1222 4498 1518 4552 Humanam
1546 4496 1767 4552 formam
1788 4538 1802 4564 ,
1832 4498 2094 4553 humano.

507 4602 627 4644 rum
647 4588 962 4643 lineamenta
984 4588 1365 4656 membrorum,
1391 4586 1612 4659 ﬁguram
1635 4590 1808 4644 carnis
1825 4589 2090 4660 humanae,

507 4693 699 4736 sensus
725 4679 857 4734 istos
875 4680 1207 4750 conspicuos,
1237 4687 1494 4735 staturam
1517 4687 1799 4752 motusque
1825 4683 2088 4754 corporis,

508 4775 700 4846 lingua:
723 4774 955 4830 cilicium
975 4815 991 4842 ,
1023 4773 1390 4830 distinctiones
1415 4789 1666 4830 sonorum
1688 4817 1703 4843 ,
1733 4776 1898 4833 nolite
1924 4776 1977 4830 in
2006 4776 2092 4832 illa

505 4869 771 4926 Trinitate
815 4870 1051 4941 cogitare
1080 4912 1095 4936 ,
1145 4869 1248 4926 nisi
1296 4869 1437 4941 quod
1485 4870 1713 4940 pertinet
1754 4871 1820 4926 ad
1865 4871 2089 4928 formam

504 4963 680 5031 servi,
721 4980 878 5034 quam
908 4963 1114 5036 accepit
1139 4965 1439 5034 unigenitus
1466 4963 1634 5020 Filius
1653 5006 1668 5032 ,
1700 4981 1819 5021 cum
1860 4967 2088 5024 Verbum

505 5069 632 5110 caro
654 5055 849 5112 factum
883 5066 986 5124 est,
1015 5067 1073 5112 ut
1096 5056 1360 5114 habitaret
1390 5058 1445 5112 in
1472 5058 1625 5114 nobis
1653 5057 1830 5131 (Joan.
1881 5077 1919 5128 ι,
1972 5063 2086 5132 lt).

505 5147 584 5208 lbi
610 5163 715 5204 non
747 5157 797 5203 te
819 5149 1090 5220 prohibeo,
1119 5150 1350 5207 humana
1375 5152 1673 5220 inﬁrmitas,
1698 5155 1927 5223 cogitare
1948 5155 2089 5225 quod

503 5243 679 5310 nosti;
713 5243 820 5298 imo
846 5245 1007 5297 etiam
1046 5245 1328 5314 compello.
1380 5243 1435 5301 Si
1483 5244 1615 5300 ﬁdes
1641 5246 1695 5300 in
1734 5254 1788 5301 te
1814 5261 1938 5301 vera
1965 5256 2087 5314 est,

503 5339 666 5394 talem
687 5335 957 5393 Christum
985 5337 1156 5408 cogita
1187 5355 1200 5390 :
1228 5337 1323 5392 sed
1349 5353 1414 5392 ex
1440 5337 1601 5393 Maria
1631 5338 1854 5409 virgine,
1885 5354 1993 5394 non
2023 5337 2090 5395 de

500 5429 617 5486 Deo
644 5429 802 5486 Patre
826 5430 985 5486 talem
1010 5430 1202 5501 cogita.
1241 5429 1418 5485 lnl‘ans
1448 5431 1545 5487 fuit
1565 5473 1579 5498 ,
1607 5433 1775 5486 crevit
1800 5439 1858 5487 ut
1887 5431 2050 5487 homo
2069 5476 2082 5500 ,

500 5519 793 5577 ambulavit
819 5530 875 5577 ut
904 5521 1084 5589 homo,
1112 5521 1352 5590 esurivit,
1383 5520 1546 5578 sitivit
1573 5530 1632 5578 ut
1658 5521 1822 5579 homo
1844 5565 1858 5591 ,
1886 5521 2087 5579 dormi-

499 5614 579 5670 vit
605 5621 666 5669 ut
686 5613 868 5680 homo,
899 5624 1170 5685 postremo
1195 5628 1380 5686 passus
1405 5624 1463 5669 ut
1490 5615 1650 5670 homo
1668 5657 1683 5683 ,
1715 5631 2004 5686 suspensus
2028 5617 2082 5671 in

499 5706 676 5776 ligno,
706 5708 946 5775 occisus,
974 5707 1210 5778 sepultus
1233 5717 1301 5762 ut.
1337 5707 1528 5772 homo;
1581 5707 1635 5762 in
1672 5708 1860 5764 eadem
1915 5709 2081 5765 forma

501 5798 816 5864 resurrexit,
847 5798 900 5855 in
951 5797 1136 5857 eadem
1189 5797 1358 5855 forma
1385 5806 1506 5854 ante
1559 5798 1744 5857 oculos
1788 5799 2079 5872 discipulo-

1447 310 1513 368 IN
1549 305 1828 368 JOANNIS
1865 299 2327 371 EVANGELIUM,
2368 302 2426 360 S.
2467 301 2836 363 AUGUSTINI

3591 317 3704 382 1688

2187 455 2306 496 rum
2358 441 2598 497 ascendit
2641 442 2694 496 in
2728 441 2945 510 caelum,
2997 441 3052 496 in
3088 441 3272 499 eadem
3301 444 3464 502 forma
3502 461 3714 515 ventum

2188 543 2271 590 est
2317 534 2382 590 ad
2407 535 2683 605 judicium.
2730 538 3054 607 Angelorum
3081 537 3222 593 enim
3265 553 3368 594 vox
3395 549 3476 598 est
3500 543 3550 599 in
3572 545 3713 609 Evan.

2189 627 2329 698 gclio
2388 643 2641 700 expressa
2682 649 2696 686 :
2746 629 2838 686 Sic
2897 633 3056 688 veniet
3108 640 3359 707 quomodo
3407 655 3514 695 eum
3559 641 3716 704 uidistis

2190 729 2386 775 euntem
2421 722 2474 774 in
2496 723 2672 776 caelum
2703 721 2836 794 (Act.
2859 740 2878 779 ι
2897 765 2913 791 ,
2953 725 3068 798 Η).
3097 725 3322 793 Quando
3352 745 3475 803 ergo
3497 733 3560 790 de
3584 736 3717 797 forma

2191 814 2331 868 servi
2381 815 2582 885 cogitas
2631 815 2684 870 in
2735 814 2986 885 Christo,
3047 818 3333 876 humanam
3381 822 3594 897 efﬁgiem
3648 845 3722 887 co-

2191 905 2331 976 gita,
2364 906 2408 961 si
2435 915 2516 962 est
2556 906 2610 962 in
2655 916 2707 962 te
2736 907 2870 963 ﬁdes
2902 927 2915 962 :
2943 909 3155 981 quando
3201 924 3379 970 autem
3425 920 3634 991 cogitas,
3670 923 3720 981 ιιι

2193 1000 2442 1072 principio
2467 1010 2576 1055 erat
2605 999 2819 1056 Verbum
2843 1045 2856 1068 ,
2880 1014 2928 1057 et
2965 1003 3174 1060 Verbum
3194 1018 3304 1063 erat
3323 1011 3460 1078 apud
3496 1011 3666 1085 Deum,
3687 1031 3722 1074 et

2194 1090 2331 1145 Deus
2364 1101 2474 1145 erat
2529 1090 2745 1147 Verbum
2785 1094 2966 1164 (Joan.
2994 1111 3034 1162 ι,
3076 1096 3162 1168 1),
3199 1109 3386 1169 pereat
3407 1101 3472 1158 de
3494 1106 3636 1163 corde
3654 1117 3723 1166 tuo

2193 1185 2366 1240 omnis
2397 1185 2623 1240 humana
2650 1185 2892 1256 ﬁguratio
2933 1205 2946 1241 :
2991 1188 3222 1259 pellatur
3259 1191 3328 1247 de
3369 1195 3724 1264 cogitationibus

2194 1276 2300 1331 tuis
2324 1276 2578 1348 quidquid
2607 1277 2715 1333 ﬁne
2739 1292 3000 1349 corporeo
3027 1281 3362 1349 terminatur,
3388 1285 3622 1358 quidquid
3646 1290 3724 1348 loci

2195 1370 2367 1439 spatio
2395 1370 2729 1436 continetur,
2780 1370 2863 1426 vel
2889 1372 3218 1442 quantalibet
3261 1375 3402 1431 mole
3429 1377 3721 1450 diffunditur;

2195 1461 2262 1516 de
2289 1461 2454 1517 corde
2476 1471 2566 1517 tuo
2593 1461 2899 1534 ﬁgmentum
2931 1464 3036 1520 tale
3060 1465 3349 1536 dispereat.
3373 1469 3566 1541 Cogita,
3589 1474 3629 1529 si
3649 1490 3725 1547 po-

2197 1563 2297 1616 tes,
2333 1555 2782 1624 pulchritudinem
2815 1557 3113 1627 sapientiae,
3138 1569 3390 1615 occurrat
3419 1561 3508 1616 tibi
3536 1564 3726 1634 pulchri-

2198 1644 2324 1700 tudo
2339 1645 2575 1715 iustitiae.
2597 1646 2789 1703 Forma
2805 1649 2927 1704 est?
2950 1657 3152 1704 statura
3173 1651 3297 1706 est?
3315 1652 3461 1708 color
3485 1655 3594 1711 est?
3614 1656 3722 1714 Nihil

2196 1737 2386 1792 horum
2412 1748 2514 1803 est,
2543 1749 2597 1794 et
2623 1748 2801 1796 tamen
2829 1749 2913 1797 est
2938 1759 2951 1796 :
2983 1755 3106 1797 nam
3133 1745 3180 1799 si
3211 1759 3318 1798 non
3338 1755 3494 1812 esset,
3519 1761 3605 1803 nec
3617 1763 3726 1806 ama-

2198 1841 2344 1886 retur
2363 1873 2378 1899 ,
2405 1846 2502 1886 nec
2530 1832 2721 1888 merito
2748 1833 3054 1890 laudaretur
3072 1878 3088 1902 ,
3118 1851 3221 1892 nec
3240 1849 3415 1893 amata
3445 1854 3536 1896 nec
3558 1841 3725 1898 laudata

2197 1921 2356 1976 corde
2372 1924 2712 1993 moribusque
2735 1933 3007 1981 teneretur
3032 1945 3046 1980 :
3077 1941 3221 1983 nunc
3239 1944 3369 1986 vero
3389 1930 3516 1986 ﬁunt
3534 1933 3727 1991 homines

2197 2014 2500 2082 sapientes;
2539 2017 2680 2072 unde
2705 2018 2930 2085 ﬁerent,
2969 2021 3071 2075 nisi
3106 2029 3258 2077 esset
3284 2023 3567 2093 sapientia?
3600 2025 3726 2082 Porro

2199 2114 2397 2175 autem,
2425 2124 2458 2163 ο
2479 2109 2659 2178 homo,
2683 2111 2729 2165 si
2749 2113 3060 2182 sapientiam
3083 2123 3231 2170 tuam
3258 2116 3436 2172 videre
3455 2119 3613 2173 carnis
3629 2134 3726 2174 ocu-

2200 2198 2266 2254 lis
2312 2215 2416 2255 non
2462 2213 2648 2271 potes,
2695 2218 2794 2259 nec
2824 2205 2912 2260 tali
2939 2206 3320 2278 imaginatione
3362 2211 3581 2282 cogitare
3619 2213 3727 2282 quali

2201 2294 2496 2362 corporalia
2529 2295 2862 2366 cogitantur,
2898 2299 3176 2370 sapientiae
3202 2301 3299 2357 Dei
3338 2301 3498 2358 audes
3534 2303 3726 2374 ingerere

2202 2382 2418 2439 humani
2442 2389 2680 2456 corporis
2703 2389 2962 2444 formam?

2273 2476 2326 2529 5.
2368 2476 2504 2543 Quid
2530 2493 2656 2548 ergo
2698 2479 2957 2550 dicimus,
2986 2482 3219 2540 fratres?
3245 2485 3516 2554 Quomodo
3556 2487 3720 2544 locutus

2204 2577 2285 2623 est
2309 2569 2464 2624 Pater
2493 2569 2627 2625 Filio
2648 2614 2662 2637 ,
2695 2575 2946 2643 quoniam
2990 2574 3156 2631 Filius
3187 2578 3262 2632 ait
3321 2578 3464 2633 Sicut
3500 2579 3642 2634 docuit
3669 2597 3726 2635 me

2205 2659 2380 2728 Pater,
2423 2663 2529 2717 haec
2572 2663 2783 2733 loquor?
2809 2665 3043 2725 Locutus
3079 2677 3164 2724 est
3212 2671 3326 2726 illi?
3350 2671 3560 2739 Quando
3587 2672 3725 2728 docuit

2203 2752 2360 2808 Pater
2383 2755 2570 2810 Filium
2587 2798 2600 2822 ,
2629 2759 2790 2814 verba
2818 2759 2940 2815 fecit
2959 2804 2974 2828 ,
3000 2763 3274 2831 quomodo
3299 2771 3377 2831 tu,
3394 2764 3587 2836 quando
3603 2765 3724 2820 doces

2205 2845 2370 2901 ﬁlium
2434 2856 2616 2916 tuum,
2672 2850 2834 2906 verba
2886 2851 3050 2906 lacis?
3103 2852 3386 2920 Quomodo
3436 2853 3552 2910 facit
3603 2856 3724 2911 verba

2203 2936 2420 2992 Verbo?
2449 2938 2579 3007 Quae
2615 2941 2774 2996 verba
2805 2943 2971 2998 multa
2998 2943 3194 3000 ﬁerent
3224 2948 3381 3002 unico
3407 2947 3600 3003 Verbo?
3623 2945 3723 3003 Vet-

2204 3029 2328 3084 bum
2357 3031 2497 3086 enim
2527 3032 2698 3088 Patris
2723 3049 2880 3090 aures
2909 3036 3092 3092 habuit
3119 3037 3192 3094 ad
3217 3055 3278 3095 os
3303 3040 3503 3095 Patris?
3530 3039 3723 3096 Carnalia

2203 3132 2326 3178 sunt
2370 3125 2502 3191 ista,
2536 3137 2755 3196 pereant
2797 3128 2865 3184 de
2915 3131 3166 3188 cordibus
3225 3134 3432 3191 vestris.
3482 3133 3581 3190 Hoc
3617 3133 3723 3188 enim

2202 3213 2354 3280 dico,
2387 3231 2511 3272 ecce
2553 3219 2596 3272 si
2638 3217 2970 3277 intellexistis
3011 3222 3150 3291 quod
3196 3239 3298 3296 ego
3343 3225 3475 3294 dixi,
3509 3239 3594 3296 ego
3614 3230 3723 3278 certe

2203 3309 2409 3364 locutus
2435 3325 2574 3377 sum,
2601 3319 2656 3367 et
2680 3329 2798 3367 mea
2825 3317 2988 3369 verba
3011 3327 3327 3383 sonuerunt,
3352 3317 3582 3388 sonisque
3603 3329 3722 3370 aures

2203 3403 2555 3473 pepulerunt,
2585 3413 2637 3459 et
2664 3421 2757 3476 per
2782 3421 2996 3462 sensum
3024 3408 3241 3466 auditus
3268 3412 3428 3467 vestri
3451 3409 3512 3465 ad
3534 3425 3612 3465 cor
3631 3422 3722 3463 sen-

2201 3495 2420 3551 tentiam
2448 3497 2839 3567 perduxerunt,
2869 3501 2914 3555 si
2942 3501 3307 3559 intellexistis.
3340 3502 3516 3559 Facite
3540 3501 3719 3572 aliquem

2201 3586 2410 3642 audisse
2429 3589 2605 3642 latina!
2627 3589 2816 3659 linguae
2838 3589 3126 3657 hominem,
3153 3594 3516 3650 tantummodo
3533 3592 3714 3654 audisse,

2201 3696 2299 3736 nec
2328 3689 2503 3737 tamen
2535 3684 2857 3740 intellexisse
2887 3685 3025 3756 quod
3058 3686 3167 3742 dixi
3201 3708 3215 3744 :
3243 3697 3492 3760 quantum
3535 3685 3592 3741 ad
3613 3693 3717 3739 stre-

2201 3774 2366 3846 pitum
2411 3777 2641 3844 pertinet
2693 3779 2944 3832 emissum
2988 3795 3052 3834 ex
3094 3795 3191 3836 ore
3232 3798 3383 3850 meo,
3411 3780 3485 3836 sic
3524 3779 3619 3848 ejus
3651 3773 3717 3828 ille

2200 3866 2466 3936 particeps
2509 3868 2675 3922 lactus
2713 3879 2796 3923 est
2836 3871 2925 3940 qui
2969 3887 3077 3926 non
3115 3872 3405 3940 intellexit,
3431 3868 3658 3944 quomodo
3679 3875 3718 3920 et

2198 3973 2324 4024 vos;
2353 3975 2473 4014 eum
2504 3973 2691 4017 sonum
2724 3962 2955 4030 audivit,
2986 3965 3188 4021 eaedem
3216 3968 3431 4040 syllabae
3467 3978 3602 4020 aures
3630 3959 3716 4030 ejus

2201 4062 2614 4122 percusserunt;
2646 4053 2739 4108 sed
2780 4054 2833 4108 in
2877 4055 3037 4112 corde
3077 4057 3245 4128 ipsius
3289 4058 3414 4113 nihil
3458 4058 3716 4127 genuerunt.

2200 4142 2416 4210 Quare?
2443 4143 2577 4212 Quia
2599 4160 2704 4200 non
2724 4145 2999 4202 intellexit.
3020 4146 3128 4202 Vos
3144 4159 3321 4205 autem
3352 4150 3396 4204 si
3421 4141 3698 4204 intellexistis

2200 4233 2341 4289 unde
2384 4234 2754 4290 intellexistis?
2795 4236 2905 4305 Ego
2952 4237 3018 4292 ad
3067 4252 3250 4294 aurem
3291 4238 3468 4303 sonui;
3505 4228 3712 4301 numquid

2199 4342 2298 4397 ego
2325 4327 2376 4381 in
2408 4327 2567 4383 corde
2599 4327 2778 4384 lumen
2819 4328 3074 4384 accendi?
3102 4330 3290 4386 Procul
3332 4330 3483 4385 dubio
3509 4326 3548 4382 si
3569 4334 3712 4379 verum

2200 4428 2282 4474 est
2304 4419 2445 4489 quod
2476 4419 2620 4486 dixi,
2650 4427 2704 4475 et
2735 4420 2836 4474 hoc
2859 4433 3042 4474 verum
3071 4435 3179 4476 non
3204 4423 3374 4477 solum
3402 4417 3617 4481 audistis,
3642 4425 3712 4464 ve-

2199 4525 2316 4565 rum
2344 4511 2503 4565 etiam
2535 4510 2898 4575 intellexistis;
2929 4509 3045 4565 duae
3072 4528 3157 4567 res
3195 4513 3264 4568 ibi
3293 4511 3440 4568 factm
3467 4514 3606 4570 sunt,
3631 4501 3717 4555 dis-

2199 4603 2402 4657 cernite
2431 4601 2579 4668 illas,
2607 4602 2816 4657 auditus
2858 4611 2913 4657 et
2943 4602 3259 4661 intellectus.
3290 4601 3503 4658 Auditus
3537 4612 3616 4667 per
3648 4605 3711 4645 me

2199 4695 2367 4751 factus
2393 4704 2476 4752 est
2495 4739 2510 4763 ,
2539 4695 2840 4751 intellectus
2869 4711 2963 4766 per
2990 4699 3181 4766 quem?
3210 4697 3321 4768 Ego
3358 4696 3421 4750 ad
3444 4706 3602 4748 aurem
3624 4681 3709 4742 dixi

2199 4798 2257 4844 ut
2286 4789 2562 4856 audiretis,
2591 4788 2656 4842 ad
2683 4803 2776 4843 cor
2803 4797 3039 4844 vestrum
3064 4789 3182 4860 quis
3207 4788 3343 4843 dixit
3364 4796 3419 4842 ut
3443 4780 3707 4848 intelligere-

2198 4883 2303 4937 tis?
2329 4881 2457 4936 Sine
2503 4879 2663 4936 dubio
2709 4879 2900 4950 aliquis
2947 4890 3000 4936 et
3043 4881 3108 4934 ad
3150 4894 3241 4935 cor
3300 4887 3518 4934 vestrum
3553 4861 3705 4936 aliquid

2198 4974 2362 5039 dixit,
2394 4985 2450 5029 ut
2478 4988 2583 5027 non
2613 4973 2787 5028 solum
2817 4973 3067 5044 strepitus
3097 4973 3194 5030 iste
3222 4973 3491 5028 verborum
3518 4967 3708 5036 ρεταιιε·

2197 5077 2279 5121 ret
2297 5080 2478 5119 aurem
2500 5073 2736 5119 vestram
2763 5107 2777 5130 ,
2810 5066 2903 5120 sed
2932 5066 3090 5121 etiam
3118 5066 3169 5121 in
3199 5081 3291 5121 cor
3312 5073 3530 5120 vestrum
3551 5045 3703 5122 aliquid

2195 5157 2545 5214 descenderet
2567 5157 2808 5212 veritatis
2828 5176 2841 5211 :
2861 5157 2993 5212 dixit
3011 5159 3198 5229 aliquis
3224 5167 3275 5213 et
3297 5156 3360 5210 ad
3380 5169 3467 5209 eor
3494 5155 3700 5204 vestrum.

2196 5249 2290 5304 sed
2321 5263 2425 5302 non
2455 5263 2574 5302 eum
2607 5247 2827 5315 videtis;
2854 5249 2898 5302 si
2929 5249 3285 5315 intellexistis,
3309 5245 3514 5304 fratres,
3543 5236 3698 5331 dictutn

2195 5351 2279 5398 est
2311 5350 2362 5397 et
2388 5340 2537 5396 cordi
2566 5351 2766 5397 vestro.
2797 5340 2985 5396 Munus
3013 5339 3108 5396 Dei
3133 5349 3213 5397 est
3239 5333 3578 5420 intelligentia.

2196 5435 2298 5489 hoc
2339 5432 2471 5489 dixit
2500 5433 2551 5488 in
2583 5433 2744 5487 corde
2780 5441 2960 5488 vestro
2980 5475 2994 5498 ,
3035 5433 3080 5487 si
3127 5418 3579 5488 intellexistis?Cui
3601 5412 3700 5470 dicit

2195 5526 2437 5581 Psalmus
2455 5567 2469 5593 ,
2498 5522 2580 5577 Da
2601 5524 2725 5578 mihi
2756 5522 3061 5578 intellectum
3079 5567 3093 5593 ,
3127 5534 3178 5577 ut
3203 5523 3382 5576 discam
3402 5511 3607 5571 mandata
3632 5512 3696 5555 Μ

2194 5617 2366 5689 (Psal.
2394 5633 2575 5684 cxvtn,
2607 5617 2716 5688 75).
2738 5616 2896 5672 Verbi
2921 5618 3109 5687 gratia,
3139 5616 3405 5688 episcopus
3423 5609 3599 5663 locutus
3615 5601 3692 5650 est.

2192 5708 2328 5778 Quid
2353 5709 2557 5763 locutus
2586 5718 2688 5774 est,
2717 5707 2906 5777 aliquis
2934 5709 3044 5763 ait?
3074 5704 3375 5778 Respondes
3400 5694 3510 5770 quid
3530 5693 3694 5778 loculus

2193 5771 2264 5860 sit
2281 5842 2296 5870 ,
2322 5807 2376 5858 et
2400 5799 2549 5856 addis
2575 5816 2586 5854 :
2611 5771 2820 5857 verum
2842 5797 2989 5858 dixit.
3017 5799 3164 5859 Tunc
3182 5771 3328 5859 alius
3353 5792 3430 5866 qui
3455 5801 3546 5847 non
3572 5771 3692 5837 intel-
