3916 6372
154 479 276 536 lexit
297 494 312 531 :
334 473 472 543 Quid
509 471 672 540 dixit,
698 471 905 544 inquit,
934 479 1028 525 aut
1053 469 1178 541 quid
1219 484 1299 525 εει
1328 469 1466 541 quod
1497 469 1723 526 laudas?

155 566 318 627 Ambo
345 581 431 621 me
457 561 1026 626 audierunt,ambobus
1040 575 1139 631 ego
1167 560 1274 615 dixi
1335 559 1430 616 sed
1460 560 1548 615 uni
1580 561 1726 630 ipso-

155 675 264 718 rum
292 657 432 712 Dens
476 654 629 710 dixit.
667 653 725 708 Si
756 667 912 723 parva
940 651 1144 722 magnis
1191 665 1502 720 comparare
1534 665 1728 706 conce-

159 750 308 815 ditur,
331 746 580 818 quoniam
604 759 703 800 nos
727 743 793 799 ad
814 759 936 799 eum
957 742 1080 813 quid
1103 744 1318 797 sumus?
1343 751 1519 798 tamen
1545 743 1726 798 nescio

163 842 276 912 quid
301 835 698 907 incorporaliter
715 845 770 890 et
789 834 1132 906 spiritualiter
1156 832 1285 889 facit
1307 834 1359 888 in
1387 833 1540 888 nobis
1563 834 1724 902 Deus,

165 930 293 1004 quod
316 944 409 985 nec
450 943 614 983 sonus
643 935 726 982 est
767 928 855 996 qui
898 941 1082 980 aurem
1125 925 1416 996 percutiat,
1446 939 1544 980 nec
1573 923 1723 979 color

168 1024 246 1094 qui
271 1021 431 1077 oculis
455 1018 806 1080 discernatur,
838 1032 938 1072 nec
975 1016 1110 1072 odor
1148 1025 1233 1072 est
1271 1017 1361 1087 qui
1390 1017 1605 1071 naribus
1631 1031 1724 1070 ca-

167 1116 340 1186 piatur,
369 1125 464 1166 nec
493 1123 653 1180 sapor
676 1109 764 1178 qui
804 1106 1046 1164 faucibus
1084 1107 1374 1178 judicetur,
1406 1123 1505 1162 nec
1532 1107 1725 1162 durum

173 1218 217 1261 et
241 1207 386 1261 molle
409 1203 548 1274 quod
589 1202 850 1273 tangendo
880 1202 1173 1256 sentiatur:
1199 1209 1374 1256 tamen
1405 1201 1600 1270 aliquid
1646 1211 1728 1256 est

174 1299 294 1370 quod
316 1297 507 1353 sentire
551 1295 704 1349 facile
734 1302 814 1349 est
833 1334 847 1360 ,
875 1294 1140 1363 esplicare
1169 1293 1494 1364 impossibile
1533 1301 1633 1347 est.
1667 1292 1725 1347 Si

173 1409 284 1464 ergo
308 1393 436 1448 Dens
455 1433 469 1458 ,
503 1400 558 1445 ut
583 1389 762 1445 dicere
790 1403 1060 1458 coeperam
1083 1430 1098 1455 ,
1124 1388 1358 1456 loquitur
1395 1389 1448 1441 in
1477 1387 1725 1441 cordibus

174 1488 345 1541 nostris
388 1485 502 1540 sine
549 1499 714 1547 sono,
745 1481 1013 1553 quomodo
1054 1481 1286 1551 loquitur
1313 1479 1446 1534 Filio
1476 1483 1610 1535 suo?
1639 1481 1726 1536 Sic

173 1595 301 1651 ergo,
324 1579 508 1634 fratres
528 1619 542 1643 ,
570 1580 649 1634 sic
676 1578 922 1648 cogitate,
950 1585 1206 1647 quantum
1233 1577 1471 1646 potestis,
1502 1585 1559 1629 ut
1583 1575 1724 1644 dixi,

173 1672 209 1725 si
252 1671 363 1725 licet
402 1685 565 1739 parva
613 1669 820 1738 magnis
864 1666 1024 1723 modo
1069 1668 1248 1738 aliquo
1273 1682 1616 1737 comparare;
1649 1669 1727 1722 sic

173 1763 389 1832 cogitate.
431 1759 840 1830 lneorporaliter
877 1759 1036 1814 Pater
1057 1758 1266 1813 locutus
1292 1767 1375 1813 est
1401 1758 1535 1813 Filio
1556 1801 1570 1826 ,
1602 1759 1727 1829 quia

173 1852 546 1922 incorporalitcr
563 1851 721 1906 Pater
739 1850 917 1920 genuit
934 1848 1144 1904 Filium.
1166 1847 1276 1904 Nec
1302 1865 1422 1903 cum
1449 1850 1525 1903 sic
1548 1848 1729 1904 docuit

173 1943 302 2014 quasi
326 1942 589 1996 indoctum
617 1941 859 2012 genuerit
887 1957 900 1994 :
929 1940 1022 1995 sed
1053 1941 1155 1996 hoc
1181 1949 1264 1996 est
1289 1956 1409 1995 eum
1439 1940 1685 1996 docuisse
1708 1984 1723 2010 ,

173 2033 300 2103 quod
329 2042 406 2087 est
443 2032 701 2087 scientem
744 2031 1026 2101 genuisse;
1059 2040 1112 2086 et
1156 2031 1257 2086 hoc
1299 2040 1411 2095 est,
1443 2032 1612 2084 docuit
1650 2048 1728 2085 me

174 2125 326 2192 Pater,
353 2125 490 2196 quod
520 2135 636 2191 est,
666 2125 924 2180 scientem
951 2139 1037 2178 me
1064 2124 1246 2194 genuit
1275 2123 1450 2177 Pater.
1475 2123 1532 2177 Si
1557 2123 1722 2190 enim,

175 2218 294 2285 quod
319 2217 462 2286 pauci
492 2215 830 2285 intelligunt,
859 2213 1088 2282 simplex
1115 2222 1196 2268 est
1224 2220 1410 2267 natura
1450 2211 1723 2277 veritatis;

176 2307 264 2362 hoc
283 2317 358 2364 est
380 2308 512 2364 Filio
537 2323 658 2364 esse
698 2307 840 2377 quod
871 2322 1048 2362 nosse.
1081 2307 1162 2361 Ah
1188 2305 1279 2360 illo
1320 2321 1450 2376 ergo
1481 2305 1639 2360 habet
1667 2314 1728 2360 ut

177 2399 440 2463 noverit,a
484 2413 591 2467 quo
636 2396 796 2452 habet
837 2405 893 2450 ut
936 2395 1044 2451 sit:
1075 2410 1177 2451 non
1229 2405 1286 2450 ut
1332 2396 1476 2466 prius
1514 2395 1582 2449 ab
1634 2395 1728 2451 illo

177 2500 328 2557 esset,
353 2499 405 2544 et
441 2490 507 2544 ab
537 2489 629 2544 illo
653 2497 836 2560 postea
887 2498 1101 2554 nosset;
1130 2488 1223 2544 sed
1272 2487 1722 2556 quemadmodum

182 2581 241 2634 illi
273 2579 520 2652 gignendo
563 2580 709 2637 dedit
748 2588 805 2634 ut
843 2588 1018 2643 esset,
1049 2579 1126 2634 sic
1169 2579 1431 2649 gignendo
1478 2579 1624 2633 dedit
1671 2587 1730 2633 ut

184 2671 501 2742 nosset:quia
529 2669 777 2740 simplici,
807 2678 864 2724 ut
891 2669 1090 2724 dictum
1116 2679 1197 2723 est
1216 2711 1230 2734 ,
1259 2679 1462 2723 naturm
1487 2668 1726 2724 veritatis

181 2777 277 2818 esse
294 2772 343 2818 et
363 2778 517 2818 nosse
536 2777 641 2817 non
672 2761 910 2816 estaliud
928 2768 1084 2832 atque
1100 2761 1263 2826 aliud,
1283 2761 1376 2816 sed
1409 2762 1509 2816 hoc
1532 2763 1724 2830 ipsum.

238 2856 284 2908 6.
319 2853 453 2908 Dixit
480 2869 607 2923 ergo
646 2853 744 2907 ista
786 2852 1017 2919 Juda'is,
1049 2862 1104 2907 et
1152 2851 1352 2906 addidit
1380 2869 1392 2904 :
1417 2850 1485 2904 Et
1524 2853 1608 2922 qui
1651 2869 1731 2906 me

175 2946 290 2999 misit
315 2962 498 2998 mecum
524 2953 615 2998 est.
658 2943 773 2998 iam
819 2943 919 2998 hoc
960 2953 1015 2998 et
1057 2952 1180 2998 ante
1213 2943 1450 3010 dixerat,
1481 2943 1573 2998 sed
1613 2959 1728 2999 rem

172 3050 392 3104 magnam
417 3034 627 3090 assidue
669 3044 1052 3090 commemorat
1083 3053 1096 3088 :
1125 3034 1260 3088 misit
1301 3051 1379 3088 me
1399 3076 1413 3100 ,
1439 3043 1492 3088 et
1535 3051 1728 3088 mecum

172 3134 253 3179 est.
280 3126 331 3182 Si
370 3141 494 3197 ergo
523 3135 695 3180 tecum
741 3133 857 3189 est,
889 3141 921 3178 ο
945 3125 1165 3180 Domine
1186 3166 1200 3190 ,
1233 3140 1338 3180 non
1367 3141 1501 3180 unus
1526 3128 1592 3180 ah
1621 3126 1727 3180 alio

171 3215 351 3271 missus
382 3224 458 3271 est
480 3258 495 3283 ,
527 3214 623 3272 sed
653 3214 810 3271 ambo
835 3215 1074 3270 venistis.
1109 3215 1175 3269 Et
1215 3225 1392 3270 tamen
1422 3232 1541 3270 eum
1569 3215 1726 3270 ambo

180 3306 326 3360 simul
364 3306 491 3373 sint,
535 3298 672 3362 unus
718 3307 913 3362 missus
953 3317 1068 3373 est,
1099 3306 1234 3360 alter
1273 3307 1728 3376 misitzquoniam

180 3397 348 3451 missio
373 3398 656 3453 incarnatio
681 3405 761 3452 est
781 3439 797 3462 ,
828 3406 883 3452 et
907 3397 1020 3466 ipsa
1050 3396 1344 3451 inearnatio
1373 3397 1491 3451 Filii
1523 3405 1725 3452 tantum

180 3497 281 3557 est,
311 3505 404 3544 non
429 3499 479 3544 et
506 3489 699 3545 Patris.
725 3488 862 3542 Misit
892 3488 1066 3558 itaque
1088 3488 1248 3542 Pater
1270 3487 1482 3554 Filium,
1507 3488 1600 3544 sed
1623 3505 1728 3544 non

182 3583 374 3637 recessit
397 3598 426 3636 a
457 3581 608 3637 Filio.
641 3580 758 3636 Non
779 3581 921 3635 enim
948 3595 1052 3650 quo
1077 3580 1222 3634 misit
1250 3579 1440 3634 Filium
1462 3623 1475 3646 ,
1507 3596 1612 3635 non
1658 3581 1728 3636 ibi

183 3681 279 3726 erat
300 3672 459 3729 Pater.
487 3673 584 3729 Ubi
604 3673 746 3728 enim
770 3686 874 3726 non
901 3679 981 3725 est
1001 3671 1089 3740 qui
1116 3669 1238 3724 fecit
1263 3671 1480 3724 omnia?
1509 3671 1595 3725 ubi
1619 3689 1726 3727 non

185 3773 252 3818 est
271 3766 349 3835 qui
367 3765 513 3832 dixit,
533 3764 726 3819 Ctzlum
750 3773 796 3817 et
822 3773 1005 3817 terram
1026 3779 1116 3834 ego
1143 3764 1326 3832 impleo
1346 3762 1555 3833 (Jerem.
1576 3781 1726 3832 χχιιι,
1748 3764 1762 3775 “

186 3852 411 3926 εψδαι
449 3855 588 3911 forte
626 3855 785 3910 Pater
829 3854 1051 3924 ubique,
1079 3863 1134 3910 et
1173 3853 1336 3909 Filius
1379 3869 1484 3909 non
1533 3855 1729 3924 ubique

185 3949 286 4001 est?
308 3948 688 4020 Erangclistam
718 3947 840 4003 audi
871 3966 882 4000 :
912 3946 978 4000 In
1005 3947 1100 4000 hoc
1123 3948 1310 4001 mundo
1336 3958 1442 4001 erat
1461 3990 1476 4013 ,
1507 3958 1551 4001 et
1581 3966 1730 4002 mttu-

184 4036 263 4092 dus
285 4057 363 4109 per
381 4056 490 4094 eum
519 4043 684 4112 factus
709 4048 781 4093 est
808 4037 983 4112 (Joan.
1014 4054 1051 4105 ι,
1083 4037 1194 4112 10).
1219 4039 1378 4109 Ergo,
1411 4039 1614 4108 inquit,
1645 4041 1730 4108 qui

183 4128 296 4184 misit
320 4147 421 4198 me,
444 4131 599 4202 cujus
622 4131 935 4186 auctoritate
958 4140 1204 4201 tanquam
1231 4140 1449 4200 paterna
1477 4131 1725 4187 incarna-

184 4228 414 4291 Iussum,
444 4239 637 4277 mecum
677 4231 770 4289 est,
798 4239 897 4276 non
925 4238 1004 4276 me
1039 4221 1256 4292 reliquit.
1289 4221 1464 4288 Quare
1505 4237 1612 4277 non
1641 4238 1729 4279 me

183 4311 403 4383 reliquit?
454 4313 576 4368 Non
625 4330 702 4367 me
752 4313 986 4383 reliquit,
1031 4313 1229 4383 inquit,
1259 4313 1422 4368 solum
1473 4317 1592 4385 quia
1639 4331 1730 4386 ego

182 4419 281 4472 qua
303 4406 476 4476 placita
499 4413 618 4461 sunt
653 4406 733 4473 ei,
763 4407 894 4476 facio
932 4420 1146 4474 semper.
1188 4404 1306 4475 Ipsa
1349 4415 1430 4460 est
1454 4407 1728 4477 inqualitas

180 4511 369 4574 semper,
397 4513 500 4554 non
541 4512 609 4553 ex
650 4497 878 4568 quodam
920 4496 1069 4550 initio
1096 4504 1151 4550 et
1175 4495 1452 4567 deinceps,
1485 4499 1578 4554 sed
1609 4501 1726 4556 sine

181 4587 340 4653 initio,
369 4590 483 4646 sine
511 4589 636 4644 fine.
667 4587 759 4643 Dei
790 4588 930 4643 enim
971 4587 1243 4658 generatio
1284 4604 1388 4642 non
1434 4589 1595 4646 habet
1623 4592 1727 4646 ini-

183 4677 293 4734 tium
316 4679 584 4751 temporis,
615 4678 735 4748 quia
766 4694 861 4748 per
883 4677 1118 4748 genitum
1150 4677 1285 4732 facta
1313 4689 1437 4734 sunt
1463 4689 1724 4752 tempora.

239 4771 288 4824 7.
339 4770 456 4827 Hcce
498 4771 589 4826 illo
631 4771 894 4840 loquente,
937 4771 1080 4824 multi
1127 4771 1445 4826 crediderunt
1493 4775 1546 4827 in
1592 4791 1725 4830 eum.

181 4861 366 4920 Utinam
392 4873 447 4921 et
471 4879 559 4920 me
601 4864 849 4934 loquente
875 4863 1025 4916 multi
1054 4863 1142 4933 qui
1171 4863 1313 4918 aliud
1351 4865 1626 4934 sapiebant
1650 4867 1730 4921 in-

182 4953 424 5026 telligant,
455 4963 509 5011 et
535 4954 754 5010 credant
795 4955 848 5008 in
889 4969 1030 5009 eum.
1059 4953 1282 5021 Quidam
1322 4955 1465 5010 enim
1504 4956 1728 5015 fortasse

184 5055 288 5101 sunt
319 5048 368 5104 in
405 5050 504 5102 ista
537 5047 870 5102 multitudine
898 5047 1085 5102 ariani.
1116 5045 1234 5101 Non
1271 5049 1440 5105 audeo
1469 5053 1729 5123 suSpicari

185 5141 618 5197 essesabellianos
660 5141 748 5212 qui
794 5142 966 5212 ipsum
997 5140 1206 5195 Patrem
1250 5141 1435 5198 dicunt
1473 5160 1592 5202 esse
1638 5149 1728 5219 qui

189 5227 325 5286 Filius
345 5242 458 5289 est:
487 5233 705 5288 haeresis
743 5233 939 5304 quippe
976 5233 1075 5287 ista
1113 5233 1268 5287 nimis
1293 5237 1506 5306 antiqua
1534 5249 1643 5307 est,
1675 5251 1729 5296 et

191 5320 405 5388 paulatim
431 5325 741 5380 eviscerata.
768 5324 1084 5380 Arianorum
1109 5333 1287 5381 autem
1317 5327 1490 5382 adhuc
1523 5330 1729 5388 videtur

193 5407 357 5469 habere
381 5402 582 5486 aliquas
602 5415 864 5471 motiones
884 5418 1033 5486 quasi
1054 5417 1327 5472 cadaveris
1349 5425 1727 5492 putrescentis;

192 5509 264 5556 aut
278 5515 429 5574 certe,
454 5516 510 5562 ut
529 5507 775 5573 multum,
801 5508 949 5578 quasi
971 5508 1202 5563 hominis
1225 5511 1456 5565 animam
1482 5515 1686 5583 agentis
1713 5535 1726 5573 :

195 5603 369 5662 oportet
395 5597 516 5653 inde
563 5599 795 5670 reliquos
829 5599 1072 5668 liberari,
1101 5601 1238 5658 sicut
1262 5602 1384 5660 inde
1412 5605 1562 5659 multi
1593 5606 1729 5663 libe-

195 5684 273 5740 rati
291 5697 420 5745 sunt.
443 5691 510 5746 Et
534 5689 746 5766 quidem
767 5691 865 5747 ista
891 5691 1075 5747 civitas
1097 5709 1188 5749 eos
1217 5709 1323 5749 non
1354 5694 1614 5765 habebat;
1637 5699 1733 5756 sed

194 5786 498 5854 posteaquam
540 5781 688 5840 multi
733 5784 992 5859 peregrini
1022 5783 1379 5855 advenerunt,
1410 5790 1646 5849 nonnulli
1677 5801 1731 5849 ct

1270 353 1675 414 TRACTATUS
1710 355 1826 412 XL.
1864 354 2091 414 CAPUT
2126 356 2262 413 Vill.

3278 374 3417 433 I690

1834 467 1936 539 ipsi
1963 479 2240 524 venerunt.
2261 469 2401 527 Ecce
2420 469 2536 528 htec
2558 473 2785 530 Domino
2803 475 3050 549 loquente
3071 481 3224 539 multi
3244 483 3412 543 Judaei

1835 557 2174 615 crediderunt
2199 559 2253 615 in
2275 576 2432 629 eum;
2461 578 2586 619 ecce
2613 573 2668 620 et
2693 581 2781 623 me
2808 568 3058 640 loquente
3081 572 3264 631 Ariani
3288 591 3416 634 cre-

1833 649 1995 718 dant,
2023 665 2130 706 non
2166 653 2218 706 in
2243 667 2332 708 me
2350 695 2365 720 ,
2388 654 2484 709 sed
2513 670 2743 712 mecum.

1903 741 1957 795 8.
1997 739 2207 796 Dicebat
2232 760 2350 816 ergo
2375 745 2638 804 Dominus
2665 750 2734 805 ad
2765 767 2852 806 eos
2878 752 2965 823 qui
2995 755 3314 813 crediderant
3357 761 3412 815 in

1833 847 1948 886 eunt
1987 831 2199 889 Iudicas
2221 853 2239 889 :
2271 836 2334 890 Si
2371 853 2457 892 vos
2501 842 2786 897 manseritis
2831 844 2885 899 in
2928 847 3078 902 verbo
3115 864 3243 904 meo.
3289 850 3416 910 Ideo

1833 928 2116 981 manseritis
2135 968 2149 991 ,
2178 931 2299 998 quia
2343 930 2531 987 initiati
2557 935 2686 990 estis
2702 976 2716 1000 ,
2749 937 2870 1006 quia
2896 947 2951 994 et
2977 938 3049 996 ibi
3074 954 3195 997 esse
3218 943 3418 1014 coepis-

1834 1017 1920 1072 tis.
1945 1017 2004 1072 Si
2023 1022 2325 1090 manseritis,
2346 1022 2447 1079 hoc
2465 1034 2547 1080 est
2567 1027 2618 1081 in
2645 1025 2748 1083 fide
2772 1044 2893 1100 quae
2913 1030 2970 1086 in
2991 1033 3139 1090 vobis
3157 1048 3279 1092 esse
3294 1050 3418 1093 cre-

1831 1107 2078 1165 dentibus
2108 1113 2298 1183 cmpit;
2320 1129 2426 1184 quo
2451 1117 2805 1185 pervenietis?
2824 1120 2958 1178 Vide
2986 1125 3143 1193 quale
3174 1126 3417 1199 initium,

1832 1213 1940 1268 quo
1981 1199 2240 1269 perducit.
2269 1204 2470 1258 Amasti
2499 1204 2922 1278 fundamentum,
2949 1213 3160 1270 culmen
3179 1217 3417 1287 attende,

1833 1295 1887 1342 et
1923 1303 1992 1342 ex
2040 1290 2137 1344 ista
2183 1291 2478 1349 humilitate
2508 1295 2665 1351 aliam
2707 1300 3076 1359 celsitudinem
3103 1321 3303 1376 qurere.
3329 1308 3413 1366 Fi-

1832 1377 1928 1433 des
1951 1379 2092 1434 enim
2129 1380 2475 1440 humilitatem
2513 1385 2946 1461 habetzcoguitio
2979 1395 3418 1458 etimmortalitas

1831 1479 1887 1523 et
1912 1471 2183 1527 aeternitas
2209 1489 2314 1528 non
2337 1474 2497 1532 habet
2513 1476 2884 1550 humilitatem,
2903 1483 2994 1540 sed
3012 1486 3378 1546 celsitudinem
3397 1509 3413 1559 ;

1833 1562 2159 1618 erectionem
2180 1606 2196 1631 ,
2227 1565 2426 1622 nullam
2453 1568 2805 1627 defectionem
2826 1615 2841 1641 ,
2873 1583 3126 1633 :eternam
3155 1580 3416 1638 stabilita-

1835 1659 1939 1706 tem
1961 1695 1976 1720 ,
2011 1654 2204 1708 nullam
2229 1656 2298 1711 ab
2326 1656 2542 1713 inimico
2579 1663 3023 1733 expugnationem
3043 1707 3060 1733 ,
3090 1669 3291 1725 nullum
3314 1671 3414 1728 de-

1833 1741 2043 1799 ficiendi
2071 1745 2334 1801 timorem.
2379 1748 2624 1820 Magnum
2666 1762 2748 1806 est
2788 1755 2930 1824 quod
2979 1756 3165 1828 incipit
3201 1775 3231 1814 a
3275 1761 3412 1829 fide;

1833 1835 1925 1889 sed
1943 1839 2319 1894 contemnitur.
2338 1839 2764 1899 Fundamentum
2781 1846 2919 1902 solet
2935 1850 3097 1905 etiam
3117 1852 3168 1907 in
3190 1853 3414 1912 aedificio

1832 1925 1900 1979 ab
1926 1927 2183 1996 imperitis
2207 1933 2493 1987 contemni.
2527 1933 2689 1990 Fossa
2715 1936 2774 1990 lit
2798 1939 3031 2008 grandis,
3055 1941 3255 2012 lapides
3283 1962 3418 2017 quo-

1831 2031 1940 2086 quo
1962 2018 2121 2072 modo
2148 2021 2345 2088 passim
2368 2023 2676 2094 mittuntur;
2703 2027 2844 2083 nulla
2872 2029 2942 2085 ibi
2972 2034 3245 2102 expolitio,
3273 2038 3416 2094 nulla

1833 2106 2168 2175 pulchritudo
2195 2121 2452 2180 apparet:
2475 2116 2745 2184 quomodo
2769 2133 2868 2174 nec
2895 2121 2947 2175 in
2968 2123 3178 2180 arboris
3201 2126 3379 2184 radice
3397 2170 3413 2196 ,

1833 2215 1938 2254 non
1965 2210 2182 2270 apparet
2217 2204 2392 2274 aliqua
2421 2207 2792 2276 pulchritudo;
2825 2221 2990 2268 totum
3035 2225 3209 2273 tamen
3256 2221 3416 2290 quid-

1831 2289 1959 2359 quid
2001 2299 2053 2346 te
2090 2291 2317 2348 delectat
2355 2295 2409 2350 in
2448 2298 2673 2366 arbore,
2706 2299 2774 2356 de
2808 2301 2988 2360 radice
3015 2289 3416 2368 surrexitaSed

1834 2380 1980 2434 vides
2012 2381 2280 2451 "radicem,
2313 2393 2368 2440 et
2404 2402 2511 2441 non
2557 2388 2873 2460 delectaris;
2902 2394 3050 2451 vides
3086 2399 3330 2456 arborem
3361 2413 3417 2459 et

1832 2470 2061 2525 miraris.
2092 2472 2261 2529 Stulte
2279 2514 2294 2539 ,
2324 2476 2466 2545 quod
2493 2479 2704 2535 miraris
2722 2522 2737 2545 ,
2769 2482 2894 2538 inde
2919 2488 3150 2543 surrexit
3177 2506 3284 2560 quo
3304 2508 3413 2550 non

1832 2561 2134 2620 delectaris.
2168 2566 2361 2622 Parum
2387 2569 2586 2639 aliquid
2618 2572 2825 2630 videtur
2866 2575 2999 2633 fides
3041 2580 3371 2640 credentium
3393 2629 3411 2654 ,

1835 2671 1940 2710 non
1983 2657 2146 2713 habes
2187 2669 2440 2716 stateram
2469 2663 2610 2719 unde
2651 2667 2943 2736 appendas.
2972 2669 3108 2728 Audi
3138 2687 3265 2745 ergo
3305 2692 3414 2747 quo

1834 2751 2108 2818 perveniat
2132 2793 2147 2817 ,
2179 2761 2232 2808 et
2261 2754 2382 2810 vide
2422 2765 2616 2826 quanta
2644 2758 2713 2814 sit
2737 2777 2751 2813 :
2777 2759 2915 2817 sicut
2937 2771 2992 2817 et
3016 2764 3130 2834 ipse
3157 2766 3414 2827 Dominus

1834 2841 1939 2896 alio
1963 2842 2080 2897 loco
2107 2843 2269 2913 dicit,
2299 2845 2360 2901 Si
2396 2846 2668 2904 habueritis
2693 2850 2844 2918 ﬁdem
2873 2853 3000 2907 sicut
3035 2871 3249 2926 granum
3276 2859 3418 2914 sina-

1834 2932 1913 3002 pis
1933 2931 2143 3003 (Matth.
2171 2950 2277 2989 xvu
2298 2977 2312 3002 ,
2347 2935 2456 3009 i9).
2485 2937 2622 3006 Quid
2664 2939 2943 3009 humilius,
2967 2944 3094 3014 quid
3129 2948 3416 3005 vehemen-

1836 3021 1977 3076 tius?
2005 3024 2130 3093 quid
2170 3025 2456 3093 minutius,
2484 3029 2610 3099 quid
2658 3029 2984 3089 ferventius?
3010 3035 3149 3105 Ergo
3198 3047 3253 3094 et
3293 3056 3412 3111 vos,

1834 3113 1927 3179 ait,
1949 3116 1994 3168 si
2013 3118 2293 3173 manseritis
2328 3120 2381 3171 in
2409 3119 2554 3174 verba
2573 3137 2681 3176 meo
2698 3163 2715 3187 ,
2740 3122 2793 3177 in
2819 3139 2924 3194 quo
2949 3126 3279 3195 credidistis,
3307 3147 3417 3202 quo

1839 3205 2236 3273 perducemini?
2274 3208 2399 3265 Vere
2421 3211 2658 3281 discipuli
2696 3216 2792 3268 mei
2820 3217 2975 3271 eritis.
3005 3217 3073 3273 Et
3111 3220 3236 3290 quid
3261 3221 3416 3279 nobis

1837 3297 2085 3365 prodest?
2113 3298 2178 3352 Et
2201 3303 2504 3371 cognoscetis
2533 3304 2802 3358 veritatem.

1907 3387 1960 3442 9.
1978 3387 2114 3456 Quid
2132 3392 2764 3462 promittit'credentibus,
2784 3393 3006 3454 fratres?
3022 3397 3092 3455 Et
3107 3405 3414 3473 cognoscetis

1837 3481 2108 3535 veritatem.
2133 3482 2269 3548 Quid
2298 3485 2473 3539 enim?
2495 3500 2600 3541 non
2628 3486 2768 3542 illam
2795 3499 3172 3559 cognoverant,
3201 3495 3414 3564 quando

1836 3572 2092 3629 Dominus
2117 3575 2466 3646 loquebatur?
2493 3579 2538 3633 si
2585 3595 2693 3634 non
2739 3583 3115 3650 'cognoverant,
3145 3586 3412 3654 quomodo

1835 3662 2210 3718 crediderunt?
2234 3666 2348 3721 Non
2381 3667 2502 3738 quia
2532 3681 2894 3740 cognoverunt
2919 3673 3286 3745 crediderunt,
3317 3679 3415 3735 sed

1839 3763 1894 3808 ut
1921 3770 2302 3826 cognoscerent
2335 3760 2695 3818 crediderunt.
2741 3762 3021 3823 Credimus
3058 3768 3200 3824 enim
3241 3780 3298 3826 ut
3323 3786 3415 3828 co-

1834 3861 2178 3914 gnoscamus,
2228 3865 2333 3905 non
2385 3855 2753 3922 cognoscimus
2795 3865 2855 3910 ut
2903 3857 3205 3916 credamus.
3257 3861 3412 3930 Quod

1835 3938 1976 3992 enim
2025 3941 2284 4009 cognituri
2328 3958 2540 4010 sumus,
2579 3961 2677 4001 nec
2713 3948 2898 4003 oculus
2940 3949 3100 4017 vidit,
3127 3968 3225 4008 nec
3271 3955 3418 4012 auris

1836 4027 2063 4096 audivit,
2092 4045 2191 4084 nec
2222 4031 2274 4084 in
2304 4046 2400 4086 cor
2437 4033 2665 4090 hominis
2707 4037 2948 4092 ascendit
2976 4039 3125 4111 (Isai.
3179 4058 3316 4110 utv,
3348 4046 3412 4112 ις

1836 4118 1858 4173 l
1886 4116 2002 4174 Cor.
2030 4135 2097 4186 ιι,
2127 4120 2204 4190 9).
2249 4121 2385 4188 Quid
2415 4132 2497 4178 est
2539 4125 2680 4178 enim
2711 4124 2869 4191 fides,
2899 4129 2998 4182 nisi
3027 4131 3248 4186 credere
3274 4135 3416 4202 quod

1839 4226 1944 4266 non
1969 4212 2150 4268 vides?
2175 4213 2332 4268 Fides
2357 4229 2484 4284 ergo
2521 4226 2602 4271 est
2624 4257 2639 4282 ,
2668 4218 2810 4287 quod
2850 4234 2953 4273 non
2983 4221 3129 4278 vides
3155 4224 3413 4296 credere;

1837 4304 2064 4372 veritas,
2092 4304 2232 4375 quod
2275 4305 2546 4362 credidisti
2598 4307 2780 4366 videre
2813 4327 2826 4364 :
2859 4311 2994 4367 sicut
3025 4312 3136 4383 ipse
3184 4316 3414 4386 quodam

1836 4396 1954 4452 loco
1982 4397 2072 4452 ait.
2104 4396 2229 4453 Ideo
2251 4398 2503 4456 Dominus
2524 4402 2670 4471 prius
2695 4402 2761 4458 ad
2788 4403 3080 4462 faciendam
3111 4409 3268 4465 fidem
3296 4428 3412 4468 am-

1837 4489 2034 4544 bulavit
2062 4492 2112 4544 in
2146 4501 2306 4547 terra.
2341 4492 2510 4548 Homo
2537 4504 2681 4562 erat,
2715 4496 2927 4554 humilis
2957 4499 3123 4557 factus
3165 4515 3312 4570 erat;
3341 4507 3411 4562 ab

1839 4582 2081 4636 omnibus
2107 4583 2400 4652 videbatur,
2421 4600 2518 4641 nec
2543 4585 2610 4641 ab
2635 4589 2880 4644 omnibus
2909 4595 3356 4662 cognoscebatur;
3384 4614 3417 4654 a

1837 4673 2016 4728 multis
2059 4675 2460 4745 reprobabatur,
2489 4693 2520 4731 a
2568 4678 2719 4734 turba
2770 4681 3129 4752 occidebatur,
3155 4701 3187 4739 a
3234 4689 3418 4756 paucis

1836 4761 2148 4819 dolebatur:
2180 4765 2274 4820 sed
2317 4774 2493 4821 tamen
2521 4776 2571 4822 et
2600 4768 2667 4822 ab
2695 4769 2773 4824 eis
2818 4786 2846 4824 τι
2877 4773 3071 4842 quibus
3115 4774 3412 4846 dolebatur,

1839 4854 2073 4908 nondum
2118 4854 2258 4910 sicut
2295 4865 2410 4910 erat
2459 4861 2862 4928 agnoscebatur.
2892 4862 3084 4918 Totum
3131 4865 3232 4921 hoc
3265 4871 3417 4938 quasi
3444 4884 3458 4898 ·

1838 4953 2043 5008 initium
2069 4963 2152 5008 est
2179 4953 2621 5028 lineamentorum
2651 4956 2773 5011 ﬁdei
2803 4967 2856 5012 et
2885 4969 3167 5016 structuras
3199 4962 3413 5020 futura).

1837 5048 1987 5115 Quod
2016 5047 2269 5102 Dominus
2297 5049 2410 5118 ipse
2457 5049 2735 5104 attendens
2763 5051 2992 5121 quodam
3023 5053 3139 5110 loco
3179 5056 3286 5124 ait,
3319 5059 3421 5125 Qui

1838 5142 1999 5212 diligit
2022 5155 2134 5207 me,
2162 5139 2403 5193 mandata
2445 5157 2555 5195 mea
2597 5143 2849 5209 custodit;
2876 5154 2921 5198 et
2959 5147 3046 5217 qui
3092 5147 3258 5221 diligit
3305 5167 3416 5217 me,

1839 5234 2072 5303 diligetur
2091 5249 2123 5285 a
2149 5231 2304 5286 Patre
2330 5249 2458 5299 meo,
2486 5244 2532 5288 et
2557 5251 2647 5306 ego
2667 5236 2876 5307 diligam
2905 5255 3041 5306 eum,
3073 5251 3119 5294 et
3148 5242 3411 5297 ostendam

1839 5326 2081 5395 meipsum
2105 5325 2180 5379 illi
2203 5324 2378 5393 (Joan.
2403 5342 2509 5395 xtv,
2536 5327 2651 5398 21).
2677 5329 2844 5396 Quem
2873 5332 2961 5400 qui
2986 5333 3289 5401 audiebant,
3319 5335 3421 5388 uti-

1839 5419 2066 5489 quejam
2082 5418 2363 5485 videbant;
2391 5420 2469 5474 eis
2501 5427 2698 5488 tamen,
2725 5424 2770 5478 si
2797 5424 3103 5495 diligebant,
3133 5423 3418 5482 videndum

1841 5524 1898 5565 se
1925 5509 2281 5580 promittebat.
2314 5510 2403 5566 Sic
2428 5519 2481 5565 et
2506 5511 2610 5577 hic,
2643 5511 2958 5583 Cognoscetis
2982 5513 3251 5567 veritatem.
3275 5513 3414 5582 Quid

1840 5603 2014 5657 enim?
2043 5602 2185 5674 quod
2209 5602 2387 5658 dixisti
2416 5618 2523 5658 non
2553 5613 2638 5659 est
2683 5605 2910 5675 veritas?
2939 5603 3144 5658 Veritas
3175 5613 3258 5660 est
3277 5645 3293 5671 ,
3324 5607 3421 5663 sed

1841 5696 2012 5750 adhuc
2045 5695 2300 5764 creditur,
2329 5695 2561 5752 nondum
2601 5695 2826 5752 videtur.
2866 5695 2920 5750 Si
2961 5703 3239 5750 maneatur
3268 5697 3320 5752 in
3351 5713 3418 5755 eo

1844 5787 1984 5862 quod
2010 5788 2262 5861 creditur,
2294 5789 2598 5862 pervenitur
2622 5786 2687 5842 ad
2717 5787 2768 5842 id
2805 5786 2945 5857 quod
2991 5782 3250 5844 videatur.
3296 5788 3423 5850 inde
