3916 6364
208 417 349 476 1695

201 533 400 591 ararit
421 543 588 599 usque
611 527 668 582 in
688 526 848 584 ﬁnem
869 569 884 593 ,
918 525 1001 582 hic
1029 524 1205 580 salvus
1218 523 1322 579 erit
1342 520 1553 595 (Matth.
1579 536 1634 586 x,
1657 518 1774 588 Si).

205 621 276 682 Et
299 620 602 692 metis
641 618 931 683 uitauit.
962 631 1082 687 qum
1110 614 1269 671 modo
1294 627 1388 669 vos
1416 613 1580 678 latet,
1607 623 1666 669 et
1693 612 1775 667 lo-

209 716 384 788 quitur
407 713 576 768 vobis.
611 711 677 766 Et
706 713 887 766 veritas
905 710 1130 765 liberabit
1154 724 1256 764 vos.
1288 707 1399 764 lloe
1425 707 1646 764 verbum
1667 706 1774 762 Do-

203 808 384 864 mius
403 819 438 860 ε
455 803 701 860 libertate
725 802 936 872 posuit,
963 799 1190 856 liberabit
1216 814 1320 856 vos.
1352 797 1495 854 Nihil
1519 807 1604 854 est
1626 797 1772 853 enim

205 885 353 957 aliud
392 896 604 968 proprie
639 894 861 961 liberat,
891 893 994 950 nisi
1038 891 1261 948 liberum
1314 889 1459 946 facit.
1500 885 1778 957 Quomodo

210 993 376 1050 salvat
413 989 541 1046 nihil
579 997 664 1044 est
705 986 848 1043 aliud
895 1000 1052 1057 quam
1081 985 1284 1041 salvum
1313 981 1468 1048 facit;
1510 980 1777 1052 quomodo

149 1119 152 1121 λ
211 1092 362 1140 sanat
383 1079 511 1136 nihil
533 1087 620 1136 est
638 1078 782 1134 aliud
806 1093 963 1149 quam
989 1091 1176 1132 sanum
1201 1074 1356 1140 facit;
1389 1073 1521 1129 ditat
1540 1071 1673 1127 nihil
1695 1079 1779 1130 est

212 1173 352 1231 aliud
375 1188 525 1246 quam
565 1172 767 1239 ditem,
811 1171 864 1226 id
889 1179 1004 1236 est,
1048 1168 1267 1225 divitem
1295 1167 1453 1222 facit:
1479 1167 1560 1222 sic
1589 1166 1778 1222 liberat

213 1265 344 1322 nihil
357 1275 434 1321 est
450 1263 589 1320 aliud
600 1277 761 1334 quam
786 1261 1010 1318 liberum
1035 1260 1179 1316 facit.
1202 1260 1315 1316 lloc
1337 1258 1392 1313 in
1419 1257 1582 1313 verbo
1601 1270 1776 1327 graeco

214 1358 410 1431 planius
433 1365 515 1411 est
531 1352 631 1427 (α).
649 1353 783 1410 Nam
800 1353 854 1408 in
872 1352 1035 1408 latina
1060 1350 1442 1408 consuetudine
1467 1349 1776 1420 plerumque

214 1448 426 1506 dicimus
451 1445 723 1501 hominem
750 1443 966 1500 liberari
987 1483 1001 1507 ,
1040 1441 1182 1514 quod
1223 1441 1293 1500 ad
1341 1443 1641 1500 libertatem
1667 1455 1775 1496 non

217 1539 464 1610 pertinet,
507 1535 604 1593 sed
640 1543 848 1591 tantum
889 1535 956 1590 ad
1003 1535 1232 1590 salutem
1268 1552 1280 1587 :
1313 1534 1450 1590 sicut
1498 1533 1773 1604 quisquam

216 1629 395 1684 dicitur
420 1627 627 1684 liberari
656 1627 724 1683 ab
776 1624 1110 1692 inﬁrmitate;
1163 1625 1356 1680 usitate
1382 1625 1611 1688 dicitur,
1667 1637 1773 1679 non

221 1732 380 1776 tanien
409 1720 630 1792 proprie.
679 1717 768 1774 Sic
801 1726 982 1773 autem
1025 1718 1204 1789 posuit
1234 1717 1486 1772 Dominus
1524 1715 1626 1771 hoc
1649 1729 1772 1770 ver-

221 1816 365 1880 bum,
393 1823 447 1869 ut
467 1813 695 1877 diceret,
737 1808 807 1867 Et
833 1811 1014 1866 vetitas
1034 1810 1259 1865 liberabit
1283 1825 1370 1863 vos
1393 1849 1408 1869 ,
1441 1817 1497 1862 ut
1521 1808 1574 1862 in
1599 1821 1770 1879 graeca

221 1906 381 1978 lingua
405 1918 558 1961 nemo
581 1902 787 1960 dubitet
814 1917 936 1957 eum
965 1900 1031 1956 de
1052 1901 1296 1956 libertate
1321 1899 1542 1955 dixisse.

285 1998 335 2054 2.
359 1997 590 2070 Denique
616 2004 673 2052 et
698 1995 868 2052 Judaei
895 1995 975 2050 sic
1003 1994 1413 2057 intellexerunt,
1437 2001 1484 2046 et
1505 1990 1773 2061 responde-

225 2091 392 2145 rnntei
413 2106 431 2145 :
457 2103 561 2145 non
589 2087 664 2144 illi
689 2086 912 2159 quijant
957 2083 1318 2152 crediderant,
1352 2082 1446 2138 sed
1477 2081 1550 2138 illi
1578 2081 1666 2152 qui
1715 2081 1772 2136 in

227 2179 359 2236 turba
379 2188 526 2236 erant
545 2177 778 2234 nondum
803 2175 1082 2234 credentes
1111 2192 1127 2230 :
1159 2175 1522 2244 responderunt
1547 2172 1594 2226 ei
1610 2210 1628 2238 ,
1678 2169 1773 2226 Se-

227 2292 324 2329 men
352 2273 558 2329 libra/rc
604 2289 806 2337 sumus,
850 2279 898 2324 et
945 2269 1134 2324 nemini
1175 2267 1462 2322 seruiuimus
1510 2279 1772 2336 unquam;

223 2367 450 2437 “amotio
479 2376 533 2420 tu
567 2367 730 2432 dicis,
771 2361 940 2418 Liberi
967 2362 1142 2417 eritis?
1182 2361 1297 2416 Non
1345 2370 1522 2416 autem
1565 2359 1773 2414 dixerat

230 2458 496 2521 Dominus,
544 2455 713 2510 Liberi
750 2456 922 2519 eritis;
971 2453 1103 2520 sed,
1152 2453 1343 2508 Veritas
1389 2451 1615 2506 liberabit
1662 2466 1767 2504 vos.

225 2547 276 2604 ln
308 2564 402 2618 quo
437 2557 613 2604 tamen
636 2545 802 2602 verbo
835 2545 948 2611 illi,
990 2545 1114 2617 quia
1134 2585 1148 2610 ,
1196 2544 1333 2599 sicut
1359 2542 1501 2610 dixi,
1532 2551 1675 2614 patet
1717 2541 1769 2594 in

225 2653 400 2708 greco,
449 2654 552 2693 non
595 2636 968 2692 intellexerunt
1017 2635 1122 2690 nisi
1165 2634 1496 2698 libertatem;
1537 2641 1594 2690 et
1617 2639 1770 2690 extu-

227 2729 376 2785 lertutt
413 2745 470 2785 se
495 2727 640 2800 quod
668 2743 852 2783 semen
889 2734 1069 2783 essent
1095 2725 1354 2793 Abrahm,
1399 2735 1454 2782 et
1486 2725 1766 2792 dixerunt,

228 2821 384 2874 Semen
417 2821 635 2876 Abraluc
661 2834 870 2886 sumus;
908 2828 956 2873 et
981 2819 1166 2872 nemini
1198 2819 1490 2873 seruiuimus
1513 2833 1767 2888 unquam;

226 2913 440 2979 quomodo
463 2919 517 2964 tu
549 2909 709 2974 dim,
758 2907 920 2964 Liberi
961 2909 1142 2964 eritis?
1168 2908 1210 2963 0
1232 2908 1382 2978 pellis
1412 2907 1619 2963 inﬂata!
1652 2906 1765 2962 Non

226 3011 292 3055 est
312 3001 404 3056 ista
429 2999 733 3071 magnitudo
753 3041 768 3063 .
802 2999 894 3055 sed
921 3008 1115 3055 tumor.
1157 3000 1225 3056 Et
1246 3000 1346 3054 hoc
1374 3000 1545 3068 ipsum
1576 3014 1766 3055 secun-

225 3091 330 3146 dum
387 3092 539 3162 hujus
604 3092 856 3162 temporis
907 3091 1201 3148 libertatem
1271 3089 1538 3160 quomodo
1582 3105 1764 3146 verum

224 3183 435 3252 dixistis,
471 3183 674 3241 Nemini
709 3184 1000 3239 seruiuimus
1029 3184 1289 3254 unquam?
1326 3183 1523 3254 .loseph
1555 3198 1656 3237 non
1683 3190 1765 3237 est

225 3273 540 3330 venumdatus
579 3269 733 3346 (Cen.
779 3291 960 3330 xxxvu
982 3317 996 3342 ,
1038 3274 1177 3342 28)?
1209 3274 1486 3345 Pr0phetm
1515 3273 1682 3328 sancti
1710 3273 1762 3330 in

227 3365 548 3436 captivitatem
574 3383 681 3424 non
707 3376 828 3422 sunt
850 3364 992 3421 ducti
1024 3365 1041 3436 (
1067 3366 1131 3420 IV
1160 3365 1285 3435 Reg.
1315 3366 1502 3434 xxrv)?
1527 3364 1726 3420 Deinde
1746 3407 1762 3432 ,

229 3473 381 3513 nonne
413 3457 517 3529 ipse
544 3457 632 3513 ille
656 3466 738 3512 est
768 3456 990 3527 populus
1017 3457 1104 3528 qui
1134 3456 1184 3510 in
1211 3455 1442 3526 Egypto
1471 3456 1660 3510 lateres
1691 3453 1766 3509 fa-

230 3547 394 3615 ciebat,
423 3558 474 3603 et
491 3545 704 3620 regibus
724 3543 870 3602 duris
895 3563 999 3602 non
1021 3548 1205 3602 saltem
1230 3548 1279 3601 in
1306 3563 1436 3602 auro
1456 3557 1508 3602 et
1523 3556 1760 3618 argento,

231 3639 307 3695 sed
340 3640 387 3695 in
413 3640 522 3696 luto
550 3640 815 3697 serviebat
842 3642 858 3711 (
883 3638 1045 3696 Exod.
1077 3658 1127 3706 ι,
1182 3642 1248 3696 Η
1268 3642 1313 3712 )?
1339 3641 1394 3697 Si
1423 3642 1617 3696 nemini
1647 3657 1763 3697 ser-

233 3730 354 3786 vistis
378 3748 619 3803 unquam,
653 3747 685 3787 o
710 3732 919 3802 ingrati,
950 3731 1074 3802 quid
1110 3742 1190 3788 est
1217 3729 1356 3802 quod
1381 3731 1590 3788 assidue
1616 3731 1765 3789 vobis

234 3817 418 3890 imputat
444 3821 578 3879 Deus
607 3820 748 3892 quod
775 3837 867 3876 vos
911 3821 978 3876 de
1009 3821 1167 3876 domo
1215 3819 1485 3877 servitutis
1524 3822 1766 3878 liberavit

235 3906 320 3978 (fit.
344 3923 443 3979 tun,
471 3912 536 3978 3;
572 3909 722 3966 Deut.
757 3929 808 3979 ν,
835 3914 887 3977 6,
915 3912 1044 3984 etc.)
1067 3911 1090 3965 ?
1117 3914 1195 3967 An
1229 3914 1358 3967 forte
1385 3923 1560 3982 patres
1603 3914 1764 3968 vestri

233 4003 520 4072 servierunt,
545 4017 645 4058 vos
673 4009 846 4058 autem
875 4002 965 4074 qui
985 4003 1281 4073 loquimini,
1311 4003 1513 4059 nemini
1535 4019 1763 4075 unquam

235 4091 475 4148 servistis?
520 4091 799 4161 Quomodo
827 4107 954 4164 ergo
981 4092 1262 4148 solvebatis
1300 4094 1409 4163 jam
1437 4092 1624 4148 tributa
1651 4092 1762 4147 Ro-

234 4183 398 4250 manis,
420 4185 558 4241 uade
585 4194 641 4240 et
668 4184 768 4254 ipsi
797 4183 1013 4239 Veritati
1045 4185 1287 4255 laqueum
1317 4185 1466 4255 quasi
1504 4185 1762 4256 captionis

231 4275 537 4344 pmposnistis
557 4319 572 4343 ,
595 4286 654 4331 ut
682 4276 926 4330 diceretis
951 4318 964 4342 ,
996 4270 1132 4329 Licet
1155 4275 1363 4331 reddere
1380 4277 1619 4330 tributum
1646 4275 1762 4331 Citt-

234 4365 346 4418 uril
365 4375 419 4422 ut
443 4368 487 4422 si
515 4365 769 4432 dixisset,
807 4365 987 4432 Licet;
1015 4368 1266 4422 teneretis
1300 4382 1420 4422 eum
1449 4369 1597 4438 quasi
1625 4367 1763 4426 male

233 4465 428 4526 Optasset
451 4457 677 4514 libertati
708 4455 925 4513 seminis
954 4458 1180 4513 Abraha:
1215 4476 1226 4512 :
1257 4459 1302 4512 si
1328 4469 1504 4514 autem
1529 4458 1758 4530 diceret,

231 4539 324 4602 Non
343 4544 488 4615 licet;
519 4547 974 4603 calumniaremitti
1013 4547 1149 4617 apud
1180 4562 1330 4617 reges
1376 4557 1534 4604 terrm
1559 4592 1572 4616 ,
1621 4552 1762 4621 quod

232 4638 495 4706 prohtberet
540 4641 752 4713 regibus
797 4639 991 4694 tributa
1045 4639 1298 4710 persolvi.
1341 4639 1528 4695 Merito
1557 4641 1762 4712 prolato

234 4743 410 4788 nummo
433 4735 554 4789 victi
586 4731 745 4798 estis,
791 4739 844 4786 et
880 4732 1109 4801 captioni
1153 4740 1344 4785 vestrm
1367 4745 1463 4786 vos
1503 4731 1605 4801 ipsi
1634 4733 1760 4788 estis

225 4823 510 4892 respondere
536 4824 817 4894 compulsi.
845 4821 922 4880 ibi
951 4823 1090 4879 enim
1109 4822 1259 4878 vobis
1279 4821 1474 4878 dictum
1503 4832 1605 4892 est,
1633 4817 1764 4879 Red-

230 4911 497 4972 ditechri
521 4933 635 4988 quo:
671 4915 884 4970 Cmsaris
930 4922 1046 4970 sunt
1068 4957 1081 4980 ,
1137 4925 1183 4968 et
1223 4914 1327 4967 Deo
1351 4929 1462 4984 qua:
1491 4911 1585 4970 Dei
1613 4923 1760 4980 sunt;

223 5015 422 5062 suum
437 5006 532 5080 ipsi
549 5006 962 5076 respondissetis
978 5005 1116 5075 quod
1133 5020 1379 5060 nummus
1395 5005 1614 5061 haberet
1630 5006 1761 5060 ima-

225 5095 368 5164 rium
393 5098 620 5154 Caesaris
649 5095 862 5170 (lauit.
881 5111 1016 5163 xxn,
1036 5095 1234 5164 lli-21).
1259 5094 1392 5164 Quia
1419 5097 1554 5153 sicut
1573 5095 1761 5169 quierit

228 5182 374 5245 Csar
391 5191 441 5246 in
467 5205 690 5246 nummo
728 5191 1007 5259 imaginem
1033 5203 1204 5255 suam,
1225 5187 1304 5244 sic
1326 5189 1467 5244 Deus
1495 5187 1682 5260 quaerit
1703 5187 1760 5246 in

229 5273 406 5337 hmine
419 5297 589 5338 suam.
609 5276 737 5336 Haec
755 5295 885 5351 ergo
899 5279 1174 5352 respondit
1187 5279 1404 5336 .indmis.
1424 5278 1596 5337 Movet
1615 5283 1758 5338 enim

225 5377 327 5435 ne,
359 5371 542 5430 fratres
564 5416 579 5440 ,
631 5373 905 5428 hominum
935 5387 1069 5428 vana
1109 5373 1359 5442 superbia
1385 5413 1400 5440 ,
1448 5373 1570 5442 quia
1597 5374 1757 5428 etiam

219 5455 422 5530 δεινα,
459 5477 619 5535 quam
643 5464 926 5519 carnaliter
948 5463 1312 5533 intelligehant
1333 5505 1348 5530 ,
1389 5477 1483 5518 sua
1513 5463 1758 5520 libertate

221 5552 393 5608 Mhi
413 5563 539 5610 sunt
564 5554 802 5610 dicenws
821 5598 836 5618 ,
869 5552 1072 5609 Nemini
1097 5556 1390 5611 seruiuimus
1414 5571 1660 5627 unquam.

275 5641 321 5697 3.
345 5641 594 5700 Dominus
616 5655 796 5700 autem
815 5645 940 5716 quid
962 5647 1328 5716 responderit,
1369 5647 1472 5702 hoc
1499 5648 1674 5719 petitis
1697 5657 1758 5706 et

221 5727 760 5799 manumanus,
789 5746 1054 5794 neetnes
1079 5737 1180 5809 ipsi
1211 5739 1356 5796 cavi
1393 5739 1753 5796 inveniamur.

269 5841 333 5904 tu)
347 5849 510 5907 αα,
531 5843 852 5896 ειεπυιινθεα.

1323 406 1728 466 TMCTATUS
1764 405 1899 464 ω.
1945 408 2170 470 CAPUT
2200 411 2336 471 νω.

1881 521 2160 594 Βαροήᾶ
2197 526 2444 583 eninieis
2479 527 2676 586 Iesus:
2716 531 2909 598 Anton,
2952 549 3099 589 mm
3137 537 3446 606 dicorobis,

1879 616 2000 684 quin
2017 617 2178 674 omnis
2198 619 2286 692 qui
2307 620 2428 689 facit
2452 633 2712 692 peccaturis
2731 661 2745 689 ,
2773 637 2944 681 scim
2965 634 3039 681 at
3069 630 3282 698 peccati.
3321 629 3448 688 Ser-

1884 721 1982 764 vus
2004 716 2108 774 est.
2140 711 2338 768 utinam
2361 713 2594 772 hominis
2621 723 2674 771 et
2692 729 2798 772 non
2824 716 3043 785 peccati.
3074 717 3204 784 Quis
3223 733 3330 777 non
3349 721 3450 777 sub

1877 799 1966 858 bis
1988 803 2162 861 verbis
2178 807 2588 864 eontrenuscst?
2615 808 2838 866 Pmtet
2861 809 3015 867 nobis
3039 809 3295 869 Dominus
3309 813 3454 873 Dens

1878 904 2098 964 noster,
2129 895 2183 952 id
2212 905 2295 953 est
2321 907 2376 954 et
2413 899 2546 954 mihi
2570 909 2625 957 et
2650 901 2827 966 vobis,
2875 910 2933 957 ut
2955 917 3054 973 pro
3075 905 3338 962 sententia
3363 905 3449 962 lo-

1879 1002 2015 1058 quar
2049 988 2118 1044 de
2145 989 2248 1046 hac
2279 989 2526 1048 libertate
2551 994 2849 1062 appetenda
2866 1035 2881 1061 ,
2902 1004 2959 1051 et
2985 995 3053 1051 de
3085 995 3171 1052 illa
3195 998 3453 1055 servitute

1882 1078 2112 1136 vitanda.
2157 1080 2350 1147 Amen,
2403 1098 2550 1138 mea
2585 1083 2699 1140 die.
2743 1085 2908 1151 "bis.
2953 1085 3161 1146 Veritas
3195 1087 3326 1144 dicit
3354 1107 3367 1146 :
3395 1098 3452 1146 et

1877 1168 2034 1239 quale
2055 1177 2138 1226 est
2161 1171 2370 1230 Domini
2394 1171 2488 1230 Dei
2521 1173 2688 1232 nostri
2713 1173 2923 1242 dicere,
2950 1176 3137 1244 Amen,
3159 1194 3306 1235 mea
3329 1179 3448 1236 dies

1873 1262 2013 1318 vobis
2029 1263 2055 1316 .9
2079 1263 2295 1320 Multum
2316 1265 2654 1324 commendat
2675 1267 2818 1338 quod
2836 1258 2915 1326 ita
2935 1271 3242 1339 pronuntiat
3268 1289 3284 1338 ;
3314 1285 3448 1343 quo-
3506 1295 3513 1301 ι

1875 1353 2161 1410 dammodo
2181 1393 2197 1422 ,
2224 1356 2271 1411 si
2317 1355 2424 1414 dici
2467 1356 2547 1414 fss
2571 1366 2690 1426 est,
2734 1359 2931 1428 iuratio
2956 1359 3070 1429 eius
3098 1371 3215 1429 est,
3254 1363 3444 1432 Matt,

1875 1461 2024 1502 anteis
2042 1445 2155 1502 dies
2175 1447 2330 1504 vobis.
2363 1449 2517 1504 Amen
2539 1450 2736 1520 quippe
2761 1453 3168 1522 interpretatur,
3213 1453 3406 1512 Verum
3428 1473 3442 1512 :

1875 1545 1932 1595 et
1956 1545 2132 1596 tamen
2160 1553 2265 1596 non
2293 1547 2376 1596 est
2404 1541 2804 1611 interpretatum
2822 1584 2839 1610 ,
2871 1557 2990 1600 cum
3018 1545 3276 1614 potuisset
3297 1546 3441 1616 dici,

1879 1627 2073 1684 Verum
2106 1628 2228 1685 dico
2253 1630 2421 1686 vobis.
2469 1631 2577 1687 Nec
2618 1647 2822 1702 graecus
2866 1633 2967 1690 hoc
2993 1634 3252 1706 interpres
3277 1652 3444 1698 ausus

1874 1727 1960 1775 est
2003 1719 2205 1786 facere,
2251 1736 2351 1778 nec
2386 1722 2580 1778 latinus
2605 1740 2620 1778 ε
2647 1739 2769 1780 nam
2808 1723 2908 1780 hoc
2948 1727 3167 1786 verbum
3193 1729 3444 1799 quodest

1874 1808 2065 1878 Amen,
2115 1826 2212 1867 nec
2253 1827 2481 1881 graecum
2506 1821 2590 1868 est
2609 1829 2707 1870 nec
2735 1815 2988 1883 latinum.
3014 1817 3108 1874 sed
3145 1819 3440 1880 balineum.

1872 1897 1963 1956 Sic
1981 1901 2210 1970 mansit,
2259 1917 2365 1958 non
2410 1913 2490 1960 est
2514 1905 2945 1975 interpretatum,
2975 1915 3036 1962 ut
3063 1907 3322 1966 honorem
3346 1910 3444 1968 ha-

1873 1993 2026 2051 beret
2043 1995 2340 2051 velamento
2367 2001 2556 2052 secreti
2588 2014 2602 2052 :
2646 2013 2755 2055 non
2776 2007 2834 2053 ut
2847 2008 2994 2056 esset
3016 2010 3295 2071 negatum,
3343 2003 3441 2060 sed

1872 2102 1943 2144 ne
1970 2087 2245 2145 vilesceret
2287 2086 2561 2146 nudatum.
2589 2087 2698 2146 Nec
2733 2089 2899 2148 semel
2919 2099 3095 2148 tamen
3115 2129 3131 2156 ,
3163 2091 3256 2148 sed
3284 2091 3366 2150 bis
3411 2109 3442 2148 a

1875 2175 2100 2232 Domino
2123 2177 2320 2232 dictum
2339 2186 2443 2246 est,
2465 2179 2644 2246 Amen,
2670 2195 2816 2236 antea
2835 2180 2947 2234 dico
2965 2180 3118 2236 vobis.
3133 2180 3250 2238 iam
3277 2197 3444 2252 quan-

1874 2276 1986 2324 tum
2034 2267 2137 2324 hoc
2189 2268 2616 2326 commendatum
2665 2270 2770 2338 sit,
2815 2285 2882 2328 ex
2931 2271 3044 2341 ipsa
3084 2272 3443 2342 geminatione

1873 2361 2194 2433 cognoscite.

1944 2451 1998 2507 ι.
2030 2451 2166 2519 Quid
2193 2461 2277 2508 est
2303 2466 2430 2523 ergo
2469 2451 2937 2510 commendatum?
2982 2452 3178 2512 Verum
3203 2495 3219 2522 ,
3250 2469 3432 2512 verum

1873 2541 1993 2598 dico
2020 2541 2189 2610 vobis,
2211 2541 2419 2599 Veritas
2441 2541 2594 2609 dicit;
2625 2557 2742 2613 quae
2767 2543 2947 2616 utique
2968 2544 3069 2599 etsi
3095 2559 3201 2600 non
3218 2544 3440 2612 diceret,

1875 2635 2068 2692 Verum
2089 2635 2229 2703 dico,
2258 2637 2470 2693 mentiri
2489 2637 2706 2693 omnino
2725 2651 2829 2694 non
2851 2646 3028 2708 posset
3053 2657 3069 2693 :
3101 2646 3276 2696 tamen
3296 2654 3443 2697 com—

1871 2725 2108 2793 mendat,
2149 2726 2413 2793 inculcat;
2453 2725 2777 2784 dormientes
2807 2727 3198 2799 quodammodo
3223 2731 3440 2796 excitat,

1869 2817 2102 2873 intentus
2123 2816 2270 2885 facit,
2291 2817 2559 2874 contemni
2582 2833 2688 2875 non
2710 2819 2837 2875 vult.
2861 2819 2996 2887 Quid
3015 2819 3234 2878 dicens?
3259 2821 3438 2890 Amen,

1869 2926 2017 2966 auten
2043 2910 2154 2965 dico
2180 2910 2334 2974 vobis,
2365 2909 2484 2982 quia
2510 2911 2670 2964 omnis
2697 2911 2783 2983 qui
2809 2909 2932 2980 facit
2955 2919 3213 2982 peccatum
3234 2953 3252 2978 ,
3275 2928 3443 2968 seruus

1869 3014 1940 3058 est
1968 3004 2175 3073 peccati.
2203 3001 2248 3059 Ο
2273 3002 2590 3060 miserabilis
2620 3003 2879 3060 servitus!
2921 3003 3239 3074 Plerumque
3268 3003 3440 3060 homi—

1869 3109 1966 3151 nes
1991 3109 2114 3151 cum
2143 3093 2386 3150 dominos
2406 3094 2577 3150 malos
2597 3094 2883 3164 patiuntur,
2907 3094 3121 3150 venales
3138 3107 3195 3151 se
3215 3104 3400 3164 petunt
3424 3112 3438 3160 ;

1871 3199 1976 3242 non
2007 3191 2302 3255 quaerentes
2319 3182 2592 3239 dominum
2615 3199 2719 3238 non
2743 3182 2958 3251 habere,
2985 3182 3078 3240 sed
3105 3184 3292 3241 saltem
3321 3199 3440 3239 mu-

1869 3284 2027 3343 tare;
2058 3289 2244 3332 servus
2281 3275 2485 3345 peccati
2513 3275 2637 3346 quid
2664 3274 2855 3330 faciat?
2897 3290 3054 3346 quem
3097 3275 3442 3346 interpellet?

1869 3366 2009 3440 apud
2035 3382 2191 3438 quem
2217 3367 2559 3436 interpellet?
2584 3366 2724 3437 apud
2745 3382 2902 3436 quem
2927 3381 2984 3422 se
3005 3367 3241 3423 venalem
3265 3369 3441 3438 petat?

1870 3457 2070 3512 Deinde
2115 3472 2298 3512 servus
2341 3455 2572 3514 hominis
2613 3455 2893 3528 aliquando
2926 3457 3005 3513 sui
3052 3456 3251 3513 domini
3292 3457 3439 3514 duris

1872 3548 2110 3623 imperiis
2149 3548 2394 3620 fatigatus
2417 3591 2430 3614 ,
2474 3547 2722 3620 fugiendo
2750 3549 3032 3621 requiescit
3061 3566 3073 3602 :
3103 3564 3286 3605 servus
3317 3564 3442 3622 pec-

1869 3641 1970 3695 cati
1998 3656 2104 3712 quo
2140 3639 2309 3712 fugit?
2355 3639 2544 3696 Secum
2585 3656 2641 3696 se
2685 3639 2844 3695 trahit
2870 3655 3199 3712 quocumque
3227 3640 3438 3712 fugerit.

1868 3727 1982 3786 Non
2009 3731 2137 3803 fugit
2165 3732 2392 3804 seipsam
2415 3731 2550 3787 mala
2577 3730 2922 3800 conscientia,
2964 3746 3067 3787 non
3098 3741 3178 3786 est
3202 3748 3305 3803 quo
3331 3743 3437 3795 cat,

1870 3822 2106 3892 sequitur
2133 3839 2191 3879 se
2217 3843 2230 3892 ;
2281 3823 2389 3880 imo
2434 3841 2538 3881 non
2570 3825 2769 3880 recedit
2797 3840 2826 3878 a
2855 3838 2914 3881 se
2949 3843 2960 3879 :
2992 3835 3267 3897 peccatum
3296 3827 3438 3882 enim

1869 3911 2007 3984 quod
2051 3907 2209 3982 facit,
2243 3913 2382 3968 intus
2425 3925 2526 3970 est.
2575 3913 2721 3970 Fecit
2765 3921 3072 3987 peceatum,
3125 3926 3181 3971 ut
3209 3916 3438 3988 aliquam

1867 4005 2198 4076 corporalem
2233 3996 2461 4076 rcaperet
2516 4005 2835 4078 voluptatem
2876 4026 2888 4062 :
2935 4007 3176 4078 voluptas
3228 4010 3435 4072 transit,

1867 4105 2142 4170 peccatum
2169 4106 2383 4163 manet;
2432 4098 2681 4166 praeteriit
2708 4097 2846 4168 quod
2877 4095 3192 4164 delectabat,
3224 4115 3434 4152 reman-

1867 4188 1937 4243 sit
1974 4185 2115 4260 quod
2159 4197 2374 4259 pungat.
2416 4185 2549 4242 Mala
2593 4187 2847 4242 servitus!
2899 4183 3192 4258 Aliquando
3234 4185 3439 4258 fugiunt

1867 4277 2111 4336 homines
2153 4279 2219 4335 ad
2248 4279 2538 4336 Ecclesiam
2563 4321 2578 4344 ,
2627 4283 2681 4336 et
2721 4278 3030 4351 plerumque
3067 4293 3162 4334 eos
3210 4278 3438 4350 patimur

1869 4377 2115 4441 tauquam
2158 4369 2573 4440 indisciplinatos
2603 4388 2616 4425 :
2646 4370 2882 4424 volentes
2924 4384 3106 4424 carere
3133 4367 3363 4423 dominis
3396 4371 3436 4436 ¹,

1867 4463 1956 4533 qui
1993 4463 2178 4517 nolunt
2219 4476 2400 4517 carere
2445 4462 2694 4530 peccatis.
2747 4455 3042 4530 Aliquando
3073 4468 3249 4513 autem
3276 4459 3438 4514 etiam

1865 4553 2048 4609 illicito
2069 4553 2196 4624 jngo
2216 4559 2268 4608 et
2291 4552 2532 4622 improbo
2552 4550 2772 4622 subjecti
2801 4547 3007 4620 fugiunt
3033 4545 3098 4603 ad
3119 4545 3437 4615 Ecclesiant,

1868 4647 1990 4716 quia
2017 4646 2315 4700 retinentur
2347 4644 2555 4714 ingenui
2581 4642 2647 4696 ad
2678 4639 2983 4697 servitutem
3008 4683 3022 4708 ,
3051 4647 3104 4695 et
3132 4637 3439 4711 interpella-
3523 4651 3544 4668 '

1867 4743 1954 4792 tur
1990 4738 2266 4807 episcopus
2299 4753 2314 4789 τ
2353 4745 2407 4790 ει
2448 4733 2546 4790 nisi
2572 4743 2720 4790 curet
2742 4748 2957 4803 operam
3001 4731 3326 4804 impendere,
3373 4748 3442 4788 ne

1867 4828 2163 4900 ingenuitas
2197 4823 2525 4898 opprimatur
2549 4867 2563 4890 ,
2603 4823 2981 4880 immisericors
3007 4823 3308 4894 deputatur.
3355 4823 3435 4878 Ad

1865 4918 2134 4974 Christum
2157 4929 2345 4972 ontnes
2387 4915 2648 4986 fugiamus
2671 4955 2685 4979 ,
2735 4923 2917 4969 contra
2960 4919 3234 4984 peccatum
3264 4912 3435 4967 Deum

1865 5011 2205 5065 liberatorem
2239 5007 2634 5078 interpellemus
2668 5025 2681 5061 :
2706 5006 2921 5060 venales
2946 5019 3045 5060 nos
3068 5015 3312 5075 petamus
3333 5047 3348 5072 ,
3377 5014 3438 5061 ut

1863 5102 1983 5171 ejus
2008 5099 2264 5171 sanguine
2293 5098 2633 5154 redimamur.
2659 5095 2798 5153 Dicit
2820 5097 2961 5152 enim
2999 5094 3270 5161 Dominus,
3305 5093 3441 5153 Grn-

1873 5193 1936 5247 tis
1970 5191 2258 5246 venumdati
2301 5191 2416 5245 estis
2435 5231 2450 5256 ,
2488 5198 2538 5242 et
2573 5189 2680 5243 sine
2705 5196 2908 5260 argento
2947 5187 3260 5242 redimcmini
3283 5186 3434 5259 (lsai.

1869 5297 1960 5350 ut,
1983 5283 2066 5354 Β).
2105 5281 2238 5338 Sine
2259 5281 2434 5352 pretio
2456 5322 2471 5347 ,
2499 5279 2597 5336 sed
2621 5285 2828 5346 vestro;
2861 5279 2982 5353 quia
3017 5293 3160 5336 meo.
3193 5279 3302 5335 lioc
3331 5279 3436 5334 Do-

1863 5379 2041 5433 minus
2061 5375 2193 5431 diclt
2219 5389 2236 5430 τ
2263 5375 2380 5444 ipse
2395 5373 2539 5428 enim
2563 5373 2789 5442 pretium
2811 5371 2978 5438 dedit,
3009 5381 3115 5428 non
3136 5376 3429 5440 argentum,

1861 5468 1961 5526 sed
1990 5465 2300 5538 sanguinem
2321 5473 2498 5520 unum.
2547 5463 2680 5519 Nam
2707 5475 2806 5519 nos
2837 5471 2893 5518 et
2915 5463 3057 5519 servi
3081 5470 3135 5516 et
3163 5458 3314 5530 egeni
3339 5471 3431 5513 re-

1933 5642 2383 5718 cubantem)
2418 5644 2616 5706 unus:
2645 5641 2905 5701 servitute
2939 5642 3089 5697 solus
3127 5638 3428 5696 Dominus:

1927 5792 1944 5822 ¹
1968 5781 2208 5854 tit-Lugd.
2223 5793 2274 5854 et
2288 5792 2403 5854 ven.
2425 5783 2495 5832 sic
2516 5777 2835 5854 habenthunc
2853 5776 3040 5854 lo_c_um:
3068 5783 3342 5840 Quanquam
3361 5775 3430 5828 in.

1861 5838 2205 5914 ὼάρῶωῦι,
2231 5845 2439 5896 naiades
2457 5848 2625 5892 carere
2645 5838 2835 5891 dum.
2897 5844 2956 5889 ιι.
