3926 6374
585 423 728 487 1695

584 614 639 690 in
667 633 768 688 hac
789 643 951 686 carne
982 627 1128 683 venit
1153 627 1270 682 sine
1299 631 1538 696 peccato.
1583 619 1717 676 Nam
1739 633 1876 692 quos
1902 615 2092 672 videtis
2117 614 2155 669 ii

583 724 830 783 manibus
853 729 1084 778 matrum
1128 717 1377 791 parvulos
1405 714 1569 784 ferri,
1601 712 1836 769 nondum
1874 709 2168 776 ambulant,

582 825 640 872 et
660 815 771 887 jam
792 821 916 870 sunt
937 808 1224 882 compediti
1248 825 1264 875 ;
1292 814 1570 864 traxerunt
1583 805 1726 861 enim
1746 803 1815 859 de
1833 801 2004 859 Adam
2028 798 2170 871 quod

563 907 875 965 isolvatura
898 904 1137 962 Christo.
1212 899 1452 958 Pertinet
1495 897 1662 954 etiam
1707 895 1774 951 ad
1819 896 2001 967 ipsos,
2049 907 2169 950 cum

586 1000 957 1072 baptizantur,
1008 995 1109 1051 ista
1149 993 1316 1066 gratia
1365 1006 1523 1063 quam
1559 988 1816 1045 Dominus
1847 985 2165 1057 pollicetur;

583 1094 710 1165 quia
753 1091 822 1148 de
845 1099 1069 1164 peccato
1092 1087 1240 1144 solus
1269 1085 1498 1143 liberare
1520 1092 1731 1155 potest,
1771 1081 1864 1153 qui
1887 1080 2034 1137 venit
2055 1079 2174 1136 sine

586 1194 840 1259 peccato,
877 1194 933 1242 et
969 1183 1142 1239 factus
1167 1189 1249 1238 est
1277 1179 1594 1236 sacriﬁcium
1635 1193 1736 1251 pro
1772 1184 2013 1248 peccato.
2064 1177 2162 1230 Au-

585 1277 742 1335 distis
774 1276 918 1333 enim
954 1290 1077 1331 cum
1119 1272 1409 1346 Apostolus
1450 1271 1758 1343 legeretur:
1794 1267 1902 1324 Pro
1949 1266 2170 1336 Christo,

567 1369 780 1441 inquit,
802 1367 1050 1439 legatione
1073 1365 1356 1439 fungimur,
1379 1371 1620 1434 tanquam
1646 1359 1752 1416 Deo
1773 1360 2070 1416 exhortante
2083 1373 2175 1430 per

582 1457 1050 1526 nos;obsecramus
1099 1473 1194 1528 pro
1235 1454 1477 1521 Christo;
1521 1453 1575 1509 id
1623 1461 1727 1519 est,
1773 1461 2025 1524 tanquam
2073 1465 2175 1506 vos

587 1552 834 1610 Christus
859 1551 1127 1609 obsecret.
1155 1549 1326 1618 Quid?
1369 1546 1709 1604 Reconciliari
1737 1543 1864 1599 Deo.
1896 1543 1953 1600 Si
1982 1541 2176 1600 exhor-

586 1656 730 1703 tatur
752 1654 808 1702 et
825 1645 1075 1703 obsecrat
1097 1641 1390 1716 Apostolus
1409 1649 1468 1697 ιιι
1495 1638 1902 1696 reconciliemur
1916 1638 2045 1706 Deo,
2077 1637 2176 1692 ini-

587 1737 709 1796 mici
739 1751 954 1793 eramus
974 1735 1108 1792 Deo.
1160 1734 1331 1790 Nemo
1358 1733 1502 1788 enim
1550 1729 1927 1787 reconciliatur
1968 1728 2071 1785 nisi
2109 1743 2176 1784 ex

587 1828 902 1886 inimicitiis.
933 1827 1182 1882 inimicos
1209 1834 1387 1880 autem
1416 1837 1513 1879 nos
1542 1837 1650 1879 non
1673 1831 1884 1888 natura,
1917 1821 2013 1878 sed
2057 1837 2180 1892 pec-

589 1931 708 1978 cata
737 1919 998 1976 fecerunt.
1028 1917 1180 1974 Unde
1205 1917 1405 1972 inimici
1434 1916 1600 1983 illius,
1628 1915 1753 1971 inde
1777 1915 1916 1971 servi
1947 1914 2175 1984 peccati.

595 2011 708 2068 Non
734 2010 894 2066 habet
925 2010 1066 2066 Deus
1111 2009 1310 2066 liberos
1354 2008 1634 2074 inimicos;
1684 2021 1904 2063 necesse
1929 2015 2014 2063 est
2039 2006 2178 2062 servi

593 2105 702 2160 sint
733 2121 747 2157 :
777 2112 832 2158 et
856 2105 995 2159 servi
1026 2101 1373 2158 remanebunt
1404 2102 1504 2157 nisi
1535 2099 1604 2157 ab
1632 2099 1723 2156 illo
1749 2099 2059 2164 liberentur,
2091 2098 2180 2155 cui

595 2196 862 2268 peccando
907 2195 1106 2252 inimici
1147 2209 1267 2252 esse
1307 2193 1610 2250 voluerunt.
1660 2191 1992 2247 Obsecremus
2025 2205 2176 2261 ergo,

591 2290 782 2361 inquit,
829 2304 922 2360 pro
946 2287 1174 2354 Christo,
1198 2287 1516 2344 reconciliari
1538 2285 1668 2342 Deo.
1699 2283 1981 2352 Quomodo
2001 2291 2178 2338 autem

588 2383 1023 2451 reconciliamur,
1057 2381 1160 2437 nisi
1187 2381 1427 2439 solvatur
1448 2379 1591 2452 quod
1616 2380 1756 2435 inter
1786 2393 1884 2434 nos
1911 2386 1965 2432 et
1994 2378 2173 2448 ipsum

585 2475 844 2546 separat?
892 2476 980 2530 Ait
1025 2475 1168 2530 enim
1218 2489 1317 2546 per
1359 2473 1675 2545 prophetam
1719 2491 1733 2527 :
1779 2470 1901 2526 Non
1956 2469 2182 2542 gravavit

587 2585 758 2625 aurem
784 2587 848 2624 ne
868 2569 1082 2636 audiat,
1121 2567 1210 2624 sed
1247 2577 1451 2638 peccata
1480 2577 1643 2622 vestra
1667 2571 1906 2637 separant
1933 2563 2064 2617 inter
2091 2577 2180 2616 vos

586 2671 635 2717 et
666 2660 826 2715 Deum
853 2659 986 2733 (Isa.
1017 2675 1128 2727 ιιι,
1149 2657 1294 2731 1,2).
1327 2657 1462 2726 Quia
1483 2671 1611 2728 ergo
1636 2671 1742 2712 non
1771 2654 2182 2711 reconciliamur

591 2753 692 2808 nisi
719 2753 894 2808 ablato
916 2752 1061 2824 quod
1086 2751 1139 2806 in
1155 2749 1332 2806 medio
1351 2758 1454 2815 est,
1481 2758 1535 2804 et
1557 2749 1732 2818 posito
1750 2746 1892 2818 quod
1923 2747 1978 2800 in
2004 2744 2181 2801 medio

589 2843 680 2899 sit.
713 2843 809 2900 Est
823 2845 966 2900 enim
991 2842 1225 2899 medium
1241 2855 1519 2912 separans,
1550 2839 1644 2896 sed
1669 2848 1854 2896 contra
1873 2846 1956 2894 est
1979 2836 2181 2892 media-

588 2948 676 2993 tor
720 2936 1109 3003 reconcilians;
1163 2936 1398 2992 medium
1453 2949 1708 3005 separans
1753 2942 1836 2989 est
1879 2940 2177 3003 peccatum,

591 3026 856 3084 mediator
891 3026 1244 3105 reconcilians
1280 3035 1363 3082 est
1405 3025 1663 3080 Dominus
1701 3023 1858 3079 Jesus
1892 3022 2177 3079 Christus:

597 3120 740 3175 Unus
775 3120 912 3174 enim
941 3117 1116 3187 Deus,
1161 3128 1208 3174 et
1247 3135 1378 3174 unus
1420 3118 1667 3173 mediator
1693 3115 1790 3170 Dei
1816 3124 1863 3172 et
1896 3115 2178 3184 hominum,

595 3212 744 3266 homo
778 3210 1006 3267 Christus
1042 3209 1194 3266 Iesus
1220 3211 1263 3282 (l
1294 3210 1426 3266 Tim.
1455 3226 1523 3278 ll,
1569 3209 1648 3284 5).
1689 3209 1763 3268 Ut
1800 3225 1928 3280 ergo
1967 3209 2181 3265 tollatur

592 3301 825 3358 maceria
852 3316 1110 3372 separans
1129 3302 1272 3374 quod
1287 3311 1371 3358 est
1396 3311 1691 3373 peccatum,
1719 3301 1864 3356 venit
1878 3301 1965 3356 ille
1978 3299 2180 3356 media-

593 3405 699 3464 tor,
721 3404 778 3452 et
797 3392 966 3450 factus
987 3404 1072 3451 est
1099 3395 1420 3452 sacrificium
1443 3395 1835 3466 sacerdosipse.
1861 3395 1928 3451 Et
1945 3395 2067 3466 quia
2090 3409 2179 3450 sa-

595 3486 854 3542 criﬁcium
883 3487 1053 3544 factus
1083 3497 1164 3544 est
1191 3503 1288 3560 pro
1317 3497 1538 3560 peccato
1560 3531 1574 3555 ,
1605 3488 1834 3545 offerens
1862 3489 2096 3559 seipsum
2126 3490 2180 3544 in

592 3578 962 3635 holocaustum
1001 3579 1052 3634 in
1091 3594 1251 3637 cruce
1290 3581 1552 3652 passionis
1577 3595 1721 3645 sum,
1765 3581 2005 3652 sequitur
2031 3583 2180 3651 Apo-
2221 3633 2224 3636 .

596 3671 768 3730 stolus
795 3681 852 3728 et
874 3671 1024 3739 dicit,
1052 3687 1174 3729 cum
1198 3672 1453 3742 dixisset,
1485 3673 1813 3729 Obsecremus
1838 3691 1930 3745 pro
1953 3673 2178 3743 Christo,

593 3767 913 3824 reconciliari
937 3766 1046 3823 Deo
1080 3786 1099 3822 :
1123 3769 1276 3840 quasi
1304 3766 1636 3834 diceremus,
1681 3767 1949 3840 quomodo
1977 3770 2179 3838 poteri-

591 3875 712 3916 mus
723 3861 1096 3918 reconciliari?
1118 3861 1266 3928 Eum,
1292 3860 1483 3932 inquit,
1506 3860 1559 3916 id
1579 3869 1663 3916 est
1689 3861 1864 3932 ipsum
1886 3862 2177 3930 Christum,

591 3954 679 4026 qui
706 3969 807 4008 non
829 3964 1033 4010 noverat
1062 3964 1354 4026 peccatum,
1388 3965 1648 4026 peccatum
1677 3971 1770 4026 pro
1793 3955 1932 4010 nobis
1958 3955 2097 4026 fecit,
2127 3965 2182 4008 ut

588 4064 681 4104 nos
699 4048 857 4103 simus
885 4049 1091 4122 justitia
1113 4047 1212 4102 Dei
1236 4049 1290 4103 in
1318 4049 1428 4120 ipso
1462 4046 1528 4121 (ll
1550 4047 1667 4104 Cor.
1698 4065 1752 4114 v,
1782 4048 1873 4112 20,
1897 4048 2012 4119 21).
2043 4046 2181 4103 Eum

591 4143 790 4214 ipsum,
819 4143 1010 4215 inquit,
1035 4141 1306 4199 Christum
1331 4140 1520 4209 Deum,
1547 4141 1634 4212 qui
1657 4157 1759 4196 non
1780 4151 1986 4196 noverat
2002 4157 2181 4212 pecca-

591 4245 718 4292 tum.
752 4235 910 4293 Venit
928 4236 1071 4292 enim
1101 4236 1154 4291 in
1177 4250 1359 4303 carne,
1388 4235 1490 4290 hoc
1510 4243 1593 4290 est
1612 4234 1666 4289 in
1691 4233 2035 4290 similitudine
2062 4249 2180 4291 car-

588 4329 672 4383 nis
702 4329 910 4399 peccati
944 4328 1123 4399 (Rom.
1151 4343 1273 4392 vin,
1305 4326 1360 4398 5)
1389 4368 1403 4393 ,
1445 4341 1554 4382 non
1582 4335 1759 4382 tamen
1785 4326 1838 4381 in
1863 4341 2025 4382 carne
2051 4342 2179 4398 pec-

587 4427 694 4475 cati
714 4461 730 4484 ,
774 4434 882 4476 non
927 4418 1132 4474 habens
1175 4419 1339 4473 ullum
1368 4419 1588 4474 omnino
1617 4427 1893 4489 peccatum
1924 4437 1937 4472 :
1971 4430 2024 4474 et
2059 4419 2180 4475 ideo

594 4511 765 4567 factus
783 4521 866 4568 est
890 4527 1075 4567 verum
1097 4511 1413 4566 sacriﬁcium
1432 4527 1529 4582 pro
1555 4520 1794 4582 peccato,
1821 4513 1943 4583 quia
1974 4512 2179 4570 nullum

590 4603 818 4660 habebat
848 4605 961 4676 ipse
989 4612 1286 4676 peccatum.

661 4698 715 4754 6.
742 4698 848 4754 Sed
876 4698 1012 4755 forte
1049 4699 1120 4755 de
1155 4713 1316 4754 sensu
1339 4713 1461 4755 meo
1485 4699 1629 4768 dixi,
1659 4699 1780 4770 quia
1807 4708 2068 4772 peccatum
2093 4716 2180 4758 sa-

591 4793 853 4850 crificium
879 4802 961 4850 est
989 4808 1090 4867 pro
1117 4801 1356 4865 peccato.
1407 4793 1508 4862 Qui
1539 4793 1818 4866 legerunt,
1847 4805 2176 4867 agnoscant;

592 4887 684 4960 qui
708 4903 814 4944 non
843 4888 1107 4960 legerunt,
1137 4903 1244 4944 non
1285 4887 1394 4944 sint
1418 4887 1552 4961 pigri
1584 4907 1596 4944 :
1628 4904 1738 4945 non
1761 4890 1870 4947 sint
1891 4932 1908 4958 ,
1937 4889 2174 4963 inquam,

588 4979 724 5051 pigri
753 4979 819 5036 ad
857 4979 1142 5054 legendum
1167 5022 1183 5049 ,
1215 4989 1273 5036 ut
1301 4994 1518 5038 veraces
1559 4981 1668 5037 sint
1703 4981 1772 5037 ad
1808 4982 2175 5054 judicandum.

591 5070 724 5128 Cum
754 5071 822 5128 de
845 5073 1126 5130 sacriﬁciis
1167 5073 1311 5129 enim
1349 5075 1665 5146 praeciperet
1702 5074 1846 5130 Deus
1891 5075 2178 5134 oﬁ‘erendis

589 5180 692 5239 pro
715 5175 962 5236 peccato,
993 5167 1046 5222 in
1075 5165 1270 5237 quibus
1310 5166 1590 5222 sacriﬁciis
1633 5182 1738 5223 non
1783 5179 1900 5223 erat
1944 5170 2178 5240 expiatio

588 5265 962 5330 peccatorum,
993 5259 1088 5316 sed
1118 5257 1304 5314 umbra
1347 5257 1642 5315 futurorum
1668 5301 1684 5328 ,
1733 5259 1921 5316 eadem
1946 5263 2058 5331 ipsa
2088 5277 2177 5318 sa-

585 5354 786 5412 criﬁcia
809 5397 827 5424 ,
875 5354 1092 5412 easdem
1133 5355 1278 5428 ipsas
1305 5355 1541 5425 hostias,
1591 5358 1807 5414 easdem
1847 5357 1991 5429 ipsas
2027 5358 2180 5414 victi-

585 5464 703 5507 mas
725 5489 742 5516 ,
790 5447 980 5505 eadem
1026 5448 1141 5520 ipsa
1184 5449 1432 5506 animalia
1470 5465 1590 5522 quae
1615 5449 2041 5508 admovebantur
2065 5465 2178 5507 ma-

584 5541 778 5600 ctanda
808 5557 908 5614 pro
932 5542 1198 5614 peccatis,
1228 5541 1280 5598 in
1308 5557 1533 5613 quorum
1560 5541 1817 5614 sanguine
1843 5544 2060 5615 sanguis
2088 5544 2177 5601 ille

587 5635 942 5708 ﬁgurabatur,
982 5637 1201 5707 peccata
1234 5634 1346 5691 Lex
1370 5635 1604 5708 appellat
1634 5652 1648 5691 :
1679 5650 1849 5708 usque
1873 5633 2010 5693 adeo
2039 5643 2098 5692 nt
2121 5636 2174 5692 in

589 5729 905 5802 quibusdam
935 5730 1067 5786 locis
1103 5731 1359 5800 scriptum
1401 5730 1471 5784 sit
1508 5729 1611 5796 ita,
1652 5736 1710 5784 ut
1735 5729 2041 5787 sacerdotes
2073 5730 2175 5786 im-

590 5822 840 5880 molaturi
883 5831 1143 5894 ponerent
1171 5835 1363 5884 manus
1400 5835 1524 5876 suas
1558 5835 1720 5892 super
1753 5830 1913 5893 caput
1947 5821 2170 5891 peccati,

591 5913 646 5972 id
669 5921 771 5981 est,
812 5927 973 5984 super
993 5923 1150 5985 caput
1178 5911 1406 5971 victimas
1434 5912 1767 5971 immolandzc
1799 5927 1894 5985 pro
1930 5922 2165 5969 Deccato.

1521 412 1588 471 IN
1625 407 1906 470 JOANNIS
1945 400 2413 474 EVANGELIUM,
2451 405 2513 465 S.
2552 407 2924 470 AUGUSTINI

583 545 674 616 qui
696 542 841 598 illam
870 550 978 594 non
1004 533 1209 600 habuit,
1239 532 1354 603 ipse
1376 529 1446 586 de
1479 527 1572 585 illa
1599 527 1820 592 liberat;
1845 523 1998 579 solus
2024 519 2170 616 enim
2218 574 2237 609 ζ

2230 690 2240 699 _
2280 615 2453 672 factus
2477 625 2559 672 est
2587 617 2846 676 Dominus
2865 629 3048 677 noster
3066 618 3222 678 Iesus
3239 618 3506 690 Christus,
3534 623 3620 694 qui
3639 641 3729 682 non
3748 645 3825 684 tto-

3703 417 3826 479 1696

2278 521 2408 578 Tale
2433 537 2562 595 ergo
2601 537 2890 597 peccatum,
2917 526 2977 599 id
2997 535 3106 595 est,
3152 527 3471 585 sacriﬁcium
3496 543 3590 601 pro
3619 544 3823 606 peccato,

3415 437 3530 461 Au...»

2278 719 2415 765 verat
2439 721 2718 782 peccatum.

2351 803 2406 858 7.
2451 803 2640 859 Merito
2681 803 2874 861 liberat
2907 806 2975 862 ab
3014 805 3115 862 hac
3141 806 3400 864 servitute
3427 810 3632 879 peccati
3653 809 3731 867 ille
3751 815 3824 884 qui

2279 895 2409 951 dicit
2437 895 2490 951 in
2517 895 2740 953 Psalmis
2769 915 2782 951 :
2810 895 3000 954 Factus
3017 915 3128 954 sum
3149 908 3392 971 tanquam
3415 900 3569 956 homo
3591 901 3829 976 sinendjs.

2280 989 2429 1056 torio,
2458 989 2589 1044 inter
2611 999 2834 1046 mortuos
2854 989 2979 1046 liber
3004 989 3174 1062 (Psal.
3197 1008 3426 1049 nxxxvtt
3447 1035 3462 1060 ,
3491 994 3558 1063 5,
3587 995 3663 1068 6).
3702 995 3832 1058 Solus

2279 1083 2422 1138 enim
2453 1082 2622 1149 liber,
2669 1084 2792 1154 quia
2828 1099 2933 1139 non
2970 1083 3198 1141 habebat
3229 1094 3528 1156 peccatum.
3576 1085 3691 1158 Ipse
3713 1090 3830 1150 extim

2277 1173 2409 1231 dicit
2434 1175 2486 1230 in
2515 1176 2804 1248 Evangelia
2833 1193 2849 1232 :
2878 1177 3013 1233 Ecce
3038 1178 3170 1233 venit
3207 1179 3442 1251 princeps
3475 1180 3631 1253 hujus
3663 1185 3829 1254 medi,

2239 1288 2243 1292 ·
2279 1263 2550 1322 diabolum
2581 1266 2885 1338 signiﬁcans
2927 1278 3205 1325 venturum
3233 1270 3286 1326 in
3311 1269 3512 1327 Iudaeis
3557 1284 3828 1344 persecuntu-

2279 1358 2463 1424 ribus;
2490 1375 2622 1427 ecce,
2651 1359 2840 1432 inquit,
2869 1362 3020 1428 venit,
3048 1371 3096 1417 et
3121 1363 3175 1417 in
3196 1379 3274 1418 me
3298 1365 3428 1419 nihil
3446 1366 3658 1422 invenia
3683 1366 3827 1439 (Ion.

2282 1465 2398 1516 xrv,
2426 1450 2516 1520 30,
2548 1453 2664 1525 3t).
2696 1451 2813 1508 Non
2838 1453 3109 1525 quomodo
3135 1454 3187 1510 in
3213 1455 3292 1511 eis
3321 1471 3456 1526 quos
3484 1458 3675 1514 occidit
3699 1461 3828 1518 etiam

2277 1543 2485 1615 iustos,
2534 1545 2736 1601 invenit
2769 1546 3151 1619 qualecumque
3191 1558 3501 1618 peccatum,
3545 1550 3598 1605 in
3627 1565 3707 1606 me
3722 1553 3829 1609 nihil

2282 1636 2538 1696 inveniet.
2591 1637 2658 1693 Et
2687 1647 2940 1710 tanquam
2970 1640 3019 1695 ei
3049 1639 3339 1710 diceretur,
3381 1640 3426 1698 si
3458 1641 3590 1698 nihil
3623 1644 3673 1700 in
3694 1656 3738 1700 te
3760 1645 3829 1702 in-

2281 1731 2494 1797 veniet,
2538 1745 2702 1802 quare
2743 1740 2794 1786 te
2833 1731 3075 1788 occidet?
3122 1731 3396 1803 Subjecit,
3443 1743 3500 1789 et
3534 1735 3608 1791 ait
3633 1756 3646 1791 :
3673 1736 3762 1792 Sed
3787 1748 3830 1792 ut

2282 1825 2445 1879 sciant
2468 1840 2640 1879 omnes
2666 1826 2784 1897 quia
2806 1826 3107 1880 voluntatem
3138 1824 3310 1882 Patris
3332 1827 3432 1882 mei
3458 1829 3621 1899 facio,
3645 1830 3828 1902 surgite,

2285 1935 2456 1972 eamus
2478 1919 2614 1973 hinc.
2647 1917 2793 1987 Non,
2825 1919 3029 1990 inquit,
3061 1929 3288 1975 mortem
3319 1921 3420 1976 mei
3453 1922 3655 1993 peccati
3680 1938 3830 1980 neces-

2285 2010 2440 2066 sitate
2468 2011 2712 2088 persqlvo
2731 2053 2746 2078 ,
2794 2012 2890 2068 sed
2917 2013 2970 2068 in
2995 2027 3061 2068 eo
3087 2013 3229 2084 quod
3268 2016 3475 2070 morior
3493 2057 3510 2084 ,
3543 2017 3828 2072 voluntatem

2284 2101 2458 2158 Patris
2486 2103 2592 2159 mei
2617 2103 2753 2159 facio
2783 2123 2796 2159 :
2829 2105 3051 2175 plusque
3072 2105 3143 2160 ibi
3168 2105 3302 2161 facio
3329 2121 3489 2178 quam
3515 2109 3709 2178 patior,
3731 2110 3829 2180 quia

2285 2188 2331 2241 si
2369 2185 2566 2242 nollem
2591 2229 2605 2253 ,
2638 2202 2736 2243 nec
2766 2203 2953 2258 passus
2978 2203 3176 2244 essem.
3203 2190 3378 2247 Habes
3418 2191 3571 2248 illum
3611 2193 3705 2248 alio
3736 2194 3828 2249 loco

2284 2276 2549 2334 dicentem
2571 2319 2586 2344 ,
2635 2276 2943 2334 Potestatem
2973 2280 3127 2336 habeo
3155 2283 3374 2353 ponendi
3410 2285 3635 2339 animam
3675 2302 3824 2351 theam,

2287 2380 2332 2424 et
2369 2380 2656 2440 potestatem
2695 2370 2852 2426 habeo
2878 2372 3060 2427 iterant
3091 2374 3323 2429 sumendi
3348 2391 3481 2429 eam.
3506 2374 3620 2447 (Id.
3643 2393 3674 2431 x
3694 2418 3707 2442 ,
3735 2377 3825 2448 l8}.

2288 2463 2428 2518 Ecce
2457 2481 2578 2518 vere
2606 2463 2658 2516 in
2689 2465 2914 2519 mortuis
2942 2464 3096 2520 liber.

2246 2557 2255 2584 ί
2357 2557 2409 2613 8.
2440 2557 2575 2614 Cum
2613 2573 2742 2630 ergo
2767 2559 2942 2614 omnis
2971 2560 3060 2630 qui
3086 2559 3210 2614 facit
3235 2568 3511 2631 peccatum
3530 2603 3548 2630 ,
3583 2576 3754 2619 servus
3776 2565 3830 2618 sit

2285 2652 2523 2723 peccati,
2565 2667 2684 2723 quae
2710 2653 2779 2707 sit
2803 2667 2925 2722 spes
2947 2653 3100 2707 nobis
3127 2651 3420 2720 libertatis,
3449 2652 3646 2712 audite.
3671 2656 3827 2713 Serm

2285 2754 2480 2811 autem,
2513 2744 2715 2814 inquit,
2745 2759 2844 2798 non
2871 2753 3038 2798 manet
3069 2744 3122 2798 in
3146 2744 3296 2798 domo
3322 2746 3376 2800 in
3397 2757 3655 2801 (sternunt.
3681 2747 3830 2803 Eccle-

2286 2836 2361 2889 sia
2385 2833 2682 2891 estdomus
2706 2877 2719 2899 ,
2764 2850 2949 2891 servus
2987 2845 3238 2906 peccator
3259 2845 3360 2892 est.
3407 2836 3612 2894 lntrant
3637 2839 3767 2894 multi
3786 2840 3826 2895 in

2289 2931 2584 2987 Ecclesiam
2607 2938 2936 3000 peccatores.
2963 2930 3079 2986 Non
3109 2945 3238 3002 ergo
3260 2930 3414 3000 dixit,
3445 2932 3630 2989 Servus
3652 2949 3742 2989 non
3765 2944 3829 2989 est

2287 3024 2338 3078 in
2360 3022 2552 3088 domo;
2584 3022 2700 3088 sed,
2729 3038 2828 3076 non
2848 3031 3014 3077 manet
3040 3023 3090 3076 in
3116 3023 3266 3076 domo
3291 3023 3343 3076 in
3372 3033 3632 3078 teternum.
3656 3025 3704 3081 Si
3725 3040 3829 3095 ergo
3894 3081 3895 3088 χ

2286 3115 2463 3171 nullus
2491 3115 2562 3171 ibi
2593 3130 2777 3170 servus
2814 3114 2917 3169 erit
2941 3158 2956 3183 ,
3006 3116 3124 3185 quis
3152 3115 3223 3170 ibi
3249 3116 3393 3172 erit?
3449 3117 3577 3173 Cum
3605 3118 3729 3175 enim
3760 3136 3829 3174 res
3894 3129 3895 3184 1

2275 3213 2449 3282 justus
2476 3212 2657 3267 sederit
2681 3212 2734 3266 in
2767 3211 2978 3277 throno,
3011 3213 3146 3266 sicut
3172 3211 3447 3284 Scriptura
3471 3213 3719 3286 loquitur,
3741 3216 3829 3286 quis

2285 3303 2580 3374 gloriabitur
2605 3313 2796 3358 castum
2821 3319 2875 3359 se
2912 3303 3092 3358 habere
3127 3306 3257 3358 cor?
3297 3315 3388 3359 aut
3431 3308 3543 3377 quis
3579 3308 3830 3378 gloriabitur

2286 3395 2531 3449 mundum
2561 3412 2611 3450 se
2643 3411 2748 3450 esse
2771 3411 2803 3449 a
2846 3404 3047 3465 peccato
3081 3393 3261 3466 (Prov.
3291 3411 3357 3450 xx
3377 3438 3394 3464 ,
3423 3397 3492 3464 8,
3516 3397 3606 3468 9)?
3649 3396 3827 3454 Multum

2287 3503 2386 3544 nos
2410 3488 2629 3553 terruit,
2657 3502 2690 3542 ο
2714 3487 2905 3542 fratres
2931 3489 3056 3554 mei,
3086 3487 3342 3555 dicendo,
3375 3488 3565 3544 Servus
3583 3508 3676 3546 non
3697 3499 3830 3546 manet

2284 3581 2338 3636 in
2368 3581 2516 3635 domo
2541 3583 2594 3635 in
2623 3591 2884 3637 teternum.
2919 3581 3172 3652 Adiungit
3196 3591 3404 3648 autem,
3437 3593 3493 3640 ct
3515 3584 3669 3653 dicit,
3696 3583 3829 3638 Filius

2286 3684 2449 3728 autem
2475 3683 2639 3728 manet
2661 3675 2712 3728 in
2737 3684 2999 3730 veternum.
3031 3675 3174 3746 Ergo
3204 3676 3351 3732 solus
3386 3677 3438 3732 in
3467 3677 3628 3735 domo
3651 3693 3735 3734 sua
3753 3680 3829 3734 erit

2285 3766 2562 3822 Christus?
2587 3767 2762 3822 nullus
2788 3768 2859 3822 illi
2882 3768 3107 3839 populus
3122 3768 3448 3824 coluerebit‘?
3469 3769 3567 3826 Cui
3580 3771 3825 3842 eritmput,

2285 3857 2329 3911 si
2359 3873 2462 3912 non
2489 3857 2591 3912 erit
2613 3859 2847 3928 corpus?
2885 3860 2966 3913 An
2997 3858 3133 3914 forte
3163 3867 3331 3915 totum
3362 3859 3465 3916 hoc
3486 3861 3680 3930 Filius,
3705 3872 3828 3934 caput

2284 3959 2337 4006 et
2367 3951 2594 4022 corpus?
2634 3950 2750 4006 Non
2791 3952 2930 4008 enim
2967 3952 3082 4007 sine
3113 3967 3272 4010 causa
3297 3963 3352 4010 et
3381 3956 3601 4024 terruit,
3639 3966 3822 4028 etspetn

2285 4044 2431 4101 dedit
2465 4064 2476 4098 :
2508 4045 2714 4106 terruit.
2751 4060 2818 4102 ne
2840 4056 3114 4117 peccatum
3139 4062 3484 4115 amaremus;
3526 4066 3671 4122 spem
3692 4048 3820 4111 dedit,

2286 4155 2352 4195 ne
2379 4138 2448 4195 de
2478 4140 2678 4210 peccati
2701 4140 2964 4196 solutione
2987 4140 3346 4198 difﬁderemus
3379 4161 3391 4196 :
3424 4144 3634 4212 (tinnis,
3673 4142 3819 4214 inquit,

2283 4231 2370 4303 qui
2414 4233 2536 4304 facit
2580 4241 2838 4302 peccatum
2862 4274 2876 4296 ,
2922 4249 3092 4288 servus
3119 4242 3190 4288 est
3234 4238 3443 4305 peccati.
3492 4236 3820 4292 Servatum

2286 4341 2387 4379 non
2411 4334 2578 4378 manet
2605 4324 2655 4378 in
2683 4325 2833 4378 domo
2865 4325 2917 4377 in
2955 4335 3214 4380 wternum.
3255 4326 3386 4394 Quae
3413 4342 3543 4398 ergo
3566 4327 3706 4382 nobis
3725 4337 3818 4395 spes

2284 4426 2396 4481 est,
2429 4416 2518 4486 qui
2545 4430 2650 4470 non
2682 4431 2863 4470 sumus
2891 4417 3004 4471 sine
3030 4418 3286 4487 peccato?
3325 4418 3462 4472 Audi
3489 4434 3633 4489 spem
3668 4428 3812 4476 tuam;

2286 4507 2456 4561 Filius
2479 4517 2644 4560 manet
2670 4507 2721 4561 in
2746 4516 3008 4562 arternum.
3041 4507 3100 4562 Si
3120 4525 3237 4580 ergo
3261 4525 3346 4564 vos
3369 4507 3535 4564 Filius
3565 4510 3813 4571 liberaverit,

2284 4607 2402 4654 tunc
2435 4615 2545 4654 vere
2580 4598 2722 4654 liberi
2761 4601 2913 4654 eritis.
2964 4599 3089 4655 llmc
3128 4617 3248 4671 spes
3275 4610 3456 4657 nostra
3482 4612 3562 4658 est
3585 4645 3598 4666 .
3643 4603 3809 4660 fratres.

2287 4702 2344 4749 ut
2369 4708 2399 4748 a
2430 4693 2598 4749 libero
2627 4692 2934 4762 liberemur,
2966 4693 3314 4750 etliberando
3339 4710 3524 4750 servos
3545 4712 3636 4752 nos
3659 4695 3809 4750 faciat:

2283 4787 2425 4842 servi
2465 4787 2608 4842 enim
2655 4801 2868 4842 eramus
2905 4786 3233 4858 cupiditatis,
3276 4787 3483 4844 liberati
3517 4789 3653 4845 servi
3687 4783 3811 4842 cilici-

2285 4867 2408 4935 mur
2447 4878 2744 4934 charitatis.
2799 4878 2912 4934 Hoc
2949 4890 3004 4934 et
3030 4880 3316 4951 Apostolus
3350 4881 3520 4937 dicit:
3559 4881 3648 4937 l’os
3683 4889 3809 4934 eam

2285 4973 2468 5044 fratres
2497 4971 2548 5024 in
2575 4971 2851 5024 libertatem
2882 4971 3040 5024 vocati
3068 4972 3186 5025 estis
3207 4987 3226 5034 ;
3274 4981 3468 5026 tantum
3492 4990 3554 5028 ne
3587 4973 3810 5026 libertatm

2283 5067 2340 5120 in
2368 5067 2680 5120 occasionem
2717 5065 2884 5120 carnis
2921 5065 3047 5120 detis
3065 5106 3080 5130 ,
3114 5065 3204 5118 sed
3240 5081 3327 5134 per
3359 5067 3649 5121 charitatem
3675 5062 3811 5118 servile

2283 5159 2492 5213 invicem
2525 5153 2718 5228 (Calat.
2748 5172 2809 5220 v,
2842 5154 2950 5226 l5).
3000 5154 3116 5209 Non
3153 5169 3282 5225 ergo
3324 5155 3467 5210 dicat
3506 5155 3809 5212 christianos:

2283 5249 2444 5305 Liber
2467 5263 2608 5314 sum,
2651 5249 2705 5303 in
2732 5247 3028 5302 libertatem
3059 5254 3277 5302 vocatus
3296 5261 3415 5302 sum
3451 5267 3463 5302 :
3492 5260 3666 5303 servus
3678 5255 3833 5353 eranu-

2284 5343 2379 5402 sed
2421 5343 2728 5414 redemptus
2757 5357 2874 5396 sum
2897 5383 2910 5406 ,
2940 5352 2994 5397 et
3028 5342 3141 5412 ipsa
3177 5340 3543 5412 redemptione
3571 5342 3694 5398 liber

2283 5449 2402 5494 ctus
2437 5453 2554 5493 sum
2575 5478 2591 5504 ,
2635 5435 2823 5490 faciam
2849 5433 2990 5505 quod
3031 5433 3188 5499 volo;
3233 5448 3392 5490 nemo
3417 5451 3505 5491 me
3535 5433 3814 5507 prohibeat:

2284 5533 2556 5589 voluntate
2594 5542 2746 5594 mea,
2792 5529 2838 5582 si
2874 5527 3008 5582 liber
3033 5541 3172 5582 sum.
3219 5525 3328 5582 Sed
3369 5528 3415 5583 si
3453 5528 3556 5584 ista
3594 5525 3817 5582 voluntate

2282 5633 2558 5698 peccatum
2583 5610 2744 5687 iacis,
2774 5634 2960 5676 servus
2989 5634 3048 5674 es
3076 5619 3298 5690 peccati.
3326 5618 3442 5676 Noli
3464 5636 3594 5691 ergo
3618 5618 3818 5675 libertate

2283 5721 2428 5777 abuti
2448 5718 2516 5772 ad
2540 5717 2706 5772 libere
2735 5712 3084 5786 peccandum,
3108 5711 3204 5768 sed
3228 5720 3377 5768 utere
3401 5711 3468 5766 ad
3493 5729 3598 5768 non
3628 5721 3816 5783 peccan-

2284 5815 2430 5869 dum.
2463 5811 2574 5866 Erit
2598 5809 2742 5864 enim
2766 5806 3008 5862 voluntas
3033 5813 3121 5860 tua
3143 5804 3329 5874 libera,
3357 5804 3406 5860 si
3429 5804 3587 5862 fuerit
3610 5806 3703 5877 pia.
3726 5798 3820 5856 Eris

2283 5910 2438 5969 liber.
2471 5905 2512 5962 si
2545 5902 2706 5962 fueris
2743 5897 3118 5966 servusyliher
3145 5899 3362 5970 peccati,
3388 5912 3573 5955 servus
3595 5893 3810 5969 justitire:
