1963 3185
48 241 151 270 dimitte
161 236 292 273 Apostolo
300 257 309 270 ,
322 236 389 265 Cum
400 236 462 264 servi
471 236 556 263 essetis
567 236 670 271 peccati,
684 236 755 264 liberi
762 236 838 264 eratis

159 290 245 311 :stunc
254 286 342 310 autem
351 282 449 310 liberati
457 290 473 308 a
482 286 593 317 peccato,
609 282 673 309 servi
683 287 768 310 autent
780 283 841 318 facti

52 334 114 366 Deo,
128 331 222 359 habetis
238 331 351 366 fructum
362 334 471 357 oestrum
480 329 506 355 in
515 329 749 363 sanctiﬁcationem,
763 329 841 364 ﬁnem

52 378 188 408 saucium
203 380 325 405 (sternam
337 374 426 412 (Rom.
440 382 465 402 Vl
475 395 484 408 ,
498 374 545 409 20,
554 374 612 410 22).
630 374 686 403 Hoc
700 382 838 409 conemur,

52 425 81 453 id
91 429 204 459 agamus.

89 469 112 498 9.
122 468 206 497 Prima
220 466 332 496 libertas
344 470 387 495 est
398 473 491 495 carere
502 465 671 494 criminibus.
694 466 837 500 intendite,

55 518 143 545 intres
161 514 233 548 mei,
258 513 403 546 intendite;
424 520 459 541 ne
483 513 550 542 forte
569 513 670 549 possim
691 513 839 548 perducere

55 562 124 590 vobis
138 561 171 589 ad
180 567 290 589 sensum
304 564 332 588 et
350 559 437 595 qualis
450 559 531 587 modo
542 559 594 593 sit,
613 564 641 588 et
654 559 740 595 qualis
751 558 838 587 futura

56 608 89 637 sit
106 607 152 636 ista
168 607 289 635 libertas.
303 605 455 641 Quemlibet
469 605 545 634 valde
557 606 659 641 justum
671 605 798 634 discutias
811 606 838 634 in

58 655 103 682 hac
112 653 162 681 vita
172 672 181 686 ,
193 652 316 689 quamvis
326 651 381 687 jam
393 651 428 679 sit
440 650 535 687 dignus
546 651 613 686 justi
625 651 768 685 vocabulo,
782 658 837 679 non

57 705 187 729 esttamen
200 699 259 728 sine
279 703 389 735 peccato
403 708 410 727 :
423 699 486 727 audi
506 699 594 734 ipsum
615 703 737 727 sanctum
758 697 839 726 Joan-

58 753 113 774 nent
124 766 131 779 ,
152 745 224 781 cujus
243 745 334 774 ethoc
345 744 519 781 Evangelium
533 749 575 773 est
587 765 595 778 ,
616 745 643 772 in
657 744 777 780 Epistola
790 752 837 773 sua

56 791 179 820 dicentem
191 812 198 825 ,
223 791 254 819 Si
268 791 405 819 dixerimus
417 811 425 824 ,
447 791 551 826 inquit,
569 791 629 827 quia
643 795 774 827 peccatum
786 799 838 819 non

53 837 180 871 habemus,
201 844 246 864 nos
260 837 329 872 ipsos
343 837 500 872 decipimus,
517 840 540 864 et
552 837 644 864 veritas
657 837 684 865 in
700 837 772 864 nobis
787 845 837 865 non

50 888 90 912 est
101 883 122 919 (l
134 883 207 911 Joan.
224 891 251 916 ι,
264 883 303 919 8).
325 882 404 911 Solus
418 883 468 912 hoc
481 883 572 912 dicere
586 884 671 919 potuit
685 884 712 912 in
725 885 837 912 mortuis

46 928 116 958 liber
125 950 132 962 ,
143 929 176 956 de
189 928 246 957 solo
258 928 311 956 dici
322 929 408 964 potuit
421 929 466 964 qui
481 936 534 957 non
554 933 666 958 noverat
680 934 835 965 peccatum;

54 973 92 1002 ac
105 975 156 1003 solo
170 974 223 1002 dici
241 975 347 1010 potuit:
362 975 461 1003 etenim
480 978 605 1010 expertus
623 980 666 1003 est
685 976 774 1003 omnia
792 984 837 1005 se—

62 1021 159 1050 utndum
178 1021 379 1050 similitudinem
394 1022 453 1050 sine
473 1026 582 1058 peccato
603 1022 695 1059 (Hebr.
711 1031 758 1057 tv,
777 1023 835 1059 15).

66 1066 125 1095 Solus
136 1067 222 1096 dicere
236 1068 332 1103 pauit,
348 1067 414 1096 Ecce
427 1068 506 1096 veniet
521 1069 636 1104 princeps
650 1068 758 1103 mundi,
772 1073 796 1096 et
809 1069 836 1096 in

65 1113 164 1140 uriltil
181 1114 298 1141 inveniet.
321 1113 521 1150 Quemcumque
543 1114 625 1142 alium
649 1115 713 1143 licet
733 1114 835 1150 justum

64 1158 208 1193 discusseris,
220 1166 276 1187 non
287 1159 440 1188 omnimodo
450 1164 492 1188 est
506 1160 563 1188 sine
576 1165 694 1196 peccato.
705 1160 761 1189 Nec
770 1169 836 1196 qua-

64 1204 143 1233 liserat
154 1205 204 1234 Job
217 1226 224 1239 ,
249 1206 293 1234 cui
311 1206 438 1235 Dominus
451 1207 504 1235 tale
518 1207 698 1236 testimoniunt
714 1208 836 1243 perhibe-

63 1251 109 1285 bat,
123 1258 150 1280 ut
161 1252 283 1281 diabolus
295 1253 440 1287 invideret,
460 1258 488 1281 et
509 1254 654 1289 postularet
667 1255 834 1289 tentandum,

62 1302 149 1326 Ientans
166 1303 356 1335 superaretur,
378 1304 408 1327 ut
426 1299 472 1328 ille
491 1301 649 1335 probaretur
669 1300 739 1338 (Job.
755 1301 834 1338 1,").

62 1341 109 1371 lico
120 1348 206 1372 autem
219 1344 266 1373 ille
279 1345 405 1380 probatus
418 1350 475 1377 est.
496 1353 548 1374 non
562 1346 623 1381 quia
642 1346 740 1375 latebat
751 1347 835 1375 Deum

61 1389 220 1423 coronandus,
230 1389 278 1417 sed
290 1395 318 1418 ut
328 1390 507 1419 innotescerct
517 1391 669 1420 hominibus
679 1392 834 1421 imitandus.

62 1432 132 1463 Etiam
145 1437 201 1471 ipse
214 1435 267 1464 Job
286 1436 350 1471 quid
366 1436 451 1464 dicit?
471 1437 535 1470 Quis
544 1438 611 1465 enini
629 1439 737 1466 mundus
747 1439 760 1466 ?
780 1439 835 1467 Nec

61 1478 141 1515 infans,
164 1483 238 1518 cujus
251 1487 289 1510 est
302 1483 379 1510 unius
392 1483 444 1510 diei
455 1484 506 1511 vita
519 1492 595 1520 super
604 1489 696 1512 terram
713 1485 767 1521 (Id.
778 1494 833 1521 xtv,

60 1524 142 1558 6.2:.
157 1526 251 1563 LXX).
275 1527 327 1555 Sed
346 1527 425 1563 plane
441 1528 516 1556 multi
533 1529 598 1564 justi
620 1529 682 1557 dicti
702 1535 761 1558 sunt
776 1531 836 1560 sine

58 1574 167 1607 querela,
193 1574 265 1609 quod
285 1574 441 1610 intelligitur
455 1575 514 1603 sine
527 1576 639 1604 crimine
653 1585 659 1603 :
674 1577 746 1605 nulla
763 1578 835 1606 enim

55 1619 152 1651 querela
165 1619 285 1654 jnstaest
297 1620 332 1648 de
350 1619 391 1648 his
405 1620 432 1648 in
452 1621 533 1649 rebus
552 1621 693 1655 humanis,
715 1623 760 1658 qui
781 1631 835 1652 non

54 1661 147 1691 habent
164 1664 271 1692 crimen.
294 1664 401 1693 Crimen
421 1670 510 1694 autem
530 1671 572 1695 est
590 1672 727 1702 peccatum
742 1676 832 1704 grave,

54 1709 214 1738 accusatione
235 1714 263 1738 et
279 1709 450 1739 damnatione
471 1711 666 1747 dignissimum.
688 1713 747 1741 Non
771 1722 835 1750 ergo

56 1751 118 1782 Dens
131 1755 251 1790 quaedam
264 1760 374 1791 peccata
387 1756 506 1790 damnat,
532 1757 654 1793 quaedam
667 1758 795 1793 justiﬁcat
808 1764 836 1788 et

53 1796 154 1827 laudat:
174 1800 246 1828 nulla
269 1800 375 1835 laudat,
402 1801 459 1829 odit
481 1802 580 1830 omnia.
611 1803 750 1837 Quomodo
779 1805 836 1833 odit

54 1845 163 1874 medicis
174 1846 360 1883 agritudinem
374 1847 482 1883 aegroti,
497 1852 526 1876 et
545 1848 572 1876 id
591 1849 646 1884 agit
666 1850 785 1878 curando
807 1855 836 1879 ut

55 1891 171 1926 egritudo
184 1892 310 1928 pellatur,
325 1900 397 1929 anger
413 1894 532 1921 levetur:
546 1894 586 1922 sic
603 1894 673 1923 Deus
689 1896 773 1931 gratia
786 1904 833 1924 sua

52 1933 100 1964 hoc
118 1938 143 1965 in
163 1937 241 1966 nobis
253 1938 323 1974 agit,
344 1943 373 1966 ut
390 1943 526 1974 peccatum
548 1945 721 1969 consumatur
732 1962 739 1974 ,
755 1941 835 1970 homo

51 1979 177 2012 liberetur.
193 1984 248 2013 Sed
259 1984 366 2020 quando
374 1986 548 2020 consumitur,
562 1986 685 2022 inquies?
699 1987 726 2015 Si
737 1988 835 2016 minui.

51 2030 106 2061 llr.
118 2038 198 2066 quare
211 2038 267 2059 non
284 2031 468 2059 consumitur?
489 2031 615 2060 Minuitur
632 2037 722 2061 autem
737 2034 764 2061 in
782 2034 834 2062 vita

47 2076 238 2108 pmﬁcientium
248 2098 257 2110 ,
272 2077 342 2113 quod
361 2077 388 2105 in
400 2077 454 2105 vita
466 2077 631 2106 consumitur
644 2078 832 2114 perfectorum.

88 2122 128 2150 η.
142 2122 230 2151 Prima
243 2127 286 2151 est
307 2130 372 2159 ergo
392 2123 518 2158 libertas,
546 2132 638 2153 carere
667 2125 832 2154 criminibus.

57 2164 294 2204 \dcoetapostolus
316 2168 413 2197 Paulus
433 2169 541 2205 quando
564 2170 645 2206 elegit
669 2170 832 2201 ordinandas

11 2240 12 2246 η
65 2211 97 2238 vel
107 2214 266 2250 presbyteros
276 2214 319 2242 vel
328 2214 464 2248 diaconos,
478 2220 506 2243 et
527 2216 688 2253 quicumque
706 2217 834 2246 ordinan-

11 2263 17 2300 μ
64 2254 147 2286 (illest
162 2259 197 2287 ad
215 2260 417 2295 praepositurum
430 2260 567 2295 Ecclesiae,
579 2270 633 2290 non
645 2263 697 2297 ait,
721 2263 750 2291 Si
774 2265 834 2300 quis

64 2301 224 2342 sinepeccato
237 2311 295 2340 est;
311 2307 362 2335 hoc
382 2307 454 2336 enim
466 2307 490 2336 si
503 2307 619 2342 diceret.
643 2309 730 2338 omnis
754 2309 834 2339 homo

64 2351 238 2385 reniteretur.
254 2352 343 2381 nullus
357 2353 525 2382 ordinaretur
537 2363 544 2381 :
555 2354 658 2388 sedait,
669 2355 700 2383 Si
712 2357 767 2391 quis
780 2357 835 2385 sine

158 2404 194 2428 est
208 2399 231 2434 (Ι
239 2398 307 2427 Tim.
315 2401 352 2432 ni,
367 2399 412 2433 10,
423 2406 448 2428 et
461 2399 511 2427 Tit.
525 2400 592 2437 1,6),
606 2401 681 2429 sicuti
691 2406 732 2430 est
746 2402 834 2432 homi-

63 2439 334 2479 ﬂ'dilm,adulterium,
357 2445 445 2480 aliqua
456 2446 619 2473 immunditia
641 2446 832 2481 fornicationis,

9 2483 18 2528 ὴξ
62 2483 242 2526 “animus,
253 2491 431 2527 sacrilegium,
443 2496 468 2519 el
481 2496 576 2520 ctetera
591 2493 751 2528 hujusmodi.
766 2495 834 2523 Cum

61 2537 154 2568 Merit
164 2544 196 2564 ea
209 2544 262 2564 non
273 2536 372 2565 habere
386 2537 465 2564 homo
476 2537 565 2572 (debet
573 2542 661 2567 autem
674 2547 728 2568 non
737 2540 835 2570 habere

11 2616 12 2621 η
60 2581 130 2621 illitis
142 2581 303 2610 christianos
313 2582 415 2617 homo),
430 2583 608 2619 incipitcaput
627 2585 729 2620 erigere
750 2586 783 2614 ad
804 2587 835 2614 li-

13 2631 15 2634 ‘
59 2619 192 2656 Nam:
207 2627 256 2656 sed
269 2628 319 2656 ista
331 2628 452 2656 inchoata
464 2633 514 2662 est,
523 2637 574 2656 non
586 2619 703 2665 perlecta
713 2632 832 2661 libertas.

57 2666 148 2710 hic,
160 2675 357 2711 inquitaliquis,
383 2684 434 2704 non
447 2682 487 2705 est
501 2678 616 2713 perlecta
628 2679 755 2708 libertas?
767 2680 834 2715 Quia

59 2721 68 2762 ξ
81 2718 240 2750 ’κωπίω
253 2721 337 2758 legem
352 2723 378 2750 in
391 2723 517 2751 membris
537 2726 603 2753 meis
614 2745 622 2758 .
642 2732 833 2762 repugnantem

55 2759 99 2798 καὶ
110 2767 203 2796 lentis
215 2775 283 2796 mere
297 2776 303 2795 :
322 2776 374 2797 non
387 2770 458 2797 enim
471 2771 540 2804 quod
551 2772 611 2798 volo
621 2759 687 2807 ago,
709 2759 762 2807 in,
786 2774 833 2802 sed

52 2811 166 2845 ,Nodi
175 2813 238 2842 illud
249 2814 316 2842 iacio
328 2824 338 2840 ι
352 2815 448 2850 (Galat.
459 2824 485 2849 ν,
497 2817 569 2852 17).ι
581 2818 659 2851 Caro,
666 2819 756 2854 inquit,
767 2827 834 2848 con-

51 2855 156 2891 ,αιῦοἰι
167 2859 296 2889 adversus
304 2859 425 2896 spirituum
438 2882 446 2894 ,
458 2866 485 2890 et
496 2862 604 2897 spiritus
627 2864 755 2894 adversus
774 2874 834 2896 car-

48 2905 122 2941 μαι,
132 2910 267 2943 manus
278 2909 433 2943 qna-vultis
443 2909 487 2938 illa
499 2910 609 2939 faciatis.
626 2920 635 2938 ι
651 2912 689 2940 Ex
707 2918 781 2948 parte
794 2914 828 2944 li-

11 3000 126 3185 II.
270 3162 294 3178 λ

638 178 841 208 TRACTATUS
860 174 926 206 XLI.
947 177 1058 206 CAPUT
1081 176 1142 206 VIII.

1614 183 1684 211 1698

894 235 992 268 bertas,
1008 245 1041 263 ex
1050 242 1123 271 parte
1134 236 1247 264 servitus
1256 242 1262 264 :
1272 236 1390 264 nondum
1400 242 1466 272 tota,
1477 239 1595 269 nondum
1606 248 1684 277 pura.

894 281 1010 308 nondum
1024 281 1101 316 plena
1116 281 1224 309 libertas
1234 302 1241 315 ,
1253 282 1314 317 quia
1331 282 1449 310 nondum
1466 286 1612 314 aeternitas.
1632 286 1687 314 lla-

893 325 986 353 bcmus
998 326 1068 354 enim
1080 334 1112 354 ex
1123 331 1199 361 parte
1210 326 1388 355 inﬁrmitatem
1398 349 1405 361 ,
1422 334 1455 356 ex
1476 333 1551 364 parte
1578 332 1685 366 accepi-

892 379 952 399 mus
963 372 1123 399 libertatem.
1138 372 1270 408 Quidquid
1283 378 1421 408 peccatum
1436 379 1478 403 est
1491 382 1506 402 a
1519 375 1597 404 nobis
1609 397 1617 410 ,
1638 385 1687 405 an-

893 421 935 446 tea
948 418 1065 446 delelum
1080 422 1121 446 est
1133 418 1159 446 in
1173 418 1316 454 Baptismo.
1330 419 1463 455 Numquid
1473 422 1534 456 quia
1546 421 1632 451 deleta
1645 430 1688 452 est

892 467 946 491 tota
962 464 1097 499 iniquitas,
1112 464 1183 492 nulla
1193 465 1321 493 remansit
1341 465 1502 495 inﬁrmitas?
1521 467 1548 496 Si
1573 475 1625 497 non
1643 477 1685 498 re-

891 509 1049 542 mansisset,
1065 510 1123 538 sine
1136 515 1245 546 peccato
1270 511 1314 539 hic
1330 512 1489 541 viveremus.
1508 513 1574 548 Quis
1594 519 1684 544 autem

892 556 988 584 audeat
1001 556 1053 585 hoc
1065 556 1153 585 dicere
1167 557 1218 585 nisi
1233 558 1379 593 superbus,
1393 558 1445 587 nisi
1456 559 1637 589 misericordia
1650 562 1684 591 li-

891 601 1021 630 beratoris
1035 602 1174 638 indignus,
1189 603 1240 631 nisi
1257 604 1303 639 qui
1323 605 1442 640 seipsum
1463 605 1520 634 vult
1537 606 1662 643 decipere
1673 629 1683 643 ,

891 654 918 678 et
927 650 954 677 in
968 658 1022 686 quo
1033 651 1130 679 veritas
1144 659 1197 679 non
1208 652 1268 680 est?
1283 653 1353 688 Ergo
1374 661 1408 681 ex
1419 661 1453 682 eo
1466 655 1538 691 quod
1557 657 1687 686 remansit

890 696 991 732 aliquid
1006 697 1176 731 inﬁrmitatis,
1189 698 1275 726 audeo
1284 699 1385 733 dicere,
1400 708 1433 728 ex
1445 709 1497 737 qua
1512 708 1588 737 parte
1599 704 1683 733 servi-

891 749 951 769 mus
963 741 1028 775 Deo,
1044 743 1120 770 liberi
1131 751 1222 772 sumus
1234 753 1240 770 τ
1254 752 1287 772 ex
1307 752 1358 780 qua
1378 751 1454 781 parte
1480 748 1611 777 servimus
1631 750 1684 785 legi

890 788 1010 822 peccati.
1033 788 1121 816 adhuc
1139 790 1209 817 servi
1230 798 1331 818 sumus.
1356 791 1431 820 Unde
1455 792 1519 821 dicit
1540 794 1684 830 Apostolus

890 834 961 869 quod
975 834 1064 863 dicere
1084 843 1250 871 coeperamus
1264 846 1271 864 :
1283 836 1446 866 Condeleclor
1466 839 1515 876 legi
1530 840 1578 869 Dei
1593 850 1683 870 secun.

890 880 951 908 dum
964 882 1107 909 interiorem
1118 883 1253 911 hominem.
1267 884 1337 912 Ecce
1346 885 1418 913 unde
1430 886 1524 920 liberi,
1535 888 1606 917 unde
1617 897 1683 918 con-

890 926 1054 955 delectamur
1079 928 1130 964 legi
1156 929 1203 958 Dei
1224 939 1230 957 :
1249 930 1358 958 libertas
1376 931 1447 960 enim
1473 932 1596 962 delectat.
1616 935 1682 965 Nam

889 972 1014 1007 quamdiu
1025 973 1120 1002 timore
1130 974 1194 1002 lacis
1208 974 1279 1010 quod
1291 975 1392 1010 justum
1411 982 1467 1012 est,
1486 986 1540 1007 non
1563 980 1633 1009 Deus
1657 986 1685 1010 te

889 1017 1029 1046 delectat‘.
1043 1019 1176 1052 Quamdiu
1188 1020 1274 1048 adhuc
1298 1029 1392 1050 servus
1405 1022 1488 1057 facis,
1505 1028 1531 1052 te
1542 1032 1595 1054 non
1610 1025 1685 1055 dele-

890 1066 961 1090 ctat:
976 1063 1090 1092 delectet
1102 1069 1138 1098 te,
1152 1070 1179 1093 et
1192 1066 1259 1094 liber
1271 1074 1310 1094 es.
1324 1067 1384 1095 Noli
1399 1069 1494 1098 timere
1502 1078 1619 1106 pinnam,
1635 1073 1683 1101 sed

889 1117 948 1137 ama
958 1110 1097 1145 justitiam.
1111 1110 1233 1140 Nondum
1248 1117 1323 1148 potes
1340 1120 1430 1143 amare
1439 1115 1588 1150 justitiam?
1617 1118 1683 1147 time

889 1154 931 1182 vel
944 1163 1061 1190 poenam,
1077 1160 1106 1183 ut
1121 1157 1262 1192 pervenias
1277 1158 1310 1186 ad
1328 1160 1469 1188 amandam
1485 1161 1627 1196 justitiam.

925 1201 968 1228 ll.
990 1201 1059 1237 Ergo
1069 1202 1124 1237 jam
1140 1202 1186 1230 ille
1204 1211 1236 1230 ex
1258 1208 1333 1239 parte
1356 1206 1494 1240 superiore
1516 1208 1628 1237 liberum
1652 1217 1684 1239 se

888 1253 949 1274 esse
961 1247 1102 1281 sentiebat,
1119 1247 1189 1276 unde
1200 1248 1316 1283 dicebat,
1330 1250 1494 1279 Condelector
1506 1253 1555 1289 legi
1573 1254 1622 1283 Dei
1640 1264 1683 1283 se-

888 1293 999 1320 cundum
1010 1293 1153 1321 interiorem
1167 1294 1303 1321 hominem.
1319 1295 1438 1324 Delectat
1450 1305 1493 1326 me
1506 1298 1559 1331 lex,
1568 1299 1684 1330 delectat

889 1346 933 1366 me
950 1338 1021 1374 quod
1029 1339 1106 1374 jubet
1118 1339 1178 1373 lex,
1190 1340 1307 1368 delectat
1326 1349 1369 1369 me
1387 1342 1444 1377 ipsa
1461 1343 1573 1379 justitia.
1602 1345 1682 1374 Video

888 1388 972 1411 autem
985 1385 1064 1412 aliam
1075 1385 1154 1421 legent
1167 1386 1193 1413 in
1203 1386 1319 1415 membris
1329 1388 1390 1414 meis
1405 1396 1414 1415 :
1429 1388 1488 1417 haec
1504 1395 1547 1418 est
1564 1399 1624 1427 quae
1636 1400 1683 1421 re-

888 1431 986 1458 mansit
1001 1431 1160 1459 inﬁrmitas:
1175 1438 1358 1468 repugnantem
1379 1434 1428 1470 legi
1450 1436 1539 1464 mentis
1563 1446 1642 1472 mea,
1658 1442 1683 1466 et

888 1477 1055 1509 captivantem
1066 1485 1106 1505 me
1125 1478 1152 1505 in
1171 1478 1225 1514 lege
1243 1480 1354 1514 peccati,
1377 1489 1434 1515 qui:
1455 1487 1492 1509 est
1514 1483 1541 1510 in
1563 1485 1682 1513 membris

889 1523 960 1551 meis.
975 1523 1016 1551 Ex
1038 1523 1088 1551 hac
1101 1527 1175 1559 parte
1192 1524 1478 1560 sentitcaptivitatem,
1499 1528 1543 1556 ubi
1564 1537 1618 1558 non
1640 1534 1683 1559 est

889 1570 997 1606 impleta
1006 1570 1109 1605 justitia
1120 1579 1127 1597 :
1139 1578 1201 1599 nam
1214 1571 1258 1599 ubi
1277 1572 1476 1601 condelectatur
1487 1573 1538 1610 legi
1553 1575 1612 1609 Dei,
1627 1584 1682 1606 non

888 1616 1025 1651 captivus,
1037 1616 1084 1644 sed
1098 1616 1164 1652 legis
1182 1616 1285 1645 amicus
1299 1622 1356 1651 est;
1373 1623 1400 1646 et
1421 1618 1483 1647 ideo
1506 1619 1585 1655 liber,
1608 1622 1679 1658 quod

888 1660 999 1688 amicus.
1015 1661 1085 1695 Quid
1094 1669 1158 1697 ergo
1172 1669 1206 1690 ex
1220 1670 1253 1690 eo
1266 1663 1337 1698 quod
1352 1665 1452 1692 restat?
1468 1664 1552 1700 Quid,
1565 1666 1617 1694 nisi
1637 1676 1681 1697 re.

888 1706 1031 1741 spiciamus
1044 1707 1077 1735 ad
1091 1707 1165 1735 illum
1176 1708 1222 1743 qui
1235 1708 1312 1743 dixit,
1329 1709 1360 1738 Si
1372 1718 1414 1738 vos
1425 1710 1509 1739 Filius
1522 1713 1682 1749 liberaverit,

888 1755 946 1779 tunc
959 1760 1015 1780 vere
1030 1753 1102 1780 liberi
1116 1753 1186 1780 eritis
1196 1754 1210 1780 7
1223 1753 1342 1790 Denique
1352 1760 1379 1783 et
1389 1756 1446 1791 ipse
1457 1757 1502 1792 qui
1513 1757 1680 1794 loquebatur,

887 1797 921 1825 ad
934 1797 1009 1826 illum
1026 1799 1144 1834 respexit
1158 1807 1164 1826 :
1181 1808 1191 1825 ι
1209 1799 1302 1828 Infelix
1317 1808 1367 1837 ego
1380 1800 1470 1835 homo,
1484 1803 1544 1838 quis
1560 1811 1603 1832 me
1616 1804 1683 1834 libe-

887 1843 965 1875 rabit,
978 1844 1067 1878 inquit,
1079 1844 1113 1872 de
1122 1851 1237 1880 corpore
1248 1846 1342 1874 mortis
1353 1847 1451 1882 hujus?
1464 1847 1554 1877 Gratia
1568 1850 1614 1878 Dei
1633 1859 1680 1887 per

887 1888 977 1916 Iesum
987 1889 1123 1918 Christum
1132 1890 1272 1919 Dominum
1280 1897 1411 1920 nostrum.
1424 1894 1495 1931 Ergo
1507 1895 1529 1923 si
1538 1903 1586 1925 vos
1597 1896 1681 1927 Filius

887 1935 1047 1968 liberaverit,
1060 1941 1124 1965 tunc
1135 1938 1281 1966 vereliberi
1291 1940 1375 1968 eritis.
1388 1950 1397 1966 ι
1406 1940 1567 1978 Deniqueita
1575 1945 1680 1973 conclu-

887 1981 923 2009 sit
934 1990 940 2008 :
960 1991 970 2008 ι
983 1980 1181 2019 lgituripseego
1192 1988 1282 2012 mente
1289 1986 1377 2013 servio
1385 1986 1434 2022 legi
1442 1987 1498 2020 Dei,
1506 1995 1681 2019 cameaulem

888 2028 940 2064 legi
959 2028 1075 2063 peccatis
1088 2028 1175 2064 (Rom.
1188 2037 1235 2062 vn,
1249 2030 1491 2069 l9-25).lpseego,
1503 2034 1588 2070 inquit
1603 2044 1610 2063 :
1625 2043 1680 2065 non

886 2074 957 2102 enim
971 2074 1026 2102 duo
1035 2081 1126 2102 sumus
1140 2074 1210 2103 inter
1216 2082 1266 2103 nos
1278 2077 1404 2104 contrarii
1414 2077 1448 2106 de
1455 2078 1567 2107 diversis
1577 2080 1680 2115 princi-

887 2120 938 2155 piis
949 2120 1101 2153 venientes;
1112 2121 1158 2149 sed
1167 2130 1212 2158 ego
1225 2122 1279 2157 ipse
1288 2124 1511 2161 menteserviolegt
1525 2125 1589 2161 Dei,
1603 2135 1680 2156 carne

886 2171 970 2194 autem
980 2167 1030 2202 legi
1043 2168 1152 2201 peccati,
1166 2168 1292 2204 quamdiu
1300 2169 1410 2205 languor
1423 2171 1575 2201 obluctatur
1586 2173 1676 2203 saluti.

921 2213 965 2240 12.
978 2213 1032 2241 Sed
1046 2214 1069 2241 si
1082 2221 1164 2242 carne
1178 2214 1263 2243 servis
1278 2215 1330 2251 legi
1349 2217 1468 2251 peccati,
1486 2218 1528 2246 l’ac
1548 2219 1619 2255 quod
1641 2220 1681 2250 ait

887 2258 946 2294 ipse
961 2259 1108 2293 Apostolus
1122 2269 1129 2287 :
1146 2259 1206 2288 Non
1227 2269 1286 2297 ergo
1301 2267 1385 2297 regnet
1399 2268 1530 2298 peccatum
1547 2265 1575 2293 in
1598 2271 1681 2295 vestro

886 2305 988 2333 mortali
1003 2313 1109 2342 corpore
1125 2306 1160 2333 ad
1172 2307 1338 2335 obedientium
1356 2309 1488 2338 desideriis
1506 2312 1578 2347 ejus,
1603 2321 1682 2349 neque

886 2351 1022 2379 cxhibeatis
1034 2351 1145 2379 membra
1155 2357 1236 2380 vestra
1247 2361 1319 2381 arma
1327 2353 1466 2390 iugulatis
1476 2361 1578 2391 peccato
1588 2357 1678 2393 (Rom.

886 2406 922 2432 vr,
937 2398 981 2431 12,
995 2398 1051 2434 15).
1065 2398 1123 2427 Non
1132 2399 1180 2433 ait,
1196 2399 1254 2428 Non
1268 2400 1319 2434 sit;
1332 2399 1390 2434 sed,
1403 2401 1464 2430 Non
1476 2408 1571 2438 regnet.
1580 2404 1680 2438 Quam‘

886 2444 931 2473 diu
945 2449 1082 2480 peccatum
1096 2452 1206 2474 necesse
1216 2450 1257 2474 est
1264 2453 1325 2474 esse
1335 2446 1362 2474 in
1369 2448 1494 2476 membris
1507 2449 1570 2482 tuis,
1584 2450 1678 2479 saltem

886 2490 922 2518 illi
933 2498 1044 2526 regnum
1054 2490 1198 2525 auferatur,
1208 2498 1262 2519 non
1275 2491 1321 2519 ﬁat
1333 2492 1403 2527 quod
1414 2492 1499 2528 jubet.
1512 2494 1603 2530 Surgit
1620 2496 1658 2524 ira
1666 2497 1680 2523 τ’

886 2536 940 2564 noli
953 2536 1018 2564 dare
1030 2536 1077 2564 ira:
1089 2536 1205 2572 linguam
1225 2536 1260 2564 ad
1281 2537 1507 2573 maledicendum;
1535 2541 1590 2570 noli
1613 2542 1679 2572 dare

887 2582 934 2611 ira:
947 2589 1055 2610 manum
1068 2587 1113 2610 aut
1132 2582 1227 2618 pedem
1245 2582 1279 2611 ad
1300 2583 1457 2613 feriendum.
1479 2585 1539 2615 Non
1558 2595 1679 2625 surgeret

886 2629 925 2657 ira
943 2629 993 2657 ista
1008 2629 1214 2664 irrationabilis,
1230 2630 1282 2659 nisi
1296 2636 1434 2667 peccatum
1452 2638 1525 2662 esset
1542 2634 1569 2663 in
1590 2644 1676 2663 mem-

886 2674 942 2703 bris
956 2684 963 2702 :
978 2674 1026 2703 sed
1040 2675 1103 2704 tolle
1117 2675 1155 2703 illi
1166 2683 1297 2712 regnum,
1318 2684 1373 2705 non
1395 2677 1492 2707 habeat
1510 2687 1584 2708 arma
1605 2681 1676 2709 unde

886 2726 977 2751 contra
996 2726 1022 2750 te
1035 2727 1150 2758 pugnet;
1172 2722 1257 2752 discet
1277 2724 1357 2752 etiam
1381 2732 1435 2753 non
1461 2733 1587 2762 surgere,
1613 2734 1674 2755 cum

886 2776 959 2798 arma
972 2769 1084 2805 coeperit
1105 2777 1157 2798 non
1180 2769 1308 2799 invenire.
1332 2770 1392 2799 Non
1409 2772 1546 2800 exltibeatis
1565 2772 1677 2801 membra

919 2828 1004 2864 ’.ηυνξ
1015 2830 1110 2864 enus.
1122 2827 1219 2864 omittit,
1243 2831 1400 2864 {gestatione
1409 2828 1550 2864 legendum,
1572 2830 1679 2856 nondum

887 2861 909 2883 te
920 2857 1030 2884 delectat.
1040 2861 1091 2884 Mox
1100 2862 1202 2884 veteres
1210 2859 1306 2884 codices
1314 2857 1461 2884 FossatenSis
1472 2863 1498 2884 et
1506 2857 1679 2888 Carassonen.

884 2890 1108 2950 ismproscquuntur
1117 2890 1152 2915 sic
1161 2897 1167 2915 :
1177 2890 1294 2921 Quamdiu
1302 2893 1325 2915 te
1335 2896 1380 2915 non
1389 2889 1499 2923 delectat,
1505 2890 1586 2918 adhuc
1596 2898 1679 2924 servus
