3926 6364
198 344 321 405 1705

195 465 270 522 his
314 479 328 494 ·
372 455 616 514 homicida
661 459 764 508 erat
820 449 881 504 ab
919 448 1079 504 initio.
1132 446 1499 517 Agnosrimns,
1554 440 1748 498 occidit

196 556 367 612 Adam.
399 549 462 604 Et
492 549 543 602 iu
573 548 768 600 veritate
804 561 901 597 non
929 543 1080 596 stetit.
1124 539 1492 609 Agnoscimus,
1533 536 1654 605 quia
1680 533 1747 588 tle

196 647 397 701 veritate
429 644 608 709 lapsus
635 647 732 694 est.
764 637 894 701 Quia
922 635 1100 689 raritas
1135 651 1233 687 ttou
1256 644 1326 685 est
1366 632 1417 684 iu
1443 647 1519 684 eo.
1554 630 1748 682 Verum

193 749 294 802 est;
325 732 611 791 recedendi)
633 747 664 785 a
693 729 910 783 veritate
935 728 950 758 ¹
979 743 1084 780 non
1114 724 1272 779 habet
1298 723 1596 778 veritatem.
1622 719 1748 775 Cum

191 829 389 900 loquitur
411 823 742 882 mendacium,
776 821 838 875 de
863 819 1081 889 prOpriis
1112 817 1347 885 loquitur.
1382 814 1494 874 Non
1534 811 1748 866 aliunde

189 918 357 989 accipit
400 915 538 971 unde
585 913 850 982 laquatur.
885 910 1011 965 Cum
1057 909 1276 980 loquitur
1317 907 1651 968 mendacium,
1683 904 1748 958 de

189 1010 385 1082 propriis
424 1008 681 1077 loquitur;
716 1006 844 1075 quia
885 1003 1103 1058 mendax
1140 1013 1232 1061 est,
1262 1011 1306 1054 et
1336 1011 1477 1069 pater
1519 1003 1646 1072 ejus.
1681 999 1748 1053 Et

190 1102 387 1158 mendax
409 1109 510 1165 est,
538 1109 592 1154 et
627 1107 777 1166 pater
800 1095 1081 1150 mendacii.
1112 1094 1243 1148 Nam
1273 1104 1327 1148 tu
1356 1093 1492 1148 forte
1520 1092 1744 1147 meitdax

191 1208 257 1251 es.
281 1191 394 1261 quia
423 1189 754 1245 mendacium
788 1187 1023 1257 loqueris
1052 1206 1062 1236 τ
1094 1186 1186 1240 sed
1222 1200 1326 1239 non
1349 1201 1408 1239 es
1437 1195 1587 1254 pater
1607 1184 1742 1252 ejus.

190 1283 234 1338 Si
267 1283 394 1336 enim
439 1279 580 1350 quod
623 1278 756 1333 dicis
798 1295 828 1333 a
870 1277 1082 1332 diabolo
1125 1277 1398 1344 accepisti.
1437 1284 1490 1329 et
1535 1274 1746 1328 diabolo

187 1372 466 1436 credidisti;
518 1370 745 1426 mendax
791 1386 871 1436 es,
906 1379 1055 1439 pater
1085 1367 1345 1422 mendacii
1379 1382 1483 1419 non
1523 1381 1622 1420 es:
1658 1367 1746 1421 il'e

189 1481 300 1522 vero
319 1465 432 1535 quia
461 1479 564 1517 non
595 1461 809 1518 aliunde
837 1461 1044 1530 accepit
1075 1459 1429 1522 mendacium,
1458 1476 1562 1529 quo
1599 1475 1746 1515 men-

188 1558 318 1614 dacio
359 1569 604 1627 umquam
650 1571 857 1610 veneno
886 1570 1108 1624 serpens
1147 1553 1417 1608 hominem
1455 1552 1741 1615 occideret,

189 1661 314 1719 pater
337 1660 415 1704 est
459 1647 761 1706 mendacii;
804 1648 941 1700 sicut
993 1647 1133 1700 Deus
1164 1645 1319 1698 Pater
1353 1653 1437 1697 est
1484 1643 1741 1697 veritatis.

191 1741 408 1796 lli-cedite
434 1756 463 1793 a
489 1749 642 1810 patre
684 1738 968 1802 mendacii,
997 1737 1196 1792 currite
1230 1736 1294 1788 ad
1342 1735 1550 1790 Patrem
1602 1735 1742 1788 veti-

189 1836 318 1898 talis;
361 1833 740 1905 amplectimini
793 1832 1106 1897 veritatem,
1153 1838 1210 1884 ut
1261 1829 1530 1898 accipiatis
1579 1825 1742 1882 liber-

188 1937 341 1984 talem.

245 2021 318 2074 li.
346 2019 419 2073 llli
439 2034 572 2090 ergo
590 2018 758 2074 Juda'i
779 2017 916 2086 apud
941 2025 1142 2086 patrem
1165 2029 1316 2068 suum
1341 2014 1584 2068 viderunt
1605 2012 1745 2082 quod

186 2113 506 2182 loquebantur
538 2131 550 2166 :
584 2111 746 2181 quid,
799 2109 900 2163 nisi
945 2107 1313 2164 mendacium?
1352 2107 1606 2160 Dominus
1647 2120 1744 2159 au-

187 2216 275 2262 tem
299 2206 427 2276 apud
457 2205 672 2260 Patrem
698 2219 852 2258 suum
880 2202 1010 2256 vidit
1043 2201 1181 2272 quod
1216 2203 1520 2267 loqueretur
1551 2218 1562 2252 :
1596 2200 1742 2269 quid,

188 2299 268 2353 nisi
311 2296 577 2367 seipsum?
604 2295 755 2366 quid,
800 2294 900 2348 nisi
947 2293 1174 2346 Verbum
1227 2291 1428 2346 Patris?
1469 2291 1614 2359 quid,
1645 2291 1745 2345 nisi

187 2391 426 2444 veritatem
475 2388 646 2443 Patris
687 2397 962 2446 artcrnam,
995 2394 1049 2440 et
1094 2383 1230 2438 Patri
1269 2384 1623 2436 cna-lernam?
1651 2380 1750 2434 Ille

187 2498 292 2552 etgo
317 2481 564 2535 homicida
605 2488 709 2532 erat
749 2480 811 2532 ab
841 2477 1002 2541 initio,
1046 2485 1090 2529 rt
1133 2477 1184 2528 iu
1231 2475 1429 2528 veritate
1454 2491 1552 2527 nou
1590 2473 1743 2540 stetit,

187 2575 282 2645 quia
307 2577 480 2629 veritus
502 2590 600 2627 nou
625 2585 696 2626 est
718 2573 769 2638 iu
798 2587 858 2625 eo
882 2587 900 2626 :
924 2587 1037 2623 cum
1065 2571 1286 2639 loquitur
1312 2568 1648 2633 mendatium,
1686 2567 1748 2620 de

189 2652 372 2736 propriis
391 2666 643 2736 loquitur,
671 2664 788 2735 quia
818 2662 1034 2715 mendax
1059 2671 1149 2713 est.
1185 2661 1250 2714 Et
1281 2677 1383 2712 non
1414 2662 1584 2713 solum
1609 2673 1748 2713 men-

188 2757 268 2810 dux
299 2769 390 2821 est,
417 2757 516 2812 sed
543 2767 588 2810 et
616 2767 758 2824 pater
787 2755 894 2824 ejus
918 2764 1000 2808 est
1030 2771 1042 2806 :
1078 2753 1126 2806 id
1155 2763 1260 2818 est,
1289 2752 1454 2819 ipsius
1485 2749 1746 2805 memlacii

187 2849 302 2917 quod
329 2849 578 2919 loquitur,
611 2857 878 2917 patercst,
908 2845 1028 2914 quia
1066 2845 1177 2914 ipse
1201 2844 1378 2913 genuit
1412 2843 1746 2897 mendacium

187 2955 334 2999 suum.
383 2941 497 3012 ligo
548 2952 714 2994 autem
755 2940 874 3004 quia
918 2940 1169 2992 veritatem
1217 2937 1350 3001 dico,
1399 2954 1499 2990 uou
1546 2937 1749 2992 creditis

187 3033 302 3086 mihi.
349 3033 479 3099 Qui:
508 3049 568 3088 ea:
608 3032 745 3086 vobis
783 3031 948 3102 arguit
998 3047 1075 3084 me
1115 3029 1177 3082 de
1212 3039 1447 3100 peccato;
1478 3027 1746 3098 quomodo

186 3140 268 3196 ego
302 3142 464 3198 avguo
504 3135 559 3180 et
605 3139 698 3176 vos
742 3132 795 3177 et
841 3133 1044 3193 patrem
1077 3122 1346 3175 vestrum?
1390 3121 1450 3175 Si
1497 3122 1749 3174 veritatem

188 3217 285 3272 dico
309 3235 456 3288 quare
487 3235 570 3274 ros
590 3233 691 3271 non
713 3214 916 3270 creditis
947 3215 1107 3277 mihi;
1138 3214 1238 3268 nisi
1267 3215 1390 3282 quia
1431 3213 1523 3267 lilii
1549 3213 1746 3268 diaboli

192 3310 336 3364 estis?

253 3401 326 3455 i5.
375 3400 467 3466 Qui
500 3411 570 3456 est
600 3417 663 3454 ea:
690 3400 816 3465 Deo,
837 3399 983 3454 verba
1028 3396 1122 3451 Dei
1153 3397 1295 3451 audit
1327 3415 1345 3451 :
1374 3407 1635 3467 propterea
1661 3413 1747 3452 ros

193 3508 275 3561 non
313 3493 515 3557 auditis,
561 3493 681 3563 quia
715 3508 778 3546 ex
811 3490 920 3545 Deo
951 3507 1049 3544 nou
1081 3491 1216 3544 estis.
1253 3491 1444 3544 lterum
1477 3489 1640 3543 nolite
1667 3497 1749 3543 at-

192 3585 385 3662 tendere
419 3596 678 3652 natumut,
709 3584 1033 3654 sedvitium.
1066 3584 1155 3637 Sic
1180 3592 1302 3637 sunt
1330 3582 1412 3636 isti
1442 3598 1506 3636 ex
1538 3581 1665 3647 Deo,
1695 3589 1749 3636 ct

193 3691 277 3754 non
313 3688 438 3732 sunt
475 3693 540 3732 ex
569 3679 676 3732 [leo
698 3694 720 3734 .°
750 3685 931 3730 natura
963 3689 1026 3728 ex
1060 3673 1187 3738 Deo,
1219 3673 1347 3728 vitio
1379 3688 1480 3725 non
1509 3688 1574 3728 ex
1617 3672 1743 3727 Deo.

192 3766 401 3832 Obsecro
439 3785 550 3835 vos,
589 3769 883 3842 attendite;
932 3768 982 3821 in
1035 3766 1319 3835 Evangelio
1353 3766 1558 3820 habetis
1609 3766 1747 3823 mule

192 3865 421 3919 sinentini
449 3875 632 3918 contra
663 3877 876 3926 errores
903 3874 1202 3915 vent-nosos
1230 3871 1284 3913 et
1312 3860 1546 3914 nefarios
1579 3860 1750 3914 luere-

194 3955 411 4010 ticorunt.
441 3956 702 4024 Quoniam
727 3963 790 4009 et.
821 3955 888 4008 de
923 3952 1016 4006 .his
1054 3952 1232 4008 verbis
1271 3953 1439 4007 solent
1471 3952 1747 4008 Manicbari

193 4046 365 4113 dicere,
397 4049 528 4104 Et'CL‘
563 4047 684 4118 quia
722 4046 839 4100 dua:
867 4057 1067 4098 natura:
1106 4053 1248 4102 sunt.
1275 4061 1375 4098 una
1409 4045 1566 4109 bona,
1594 4055 1648 4098 et
1671 4047 1747 4098 al-

196 4149 286 4195 tera
305 4143 434 4197 maia
457 4160 471 4203 ;
499 4141 754 4196 Dtuuiuus
781 4139 908 4193 dicit
937 4155 948 4188 :
981 4137 1106 4207 quid
1135 4137 1264 4191 dicit
1297 4135 1591 4190 Dominus?
1615 4135 1748 4190 Pro-

196 4243 342 4299 pterea
366 4249 446 4288 vos
470 4251 570 4288 uou
597 4231 810 4291 auditis,
835 4229 1032 4301 quinta:
1055 4227 1158 4281 Deo
1186 4245 1284 4282 non
1311 4228 1446 4280 estis.
1474 4227 1608 4281 Dicit
1631 4227 1746 4284 ha:c

197 4309 440 4382 Dominus.
481 4325 618 4395 Quid
661 4339 810 4394 ergo,
859 4322 1048 4390 inquit,
1091 4329 1150 4374 tu
1174 4320 1240 4374 ad
1288 4320 1384 4375 ista
1422 4320 1587 4374 dicis?
1608 4320 1745 4385 Audi

193 4433 299 4485 qua:
317 4418 496 4474 dicam.
528 4418 594 4472 Et
615 4432 677 4470 es
707 4415 819 4470 Deo
838 4422 962 4468 sunt
981 4453 996 4477 ,
1024 4420 1080 4466 et
1102 4427 1166 4466 ex
1201 4412 1310 4466 Deo
1339 4428 1442 4464 non
1472 4422 1623 4475 sunt;
1652 4428 1747 4466 na-

197 4517 294 4563 tura
327 4525 385 4567 ex
433 4512 551 4567 Deo.
578 4519 720 4568 sunt.
757 4509 884 4560 vitio
933 4522 1039 4560 non
1079 4515 1201 4562 sunt
1251 4521 1316 4558 ex
1363 4504 1474 4558 Deo
1507 4522 1518 4557 :
1557 4514 1744 4560 natura

197 4600 318 4656 enim
345 4603 472 4658 bima
503 4618 625 4674 qua:
661 4617 723 4654 ex
760 4599 868 4654 Deo
896 4607 999 4662 est,
1033 4596 1268 4665 peccavit
1299 4613 1342 4646 vi
1367 4596 1590 4661 luutate,
1630 4611 1746 4651 cre-

198 4691 347 4749 dendo
379 4695 511 4765 quod
558 4692 802 4748 diabolus
848 4691 1130 4764 persuasit,
1159 4699 1211 4743 et
1241 4690 1418 4748 vitiata
1465 4697 1585 4749 est;
1628 4688 1747 4744 ideo

201 4786 657 4858 lucilictuuqmrrit,
685 4784 805 4853 quia
834 4797 962 4835 sana
993 4797 1098 4835 non
1127 4790 1227 4836 est.
1265 4780 1399 4834 lit-ce
1429 4781 1567 4849 quod
1598 4780 1740 4836 dico.

200 4870 284 4930 Sed
310 4877 623 4946 inqxtssihile
651 4875 740 4929 tibi
770 4873 982 4929 videtur
1013 4884 1062 4925 ut
1088 4889 1152 4926 ex
1179 4872 1287 4926 Deo
1314 4873 1438 4934 sint,
1469 4882 1520 4924 εει
1541 4887 1606 4926 ex
1635 4873 1744 4927 Deo

202 4981 283 5030 von
311 4971 411 5026 sint
443 4988 455 5023 :
482 4967 604 5024 andi
629 4968 751 5040 quia
781 4984 884 5028 non
912 4975 995 5020 est
1025 4965 1369 5032 impossibile.
1397 4963 1486 5019 Sic
1513 4975 1638 5018 sunt
1676 4979 1742 5019 ex

202 5055 304 5123 Deo,
347 5071 396 5114 et
433 5075 538 5128 nm
568 5068 696 5114 sunt
728 5073 794 5112 ex
838 5057 965 5120 Deo,
1013 5055 1281 5125 quomodo
1309 5065 1364 5108 et
1393 5055 1482 5108 lilii
1513 5055 1744 5111 Abraba:

200 5159 314 5215 sunt,
338 5163 387 5206 ct
431 5168 538 5224 non
578 5160 698 5206 sunt
737 5147 827 5202 lilii
857 5146 1101 5206 Abrahm.
1132 5146 1226 5201 llic
1259 5147 1497 5212 habetis;
1531 5161 1634 5202 non
1665 5156 1747 5202 cst

199 5242 313 5308 quod
346 5225 760 5315 di.'afis.llp.sum
801 5239 1080 5301 Dominum
1123 5238 1268 5304 andi,
1309 5240 1422 5308 ipse
1463 5240 1564 5294 illis
1590 5239 1742 5306 dixit,

202 5328 300 5404 Scio
321 5337 428 5412 quia
453 5336 548 5405 ﬁlii
570 5333 785 5388 Abraha:
805 5333 942 5387 estis.
971 5330 1236 5401 Numquid
1266 5331 1523 5386 Dominus
1551 5334 1744 5391 menti-

202 5425 539 5504 retpr‘lﬁhsit.
590 5426 728 5497 Ergo
767 5441 950 5494 verum
991 5433 1073 5478 cst
1111 5423 1250 5494 quod
1294 5423 1549 5478 Dominus
1577 5423 1746 5479 dixit?

204 5511 374 5600 Vergini
392 5529 492 5577 est.
527 5517 850 5598 Verus-dest
899 5533 1028 5588 ergo
1069 5517 1208 5586 quod
1261 5518 1334 5571 illi
1378 5516 1605 5573 Abi-alue
1654 5520 1747 5575 ﬁlii

201 5609 347 5665 erant.
376 5612 563 5669 Verum
607 5607 892 5684 est.,,t\udi
924 5613 1094 5680 ipsum
1126 5621 1428 5682 negantem.
1462 5611 1560 5678 Qui
1590 5612 1744 5681 dixit,

243 5747 358 5800 ἰῇ.
379 5747 527 5813 μιπὼ
541 5758 591 5814 et
609 5753 754 5809 Vena,
778 5748 893 5814 quia
915 5748 1184 5814 recedentia
1203 5765 1233 5802 a
1254 5749 1466 5803 veritate.
1493 5754 1751 5808 Lovanien-

204 5812 465 5882 ses-vocem,
484 5813 620 5878 quia,
645 5812 1066 5864 uncisincluduut.
1132 5820 1190 5864 at.
1237 5841 1240 5844 ‹

452 5897 672 5966 Sanos.
717 5899 997 5963 Αυαυπ.
1027 5896 1114 5962 ιόδ

1245 323 1649 382 TRACTATITS
1685 320 1867 378 xuu.
1907 321 2133 382 CAPUT
2172 307 2304 380 vni.

1857 437 1981 494 Filii
2022 441 2235 495 Mira/ui:
2268 442 2403 506 estis,
2435 440 2547 512 ipse
2590 441 2710 495 illos
2750 444 2961 512 negavit
2993 445 3130 501 tilios
3161 447 3390 508 Abrahaz
3419 419 3446 510 τΔ

1856 538 1918 593 Si
1946 541 2040 607 ﬁlii
2068 541 2282 595 ilbi-alite
2307 544 2443 606 es'is,
2473 548 2606 613 facta
2635 544 2852 601 Abraha:
2878 549 3047 616 facite.
3096 551 3244 606 Nunc
3273 563 3442 608 autem

1853 635 2076 701 quau-itis
2125 653 2202 688 me
2248 637 2494 700 occidere,
2561 638 2811 692 hominem
2855 644 2944 709 qui
2999 645 3250 698 veritatem
3303 644 3443 702 robis

1855 727 1987 791 dico,
2021 747 2171 799 quam
2197 731 2369 784 audivi
2388 750 2417 783 a
2443 729 2548 784 Deo
2573 747 2590 785 :
2613 732 2708 786 hoc
2734 733 2989 786 Abraham
3024 754 3123 790 non
3165 739 3300 809 fecit.
3345 735 3448 795 Vos

1856 820 2019 889 facitis
2058 838 2212 887 opera
2261 823 2418 890 patris
2461 825 2629 889 vestri,
2675 823 2725 877 id
2772 833 2854 877 est
2899 825 3115 878 diaboli.
3159 828 3444 892 Quomodo

1853 922 2060 980 ergoet
2086 912 2176 966 lilii
2208 914 2436 967 Abi-aha:
2464 924 2636 977 erant,
2661 923 2712 968 ct
2743 914 2835 969 lilii
2867 915 3094 970 Ahmha:
3124 933 3228 972 non
3255 923 3441 979 erant?

1854 1001 2148 1075 Utrumque
2194 1006 2244 1058 in
2288 1007 2390 1060 illis
2432 1008 2663 1061 ostendit
2705 1019 2803 1062 :et
2853 1009 2942 1063 lilii
2992 1009 3224 1064 Altrahm
3269 1021 3472 1077 erant,'

1854 1107 2069 1167 propter
2115 1100 2374 1169 originem
2414 1101 2625 1164 carnis;
2651 1111 2703 1155 et
2734 1117 2836 1155 non
2881 1113 3035 1157 erant
3070 1104 3161 1158 lilii
3188 1104 3467 1172 Abrahae,-

1853 1201 2072 1260 propter
2097 1193 2278 1246 vitinm
2320 1193 2595 1247 diabolicae
2639 1193 3016 1261 persuasionis.
3049 1195 3137 1252 Sic
3173 1208 3228 1252 et
3255 1181 3464 1253 Domi-I

1853 1300 1978 1338 mnu
2009 1294 2063 1340 et
2089 1285 2250 1339 Deum
2282 1295 2524 1340 nostrtnn
2554 1285 2812 1341 attendite
2838 1305 2850 1338 :
2875 1297 2928 1340 et
2953 1304 3014 1342 ex
3055 1289 3146 1344 illo
3167 1301 3355 1358 erant,
3387 1299 3446 1347 et

1853 1393 1918 1431 ex
1947 1377 2034 1430 illo
2062 1393 2164 1430 non
2206 1388 2379 1432 erant.
2408 1377 2688 1444 Quomodo
2725 1393 2791 1432 ex
2832 1379 2922 1431 illo
2948 1381 3286 1449 erant?Quia
3327 1383 3445 1453 ipse

1852 1469 2052 1522 creavit
2092 1467 2358 1523 hontinem
2386 1468 2453 1522 de
2486 1485 2591 1538 quo
2619 1469 2723 1522 nati
2753 1477 2924 1522 erant.
2955 1468 3236 1535 Quomodo
3257 1488 3322 1527 ex
3348 1473 3445 1529 illo

1851 1561 2041 1613 erant?
2079 1559 2210 1627 Quia
2254 1560 2365 1628 ipse
2389 1569 2473 1614 est
2501 1559 2744 1613 conditor
2771 1569 2993 1622 natm-te,
3042 1561 3154 1630 ipse
3179 1572 3260 1616 est
3290 1578 3443 1618 crea-

1855 1657 1937 1703 tor
1961 1651 2139 1705 carnis
2160 1661 2210 1704 et
2231 1651 2442 1704 animm.
2466 1650 2744 1716 Quomodo
2765 1666 2892 1720 ergo
2909 1667 2973 1705 ex
2998 1652 3086 1706 illo
3114 1667 3216 1706 non
3247 1663 3400 1710 erant
3414 1656 3444 1710 τ-

1852 1740 1982 1809 Quia
2027 1742 2197 1795 vitiosi
2238 1758 2266 1796 a
2311 1741 2502 1809 seipsis
2539 1741 2656 1795 facti
2680 1751 2869 1794 erant.
2900 1743 2974 1795 lis
3003 1743 3095 1795 illo
3122 1757 3227 1797 non
3265 1751 3442 1813 erant,

1853 1834 1974 1902 quia
2002 1832 2255 1902 in'timtulo
2281 1833 2571 1900 diabolum,
2608 1832 2696 1886 lilii
2723 1832 2916 1887 diaboli
2947 1833 3064 1888 lacti
3089 1844 3261 1889 erant.

1924 1924 2011 1979 16.
2051 1924 2344 1994 Venitergo
2369 1924 2622 1980 Don‘iinns
2645 1926 2782 1979 Deus
2810 1924 2878 1978 ad
2899 1924 3167 1980 hominem
3197 1935 3446 1995 peccato-

1852 2034 1986 2073 rem.
2025 2019 2378 2072 Duo-nomina
2406 2018 2633 2080 audisti,
2661 2027 2716 2074 et
2742 2019 3008 2073 hominem
3035 2061 3049 2084 ,
3097 2028 3152 2074 et
3197 2028 3446 2089 peccato-

1852 2125 1986 2166 rem.
2016 2111 2165 2179 Quod
2197 2111 2354 2164 homo
2382 2121 2460 2164 est
2483 2153 2497 2176 ,
2520 2128 2584 2165 ex
2615 2112 2724 2166 Deo
2744 2123 2826 2166 est
2855 2131 2863 2162 :
2892 2112 3030 2182 quod
3066 2123 3312 2182 peccator
3339 2123 3445 2184 est,

1857 2212 2056 2256 nonest
2072 2217 2136 2256 ex
2159 2202 2287 2255 Dt-o.
2306 2204 2344 2254 A
2370 2211 2552 2255 natura
2569 2203 2752 2256 vitium
2770 2213 3080 2258 secernatur
3099 2224 3110 2256 :
3130 2214 3451 2275 agnoscatur

1854 2303 2074 2358 natura,
2123 2294 2262 2347 unde
2299 2293 2522 2348 Crealor
2562 2294 2830 2360 laudetur;
2876 2309 3193 2365 agnoscatur
3229 2301 3448 2368 vitium,

1853 2399 2070 2455 propter
2091 2385 2232 2453 quod
2263 2384 2498 2438 medicus
2526 2386 2816 2439 invocetur.
2847 2387 2997 2451 Quod
3020 2403 3149 2458 ergo
3168 2392 3239 2445 ait
3271 2392 3450 2446 Domi-

1853 2492 1954 2531 nus
1973 2517 1988 2542 ,
2020 2476 2116 2540 Qui
2145 2487 2216 2530 est
2250 2492 2312 2530 ea:
2339 2474 2443 2529 Deo
2462 2517 2476 2541 ,
2518 2476 2665 2529 verba
2708 2475 2807 2529 Dei
2845 2479 2984 2531 audit
3013 2496 3031 2530 :
3057 2491 3319 2550 propterea
3360 2499 3453 2541 vos

1853 2587 1954 2625 non
1977 2570 2187 2635 auditis,
2210 2570 2328 2637 quia
2356 2586 2418 2623 ea:
2434 2568 2539 2622 Deo
2565 2584 2665 2622 nou
2692 2572 2846 2632 estis;
2873 2587 2977 2623 non
3009 2583 3312 2627 naturarum
3333 2591 3450 2632 nte-

1853 2664 1952 2718 rita
1996 2662 2283 2724 discrevit,
2324 2671 2413 2715 aut
2447 2671 2640 2731 praeter
2667 2677 2816 2716 suam
2853 2663 3084 2717 animam
3115 2672 3170 2718 ct
3196 2680 3448 2734 carnem,

1853 2758 2082 2828 aliquam
2117 2769 2358 2811 naturam
2391 2761 2441 2810 in
2495 2757 2798 2810 hominibus
2837 2773 2956 2827 qua:
3002 2766 3218 2825 peccato
3260 2759 3446 2815 vitiata

1855 2865 1958 2903 non
1999 2860 2141 2905 esset
2162 2890 2176 2913 ,
2203 2848 2401 2902 invenit
2433 2865 2445 2900 :
2479 2847 2846 2918 sedquoniam
2886 2848 3193 2916 prmscicrat
3219 2850 3306 2918 qui
3331 2849 3451 2906 iue-

1854 2954 1971 2998 rant
1996 2942 2248 2997 Cl‘tdlllll'I
2271 2984 2284 3005 ,
2320 2943 2462 3010 ipsos
2502 2942 2636 2994 dixit
2676 2957 2739 2995 ex
2775 2941 2910 3003 Deo,
2945 2940 3194 3010 quoniam
3221 2957 3450 3012 rt-geneé

1854 3037 2074 3092 rationis
2100 3037 2384 3105 atIOptione
2409 3044 2812 3089 renascerentur
2836 3050 2903 3089 ex
2936 3034 3062 3089 Deo.
3096 3035 3175 3089 Ad
3208 3036 3306 3090 hos
3327 3051 3453 3107 per-

1857 3129 2018 3189 tinet,
2064 3128 2162 3194 Qui
2211 3137 2282 3181 est
2324 3141 2388 3181 ea:
2421 3125 2558 3186 Deo.
2599 3125 2743 3180 rerba
2789 3124 2880 3178 Dei
2919 3126 3083 3180 audit.
3123 3127 3277 3194 Quod
3321 3141 3453 3185 vero

1853 3220 2117 3292 sequitur,
2153 3218 2428 3290 I’mpterea
2458 3233 2542 3271 vos
2585 3233 2688 3272 uou
2721 3217 2938 3281 auditis,
2970 3218 3087 3287 quia
3126 3235 3191 3272 ea:
3215 3217 3322 3273 Deo
3345 3234 3450 3273 non

1854 3316 2003 3380 estis;
2032 3315 2112 3369 eis
2136 3313 2334 3368 dictum
2377 3321 2488 3372 est,
2535 3311 2623 3378 qui
2672 3325 2775 3364 non
2818 3310 2989 3364 solum
3020 3319 3240 3378 peccato
3267 3311 3447 3367 vitiosi

1854 3413 2005 3462 (stant
2039 3407 2200 3478 (nam
2245 3404 2347 3458 hoc
2393 3403 2588 3457 malum
2637 3416 2922 3457 eonuuune
2979 3411 3098 3456 erat
3143 3401 3446 3472 omnibus),

1854 3501 1946 3556 sed
1977 3502 2137 3556 etiam
2177 3496 2486 3568 prmeogniti
2512 3494 2650 3566 quod
2683 3510 2787 3548 non
2831 3494 3038 3548 fuerant
3066 3494 3316 3549 credituri
3339 3537 3353 3561 ,
3381 3509 3450 3551 ea

1856 3594 1957 3648 Iide
1985 3587 2086 3662 qua
2115 3592 2225 3646 sola
2262 3599 2477 3660 possent
2509 3605 2537 3640 a
2580 3597 2916 3656 peccatorum
2961 3587 3282 3656 obligatione
3310 3587 3447 3643 Iibe-

1856 3685 1983 3740 rari.
2013 3684 2346 3752 Quapropter
2379 3679 2686 3750 pnesciehat
2715 3680 2832 3732 illos
2851 3679 3044 3748 quibus
3071 3679 3191 3732 talia
3212 3678 3445 3748 dicebat,

1856 3779 1907 3832 in
1936 3795 2000 3832 eo
2032 3789 2410 3846 permansuros
2435 3773 2574 3844 quod
2603 3789 2664 3828 ex
2691 3773 2903 3827 diabolo
2932 3783 3085 3827 erant
3105 3815 3119 3838 ,
3152 3773 3202 3826 id
3230 3783 3309 3828 est
3329 3815 3344 3840 ,
3390 3772 3447 3828 in

1855 3874 1964 3926 suis
1995 3869 2221 3942 peccatis
2251 3879 2404 3939 atqu:
2430 3868 2698 3937 impietate
2725 3866 3007 3920 tttorilnros
3032 3907 3046 3927 ,
3081 3865 3131 3919 in
3160 3883 3261 3936 qua
3293 3866 3338 3920 ci
3366 3865 3445 3921 si-

1856 3963 2007 4017 miles
2032 3969 2213 4018 erant;
2255 3974 2352 4012 nec
2394 3968 2646 4010 venturos
2672 3957 2735 4008 ad
2775 3957 3225 4025 regenerationem
3259 3958 3310 4012 in
3339 3973 3446 4027 qua

1854 4065 2034 4112 essent
2060 4054 2151 4107 lilii
2182 4052 2307 4117 Dei,
2337 4052 2434 4102 hoc
2455 4043 2536 4103 est
2565 4064 2627 4102 ex
2662 4053 2768 4101 lleo
2796 4049 2932 4111 nali,
2965 4065 2993 4100 a
3023 4063 3129 4116 quo
3154 4064 3280 4102 eran
3340 4049 3442 4104 bo-

1854 4150 2023 4205 mines
2048 4146 2230 4202 (ει-(ιιιιί.
2261 4139 2562 4200 Secundum
2587 4141 2722 4194 hanc
2754 4139 3269 4207 pra-destinationem
3299 4141 3448 4195 locu-

1856 4251 1940 4296 tus
1963 4250 2043 4295 est
2073 4238 2326 4293 Dominus
2352 4253 2363 4287 :
2390 4247 2495 4287 non
2534 4231 2673 4302 quod
2711 4231 2940 4300 aliquem
2987 4231 3259 4286 hominum
3291 4233 3444 4289 inve-

1855 4332 1992 4389 ncrit
2011 4374 2025 4391 ,
2049 4331 2136 4402 qui
2163 4329 2244 4385 vel
2268 4325 2556 4382 secundum
2580 4339 2704 4395 rege
2742 4323 3034 4378 orationem
3056 4323 3164 4392 jam
3204 4333 3348 4380 esset
3374 4341 3444 4382 ex

1854 4425 1964 4481 Deo
1985 4466 2000 4492 ,
2034 4423 2118 4479 vel
2144 4418 2435 4478 secundum
2458 4426 2697 4472 naturam
2725 4415 2832 4484 jam
2863 4431 2967 4469 non
2993 4424 3220 4471 essetex
3253 4416 3362 4474 Deo

2334 4547 2741 4606 TRACTATUS
2777 4546 2960 4601 XLIII.

1853 4670 1926 4743 Ali
1954 4685 2012 4723 eo
2039 4666 2174 4739 quod
2201 4665 2442 4735 scriptum
2486 4670 2586 4726 est,
2620 4659 3030 4730 Responderunt
3073 4657 3231 4730 igitur
3267 4659 3446 4716 Judtei

1924 4771 1978 4817 et
2006 4760 2252 4814 dixerunt
2277 4757 2355 4821 ei;
2386 4771 2543 4834 usque
2577 4752 2645 4806 ad
2687 4753 2770 4815 id,
2799 4751 3055 4805 'l‘ulerunt
3079 4766 3208 4822 ergo
3236 4750 3444 4820 lapides

1924 4853 2092 4908 Juda-i
2125 4860 2178 4904 ut
2205 4849 2442 4919 jacerent
2481 4846 2533 4899 in
2574 4861 2694 4900 eum
2725 4862 2737 4896 :
2765 4842 2920 4898 .lesns
2945 4853 3120 4897 autent
3161 4842 3444 4900 abscondit

1925 4963 1981 5003 se
1998 4988 2013 5010 ,
2037 4954 2090 4999 et
2118 4943 2278 4999 exivit
2298 4941 2364 4995 de
2390 4940 2604 5008 templo.
2629 4935 2757 5006 Cap.
2789 4951 2879 4989 vni
2899 4977 2914 5000 ,
2937 4936 3008 5004 i.
3033 4935 3222 4990 48-59.

1925 5063 1976 5117 1.
2006 5060 2061 5114 1η
2091 5060 2188 5114 ista
2231 5057 2454 5111 lectione
2491 5052 2663 5106 sancti
2690 5050 2990 5119 Evmigelii,
3021 5067 3140 5121 qua:
3169 5050 3328 5109 hodie
3363 5071 3454 5111 re-

1854 5157 2010 5210 citata
2041 5161 2154 5216 est,
2183 5166 2210 5202 a
2242 5145 2470 5217 potentia
2497 5142 2752 5196 discimus
2777 5143 3102 5211 patientiam.
3130 5141 3268 5211 Quid
3298 5146 3439 5201 enim

1853 5260 2039 5303 sumus
2084 5241 2222 5298 servi
2274 5237 2340 5291 ad
2395 5236 2709 5300 Dominum,
2759 5244 3065 5304 peccatores
3095 5235 3161 5291 ad
3200 5238 3436 5305 justum.

1853 5353 2098 5399 creatura
2116 5336 2184 5394 ad
2205 5329 2549 5390 Creatorem?
2579 5329 2776 5382 Tamen
2803 5329 3072 5399 quomodo
3096 5329 3140 5384 si
3160 5329 3286 5399 quid
3317 5324 3442 5384 mali

1855 5451 2068 5497 Stultus,
2100 5445 2129 5483 a
2160 5427 2316 5482 nobis
2342 5438 2559 5489 sumus;
2592 5422 2662 5476 ita
2691 5419 2946 5491 quidquid
2973 5421 3095 5475 boni
3121 5433 3305 5476 sumus
3329 5462 3346 5488 ,
3375 5422 3451 5477 ab

1857 5527 1975 5590 illo,
2008 5533 2060 5577 et
2100 5535 2194 5591 per
2221 5519 2366 5573 illum
2412 5530 2615 5571 sumus.
2668 5513 2733 5568 Et
2780 5513 2907 5567 nihil
2937 5512 3014 5566 sic
3059 5512 3248 5582 quazrit
3281 5511 3448 5569 homo

1856 5615 2122 5689 quomodo
2148 5609 2435 5683 potentiatn
2462 5625 2474 5661 :
2508 5607 2665 5661 habet
2694 5605 2972 5659 Dominum
3016 5601 3285 5659 Christum
3329 5618 3448 5659 ma-
3476 5625 3485 5633 '

1855 5725 2012 5782 gnam
2043 5706 2330 5778 potentiam
2364 5720 2377 5755 :
2407 5699 2498 5755 sed
2529 5699 2675 5768 prius
2693 5696 2810 5766 ejus
2839 5693 3074 5750 imitetur
3094 5696 3446 5766 patientiam,

1857 5813 1916 5860 ut
1952 5802 2225 5876 perveniat
2269 5795 2335 5851 ad
2382 5791 2686 5863 potentiam.
2731 5787 2860 5854 Quis
2902 5796 3144 5846 nostrum
3182 5789 3458 5876 patienter.

2339 5883 3041 5967 (Ciaquante-quatre.)
3299 5954 3322 5985 ἑ
3443 5907 3473 5982 ρ
