3926 6372
477 429 613 489 I707

476 492 684 603 audiret
726 545 770 601 si
813 543 967 599 alicui
1013 543 1297 607 diceretur,
1334 541 1651 597 Dwmonium
1679 546 1870 597 turbes?
1907 543 2060 611 Quod

1395 428 1461 484 IN
1498 427 1774 484 JOANNIS
1814 428 2277 497 EVANGELIUM,
2320 434 2378 489 S.
2419 434 2788 498 AUGUSTINI

3578 462 3692 525 {708

2240 548 2293 603 6.
2325 550 2670 623 lntelligimus
2705 572 2831 628 ergo
2873 559 3169 619 duasesse
3210 570 3539 639 tentationes;
3567 593 3693 637 unam

474 638 676 696 dictum
707 649 791 693 est
821 640 869 693 ei
907 640 996 699 qui
1042 654 1145 692 non
1190 638 1361 690 solum
1393 637 1637 693 homines
1664 638 2081 704 salvabat,‘sed:
2168 656 2285 711 qua:
2327 644 2555 714 decipit,
2604 649 2822 705 alteram
2872 668 2990 723 qua:
3031 657 3218 726 probat
3252 678 3267 716 :
3308 666 3578 722 secundum
3602 686 3693 729 eam

474 736 634 791 etiam
663 734 991 793 dmmonibus
1022 730 1336 797 imperabat.

541 825 598 880 Ω.
628 825 741 881 Hoc
759 824 897 875 cnim
925 834 1044 874 cum
1072 821 1333 875 dixis..ent
1357 819 1555 885 Judaei,
1589 820 1775 875 Nonne
1803 823 1923 875 bene
1945 822 2064 875 dici-

472 936 586 975 mus
609 934 700 970 nos
725 917 842 985 quia
865 915 1219 969 Samaritanus
1251 932 1300 967 es
1322 956 1334 977 ,
1364 924 1408 967 et
1434 915 1736 967 dwmonium
1763 914 1948 968 habes?
1975 915 2062 969 ho-

471 1024 589 1065 rum
620 1007 847 1061 duorum
878 1006 977 1059 sibi
1001 1005 1330 1073 objectornm
1364 1021 1526 1059 unum
1561 1007 1800 1073 negavit,
1833 1008 2057 1061 alterum

471 1114 578 1155 non
604 1098 832 1168 negavit.
866 1097 1157 1167 Respondit
1182 1098 1324 1151 cuitu
1350 1139 1362 1161 ,
1391 1108 1445 1152 et
1473 1099 1546 1152 ait
1570 1116 1583 1151 :
1611 1097 1725 1168 Ego
1754 1098 2059 1201 dwmoninm

469 1209 575 1246 non
599 1192 776 1246 habeo.
810 1190 924 1245 Non
948 1190 1117 1255 dixit,
1145 1190 1508 1245 Samaritanus
1536 1206 1639 1244 non
1670 1206 1786 1244 sum
1823 1209 1834 1242 :
1868 1198 1923 1244 et
1954 1190 2058 1244 titi-

471 1300 575 1360 que
603 1288 709 1343 duo
734 1286 945 1342 fuerant
968 1285 1192 1354 objecta.
1226 1285 1478 1351 Quamvis
1510 1285 1843 1338 maledictum
1891 1284 2059 1337 male-

471 1379 613 1439 dicto
641 1395 744 1435 non
766 1378 1089 1441 reddiderit,
1136 1379 1376 1446 quamvis
1406 1378 1699 1429 convicium
1744 1392 1846 1428 non
1875 1376 2060 1429 convi-

470 1472 557 1528 oio
584 1471 925 1535 refutaret-it;
959 1469 1209 1538 pertinuit
1237 1478 1411 1522 tamen
1438 1470 1501 1520 ad
1530 1484 1651 1520 eum
1686 1483 1875 1536 negare
1899 1484 2054 1522 unam

468 1578 620 1630 rem,
663 1565 886 1618 alteram
917 1577 1019 1616 non
1052 1577 1260 1630 negare.
1310 1561 1422 1615 Non
1451 1559 1677 1625 frustra,
1712 1560 1922 1615 fratres.
1958 1562 2056 1617 Sa~

457 1659 764 1714 maritanus
799 1657 940 1709 enim
974 1656 1349 1723 interpretatur
1379 1654 1590 1707 Custos.
1622 1653 1847 1707 Noverat
1873 1669 1930 1708 se
1972 1655 2059 1709 ille

471 1760 708 1804 nostrum
736 1763 856 1802 esse
881 1746 1177 1800 custodem.
1216 1744 1335 1797 Non
1366 1745 1507 1797 enim
1539 1745 1720 1796 dormit
1748 1760 1905 1814 neque
1941 1744 2060 1798 dor-

468 1839 611 1892 mitat
636 1839 720 1908 qui
748 1837 966 1890 custodit
996 1835 1158 1887 Israel
1186 1834 1353 1903 (Psal.
1384 1850 1521 1898 cxx,
1552 1834 1605 1905 4)
1641 1852 1652 1886 :
1684 1845 1737 1888 et
1758 1878 1770 1895 ,
1803 1836 1919 1891 Nisi
1944 1834 2056 1889 Do-

467 1932 635 1985 minus
663 1930 951 1983 custodierit
977 1928 1222 1981 civitatem
1246 1970 1257 1987 ,
1284 1930 1336 1980 in
1357 1943 1537 1979 vanum
1565 1929 1841 1997 vigilabant
1858 1930 1941 1991 qnj
1962 1944 2054 1980 cu-

468 2021 690 2075 stodiunt
720 2019 889 2091 (Psal.
915 2034 1108 2083 cxxvt,
1136 2016 1208 2088 l).
1242 2019 1335 2072 Est
1365 2033 1491 2087 ergo
1522 2019 1609 2072 ille.
1635 2029 1814 2074 custos
1854 2029 2054 2086 noster,

468 2113 557 2182 qui
586 2122 793 2166 creator
818 2121 1018 2164 noster.
1051 2110 1182 2163 Num
1215 2111 1354 2163 enim
1381 2110 1629 2177 pertinuit
1650 2112 1712 2163 ad
1739 2128 1861 2164 eum
1890 2120 1949 2165 ut
1975 2129 2060 2167 re-

449 2204 813 2267 dimeremur,
835 2212 887 2257 et
913 2217 1015 2255 non
1038 2203 1328 2272 pertineret
1352 2210 1408 2255 ut
1428 2204 1800 2256 servaremur?
1825 2204 2059 2271 Denique

467 2303 528 2355 ut
554 2294 758 2363 plenius
783 2293 1035 2347 noveritis
1060 2294 1367 2363 mysterium
1396 2308 1558 2361 quare
1587 2307 1645 2347 se
1668 2294 2056 2348 Samaritanum

468 2397 665 2451 negare
692 2399 797 2436 non
822 2383 1032 2448 debuit,
1080 2382 1382 2450 parabolam
1430 2384 1572 2435 illam
1619 2385 1946 2438 nolissinnnn
1974 2394 2057 2438 at-

469 2475 671 2530 tendite
692 2517 705 2539 ,
739 2475 824 2539 ubi
856 2473 1013 2526 homo
1046 2472 1257 2542 quidam
1298 2474 1655 2528 descendebat
1678 2474 1745 2527 ab
1764 2474 2055 2529 Jerusalem

466 2566 522 2622 in
563 2564 815 2630 Jerirlio,
852 2574 906 2618 et
949 2565 1135 2619 incidit
1175 2564 1226 2617 in
1265 2564 1526 2627 latrones,
1562 2566 1649 2633 qui
1676 2581 1796 2619 eum
1827 2567 2059 2632 graviter

465 2656 837 2720 vulnerantes,
867 2655 1179 2710 semivivum
1222 2655 1272 2708 in
1316 2656 1397 2708 via
1441 2656 1786 2723 reliquerunt.
1828 2656 2059 2710 Transiit

464 2748 745 2812 sacerdos,
792 2747 1023 2816 neglexit
1066 2762 1186 2815 eum
1232 2764 1244 2797 :
1300 2747 1508 2800 transiit
1559 2746 1800 2812 Levites,
1845 2758 1896 2802 et
1945 2748 2057 2816 ipse

464 2839 725 2911 pra'teriit
756 2856 770 2892 ζ
813 2839 1019 2893 transiit
1046 2837 1260 2906 quidam
1293 2836 1655 2891 Samaritanus
1674 2879 1688 2903 ,
1719 2838 1833 2905 ipse
1855 2846 1935 2892 est
1962 2854 2055 2892 cu-

462 2940 578 2989 stos
607 2932 964 2999 noster;.ipse
1006 2932 1231 2984 accessit
1258 2930 1324 2983 ad
1357 2930 1624 2995 saucium,
1660 2930 1771 2998 ipse
1802 2929 2056 2998 impendit

466 3024 922 3088 misericordiam,
954 3025 1107 3092 eique
1145 3038 1206 3076 se
1253 3021 1493 3090 priestitit
1537 3024 1866 3090 proximum,
1900 3040 2054 3092 quem

464 3130 573 3175 non
597 3115 866 3183 deputavit
891 3114 1123 3167 alienum
1171 3114 1318 3182 (an.
1350 3130 1381 3167 χ
1403 3156 1415 3171 ,
1448 3114 1517 3168 50
1546 3114 1656 3183 57).
1690 3114 1771 3169 Ad
1803 3114 1902 3168 hoc
1928 3130 2056 3185 ergo

465 3206 640 3263 solum
670 3205 811 3274 quod
837 3206 1158 3263 daemonium
1192 3220 1297 3258 non
1339 3204 1590 3269 haberet,
1637 3221 1741 3260 non
1777 3216 1963 3281 autem
1995 3222 2055 3281 se

465 3295 856 3357 Sumat-itane”:
872 3312 993 3353 non
1022 3311 1141 3351 esse
1160 3336 1174 3358 ,
1203 3296 1494 3364 respondit.

440 3356 443 3361 ⁴
534 3388 592 3442 5.
626 3385 827 3441 Deinde
855 3395 965 3455 post
999 3387 1102 3443 tale
1136 3356 1437 3441 convicium
1459 3430 1474 3452 ,
1500 3389 1599 3443 lioc
1624 3389 1794 3443 solum
1819 3389 1951 3445 dixit
1986 3391 2054 3448 de

446 3480 633 3553 gloria
656 3492 787 3537 sua:
808 3479 920 3535 Sed
953 3479 1232 3546 honoriﬁco
1251 3520 1267 3544 ,
1298 3480 1498 3547 inquit,
1534 3480 1737 3535 Patrem
1769 3500 1932 3536 meum
1952 3524 1965 3546 ,
2007 3494 2055 3540 et

464 3591 552 3631 nos
576 3573 913 3637 inhonoraotit
934 3589 1030 3627 me.
1065 3572 1176 3627 Hoc
1196 3581 1278 3625 est
1299 3614 1314 3638 ,
1349 3572 1459 3641 Ego
1481 3590 1564 3626 me
1592 3591 1696 3627 non
1730 3576 2051 3644 lionorilico,

465 3684 537 3733 ne
560 3669 709 3724 Vobis
747 3681 1005 3735 arrogans
1044 3665 1242 3737 videar,
1285 3664 1455 3721 habeo
1483 3682 1641 3735 quem
1672 3666 2052 3739 bonorilicem;

467 3759 562 3814 sed
590 3759 634 3821 si
663 3774 758 3814 vos
788 3774 873 3823 me
904 3757 1268 3825 .agnnsceretis
1287 3797 1304 3822 ,
1337 3758 1473 3812 sicut
1497 3774 1596 3827 ego
1627 3758 1916 3821 ltouorilico
1948 3761 2049 3815 Pa-

466 3859 608 3907 trem
627 3892 641 3916 ,
674 3850 750 3904 sic
795 3858 849 3904 et
893 3864 985 3903 vos
1013 3848 1436 3905 lionorilicaretis
1463 3865 1547 3904 me
1577 3868 1589 3900 :
1621 3865 1720 3921 ego
1749 3850 1883 3907 facio
1910 3852 2052 3923 quod

467 3941 676 4007 debeo,
711 3958 804 3994 vos
826 3958 928 3997 non
964 3940 1139 3995 facitis
1167 3942 1305 4010 quod
1331 3942 1555 3998 debetis.

535 4035 591 4092 4.
621 4034 734 4106 Ego
760 4048 962 4097 uittam,
1004 4036 1205 4102 inquit,
1248 4053 1351 4091 non
1392 4053 1561 4105 qua'ro
1604 4038 1816 4108 gloriam
1854 4055 2052 4103 meam;

465 4135 540 4181 est
564 4126 649 4197 qui
670 4137 861 4196 qttwrat
885 4135 932 4179 et
966 4125 1173 4193 iudicet.
1204 4126 1385 4193 Quem
1405 4128 1513 4181 vult
1544 4129 1794 4198 intelligi,
1825 4128 1923 4183 nisi
1950 4130 2053 4184 Pa-

465 4217 642 4273 trem?
670 4219 945 4285 Quomodo
965 4234 1094 4285 ergo
1125 4218 1231 4271 alio
1258 4219 1375 4273 loco
1400 4220 1557 4283 dicit,
1604 4221 1758 4275 Pater
1786 4240 1884 4275 non
1904 4224 2055 4293 judi-

465 4319 545 4372 σαι
572 4327 899 4381 quamquam,
931 4309 1019 4365 sed
1052 4326 1201 4363 autne
1228 4311 1473 4373 iudicium
1512 4312 1648 4365 dedit
1693 4311 1832 4366 Filio
1874 4313 2049 4381 (Joan.

464 4417 520 4468 ν,
549 4401 673 4472 9.2);
707 4413 759 4456 et
790 4403 875 4456 bie
901 4403 1060 4467 dicit,
1111 4401 1231 4469 Non
1275 4420 1444 4472 quaero
1485 4406 1700 4474 gloriam
1743 4422 1939 4470 nteant;
1981 4418 2055 4462 est

464 4493 551 4565 qui
581 4502 768 4563 quierat
790 4504 833 4546 et
848 4494 1081 4564 jndicet?
1112 4494 1165 4548 Si
1198 4510 1323 4563 ergo
1352 4494 1551 4563 judicat
1578 4496 1755 4559 Pater,
1789 4501 2053 4567 quomodo

465 4600 571 4641 non
616 4585 817 4656 judicat
858 4602 1209 4657 quemquam,
1253 4586 1347 4642 sed
1396 4603 1555 4642 omne
1602 4589 1856 4655 judicium
1909 4592 2055 4649 dedit

427 4697 431 4702 λ
463 4676 635 4732 Filio?

470 4745 472 4748 ν
538 4769 591 4825 5.
626 4769 771 4825 Hane
792 4772 1135 4840 qnzrstionem
1161 4779 1217 4823 ut
1240 4771 1536 4837 solvamus,
1568 4774 1859 4842 attendite;
1893 4780 2052 4836 simili

465 4858 735 4916 locutione
762 4862 893 4915 Solvi
950 4870 1137 4928 potest.
1170 4860 1435 4931 Scriptum
1469 4864 1664 4929 babes,
1714 4867 1849 4923 Deus
1894 4877 2052 4925 nemi-

466 4970 582 5009 nem
607 4964 763 5009 tentat
791 4955 989 5025 (Jacobi
1012 4971 1061 5018 ι,
1104 4948 1227 5025 15);
1260 4960 1311 5007 et
1341 4956 1527 5010 iterum
1561 4960 1814 5028 scriptum
1854 4963 2047 5034 babes,

464 5043 650 5102 Tentat
670 5060 754 5099 vos
778 5044 1028 5099 Dominus
1047 5043 1183 5098 Deus
1209 5056 1381 5110 vester,
1413 5056 1466 5100 ut
1491 5049 1618 5101 sciat
1642 5052 1684 5104 si
1712 5053 1920 5123 diligitis
1940 5074 2052 5111 enm

465 5138 649 5212 (Deut.
682 5154 799 5198 sin,
824 5137 899 5207 5).
924 5136 1125 5206 Nempe
1148 5139 1371 5207 quaestio
1391 5148 1502 5203 est,
1531 5141 1741 5195 videtis.
1775 5145 2051 5212 Quomodo

463 5231 610 5287 enim
640 5229 777 5282 Deus
804 5228 1048 5281 nentinem
1072 5238 1245 5293 tentet,
1275 5241 1327 5283 et
1355 5233 1620 5299 quomodo
1645 5242 1799 5288 tentet
1829 5253 1912 5293 vos
1949 5239 2052 5295 Do-

462 5322 633 5378 minus
658 5319 1003 5385 .Dcusoester,
1032 5329 1086 5373 ut
1119 5321 1313 5376 sciatsi
1338 5322 1547 5391 diligitis
1579 5327 1730 5381 eum?
1757 5327 1884 5384 ltem
1916 5334 2048 5389 scri-

464 5425 613 5485 ptum
643 5424 725 5471 est
743 5457 760 5479 ,
792 5412 964 5468 Timor
984 5431 1085 5467 non
1111 5414 1251 5481 estin
1276 5415 1519 5471 caecitate
1538 5459 1551 5481 ,
1570 5418 1662 5472 sed
1681 5425 1902 5491 perfecta
1932 5427 2053 5480 cltu—

464 5508 589 5563 ritas
614 5510 755 5578 {oras
779 5507 923 5561 mittit
948 5508 1177 5559 timorem
1204 5506 1242 5577 (Ι
1273 5505 1428 5561 Joan.
1465 5524 1537 5575 tv,
1573 5510 1695 5581 18);
1724 5522 1776 5566 et
1800 5516 1904 5567 alio
1935 5517 2048 5575 loco

465 5602 720 5671 scriptum
752 5610 833 5655 est
851 5643 865 5659 ,
886 5598 1069 5654 (Timor
1097 5600 1300 5653 Domini
1322 5609 1490 5655 castus
1510 5644 1523 5664 ,
1554 5619 1848 5673 permanens
1871 5611 1922 5662 in
1949 5628 2049 5666 sa:-

466 5695 639 5755 culum
663 5692 836 5749 circuli
865 5693 1032 5764 (.Psal.
1054 5711 1232 5755 .xvnt,
1284 5696 1394 5763 10).
1446 5695 1513 5749 Et
1547 5700 1657 5763 ipsa
1697 5704 1917 5766 quwstio
1944 5717 2045 5762 est.

377 5846 385 5851 _
469 5785 751 5855 Quomodo
774 5790 934 5849 enim,
964 5789 1186 5859 perfecta
1215 5789 1435 5841 citaritas
1464 5790 1603 5857 foras
1629 5793 1776 5845 mittit
1800 5795 2045 5869 timorem,

390 5854 393 5855 ν
470 5854 518 5938 si
542 5876 692 5931 timor
717 5876 921 5929 Domini
960 5854 1143 5955 castus.
1168 5887 1441 5945 permanet
1482 5879 1535 5931 in
1573 5883 1813 5936 steculum
1844 5892 2052 5944 sternli?

2167 744 2285 802 quae
2326 734 2554 805 decipit,
2598 738 2735 795 Deus
2773 747 3019 801 neminem
3061 758 3250 816 tentet;
3291 758 3561 814 secundum
3606 780 3697 822 eam

2166 840 2283 894 qum.
2314 828 2535 895 probat,
2577 841 2730 886 tentat
2754 851 2839 890 eos
2883 836 3131 895 Dominus
3159 843 3295 900 Deus
3331 860 3499 916 vester,
3536 863 3584 906 ut
3604 857 3702 912 sciat

2165 916 2210 970 si
2233 917 2441 988 diligitis
2462 937 2592 975 cum.
2625 925 2727 979 Sed
2770 927 2958 983 iterum
2998 941 3052 985 et
3094 934 3176 988 hic
3218 937 3319 992 alia
3347 942 3565 998 nascitur
3587 962 3700 1017 qtae-

2166 1006 2303 1073 stio,
2334 1013 2603 1078 quomodo
2632 1023 2785 1069 leniat
2812 1030 2865 1071 ut
2902 1022 3063 1086 sciat,
3099 1039 3257 1093 quem
3296 1029 3458 1085 latere
3494 1006 3700 1104 nihil-po-

2168 1107 2267 1152 test
2294 1110 2577 1171 antequam
2609 1115 2794 1161 tentet.
2837 1110 2951 1165 Non
2980 1128 3108 1183 ergo
3143 1116 3280 1171 Deus
3306 1123 3470 1177 nescit
3496 1140 3509 1177 :
3537 1127 3616 1195 sed
3639 1129 3702 1182 di-

2165 1200 2305 1245 ctum
2324 1202 2405 1247 est
2424 1235 2436 1258 ,
2466 1206 2523 1249 ut
2551 1199 2709 1264 sciat,
2743 1202 2882 1270 quod
2910 1213 3018 1269 est,
3055 1217 3119 1261 ut
3158 1211 3296 1265 scire
3326 1228 3418 1268 vos
3446 1214 3602 1272 faciat.
3625 1219 3705 1275 Lo-

2166 1283 2405 1338 cutiones
2436 1288 2566 1343 tales
2595 1300 2647 1344 et
2691 1292 2743 1346 in
2786 1297 3120 1353 sermonibus
3168 1303 3367 1359 nostris
3401 1317 3546 1373 sunt,
3584 1318 3629 1365 et
3661 1313 3700 1367 in

2164 1375 2468 1429 auctoribus
2496 1378 2812 1449 eloquentia:
2851 1393 3205 1457 reperiuntur.
3255 1394 3330 1448 De
3370 1412 3596 1455 sermoae
3632 1416 3705 1457 uo-

2165 1472 2277 1516 stro
2302 1469 2495 1536 aliquid
2526 1472 2721 1526 dicam.
2753 1474 2912 1530 Fossa
2939 1495 3077 1535 amca
3109 1482 3321 1553 dicitur,
3347 1503 3448 1542 non
3487 1492 3591 1561 quia
3617 1492 3704 1563 ipsa

2162 1557 2345 1612 Oculos
2378 1562 2631 1627 perdidit,
2676 1568 2769 1621 sed
2814 1571 2933 1639 quia
2965 1571 3177 1630 latendo
3207 1593 3313 1632 non
3341 1557 3566 1638 videntes
3588 1584 3702 1641 facit.

2163 1645 2373 1714 Aliquid
2417 1661 2470 1705 et
2507 1652 2576 1707 de
2617 1656 2719 1712 illis
2748 1664 3052 1718 auctoribus
3081 1666 3279 1723 dicam.
3313 1670 3507 1728 Tristes
3534 1676 3703 1746 Iupitros

2163 1737 2238 1789 ait
2262 1741 2475 1809 quidam
2508 1744 2676 1818 (Virg.
2706 1749 2888 1824 Georg.
2921 1755 3009 1811 lib.
3043 1758 3107 1823 ι,
3137 1775 3183 1813 υ.
3220 1761 3308 1832 75)
3334 1806 3347 1828 ,
3373 1763 3470 1821 hoc
3495 1779 3566 1821 est
3585 1737 3705 1824 ama-

2163 1843 2251 1883 ros
2281 1849 2293 1883 :
2327 1849 2430 1886 nim
2458 1837 2578 1903 quia
2607 1839 2704 1907 ipsi
2729 1854 2852 1898 sunt
2883 1848 3089 1916 tristes,
3131 1852 3227 1906 sed
3255 1856 3374 1923 quia
3402 1861 3579 1927 gustati
3601 1875 3704 1916 con-

2164 1921 2402 1990 tristant,
2430 1926 2530 1981 hoc
2554 1942 2663 1997 est,
2698 1935 2873 1990 tristes
2896 1937 3114 1994 faciunt.
3138 1921 3427 2017 Sunt—ergo
3450 1958 3502 2003 et
3524 1951 3570 2004 in
3593 1951 3704 2007 Scri-

2164 2015 2330 2080 pturis
2345 2016 2639 2077 locutiones
2658 2023 2936 2095 ejusmodi.
2955 2030 3053 2098 Qui
3082 2034 3131 2087 in
3162 2015 3705 2109 talibusquzestionibus

2161 2112 2543 2174 cognoscendis
2572 2113 2832 2183 laborant,
2858 2121 2908 2173 in
2932 2124 3202 2179 solvendis
3232 2129 3421 2185 talibus
3442 2137 3707 2204 qnzestionid

2161 2195 2260 2249 bus
2299 2215 2400 2254 non
2442 2203 2697 2260 laborant.
2735 2210 2873 2279 Ergo
2902 2223 3057 2269 tentat
3086 2234 3170 2272 vos
3206 2219 3452 2278 Dominus
3496 2224 3618 2281 Deus
3640 2245 3704 2282 re-

2161 2298 2280 2353 ster,
2315 2305 2367 2346 nt
2400 2297 2522 2349 sciat
2546 2314 2565 2351 :
2590 2302 2713 2368 quid
2735 2314 2815 2358 est
2852 2348 2867 2371 ,
2900 2317 2953 2360 ut
2980 2310 3105 2363 sciat
3121 2313 3146 2366 .’
3172 2312 3250 2369 Ut
3278 2318 3414 2373 scire
3440 2335 3528 2374 vos
3551 2320 3702 2389 faciat,

2159 2381 2203 2434 si
2224 2383 2368 2454 diligi
2392 2388 2433 2439 is
2454 2404 2587 2442 eum.
2616 2392 2718 2446 Job
2744 2396 2939 2451 latebat
2962 2416 3019 2455 se
3038 2443 3051 2466 ,
3085 2405 3177 2458 sed
3211 2405 3375 2462 Deum
3404 2426 3501 2465 non
3522 2411 3701 2481 latebat;

2160 2472 2374 2529 admisit
2404 2488 2718 2539 tentatorem
2745 2528 2758 2551 ,
2789 2499 2841 2543 et
2871 2490 2989 2546 fecit
3015 2511 3135 2548 eum
3163 2500 3251 2552 sui
3276 2503 3604 2573 cognitorem.

2234 2564 2283 2617 7.
2310 2567 2442 2634 Quid
2465 2570 2533 2625 de
2558 2572 2767 2633 duobus
2794 2582 3104 2641 timoribus?
3132 2589 3235 2643 Est
3266 2564 3424 2649 tinior
3449 2597 3646 2664 servilis,
3663 2606 3704 2654 et

2160 2665 2241 2708 est
2265 2658 2421 2712 timor
2444 2674 2658 2732 castus;
2700 2680 2782 2724 est
2828 2674 2989 2729 timor
3033 2692 3100 2731 ne
3148 2683 3372 2749 patiaris
3399 2696 3705 2755 paenam,es't

2159 2746 2294 2801 alius
2322 2751 2479 2807 timor
2506 2771 2574 2811 ne
2602 2761 2812 2815 amittas
2835 2765 3112 2833 justitiam.
3143 2746 3334 2828 'l‘imor
3372 2778 3459 2834 ille
3489 2795 3550 2834 ne
3572 2781 3701 2850 patia-

2161 2838 2234 2891 ris
2264 2856 2472 2908 paanam
2492 2887 2507 2910 ,
2532 2852 2741 2907 servilis
2764 2865 2861 2909 est.
2893 2859 3027 2924 Quid
3055 2877 3311 2933 magnum
3330 2879 3411 2924 est
3433 2873 3596 2926 timere
3619 2888 3685 2942 pa:

2161 2933 2323 2984 nam?
2352 2934 2463 2991 Hoc
2489 2949 2541 2992 et
2573 2946 2926 3012 nequissimus
2965 2967 3151 3007 servus
3170 2997 3184 3020 ,
3239 2958 3342 3015 hoc
3369 2972 3420 3016 ct
3444 2960 3700 3020 crudelita-

2161 3039 2277 3080 mus
2304 3028 2456 3083 latro.
2490 3032 2602 3088 Non
2634 3046 2715 3091 est
2743 3055 2989 3111 magnum
3023 3049 3215 3105 timere
3247 3068 3455 3122 poenam
3477 3099 3487 3121 ,
3511 3058 3591 3112 sed
3617 3072 3682 3112 ma

2156 3130 2318 3185 gnum
2358 3131 2443 3177 est
2469 3140 2650 3181 amare
2670 3131 2948 3196 justitiam.
2982 3138 3081 3205 Qui
3113 3156 3249 3213 ergo
3277 3156 3417 3201 amat
3451 3150 3698 3219 justitiam,

2158 3209 2287 3263 nihil
2316 3214 2503 3268 timet?
2531 3217 2703 3274 Timet
2732 3224 2885 3289 plane
2914 3245 2925 3279 ε
2957 3244 3061 3283 non
3091 3246 3158 3287 ne
3178 3209 3390 3292 incidat
3415 3209 3468 3294 in
3498 3248 3699 3311 prunam,

2157 3303 2250 3355 sed
2279 3321 2343 3358 ne
2365 3308 2570 3363 amittat
2590 3313 2869 3381 justitiam.
2901 3319 3112 3379 Fratres
3134 3330 3273 3397 mei,
3306 3334 3517 3398 credite,
3539 3345 3584 3389 et
3602 3334 3702 3405 coli;

2155 3392 2301 3462 jicite
2326 3412 2389 3451 ex
2414 3413 2478 3452 eo
2507 3404 2646 3470 quod
2672 3410 2882 3463 amatis.
2912 3414 3067 3467 Amat
3091 3392 3293 3487 aliquis
3323 3435 3542 3479 vestrum
3570 3434 3699 3496 pecu-

2158 3484 2318 3539 niam.
2349 3487 2539 3556 Putas,
2570 3494 2782 3551 invenio
2805 3502 3036 3572 aliquem
3058 3510 3144 3577 qui
3171 3484 3285 3567 non
3311 3518 3488 3571 amet?
3524 3519 3590 3572 Ex
3622 3518 3699 3589 hoc

2158 3584 2332 3633 tamen
2386 3582 2499 3649 ipso
2538 3589 2678 3655 quod
2725 3601 2899 3657 amat,
2948 3597 3208 3671 intelligat
3242 3582 3707 3676 quoddicoJ'milil

2156 3668 2408 3727 damnum
2438 3693 2451 3729 :
2478 3692 2642 3746 quare
2669 3684 2821 3740 timet
2844 3668 3141 3749 damnum‘i
3164 3668 3302 3764 Quia
3322 3692 3698 3774 'pecunihm’dili‘i

2155 3762 2249 3830 git.
2276 3764 2541 3830 Quantum
2580 3788 2717 3828 amat
2769 3783 3046 3846 pecuniam
3068 3827 3083 3851 ,
3115 3762 3499 3851 tantnm'timet
3521 3812 3578 3867 ne
3601 3811 3697 3866 per-

2156 3851 2247 3907 dat
2277 3861 2571 3924 pecuniam.
2607 3866 2744 3936 Ergo
2772 3870 3038 3928 invenitur
3057 3879 3255 3950 aliquis
3279 3882 3481 3943 amator
3497 3851 3701 3959 ijtitittl,‘

2155 3946 2242 4013 qui
2267 3949 2383 4017 plus
2408 3952 2458 4005 in
2485 3957 2647 4010 corde
2662 3959 2910 4018 damnum
2937 3946 3404 4046 pertimescat,qui
3429 3946 3705 4047 (litistiiatilii‘

2155 4041 2682 4117 exepoliarijnstitia,
2709 4068 2864 4119 quam
2896 4066 2949 4111 tu
2978 4062 3223 4128 pecunia.
3256 4041 3623 4138 lps-e'esttimot
3638 4058 3707 4125 et?

2155 4138 2288 4196 stus,
2312 4133 2422 4202 ipse
2451 4152 2720 4205 permanet
2751 4145 2802 4199 in
2824 4152 3074 4205 smculum
3104 4160 3289 4213 szrculi
3320 4178 3334 4215 :
3360 4148 3594 4217 non-cum

2155 4222 2217 4277 lit
2240 4226 2470 4282 charitas
2489 4271 2504 4295 ,
2529 4247 2628 4288 nec
2657 4235 2799 4291 foras
2829 4242 3015 4307 mittit,
3047 4247 3140 4300 sed
3167 4252 3338 4321 magis
3358 4252 3697 4325 coritplectltiti‘,

2156 4322 2210 4368 et
2234 4320 2483 4374 comitem
2512 4333 2657 4380 tenet
2683 4328 2841 4385 simul
2864 4342 2917 4387 et
2944 4337 3199 4403 possidet.
3238 4320 3493 4399 Venimus
3504 4336 3626 4399 (επίιή
3640 4332 3703 4396 illi

2156 4407 2475 4479 Dominum,
2506 4427 2561 4469 ut
2589 4420 2861 4477 videam-as
2909 4425 3043 4482 facie
3084 4430 3150 4484 ad
3195 4433 3427 4492 faciem:
3468 4437 3539 4493 ibi
3575 4432 3699 4490 tittibt‘

2157 4511 2332 4553 castus
2357 4520 2454 4558 nos
2478 4518 2684 4574 servat;
2718 4513 2876 4569 timor
2894 4519 3033 4573 enim
3066 4521 3153 4578 ille
3178 4541 3284 4579 non
3318 4526 3605 4596 perturbat,“
3623 4521 3697 4581 sed

2156 4592 2453 4649 confirmat.
2500 4598 2670 4655 Timet
2700 4606 3156 4667 mulieradultera
3199 4633 3265 4672 ne
3290 4592 3695 4690 v-ir‘ejus‘venit‘ti

2159 4681 2309 4737 timet
2330 4695 2383 4739 et
2404 4698 2549 4744 casm
2577 4706 2643 4748 ne
2670 4696 2751 4748 vir
2770 4699 2885 4766 ejus
2908 4701 3182 4761 abscedat.
3334 4735 3338 4740 ν
3592 4722 3595 4727 ’

2226 4774 2281 4829 8.
2328 4777 2469 4850 Ergo
2493 4783 2627 4838 sicut
2654 4790 2945 4844 secundum
2989 4794 3146 4849 aliaat
3188 4800 3695 4866 tentationemgbm

2157 4866 2403 4922 neminem
2435 4882 2625 4938 tentet;
2647 4880 2936 4937 secundum
2966 4887 3121 4941 aliam
3148 4906 3276 4947 vero
3294 4935 3307 4958 ,
3340 4902 3490 4949 tentat
3514 4910 3592 4948 vos
3611 4890 3693 4943 00-

2157 4961 2324 5015 minus
2350 4962 2488 5018 Deus
2508 4977 2665 5023 vester
2693 4986 2711 5023 :
2740 4982 2794 5026 et
2829 4981 3121 5035 secundum
3158 4985 3318 5039 alium
3340 4988 3606 5052 timorem,
3641 4983 3692 5036 ti-

2156 5070 2266 5107 mor
2291 5072 2393 5109 non
2435 5068 2507 5111 est
2551 5061 2603 5113 in
2630 5063 2905 5134 citaritatc,
2949 5073 3039 5124 sed
3081 5078 3301 5145 perfecta
3337 5080 3544 5134 charitm
3582 5076 3692 5148 [om

2156 5147 2303 5199 mittit
2332 5148 2595 5217 timerent;
2622 5158 2916 5213 secundum
2944 5176 3068 5217 vero
3089 5166 3249 5221 alium
3281 5169 3542 5235 timorem,
3573 5169 3691 5221 ῑὶηιυτ

2155 5236 2360 5293 Domini
2380 5256 2549 5298 castus
2571 5260 2846 5313 permanet
2873 5254 2925 5307 in
2952 5260 3197 5313 swculnm
3217 5264 3388 5316 seculi
3407 5280 3428 5335 .'
3450 5264 3521 5317 sic
3542 5252 3585 5316 et
3610 5258 3689 5312 hoc

2157 5332 2277 5389 loco
2298 5375 2313 5400 ,
2346 5338 2636 5392 secundum
2660 5342 2884 5398 alterum
2910 5349 3201 5419 judicium,
3237 5334 3500 5406 Pater'non
3523 5346 3692 5423 fudit“

2154 5443 2452 5499 quamquam
2475 5474 2486 5493 ,
2519 5434 2608 5486 sed
2644 5452 2788 5491 omne
2807 5440 3063 5507 judicium
3088 5446 3224 5500 dedit
3250 5444 3415 5527 Filio;
3438 5440 3684 5529 scutum

2153 5534 2283 5573 vero
2302 5523 2529 5579 alterum
2554 5525 2835 5595 judicium,
2864 5532 2980 5603 Ego
3002 5578 3014 5598 ,
3034 5537 3218 5607 inquit
3240 5581 3256 5607 ,
3278 5523 3399 5593 “non,
3419 5544 3571 5637 qun-ra

2154 5614 2281 5667 riam
2306 5632 2505 5682 meum;
2535 5628 2608 5673 est
2635 5624 2720 5689 qui
2744 5632 2936 5690 qureret
2962 5636 3008 5679 et
3029 5622 3263 5696 ﬁniit“:
3410 5628 3451 5655 ,ιι
3530 5614 3540 5637 ι
3602 5620 3623 5643 μ
3676 5634 3683 5643 .

2225 5706 2277 5759 9.
2320 5709 2385 5761 Et
2427 5710 2497 5793 de.
2534 5713 2649 5782 ipso
2681 5717 2840 5789 verbo
2872 5720 3105 5793 ’qumstig
3131 5721 3497 5797 istasolvatur.
3532 5717 3681 5784 ΠΨ

2156 5798 2206 5851 iu
2232 5786 2523 5868 Evangelio
2568 5786 3039 5867 commemoratum
3056 5786 3287 5886 “pedale
3299 5813 3535 5886 judicium
3558 5825 3573 5862 :
3601 5804 3685 5874 οδ

2160 5907 2257 5946 non
2284 5894 2475 5959 credit,
2517 5897 2627 5963 jam
2653 5901 2915 5968 judicatus
2956 5916 3031 5961 est
3076 5907 3252 5981 (Im.
3282 5898 3679 5979 iti,’t8);elill°
