3926 6372
481 391 615 456 "ll
659 441 668 450 .

477 516 602 588 quid
644 510 876 583 faciant?
899 507 1035 575 Quid
1069 501 1114 561 si
1141 519 1260 558 rum
1302 502 1623 564 occiderint,
1658 515 1853 570 Corpus
1885 498 2070 554 bestiis

479 608 818 664 lacerandum
850 615 903 658 et
929 599 1285 670 diripiendum
1324 598 1538 650 alitibus
1577 595 1896 666 projit-iaut?
1927 594 2072 647 vide-

479 713 565 758 tur
589 702 762 755 adlmc
802 696 1002 751 saevitia
1037 694 1233 748 habere
1261 691 1399 761 quod
1443 691 1620 744 faciat.
1654 689 1758 743 Sed
1799 688 1880 741 cui
1909 686 2070 740 fat-it?

477 794 577 862 Qui
609 790 872 861 migravit.
910 788 1048 841 Inest
1093 801 1323 854 corpus,
1353 782 1446 837 sed
1488 783 1660 836 nullus
1703 790 1785 835 est
1831 795 2020 834 sensus
2053 796 2066 832 :

477 882 730 938 habitatio
753 880 929 948 jacet,
966 878 1229 931 habitator
1257 874 1532 927 abscessit.
1579 871 1716 940 Ergo
1757 883 1936 940 postea
1969 885 2069 922 non

475 974 657 1028 habent
697 972 818 1042 quiti
844 972 1033 1039 [at-iant
1063 983 1204 1022 :uon
1237 966 1482 1020 sentienti
1511 965 1654 1019 enim
1684 963 1810 1017 nihil
1851 961 2066 1015 faciunt.

475 1067 584 1124 Sed
608 1065 721 1120 eum
748 1065 913 1118 timete
948 1063 1032 1134 qui
1073 1062 1216 1114 habet
1251 1068 1544 1128 potestatem
1588 1066 1631 1108 et
1669 1071 1854 1123 corpus
1879 1064 1925 1105 et
1953 1052 2068 1106 ani-

472 1176 610 1212 mam
660 1157 885 1212 occidere
936 1155 987 1207 in
1039 1153 1264 1225 gehenna
1315 1150 1446 1220 ignis
1502 1146 1726 1218 (Matth.
1784 1162 1852 1211 x,
1884 1144 2067 1208 9.8,et

413 1242 420 1248 ’
473 1249 599 1305 Luc.
634 1266 742 1313 xu,
774 1249 834 1311 1,
861 1249 935 1316 5).
970 1247 1105 1300 Ecce
1143 1245 1210 1298 de
1251 1259 1350 1313 qna
1379 1250 1552 1296 morte
1580 1240 1910 1308 loquebatur,
1946 1253 2066 1292 cum

471 1344 702 1406 diceret,
734 1341 832 1406 Qui
874 1355 1151 1394 sermonem
1190 1351 1351 1389 meum
1390 1334 1686 1394 servaverit,
1719 1341 1924 1384 mortem
1967 1346 2067 1383 non

471 1435 654 1490 videbit
697 1435 747 1487 in
796 1444 1057 1486 a'ternum.
1089 1429 1380 1484 Scrvemus
1424 1441 1583 1496 ergo,
1613 1424 1832 1488 fratres,
1864 1437 2066 1475 sermo-

471 1541 594 1582 nem
637 1525 800 1593 ipsius
829 1523 879 1576 iu
913 1522 1049 1581 title;
1087 1519 1388 1589 perventuri
1430 1518 1495 1569 ad
1528 1518 1794 1585 speciem,
1826 1528 1947 1568 cum
1971 1527 2064 1566 ac-

468 1611 770 1690 ceperimus
790 1615 1152 1687 plenissimam
1184 1612 1506 1665 libertatem.

543 1711 630 1765 13.
671 1709 760 1765 lsti
788 1719 962 1760 autem
997 1705 1332 1774 indignantes
1355 1704 1543 1755 mortui
1567 1743 1580 1762 ,
1611 1710 1664 1756 ct
1691 1700 1846 1752 morti
1870 1697 2065 1768 sempi-

469 1816 636 1860 terna:
657 1797 1016 1870 przedeetinati
1033 1838 1048 1860 ,
1078 1795 1474 1864 reSpoudebant
1498 1793 1818 1852 conviciose,
1841 1799 1894 1843 et
1920 1790 2066 1843 dice-

467 1895 599 1951 baut
619 1912 631 1947 :
656 1891 809 1946 Modo
822 1889 1147 1960 cognovimus
1165 1888 1282 1954 quia
1299 1887 1600 1939 dannonium
1619 1884 1784 1936 habes.
1809 1882 2064 1935 Abraham

467 1995 697 2039 mortuus
712 1992 782 2036 est
801 1992 844 2035 et
871 1980 1159 2050 Pmphetw.
1181 1977 1286 2032 Sed
1311 1977 1406 2030 ista
1435 1985 1604 2030 tnorte
1631 1991 1786 2044 quam
1811 1973 2062 2028 Dominus

467 2075 584 2130 vult
635 2073 889 2142 intell'gi,
917 2087 1013 2126 nec
1058 2070 1324 2124 Abraham
1365 2076 1607 2122 tltOt‘ltlttS
1647 2076 1760 2127 est,
1795 2080 1895 2118 nec
1935 2064 2064 2118 Pro-

466 2162 1290 2238 11110110.11110111111111011111511111,
1307 2169 1360 2212 et
1396 2159 1576 2212 vivunt
1596 2177 1607 2209 :
1629 2158 1713 2210 isti
1731 2157 1994 2216 vivebant,
2009 2165 2064 2210 et.

466 2257 664 2313 mortui
685 2264 856 2310 erant.
878 2253 1008 2308 Nam
1028 2251 1358 2321 respondens
1375 2250 1604 2320 quodam
1626 2251 1740 2302 loco
1755 2249 2061 2303 Sadducmis

466 2345 807 2404 moventibus
832 2345 1179 2416 qumstionem
1208 2345 1271 2396 de
1289 2341 1700 2402 resurrectione,
1726 2340 1824 2394 hoc
1851 2341 1923 2392 ait
1949 2339 2061 2407 ipse

465 2441 724 2496 Dominus
745 2457 756 2492 :
779 2437 855 2493 De
876 2437 1238 2491 resurrectione
1262 2447 1428 2488 autent
1457 2445 1769 2488 mortuorum
1801 2451 1901 2486 non
1937 2433 2061 2501 legi-

465 2512 862 2601 stisﬁtnomodo
877 2531 949 2583 ait
965 2529 1218 2582 Dominus
1242 2526 1308 2581 de
1329 2527 1459 2580 rubo
1477 2525 1540 2578 ad
1565 2525 1798 2595 Moysen,
1823 2524 1930 2594 Ego
1949 2540 2059 2576 sum

463 2621 603 2677 Deus
629 2621 915 2684 Abraham,
953 2633 995 2672 et
1022 2619 1154 2672 Deus
1189 2617 1418 2677 lsaac,et
1449 2615 1584 2669 Deus
1606 2615 1810 2668 Iacob?
1845 2617 1957 2667 Non
1989 2625 2060 2667 est

463 2711 602 2766 Deus
638 2722 984 2775 mortuorum,
1013 2711 1100 2762 sed
1142 2711 1363 2762 vivorum
1387 2705 1595 2779 (Matth.
1631 2723 1736 2760 xxu
1763 2749 1777 2771 ,
1812 2708 1870 2762 5|
1895 2718 1938 2759 et
1958 2707 2054 2772 52;

462 2801 635 2858 Exod.
663 2819 740 2866 Ill,
760 2803 834 2874 6).
865 2803 919 2856 Si
943 2817 1068 2871 ergo
1099 2799 1170 2853 illi
1197 2801 1397 2863 vivunt,
1428 2798 1729 2852 laboremus
1751 2799 1827 2850 sic
1858 2797 2054 2865 vivere,

464 2904 522 2950 ut
561 2909 681 2948 cum
724 2895 827 2947 illis
853 2895 1028 2946 vivere
1061 2892 1322 2960 possimus
1351 2891 1364 2920 ¹
1394 2905 1514 2942 011111
1553 2890 1744 2942 mortui
1783 2890 2054 2943 fuerimus.

467 2988 628 3054 Quem
671 2992 883 3059 teipsum
933 2988 1091 3054 facis,
1126 2986 1395 3055 inquiunt,
1428 2994 1481 3036 ut
1505 2983 1681 3045 dit-as,
1716 2983 1930 3035 Mortem
1957 3000 2056 3036 non

461 3081 644 3136 videbit
693 3083 744 3133 in
795 3089 1062 3142 veternum,
1093 3079 1173 3148 qui
1223 3093 1496 3130 sermonem
1543 3092 1706 3128 meum
1751 3074 2056 3138 servaverit;

463 3187 586 3229 cum
606 3172 742 3227 scias
759 3170 1086 3224 etAbrabam
1107 3178 1370 3222 mortuum
1389 3176 1441 3219 et
1456 3165 1775 3236 prophetas?

538 3267 628 3321 14.
685 3263 966 3335 Respondit
1013 3260 1203 3315 Jesus:
1241 3261 1300 3315 Si
1357 3277 1445 3329 ego
1496 3260 1724 3328 glori/ica
1777 3260 2053 3327 meipsnm,

462 3361 628 3433 gloria
653 3377 764 3413 mea
795 3359 921 3411 nihil
967 3365 1035 3410 est
1064 3372 1082 3408 :
1112 3363 1184 3407 est
1221 3353 1372 3405 Pater
1399 3369 1535 3405 naeus
1563 3354 1646 3420 qui
1675 3353 1924 3422 glori/ient
1954 3367 2050 3404 me.

463 3447 578 3507 Hoc
607 3451 681 3505 ait
715 3461 931 3520 preptcr
977 3445 1104 3500 iilnd
1145 3445 1285 3514 qtuod
1325 3443 1606 3501 dixerunt.
1644 3444 1801 3506 Quem
1843 3444 2055 3511 teipsum

464 3541 636 3614 facis?
665 3540 846 3595 llefert
882 3539 1021 3593 enim
1050 3538 1270 3605 gloriam
1307 3552 1454 3588 suam
1485 3535 1547 3588 ad
1584 3537 1789 3589 Patrem
1813 3578 1825 3597 ,
1857 3535 1923 3588 de
1949 3551 2055 3603 quo

464 3647 546 3692 est
575 3637 716 3706 quod
752 3636 888 3689 Dens
916 3641 1014 3686 cst.
1061 3630 1357 3699 Aliquando
1390 3630 1568 3683 Ariani
1595 3640 1646 3683 et
1673 3630 1740 3682 de
1767 3630 1866 3682 isto
1891 3630 2054 3684 verbo

462 3726 853 3779 calumniantur
875 3723 993 3777 tidei
1020 3731 1243 3781 nostrae,
1276 3730 1329 3775 et
1353 3721 1534 3774 dicunt
1568 3738 1579 3773 :
1619 3721 1754 3775 Ecce
1783 3721 1950 3789 major
1973 3730 2053 3776 est

463 3816 640 3879 Pater,
672 3814 793 3885 quia
840 3816 1019 3884 utique
1060 3813 1318 3882 glorificat
1356 3811 1566 3866 Filium.
1615 3812 1872 3866 lla-retice
1897 3854 1911 3874 ,
1947 3828 2049 3866 non

462 3905 636 3977 lcgisd
683 3914 736 3960 et
781 3905 953 3975 ipsum
990 3904 1179 3958 Filium
1209 3906 1470 3958 dicentem
1500 3905 1637 3973 quod
1670 3904 1928 3974 glorilicet
1956 3905 2055 3959 Pa-

462 4011 599 4054 trem
627 4014 780 4053 suum
811 3997 987 4069 (Joan.
1015 4013 1138 4059 xvn,
1169 3996 1258 4066 tl)?
1285 3996 1338 4050 Si
1369 4007 1420 4050 et
1449 3997 1534 4050 ille
1559 3996 1747 4050 Filium
1768 3997 2047 4066 glorilicat,

461 4103 514 4148 ct
542 4091 706 4147 Filius
727 4091 934 4146 Patrem
953 4089 1244 4160 glorificat:
1271 4106 1405 4157 pone
1425 4089 1795 4158 pervicaciam,
1821 4104 2049 4158 agnosce

461 4187 849 4258 aequalitatem,
880 4184 1085 4254 corrige
1117 4185 1538 4252 perversitatem.

533 4278 620 4332 15.
666 4276 755 4330 Est
796 4293 924 4344 ergo
947 4319 961 4342 ,
1005 4276 1202 4345 inquit,
1233 4273 1386 4328 Pater
1408 4291 1546 4327 meus
1570 4275 1656 4343 qui
1679 4274 1928 4344 glori/ient
1951 4291 2046 4339 me,

459 4386 605 4442 quem
635 4386 718 4422 ros
747 4369 912 4422 dicitis
933 4410 947 4432 ,
983 4369 1114 4432 Quia
1148 4366 1284 4420 Deus
1311 4377 1475 4419 noster
1501 4379 1604 4427 est,
1633 4377 1677 4418 ct
1719 4384 1816 4418 non
1857 4382 2048 4436 cogno-

461 4461 600 4514 vistis
627 4476 760 4512 eum.
791 4459 998 4522 Videte,
1031 4459 1220 4510 fratres
1251 4458 1375 4516 mei,
1406 4458 1846 4523 quemadmodtnn
1872 4469 2050 4511 osten-

461 4553 553 4607 dat
582 4553 752 4621 ipsum
783 4550 945 4603 Deum
978 4549 1185 4601 Patrem
1209 4562 1328 4600 esse
1350 4547 1566 4607 Christi,
1593 4547 1681 4616 qui
1709 4550 2048 4604 :nnntntiatus

460 4654 543 4701 est
588 4653 643 4696 et.
687 4640 901 4696 Juda‘is.
938 4639 1224 4708 Propterea
1274 4639 1424 4702 dico,
1456 4639 1574 4707 quia
1607 4655 1791 4692 rursus
1834 4639 2046 4709 quidam

462 4734 701 4792 1110101101
747 4734 926 4788 dicunt
956 4733 1120 4786 Dcmn
1168 4732 1532 4784 annuntiattnn
1579 4731 1628 4784 in
1664 4729 1837 4785 Veteri
1868 4732 2049 4786 Testa-

461 4843 672 4896 mento,
707 4844 813 4884 non
855 4842 971 4881 esse
1024 4826 1232 4880 Patrem
1262 4824 1488 4887 (lbi-isti;
1527 4824 1617 4878 sed
1666 4825 1845 4878 nescio
1889 4842 2045 4897 quem

459 4927 755 4994 principem
803 4923 1063 4977 tnalornm
1095 4921 1429 4990 angelorum.
1479 4918 1748 4974 Manicbzei
1790 4929 1913 4974 sunt
1955 4921 2042 4991 qui

460 5020 560 5074 ista
598 5017 813 5082 dicunt,
848 5016 1168 5071 Marcionitw
1209 5025 1330 5068 sunt
1359 5013 1444 5084 qui
1473 5013 1571 5068 ista
1602 5013 1800 5068 dicunt.
1830 5015 1962 5070 Sunt
1991 5025 2046 5070 et

457 5109 548 5165 alii
598 5109 824 5164 fortasse
867 5109 1134 5172 haeretici,
1169 5123 1301 5178 quos
1344 5122 1763 5162 commemorare
1810 5108 1888 5163 vel
1937 5123 2043 5164 non

455 5221 594 5276 opus
623 5213 735 5269 est,
767 5204 898 5259 vela
925 5219 1008 5257 me
1025 5218 1212 5257 omnes
1232 5202 1389 5256 recoli
1415 5203 1463 5255 in
1494 5203 1768 5271 priesentia
1794 5218 1897 5257 non
1924 5218 2045 5273 pos-

455 5309 581 5356 sunt
613 5316 626 5352 :
661 5313 766 5352 non
795 5295 1078 5350 defuerunt
1106 5305 1278 5347 tamen
1303 5293 1393 5363 qui
1427 5292 1525 5348 hoc
1561 5293 1820 5348 dicerent.
1866 5293 2045 5362 Itaque

454 5393 750 5457 attendite,
776 5399 835 5445 ut
880 5388 1116 5443 habeatis
1157 5386 1283 5458 quid
1329 5387 1515 5441 dicatis
1557 5397 1609 5441 et
1647 5396 1828 5442 contra
1877 5387 2040 5454 ipsos.

455 5486 590 5542 Eum
618 5483 746 5540 dicit
775 5482 980 5538 Patrem
1013 5496 1167 5535 suum
1196 5479 1452 5534 Dominus
1477 5475 1719 5533 Christus
1740 5521 1752 5540 ,
1783 5493 1940 5547 quem
1970 5479 2043 5533 illi

453 5576 705 5633 dicebant
735 5574 902 5629 Deum
928 5587 1112 5639 suum,
1146 5579 1199 5625 et
1238 5587 1341 5624 non
1387 5578 1750 5638 cognoverunt
1781 5586 1793 5622 :
1827 5571 1869 5621 si
1900 5569 2041 5623 enim

457 5667 631 5737 ipsum
682 5668 1085 5738 cognovissent.
1129 5665 1245 5734 ejus
1293 5661 1483 5716 Filium
1533 5663 1878 5730 recepissent.
1935 5659 2044 5734 Ego

523 5781 542 5812 ι
563 5789 662 5850 am.
681 5780 790 5830 ead.
813 5787 888 5831 Er.
915 5788 968 5832 et
997 5779 1166 5842 plures
1184 5785 1313 5837 uss»
1331 5782 1504 5830 etcum
1523 5774 1620 5830 illis
1638 5774 1791 5829 vivere
1813 5779 2042 5843 :omisso,

1428 381 1496 437 111
1533 375 1810 438 JOANNIS
1849 373 2318 446 evanueuun,
2359 379 2416 436 s.
2450 361 2813 437 AUGUSTINI

3603 381 3713 443 l'llI

2186 508 2382 562 autem,
2415 499 2612 570 inquit,
2641 500 2756 553 novi
2783 514 2916 552 eum.
2960 489 3260 553 Secundum
3285 511 3486 553 carnem
3513 498 3712 564 1111110111-

2183 591 2320 645 tibus
2350 592 2516 660 potttit
2541 600 2596 646 et
2631 590 2756 644 hinc
2779 604 3032 659 arrogans
3059 589 3258 655 videri,
3288 591 3407 661 quia
3446 590 3597 656 dixit,
3618 591 3709 664 E90

2179 685 2296 738 novi
2321 701 2452 738 enin.
2485 684 2590 740 Sed
2635 683 2809 740 videte
2835 683 2961 752 quid
3003 693 3254 753 sequatur
3282 702 3295 738 :
3321 683 3382 739 Si
3419 683 3578 738 dixero
3613 687 3709 750 quis

2179 793 2278 830 non
2305 778 2420 830 novi
2445 793 2556 830 eum
2578 817 2593 843 ,
2629 793 2713 832 ero
2760 776 2938 830 similis
2981 774 3114 830 vobis
3161 775 3396 829 mendax.
3437 775 3564 846 Ergo
3588 793 3713 832 arro-

2176 869 2354 939 gantia
2397 884 2503 923 non
2538 869 2608 924 ita
2649 879 2918 930 caveatur,
2950 877 3008 922 ut
3037 869 3229 922 veritas
3271 867 3600 936 relinquatur.
3629 870 3712 924 Sed

2176 962 2280 1015 scio
2298 978 2444 1026 emn,
2476 972 2522 1014 et
2565 976 2843 1014 sermonem
2873 961 2982 1028 ejus
3029 974 3184 1013 servo.
3229 957 3532 1013 Sermonem
3576 957 3715 1016 Patris

2177 1062 2428 1122 tanquam
2461 1052 2624 1107 Filius
2658 1051 3007 1122 loquebatur;
3032 1059 3088 1105 et
3114 1052 3225 1120 ipse
3249 1061 3365 1106 crat
3400 1048 3614 1106 Verbum
3633 1050 3713 1108 Pa-

2177 1147 2272 1200 tris
2292 1188 2306 1210 ,
2339 1145 2478 1214 quod
2503 1145 2806 1201 hominibus
2832 1143 3166 1214 loquebatur.

2246 1237 2332 1292 16.
2366 1236 2618 1290 Abraham
2647 1245 2788 1306 pater
2826 1245 2983 1289 vester
3011 1234 3278 1290 exsultavit
3310 1244 3365 1287 ut
3399 1233 3572 1289 videret
3605 1234 3714 1290 diem

2175 1343 2370 1390 meum;
2401 1338 2447 1380 et
2485 1327 2634 1391 vidit,
2677 1337 2725 1380 et
2761 1326 2962 1397 gavisus
2989 1335 3082 1380 est.
3126 1325 3367 1396 Magnum
3402 1327 3716 1384 testimonium

2176 1419 2416 1489 perbibet
2444 1419 2699 1483 Abrahaz,
2738 1434 2920 1473 semen
2950 1417 3208 1482 Abralnc,
3247 1427 3455 1473 creator
3482 1417 3712 1474 Abrabm:

2174 1513 2427 1565 Abraham
2472 1513 2768 1575 exsultavit,
2815 1511 3016 1582 inquit,
3065 1521 3117 1564 ut
3167 1510 3353 1564 videret
3400 1510 3525 1566 diem
3561 1527 3712 1566 meum.

2173 1606 2290 1660 Non
2320 1607 2512 1670 timuit,
2544 1607 2636 1662 sed
2664 1607 2927 1660 exsultavit
2957 1616 3010 1659 ut
3040 1605 3244 1659 videret.
3279 1603 3406 1660 Erat
3423 1604 3555 1660 enim
3582 1605 3626 1658 in
3643 1604 3714 1659 illo

2171 1696 2402 1751 charitas
2423 1714 2540 1767 qua:
2563 1697 2704 1751 foras
2726 1697 2883 1751 mittit
2906 1697 3146 1751 timorem
3167 1695 3386 1762 (lloan.
3411 1711 3478 1758 ιν.
3503 1695 3602 1754 181.
3621 1694 3711 1751 Non

2171 1787 2264 1846 ait.
2298 1789 2608 1850 Evsnltavit,
2647 1790 2768 1858 quia
2810 1787 2973 1852 vidit;
3007 1788 3123 1850 sed,
3157 1789 3420 1842 exsultavit
3461 1799 3511 1841 ut
3541 1788 3711 1842 videret.

2170 1881 2408 1936 Credens
2439 1883 2618 1951 utique
2639 1883 2842 1936 cxsulta
2855 1883 2927 1937 vit
2950 1881 3238 1952 sperando,
3262 1893 3320 1936 ut
3344 1881 3532 1937 videret
3558 1881 3714 1938 intelli-

2170 1976 2362 2043 geudo.
2397 1975 2460 2028 Et
2491 1976 2630 2040 vidit,
2663 1976 2730 2030 Et
2767 1975 2893 2045 quid
2921 1975 3088 2045 potuit
3130 1975 3248 2044 plus
3278 1973 3485 2032 dicere.
3515 1973 3590 2028 vel
3611 1972 3710 2044 quid

2169 2067 2350 2122 debuit
2373 2071 2492 2139 plus
2520 2068 2697 2123 dicere
2731 2068 2985 2123 Dominus
3018 2068 3174 2122 Jcsus
3203 2067 3480 2124 Christus?
3510 2065 3569 2121 Et
3598 2067 3707 2132 vidit,

2171 2161 2376 2229 inquit,
2421 2172 2468 2214 et
2509 2162 2707 2230 gavisus
2753 2158 2843 2214 est.
2889 2161 3019 2226 Quis
3063 2161 3301 2230 explicat
3349 2160 3447 2215 hoc
3482 2158 3707 2230 gatidinm.

2170 2250 2358 2306 fratres
2389 2254 2491 2306 mei
2515 2253 2537 2290 ⁸⁷
2560 2252 2613 2306 Si
2640 2253 2804 2322 gavisi
2831 2260 2955 2306 sunt
2977 2252 3048 2305 illi
3075 2252 3271 2321 quibus
3297 2251 3540 2306 Dominus
3563 2250 3710 2305 oculos

2168 2343 2344 2396 carnis
2382 2343 2622 2410 aperuit,
2668 2343 2822 2412 quale
2864 2342 3112 2412 gaudium
3163 2340 3265 2396 fuit
3312 2341 3532 2396 videntis
3568 2340 3709 2396 cordis

2168 2434 2334 2489 oculis
2367 2435 2381 2464 ί
2411 2435 2580 2488 lucem
2609 2433 2944 2498 inellabilem,
2978 2433 3210 2488 Verbum
3243 2447 3480 2494 manens,
3506 2429 3711 2502 splendo-

2166 2543 2278 2581 rem
2334 2528 2431 2596 piis
2471 2527 2736 2582 memibus
2777 2527 3154 2597 ret'nlgentem,
3212 2527 3518 2596 sapientiam
3558 2525 3708 2578 indeli-

2167 2620 2415 2682 cientem,
2449 2619 2586 2688 apud
2622 2620 2828 2673 Patrem
2854 2628 3156 2672 manentem
3181 2618 3371 2682 Deum,
3400 2625 3454 2672 et
3474 2613 3708 2687 aliquando

2166 2711 2218 2765 in
2242 2726 2400 2765 carne
2422 2721 2722 2776 venturum,
2747 2726 2845 2764 nec
2865 2710 2933 2765 de
2958 2710 3129 2764 Patris
3150 2712 3361 2780 gremio
3385 2705 3707 2764 recessurum?

2165 2801 2354 2854 Totum
2380 2801 2479 2856 boc
2509 2802 2638 2855 vidit
2664 2801 2948 2856 Abraham.
2981 2799 3111 2854 Nam
3132 2801 3279 2869 quod
3299 2801 3394 2864 ait,
3419 2799 3540 2854 diem
3557 2813 3704 2863 unum,

2166 2893 2426 2948 incertum
2452 2905 2625 2963 potest
2640 2911 2763 2950 esse.
2781 2895 2920 2948 unde
2938 2894 3160 2958 dixerit;
3182 2905 3364 2950 utrum
3381 2893 3514 2950 diem
3536 2889 3706 2948 Domini

2168 2990 2513 3057 temporalem
2545 3006 2650 3060 quo
2676 2999 2790 3044 erat
2819 2997 3072 3043 venturus
3099 2989 3150 3042 111
3171 3004 3360 3055 carne,
3386 3003 3450 3042 an
3475 2987 3600 3042 diem
3627 2983 3705 3039 llo-

2166 3082 2291 3136 1111111
2323 3083 2411 3152 qui
2455 3084 2619 3137 nescit
2648 3092 2820 3135 ortum
2839 3125 2855 3145 ,
2883 3083 3050 3137 nescit
3085 3097 3362 3137 occasum.
3390 3081 3486 3137 Sed
3513 3095 3600 3150 ego
3623 3091 3703 3131 non

2163 3174 2345 3229 dubito
2368 3185 2568 3245 patrem
2589 3175 2852 3229 Abraham
2873 3185 3040 3230 totum
3061 3177 3252 3231 scisse.
3275 3175 3341 3231 Et
3358 3174 3441 3230 ubi
3463 3169 3704 3230 inveniam?

2162 3267 2243 3322 An
2275 3269 2518 3323 sultic~re
2559 3268 2711 3321 nobis
2750 3267 2906 3322 debet
2943 3267 3311 3322 te~timonium
3345 3265 3538 3321 Domini
3571 3260 3701 3318 nostri

2162 3359 2286 3414 Jesn
2313 3358 2542 3413 Clu-isti?
2575 3359 2828 3414 Putenms
2854 3373 2950 3414 nos
2987 3359 3231 3414 invenire
3271 3374 3374 3414 non
3407 3371 3580 3426 posse,
3607 3352 3701 3424 quia

2164 3453 2296 3505 forte
2323 3451 2536 3506 dillicile
2557 3461 2657 3515 est,
2682 3451 2950 3520 (ptomodo
2969 3451 3312 3506 iuanifestum
3337 3451 3405 3506 sit
3422 3448 3550 3521 quod
3570 3447 3701 3502 Abra-

2163 3542 2282 3596 ham
2301 3544 2566 3597 exsultavit
2588 3553 2640 3595 ut
2662 3544 2844 3596 videret
2864 3543 2995 3596 diem
3010 3543 3234 3609 Christi,
3259 3555 3305 3599 et
3325 3543 3464 3608 vidit,
3481 3550 3523 3595 et
3539 3539 3699 3612 gavisus

2161 3645 2253 3688 est.
2280 3635 2409 3688 Etsi
2443 3651 2538 3690 nos
2567 3651 2668 3688 11011
2699 3637 3016 3702 imettimus,
3043 3637 3301 3707 ntnnquitl
3325 3635 3524 3692 mentiri
3545 3631 3698 3688 veritas

2161 3725 2379 3794 posset?
2428 3723 2721 3779 (li-edamus
2766 3727 3006 3791 veritati,
3058 3737 3111 3780 et
3151 3726 3224 3782 de
3273 3725 3493 3782 Abrahae
3535 3718 3696 3777 meritis

2160 3816 2378 3869 minime
2409 3813 2730 3869 dubitemus.
2765 3815 2964 3870 Tamen
3008 3816 3187 3871 audite
3227 3833 3389 3871 111111111
3429 3817 3600 3877 10011111,
3627 3808 3694 3880 qui

2160 3907 2286 3961 mihi
2328 3907 2539 3961 interim
2584 3908 2836 3962 occurrit.
2870 3908 3028 3964 Pater
3058 3909 3332 3963 Abraham
3359 3905 3556 3980 quando
3583 3899 3694 3958 misit

2159 4015 2369 4053 servum
2397 4017 2548 4053 ς1111111
2570 4043 2584 4066 ,
2617 4010 2675 4054 ul
2699 4009 2904 4071 peteret
2931 4015 3148 4054 uxorem
3175 4000 3288 4055 lilio
3317 4015 3413 4056 suo
3438 3999 3595 4058 1111110,
3619 3993 3694 4046 hoc

2157 4106 2277 4144 cum
2322 4103 2655 4146 sacramento
2697 4092 3003 4158 obstrinxit,
3046 4101 3102 4145 ut
3149 4090 3378 4148 fideliter
3413 4086 3541 4161 quod
3569 4083 3693 4156 jube-

2156 4184 2311 4238 batur
2358 4185 2632 4252 impleret,
2674 4195 2727 4238 et
2769 4185 2931 4239 sciret
2977 4185 3136 4240 etiam
3193 4185 3309 4256 ipse
3351 4183 3471 4256 quid
3517 4181 3690 4236 lacera.

2158 4274 2341 4344 Magna
2390 4279 2530 4330 enim
2578 4291 2664 4330 res
2704 4278 2980 4343 agebatur,
3026 4277 3242 4345 quando
3282 4275 3501 4332 Abraha:
3539 4265 3689 4327 semini

2158 4366 2456 4434 conjugium
2475 4365 2831 4436 qumrebatur.
2853 4365 2958 4421 Sed
2987 4375 3040 4420 ut
3067 4366 3169 4421 hoc
3190 4373 3525 4437 cognosceret
3541 4371 3689 4417 servus

2156 4460 2296 4529 quod
2330 4472 2549 4515 noverat
2574 4463 2869 4529 Abraham,
2901 4463 3022 4532 quia
3064 4473 3286 4532 nepotes
3324 4479 3424 4518 non
3453 4455 3688 4516 carnaliter

2157 4550 2511 4617 desiderabat,
2542 4569 2642 4607 nec
2667 4553 2735 4608 de
2761 4569 2956 4623 genere
2984 4569 3086 4608 suo
3105 4554 3304 4625 aliquid
3327 4553 3531 4608 carnale
3551 4544 3686 4617 sapie-

2156 4644 2243 4698 bat
2268 4663 2281 4708 ;
2313 4647 2385 4698 ait
2415 4661 2568 4724 servo
2607 4662 2705 4698 suo
2732 4662 2887 4717 quem
2928 4647 3167 4701 mittebat
3196 4665 3209 4700 :
3247 4647 3386 4700 Pone
3411 4657 3592 4699 ntantnn
3615 4632 3684 4690 sub

2155 4738 2344 4806 feruore
2377 4755 2502 4801 meo,
2536 4748 2581 4791 et
2600 4741 2722 4810 jura
2759 4756 2845 4808 per
2877 4739 3034 4792 Deum
3071 4740 3184 4794 cmli
3215 4739 3366 4812 (Gen.
3402 4751 3539 4798 xxtv.
3565 4728 3680 4797 2-111

2155 4829 2288 4898 Quid
2317 4831 2426 4884 vult
2466 4830 2602 4884 Deus
2629 4831 2751 4886 cadi
2781 4831 2844 4885 ad
2882 4831 3053 4886 femur
3083 4832 3353 4887 Abrahae?
3385 4831 3495 4886 Jatn
3530 4817 3684 4880 111101Ιί-

2153 4923 2274 4992 gitis
2302 4932 2694 4977 sacramentum
2730 4941 2742 4976 :
2774 4938 2868 4994 per
2893 4924 3082 4988 femur,
3115 4939 3300 4995 genus.
3331 4922 3466 4992 Ergo
3488 4931 3590 4988 qua:
3609 4907 3680 4964 [υίι

2155 5014 2239 5068 illa
2262 5015 2477 5083 juratio,
2502 5014 2601 5068 nisi
2633 5017 2751 5085 quia
2779 5016 3174 5086 significabatur
3193 5016 3259 5072 de
3284 5029 3472 5086 genere
3497 5004 3697 5084 Abndlic.

2154 5115 2430 5160 venturum
2472 5107 2522 5159 in
2564 5122 2726 5162 carne
2761 5109 2922 5164 Dcmu
2956 5109 3117 5165 emli?
3149 5108 3304 5165 Stuhi
3337 5097 3696 5186 reprehendenti

2155 5198 2456 5264 Abraham,
2486 5201 2607 5270 quia
2647 5201 2810 5263 dixit.
2847 5201 2988 5254 Mitte
3017 5219 3218 5256 manum
3258 5199 3348 5255 sub
3377 5203 3547 5269 feruore
3574 5202 3673 5242 tuto-

2152 5293 2250 5359 Qui
2271 5293 2658 5362 reprehendunt
2673 5309 2730 5347 ca
2739 5310 2886 5348 rnem
2901 5295 3112 5360 Citt'lrdi,
3131 5292 3504 5366 reprehendunt
3518 5287 3672 5342 luetum

2153 5383 2400 5438 Abraltat.
2431 5385 2534 5438 Nos
2570 5396 2744 5440 autem
2764 5427 2779 5451 ,
2815 5385 3035 5450 fratres,
3064 5386 3108 5440 si
3141 5383 3467 5456 agnosciuus
3498 5381 3670 5431 carnem

2155 5477 2349 5533 Christi
2377 5477 2730 5533 venerandam
2749 5521 2762 5542 ,
2796 5480 2918 5533 1111111
2949 5478 3121 5534 femur
3145 5493 3249 5534 non
3287 5476 3666 5532 contemnamus.

2155 5573 2246 5627 sed
2274 5574 2323 5627 in
2353 5574 2621 5644 prophetia
2651 5574 2847 5628 dictum
2879 5574 3213 5643 accipiamus.
3241 5570 3438 5626 Etenim
3458 5558 3667 5635 prop'wl‘

2154 5677 2268 5720 erat
2297 5667 2580 5722 Abraham.
2611 5668 2772 5735 (Sojos
2819 5669 3072 5736 propheta
3094 5672 3118 5720 ?
3152 5664 3373 5722 Seminis
3400 5658 3475 5712 sv‘
3497 5659 3554 5708 111
3585 5648 3664 5702 θο⁴

2220 5781 2236 5811 ⁸
2262 5780 2332 5828 sic
2371 5786 2476 5844 Mss.
2505 5789 2555 5829 Al.
2598 5781 2732 5839 editi,
2759 5780 3021 5831 ridentibus
3059 5741 3665 5844 cordis__oettli.8.W

2155 5851 2269 5907 vox,
2297 5839 2464 5905 oculis,
2488 5845 2629 5893 abest
2650 5857 2677 5893 a
2702 5844 2809 5894 uad.
2836 5851 3010 5895 et
3035 5840 3286 5904 nonnullis.
3649 5839 3652 5868 ⁵
