  <div class='ocr_page' id='page_1' title='image "/cluster/home/n/w/nwhite01/storage/ocr_20150623/35/uva.x000827104/208.png"; bbox 0 0 3926 6406; ppageno 0'>
   <div class='ocr_carea' id='block_1_1' title="bbox 729 272 844 301">
    <p class='ocr_par' dir='ltr' id='par_1_1' title="bbox 729 272 844 301">
     <span class='ocr_line' id='line_1_1' title="bbox 729 272 844 301; baseline 0.009 -2"><span class='ocrx_word' id='word_1_1' title='bbox 729 279 739 299; x_wconf 69' lang='grc' dir='ltr'>ς</span> <span class='ocrx_word' id='word_1_2' title='bbox 754 272 844 301; x_wconf 66' lang='grc' dir='ltr'>,μοι</span> 
     </span>
    </p>
   </div>
   <div class='ocr_carea' id='block_1_2' title="bbox 228 458 1811 557">
    <p class='ocr_par' dir='ltr' id='par_1_2' title="bbox 228 458 1811 557">
     <span class='ocr_line' id='line_1_2' title="bbox 228 458 1811 557; baseline -0.018 -17"><span class='ocrx_word' id='word_1_3' title='bbox 228 480 357 557; x_wconf 76' lang='grc' dir='ltr'><strong>ηιιηὶ</strong></span> <span class='ocrx_word' id='word_1_4' title='bbox 398 477 506 535; x_wconf 88' lang='lat' dir='ltr'><strong>sui.</strong></span> <span class='ocrx_word' id='word_1_5' title='bbox 552 474 747 551; x_wconf 78' lang='lat' dir='ltr'><strong>semen</strong></span> <span class='ocrx_word' id='word_1_6' title='bbox 790 484 943 553; x_wconf 81' lang='lat' dir='ltr'><strong>suum</strong></span> <span class='ocrx_word' id='word_1_7' title='bbox 990 463 1309 538; x_wconf 73' lang='lat' dir='ltr'><strong>significavit</strong></span> <span class='ocrx_word' id='word_1_8' title='bbox 1353 460 1578 557; x_wconf 85' lang='lat' dir='ltr'><strong>dicendo</strong></span> <span class='ocrx_word' id='word_1_9' title='bbox 1596 502 1631 557; x_wconf 27' lang='grc' dir='ltr'><strong>,Δ</strong></span> <span class='ocrx_word' id='word_1_10' title='bbox 1658 458 1811 557; x_wconf 53' lang='lat' dir='ltr'><strong>aliae</strong></span> 
     </span>
    </p>
   </div>
   <div class='ocr_carea' id='block_1_3' title="bbox 228 550 1816 645">
    <p class='ocr_par' dir='ltr' id='par_1_3' title="bbox 228 550 1816 645">
     <span class='ocr_line' id='line_1_3' title="bbox 228 550 1816 645; baseline -0.015 -16"><span class='ocrx_word' id='word_1_11' title='bbox 228 550 430 643; x_wconf 68' lang='lat' dir='ltr'><strong>marium</strong></span> <span class='ocrx_word' id='word_1_12' title='bbox 466 570 564 645; x_wconf 76' lang='lat' dir='ltr'><strong>sub</strong></span> <span class='ocrx_word' id='word_1_13' title='bbox 584 550 791 644; x_wconf 62' lang='lat' dir='ltr'><strong>fartors</strong></span> <span class='ocrx_word' id='word_1_14' title='bbox 816 550 923 618; x_wconf 81' lang='lat' dir='ltr'><strong>meo</strong></span> <span class='ocrx_word' id='word_1_15' title='bbox 952 577 970 616; x_wconf 91' lang='lat'><strong><em>:</em></strong></span> <span class='ocrx_word' id='word_1_16' title='bbox 1001 560 1279 614; x_wconf 86' lang='lat' dir='ltr'><strong>Dominum</strong></span> <span class='ocrx_word' id='word_1_17' title='bbox 1316 570 1469 637; x_wconf 85' lang='lat' dir='ltr'><strong>suum</strong></span> <span class='ocrx_word' id='word_1_18' title='bbox 1499 550 1816 623; x_wconf 80' lang='lat' dir='ltr'><strong>signiﬁcavit</strong></span> 
     </span>
    </p>
   </div>
   <div class='ocr_carea' id='block_1_4' title="bbox 226 648 1176 737">
    <p class='ocr_par' dir='ltr' id='par_1_4' title="bbox 226 648 1176 737">
     <span class='ocr_line' id='line_1_4' title="bbox 226 648 1176 737; baseline -0.021 -15"><span class='ocrx_word' id='word_1_19' title='bbox 226 648 489 727; x_wconf 77' lang='lat' dir='ltr'><strong>addendo,</strong></span> <span class='ocrx_word' id='word_1_20' title='bbox 517 670 568 721; x_wconf 71' lang='lat' dir='ltr'><strong>et</strong></span> <span class='ocrx_word' id='word_1_21' title='bbox 588 661 713 733; x_wconf 72' lang='lat' dir='ltr'><strong>jura</strong></span> <span class='ocrx_word' id='word_1_22' title='bbox 738 672 828 737; x_wconf 58' lang='lat' dir='ltr'><strong>per</strong></span> <span class='ocrx_word' id='word_1_23' title='bbox 857 652 1017 708; x_wconf 83' lang='lat' dir='ltr'><strong>Deum</strong></span> <span class='ocrx_word' id='word_1_24' title='bbox 1049 650 1176 704; x_wconf 70' lang='lat' dir='ltr'><strong>coeli.</strong></span> 
     </span>
    </p>
   </div>
   <div class='ocr_carea' id='block_1_5' title="bbox 286 736 1814 828">
    <p class='ocr_par' dir='ltr' id='par_1_5' title="bbox 286 736 1814 828">
     <span class='ocr_line' id='line_1_5' title="bbox 286 736 1814 828; baseline -0.014 -20"><span class='ocrx_word' id='word_1_25' title='bbox 286 752 531 828; x_wconf 18' lang='lat' dir='ltr'><strong>liquati</strong></span> <span class='ocrx_word' id='word_1_26' title='bbox 564 736 1167 828; x_wconf 18' lang='grc' dir='ltr'>,Ιιιμᾳξῇίιήρειιοιιιιυι-ιιιιι</span> <span class='ocrx_word' id='word_1_27' title='bbox 1199 756 1213 790; x_wconf 86' lang='lat'><strong>:</strong></span> <span class='ocrx_word' id='word_1_28' title='bbox 1251 736 1627 828; x_wconf 71' lang='lat' dir='ltr'><strong>Quinquaginta</strong></span> <span class='ocrx_word' id='word_1_29' title='bbox 1654 748 1814 787; x_wconf 86' lang='lat' dir='ltr'><strong>annos</strong></span> 
     </span>
    </p>
   </div>
   <div class='ocr_carea' id='block_1_6' title="bbox 227 814 1810 911">
    <p class='ocr_par' dir='ltr' id='par_1_6' title="bbox 227 814 1810 911">
     <span class='ocr_line' id='line_1_6' title="bbox 227 814 1810 911; baseline -0.018 -8"><span class='ocrx_word' id='word_1_30' title='bbox 227 814 729 911; x_wconf 24' lang='lat' dir='ltr'><strong>undeinde—abversit&#39;</strong></span> <span class='ocrx_word' id='word_1_31' title='bbox 743 814 997 911; x_wconf 54' lang='lat' dir='ltr'><strong>Abraham</strong></span> <span class='ocrx_word' id='word_1_32' title='bbox 1020 830 1218 886; x_wconf 81' lang='lat' dir='ltr'><strong>ridisti!</strong></span> <span class='ocrx_word' id='word_1_33' title='bbox 1241 814 1576 911; x_wconf 75' lang='lat' dir='ltr'><strong>EtDominus</strong></span> <span class='ocrx_word' id='word_1_34' title='bbox 1598 842 1611 878; x_wconf 89' lang='lat'><strong>:</strong></span> <span class='ocrx_word' id='word_1_35' title='bbox 1631 823 1810 889; x_wconf 80' lang='lat' dir='ltr'><strong>Amen,</strong></span> 
     </span>
    </p>
   </div>
   <div class='ocr_carea' id='block_1_7' title="bbox 220 902 1809 997">
    <p class='ocr_par' dir='ltr' id='par_1_7' title="bbox 220 902 1809 997">
     <span class='ocr_line' id='line_1_7' title="bbox 220 902 1809 997; baseline -0.016 -4"><span class='ocrx_word' id='word_1_36' title='bbox 562 902 1029 997; x_wconf 30' lang='lat' dir='ltr'><strong>robisafautequam</strong></span> <span class='ocrx_word' id='word_1_37' title='bbox 1058 902 1317 976; x_wconf 38' lang='lat' dir='ltr'><strong>Abraham.</strong></span> <span class='ocrx_word' id='word_1_38' title='bbox 1347 916 1484 988; x_wconf 76' lang='lat' dir='ltr'><strong>ﬁeret</strong></span> <span class='ocrx_word' id='word_1_39' title='bbox 1505 959 1520 984; x_wconf 87' lang='lat'><strong>_.</strong></span> <span class='ocrx_word' id='word_1_40' title='bbox 1547 932 1639 988; x_wconf 83' lang='lat' dir='ltr'><strong>ego</strong></span> <span class='ocrx_word' id='word_1_41' title='bbox 1678 918 1809 970; x_wconf 80' lang='lat' dir='ltr'><strong>sum.</strong></span> 
     </span>
    </p>
   </div>
   <div class='ocr_carea' id='block_1_8' title="bbox 226 1003 1813 1098">
    <p class='ocr_par' dir='ltr' id='par_1_8' title="bbox 226 1003 1813 1098">
     <span class='ocr_line' id='line_1_8' title="bbox 226 1003 1813 1098; baseline -0.017 -14"><span class='ocrx_word' id='word_1_42' title='bbox 226 1003 480 1098; x_wconf 71' lang='lat' dir='ltr'><strong>Appcndc</strong></span> <span class='ocrx_word' id='word_1_43' title='bbox 515 1024 715 1089; x_wconf 79' lang='lat' dir='ltr'><strong>verba.</strong></span> <span class='ocrx_word' id='word_1_44' title='bbox 760 1027 815 1093; x_wconf 74' lang='grc' dir='ltr'>ςι</span> <span class='ocrx_word' id='word_1_45' title='bbox 851 1006 1113 1087; x_wconf 80' lang='lat' dir='ltr'><strong>cognosce</strong></span> <span class='ocrx_word' id='word_1_46' title='bbox 1161 1009 1490 1097; x_wconf 80' lang='lat' dir='ltr'><strong>mysterium.</strong></span> <span class='ocrx_word' id='word_1_47' title='bbox 1536 1006 1813 1076; x_wconf 76' lang='lat' dir='ltr'><strong>Antequam</strong></span> 
     </span>
    </p>
   </div>
   <div class='ocr_carea' id='block_1_9' title="bbox 228 1084 1870 1197">
    <p class='ocr_par' dir='ltr' id='par_1_9' title="bbox 228 1084 1870 1197">
     <span class='ocr_line' id='line_1_9' title="bbox 228 1084 1870 1197; baseline -0.019 -18"><span class='ocrx_word' id='word_1_48' title='bbox 228 1084 479 1197; x_wconf 59' lang='lat' dir='ltr'><strong>Abraham</strong></span> <span class='ocrx_word' id='word_1_49' title='bbox 504 1084 672 1186; x_wconf 79' lang='lat' dir='ltr'><strong>ﬁeret.</strong></span> <span class='ocrx_word' id='word_1_50' title='bbox 698 1084 957 1180; x_wconf 64' lang='lat' dir='ltr'><strong>Intellige,</strong></span> <span class='ocrx_word' id='word_1_51' title='bbox 979 1109 1118 1177; x_wconf 81' lang='lat' dir='ltr'><strong>ﬁeret</strong></span> <span class='ocrx_word' id='word_1_52' title='bbox 1139 1104 1203 1157; x_wconf 89' lang='lat' dir='ltr'><strong>ad</strong></span> <span class='ocrx_word' id='word_1_53' title='bbox 1227 1084 1508 1156; x_wconf 76' lang='lat' dir='ltr'><strong>htnnanain</strong></span> <span class='ocrx_word' id='word_1_54' title='bbox 1533 1098 1809 1163; x_wconf 84' lang='lat' dir='ltr'><strong>facturam,</strong></span> <span class='ocrx_word' id='word_1_55' title='bbox 1863 1102 1870 1111; x_wconf 87' lang='lat'>‘</span> 
     </span>
    </p>
   </div>
   <div class='ocr_carea' id='block_1_10' title="bbox 226 1187 1808 1273">
    <p class='ocr_par' dir='ltr' id='par_1_10' title="bbox 226 1187 1808 1273">
     <span class='ocr_line' id='line_1_10' title="bbox 226 1187 1808 1273; baseline -0.02 -2"><span class='ocrx_word' id='word_1_56' title='bbox 226 1190 331 1270; x_wconf 67' lang='lat' dir='ltr'><strong>sum</strong></span> <span class='ocrx_word' id='word_1_57' title='bbox 360 1187 489 1264; x_wconf 76' lang='lat' dir='ltr'><strong>vero</strong></span> <span class='ocrx_word' id='word_1_58' title='bbox 528 1206 601 1261; x_wconf 88' lang='lat' dir='ltr'><strong>ad</strong></span> <span class='ocrx_word' id='word_1_59' title='bbox 642 1204 873 1273; x_wconf 84' lang='lat' dir='ltr'><strong>divinam</strong></span> <span class='ocrx_word' id='word_1_60' title='bbox 906 1198 1172 1273; x_wconf 89' lang='lat' dir='ltr'><strong>pertinere</strong></span> <span class='ocrx_word' id='word_1_61' title='bbox 1214 1191 1583 1247; x_wconf 86' lang='lat' dir='ltr'><strong>substantiam.</strong></span> <span class='ocrx_word' id='word_1_62' title='bbox 1613 1187 1808 1251; x_wconf 83' lang='lat' dir='ltr'><strong>Fieret,</strong></span> 
     </span>
    </p>
   </div>
   <div class='ocr_carea' id='block_1_11' title="bbox 227 1278 1813 1376">
    <p class='ocr_par' dir='ltr' id='par_1_11' title="bbox 227 1278 1813 1376">
     <span class='ocr_line' id='line_1_11' title="bbox 227 1278 1813 1376; baseline -0.016 -20"><span class='ocrx_word' id='word_1_63' title='bbox 227 1301 342 1376; x_wconf 90' lang='lat' dir='ltr'><strong>quia</strong></span> <span class='ocrx_word' id='word_1_64' title='bbox 387 1278 771 1354; x_wconf 28' lang='lat' dir='ltr'><strong>creatura&#39;est</strong></span> <span class='ocrx_word' id='word_1_65' title='bbox 812 1280 1099 1346; x_wconf 61' lang='lat' dir='ltr'><strong>Abraham.</strong></span> <span class='ocrx_word' id='word_1_66' title='bbox 1145 1281 1468 1376; x_wconf 31' lang='lat' dir='ltr'><strong>Non-dixit,</strong></span> <span class='ocrx_word' id='word_1_67' title='bbox 1517 1281 1813 1376; x_wconf 79' lang='lat' dir='ltr'><strong>Antequam</strong></span> 
     </span>
    </p>
   </div>
   <div class='ocr_carea' id='block_1_12' title="bbox 228 1368 1817 1453">
    <p class='ocr_par' dir='ltr' id='par_1_12' title="bbox 228 1368 1817 1453">
     <span class='ocr_line' id='line_1_12' title="bbox 228 1368 1817 1453; baseline -0.018 -5"><span class='ocrx_word' id='word_1_68' title='bbox 228 1368 495 1448; x_wconf 49' lang='lat' dir='ltr'><strong>Abraham</strong></span> <span class='ocrx_word' id='word_1_69' title='bbox 542 1393 709 1445; x_wconf 83' lang='lat' dir='ltr'><strong>esset,</strong></span> <span class='ocrx_word' id='word_1_70' title='bbox 753 1397 852 1453; x_wconf 86' lang='lat' dir='ltr'><strong>ego</strong></span> <span class='ocrx_word' id='word_1_71' title='bbox 890 1394 1070 1442; x_wconf 87' lang='lat' dir='ltr'><strong>cram;</strong></span> <span class='ocrx_word' id='word_1_72' title='bbox 1115 1372 1526 1441; x_wconf 77' lang='lat' dir='ltr'><strong>sed,Autequam</strong></span> <span class='ocrx_word' id='word_1_73' title='bbox 1561 1368 1817 1422; x_wconf 81' lang='lat' dir='ltr'><strong>Abraham</strong></span> 
     </span>
    </p>
   </div>
   <div class='ocr_carea' id='block_1_13' title="bbox 228 1456 1816 1555">
    <p class='ocr_par' dir='ltr' id='par_1_13' title="bbox 228 1456 1816 1555">
     <span class='ocr_line' id='line_1_13' title="bbox 228 1456 1816 1555; baseline -0.019 -17"><span class='ocrx_word' id='word_1_74' title='bbox 228 1484 381 1552; x_wconf 75' lang='lat' dir='ltr'><strong>ﬁeret,</strong></span> <span class='ocrx_word' id='word_1_75' title='bbox 408 1478 502 1555; x_wconf 85' lang='lat' dir='ltr'><strong>qui</strong></span> <span class='ocrx_word' id='word_1_76' title='bbox 534 1476 639 1531; x_wconf 88' lang='lat' dir='ltr'><strong>nisi</strong></span> <span class='ocrx_word' id='word_1_77' title='bbox 671 1489 767 1545; x_wconf 83' lang='lat' dir='ltr'><strong>per</strong></span> <span class='ocrx_word' id='word_1_78' title='bbox 797 1487 881 1526; x_wconf 88' lang='lat' dir='ltr'><strong>Ine</strong></span> <span class='ocrx_word' id='word_1_79' title='bbox 906 1485 1023 1543; x_wconf 80' lang='lat' dir='ltr'><strong>non</strong></span> <span class='ocrx_word' id='word_1_80' title='bbox 1041 1466 1209 1527; x_wconf 82' lang='lat' dir='ltr'><strong>fleret,</strong></span> <span class='ocrx_word' id='word_1_81' title='bbox 1237 1481 1325 1534; x_wconf 82' lang='lat' dir='ltr'><strong>rgo</strong></span> <span class='ocrx_word' id='word_1_82' title='bbox 1348 1478 1475 1555; x_wconf 83' lang='lat' dir='ltr'><strong>sum.</strong></span> <span class='ocrx_word' id='word_1_83' title='bbox 1502 1458 1685 1528; x_wconf 83' lang='lat' dir='ltr'><strong>Neque</strong></span> <span class='ocrx_word' id='word_1_84' title='bbox 1712 1456 1816 1555; x_wconf 73' lang='lat' dir='ltr'><strong>hoc</strong></span> 
     </span>
    </p>
   </div>
   <div class='ocr_carea' id='block_1_14' title="bbox 230 1547 1827 1640">
    <p class='ocr_par' dir='ltr' id='par_1_14' title="bbox 230 1547 1827 1640">
     <span class='ocr_line' id='line_1_14' title="bbox 230 1547 1827 1640; baseline -0.018 -10"><span class='ocrx_word' id='word_1_85' title='bbox 230 1547 388 1639; x_wconf 77' lang='lat' dir='ltr'><strong>dixit,</strong></span> <span class='ocrx_word' id='word_1_86' title='bbox 422 1547 735 1640; x_wconf 45' lang='lat' dir='ltr'><strong>Antequam</strong></span> <span class='ocrx_word' id='word_1_87' title='bbox 759 1562 1023 1618; x_wconf 83' lang='lat' dir='ltr'><strong>Abraham</strong></span> <span class='ocrx_word' id='word_1_88' title='bbox 1051 1558 1220 1622; x_wconf 82' lang='lat' dir='ltr'><strong>fleret,</strong></span> <span class='ocrx_word' id='word_1_89' title='bbox 1252 1557 1350 1623; x_wconf 81' lang='lat' dir='ltr'><strong>ego</strong></span> <span class='ocrx_word' id='word_1_90' title='bbox 1376 1553 1540 1605; x_wconf 74' lang='lat' dir='ltr'><strong>factus</strong></span> <span class='ocrx_word' id='word_1_91' title='bbox 1569 1565 1719 1612; x_wconf 90' lang='lat' dir='ltr'><strong>sum,</strong></span> <span class='ocrx_word' id='word_1_92' title='bbox 1750 1547 1827 1634; x_wconf 21' lang='lat' dir='ltr'><strong>In,</strong></span> 
     </span>
    </p>
   </div>
   <div class='ocr_carea' id='block_1_15' title="bbox 230 1642 1813 1738">
    <p class='ocr_par' dir='ltr' id='par_1_15' title="bbox 230 1642 1813 1738">
     <span class='ocr_line' id='line_1_15' title="bbox 230 1642 1813 1738; baseline -0.016 -17"><span class='ocrx_word' id='word_1_93' title='bbox 230 1664 471 1738; x_wconf 82' lang='lat' dir='ltr'><strong>principio</strong></span> <span class='ocrx_word' id='word_1_94' title='bbox 501 1661 652 1716; x_wconf 90' lang='lat' dir='ltr'><strong>enim</strong></span> <span class='ocrx_word' id='word_1_95' title='bbox 683 1659 797 1731; x_wconf 77' lang='lat' dir='ltr'><strong>fecit</strong></span> <span class='ocrx_word' id='word_1_96' title='bbox 819 1656 953 1711; x_wconf 84' lang='lat' dir='ltr'><strong>Deus</strong></span> <span class='ocrx_word' id='word_1_97' title='bbox 980 1653 1157 1707; x_wconf 68' lang='lat' dir='ltr'><strong>caelum</strong></span> <span class='ocrx_word' id='word_1_98' title='bbox 1184 1659 1228 1703; x_wconf 84' lang='lat' dir='ltr'><strong>et</strong></span> <span class='ocrx_word' id='word_1_99' title='bbox 1251 1659 1433 1702; x_wconf 77' lang='lat' dir='ltr'><strong>(errant</strong></span> <span class='ocrx_word' id='word_1_100' title='bbox 1459 1642 1613 1738; x_wconf 64' lang='lat' dir='ltr'><strong>lacn.</strong></span> <span class='ocrx_word' id='word_1_101' title='bbox 1645 1660 1682 1697; x_wconf 92' lang='grc' dir='ltr'>ι.</span> <span class='ocrx_word' id='word_1_102' title='bbox 1716 1642 1771 1711; x_wconf 82' lang='lat' dir='ltr'><strong>l)</strong></span> <span class='ocrx_word' id='word_1_103' title='bbox 1798 1659 1813 1696; x_wconf 91' lang='lat'><strong>:</strong></span> 
     </span>
    </p>
   </div>
   <div class='ocr_carea' id='block_1_16' title="bbox 232 1734 1816 1828">
    <p class='ocr_par' dir='ltr' id='par_1_16' title="bbox 232 1734 1816 1828">
     <span class='ocr_line' id='line_1_16' title="bbox 232 1734 1816 1828; baseline -0.02 -12"><span class='ocrx_word' id='word_1_104' title='bbox 232 1734 344 1815; x_wconf 66' lang='lat' dir='ltr'><strong>nam</strong></span> <span class='ocrx_word' id='word_1_105' title='bbox 367 1734 419 1811; x_wconf 82' lang='lat' dir='ltr'><strong>in</strong></span> <span class='ocrx_word' id='word_1_106' title='bbox 447 1753 709 1828; x_wconf 76' lang='lat' dir='ltr'><strong>principio</strong></span> <span class='ocrx_word' id='word_1_107' title='bbox 747 1759 852 1803; x_wconf 80' lang='lat' dir='ltr'><strong>erat</strong></span> <span class='ocrx_word' id='word_1_108' title='bbox 891 1746 1103 1800; x_wconf 81' lang='lat' dir='ltr'><strong>Verbum</strong></span> <span class='ocrx_word' id='word_1_109' title='bbox 1142 1740 1318 1811; x_wconf 82' lang='lat' dir='ltr'><strong>(Joan.</strong></span> <span class='ocrx_word' id='word_1_110' title='bbox 1351 1755 1388 1804; x_wconf 88' lang='grc' dir='ltr'>ι,</span> <span class='ocrx_word' id='word_1_111' title='bbox 1422 1735 1497 1812; x_wconf 77' lang='lat'><strong>1).</strong></span> <span class='ocrx_word' id='word_1_112' title='bbox 1534 1734 1816 1828; x_wconf 63' lang='lat' dir='ltr'><strong>Antequam</strong></span> 
     </span>
    </p>
   </div>
   <div class='ocr_carea' id='block_1_17' title="bbox 233 1824 1818 1921">
    <p class='ocr_par' dir='ltr' id='par_1_17' title="bbox 233 1824 1818 1921">
     <span class='ocr_line' id='line_1_17' title="bbox 233 1824 1818 1921; baseline -0.017 -17"><span class='ocrx_word' id='word_1_113' title='bbox 233 1851 360 1921; x_wconf 70' lang='lat' dir='ltr'><strong>ﬁeret</strong></span> <span class='ocrx_word' id='word_1_114' title='bbox 376 1824 669 1907; x_wconf 70' lang='lat' dir='ltr'><strong>Abraham,</strong></span> <span class='ocrx_word' id='word_1_115' title='bbox 697 1858 787 1912; x_wconf 78' lang='lat' dir='ltr'><strong>ego</strong></span> <span class='ocrx_word' id='word_1_116' title='bbox 807 1855 938 1894; x_wconf 88' lang='lat' dir='ltr'><strong>sum.</strong></span> <span class='ocrx_word' id='word_1_117' title='bbox 963 1834 1247 1906; x_wconf 80' lang='lat' dir='ltr'><strong>Agnoscite</strong></span> <span class='ocrx_word' id='word_1_118' title='bbox 1264 1833 1594 1921; x_wconf 77' lang='lat' dir='ltr'><strong>Creatorem,</strong></span> <span class='ocrx_word' id='word_1_119' title='bbox 1615 1824 1818 1921; x_wconf 70' lang='lat' dir='ltr'><strong>discer-</strong></span> 
     </span>
    </p>
   </div>
   <div class='ocr_carea' id='block_1_18' title="bbox 233 1915 1818 2000">
    <p class='ocr_par' dir='ltr' id='par_1_18' title="bbox 233 1915 1818 2000">
     <span class='ocr_line' id='line_1_18' title="bbox 233 1915 1818 2000; baseline -0.018 -3"><span class='ocrx_word' id='word_1_120' title='bbox 233 1915 332 1997; x_wconf 74' lang='lat' dir='ltr'><strong>nite</strong></span> <span class='ocrx_word' id='word_1_121' title='bbox 352 1936 686 1995; x_wconf 73' lang='lat' dir='ltr'><strong>creatumtn.‘</strong></span> <span class='ocrx_word' id='word_1_122' title='bbox 710 1931 808 2000; x_wconf 88' lang='lat' dir='ltr'><strong>Qui</strong></span> <span class='ocrx_word' id='word_1_123' title='bbox 836 1925 1169 1999; x_wconf 86' lang='lat' dir='ltr'><strong>loquebatur,</strong></span> <span class='ocrx_word' id='word_1_124' title='bbox 1197 1937 1378 1976; x_wconf 65' lang='lat' dir='ltr'><strong>semen</strong></span> <span class='ocrx_word' id='word_1_125' title='bbox 1403 1916 1631 1974; x_wconf 73' lang='lat' dir='ltr'><strong>Abrahze&#39;</strong></span> <span class='ocrx_word' id='word_1_126' title='bbox 1648 1915 1818 1969; x_wconf 88' lang='lat' dir='ltr'><strong>factus</strong></span> 
     </span>
    </p>
   </div>
   <div class='ocr_carea' id='block_1_19' title="bbox 234 2008 1777 2096">
    <p class='ocr_par' dir='ltr' id='par_1_19' title="bbox 234 2008 1777 2096">
     <span class='ocr_line' id='line_1_19' title="bbox 234 2008 1777 2096; baseline -0.02 -6"><span class='ocrx_word' id='word_1_127' title='bbox 234 2018 369 2096; x_wconf 80' lang='lat' dir='ltr'><strong>erat;</strong></span> <span class='ocrx_word' id='word_1_128' title='bbox 399 2041 453 2086; x_wconf 91' lang='lat' dir='ltr'><strong>et</strong></span> <span class='ocrx_word' id='word_1_129' title='bbox 482 2008 545 2083; x_wconf 86' lang='lat' dir='ltr'><strong>ut</strong></span> <span class='ocrx_word' id='word_1_130' title='bbox 564 2026 840 2082; x_wconf 79' lang='lat' dir='ltr'><strong>Abraham</strong></span> <span class='ocrx_word' id='word_1_131' title='bbox 871 2021 1038 2080; x_wconf 86' lang='lat' dir='ltr'><strong>lieret,</strong></span> <span class='ocrx_word' id='word_1_132' title='bbox 1068 2026 1188 2070; x_wconf 87' lang='lat' dir='ltr'><strong>ante</strong></span> <span class='ocrx_word' id='word_1_133' title='bbox 1217 2011 1483 2069; x_wconf 84' lang='lat' dir='ltr'><strong>Abraham</strong></span> <span class='ocrx_word' id='word_1_134' title='bbox 1509 2010 1620 2075; x_wconf 80' lang='lat' dir='ltr'><strong>ipse</strong></span> <span class='ocrx_word' id='word_1_135' title='bbox 1645 2016 1777 2061; x_wconf 85' lang='lat' dir='ltr'><strong>eral.</strong></span> 
     </span>
    </p>
   </div>
   <div class='ocr_carea' id='block_1_20' title="bbox 297 2096 1818 2187">
    <p class='ocr_par' dir='ltr' id='par_1_20' title="bbox 297 2096 1818 2187">
     <span class='ocr_line' id='line_1_20' title="bbox 297 2096 1818 2187; baseline -0.02 -6"><span class='ocrx_word' id='word_1_136' title='bbox 297 2125 381 2181; x_wconf 71' lang='grc'><strong>18.</strong></span> <span class='ocrx_word' id='word_1_137' title='bbox 425 2122 562 2178; x_wconf 81' lang='lat' dir='ltr'><strong>Hinc</strong></span> <span class='ocrx_word' id='word_1_138' title='bbox 608 2119 719 2187; x_wconf 83' lang='lat' dir='ltr'><strong>jam</strong></span> <span class='ocrx_word' id='word_1_139' title='bbox 760 2114 901 2169; x_wconf 88' lang='lat' dir='ltr'><strong>velut</strong></span> <span class='ocrx_word' id='word_1_140' title='bbox 944 2107 1170 2165; x_wconf 80' lang='lat' dir='ltr'><strong>Abraha:</strong></span> <span class='ocrx_word' id='word_1_141' title='bbox 1204 2103 1538 2174; x_wconf 81' lang='lat' dir='ltr'><strong>apertissimo</strong></span> <span class='ocrx_word' id='word_1_142' title='bbox 1577 2096 1818 2154; x_wconf 86' lang='lat' dir='ltr'><strong>convicio</strong></span> 
     </span>
    </p>
   </div>
   <div class='ocr_carea' id='block_1_21' title="bbox 233 2189 1819 2274">
    <p class='ocr_par' dir='ltr' id='par_1_21' title="bbox 233 2189 1819 2274">
     <span class='ocr_line' id='line_1_21' title="bbox 233 2189 1819 2274; baseline -0.021 0"><span class='ocrx_word' id='word_1_143' title='bbox 233 2216 470 2274; x_wconf 75' lang='lat' dir='ltr'><strong>commoti</strong></span> <span class='ocrx_word' id='word_1_144' title='bbox 500 2219 638 2267; x_wconf 85' lang='lat' dir='ltr'><strong>sunt</strong></span> <span class='ocrx_word' id='word_1_145' title='bbox 661 2207 859 2263; x_wconf 89' lang='lat' dir='ltr'><strong>acrius.</strong></span> <span class='ocrx_word' id='word_1_146' title='bbox 886 2200 1289 2271; x_wconf 85' lang='lat' dir='ltr'><strong>Blasphemasse</strong></span> <span class='ocrx_word' id='word_1_147' title='bbox 1318 2194 1514 2264; x_wconf 80' lang='lat' dir='ltr'><strong>quippe</strong></span> <span class='ocrx_word' id='word_1_148' title='bbox 1542 2191 1644 2244; x_wconf 82' lang='lat' dir='ltr'><strong>illis</strong></span> <span class='ocrx_word' id='word_1_149' title='bbox 1674 2189 1819 2243; x_wconf 88' lang='lat' dir='ltr'><strong>visus</strong></span> 
     </span>
    </p>
   </div>
   <div class='ocr_carea' id='block_1_22' title="bbox 238 2278 1819 2367">
    <p class='ocr_par' dir='ltr' id='par_1_22' title="bbox 238 2278 1819 2367">
     <span class='ocr_line' id='line_1_22' title="bbox 238 2278 1819 2367; baseline -0.024 0"><span class='ocrx_word' id='word_1_150' title='bbox 238 2318 311 2367; x_wconf 85' lang='lat' dir='ltr'><strong>est</strong></span> <span class='ocrx_word' id='word_1_151' title='bbox 335 2306 593 2363; x_wconf 81' lang='lat' dir='ltr'><strong>Dominus</strong></span> <span class='ocrx_word' id='word_1_152' title='bbox 614 2299 879 2359; x_wconf 87' lang='lat' dir='ltr'><strong>Christus,</strong></span> <span class='ocrx_word' id='word_1_153' title='bbox 908 2291 1156 2364; x_wconf 89' lang='lat' dir='ltr'><strong>quoniam</strong></span> <span class='ocrx_word' id='word_1_154' title='bbox 1183 2287 1334 2348; x_wconf 77' lang='lat' dir='ltr'><strong>dixit,</strong></span> <span class='ocrx_word' id='word_1_155' title='bbox 1353 2284 1633 2354; x_wconf 76' lang='lat' dir='ltr'><strong>Antequam</strong></span> <span class='ocrx_word' id='word_1_156' title='bbox 1658 2278 1819 2332; x_wconf 86' lang='lat' dir='ltr'><strong>Abra-</strong></span> 
     </span>
    </p>
   </div>
   <div class='ocr_carea' id='block_1_23' title="bbox 241 2372 1821 2467">
    <p class='ocr_par' dir='ltr' id='par_1_23' title="bbox 241 2372 1821 2467">
     <span class='ocr_line' id='line_1_23' title="bbox 241 2372 1821 2467; baseline -0.023 -11"><span class='ocrx_word' id='word_1_157' title='bbox 241 2401 345 2455; x_wconf 76' lang='lat' dir='ltr'><strong>ham</strong></span> <span class='ocrx_word' id='word_1_158' title='bbox 370 2398 506 2467; x_wconf 78' lang='lat' dir='ltr'><strong>ﬁeret</strong></span> <span class='ocrx_word' id='word_1_159' title='bbox 527 2436 542 2455; x_wconf 89' lang='lat'><strong>.</strong></span> <span class='ocrx_word' id='word_1_160' title='bbox 570 2408 668 2464; x_wconf 82' lang='lat' dir='ltr'><strong>ego</strong></span> <span class='ocrx_word' id='word_1_161' title='bbox 696 2405 828 2444; x_wconf 87' lang='lat' dir='ltr'><strong>sum.</strong></span> <span class='ocrx_word' id='word_1_162' title='bbox 861 2382 1113 2439; x_wconf 75' lang='lat' dir='ltr'><strong>Tulernnt</strong></span> <span class='ocrx_word' id='word_1_163' title='bbox 1140 2395 1256 2450; x_wconf 87' lang='lat' dir='ltr'><strong>ergo</strong></span> <span class='ocrx_word' id='word_1_164' title='bbox 1284 2375 1477 2445; x_wconf 76' lang='lat' dir='ltr'><strong>lapides</strong></span> <span class='ocrx_word' id='word_1_165' title='bbox 1518 2380 1569 2467; x_wconf 83' lang='lat' dir='ltr'><strong>ut</strong></span> <span class='ocrx_word' id='word_1_166' title='bbox 1594 2372 1821 2467; x_wconf 55' lang='lat' dir='ltr'><strong>iacerent</strong></span> 
     </span>
    </p>
   </div>
   <div class='ocr_carea' id='block_1_24' title="bbox 244 2462 1820 2547">
    <p class='ocr_par' dir='ltr' id='par_1_24' title="bbox 244 2462 1820 2547">
     <span class='ocr_line' id='line_1_24' title="bbox 244 2462 1820 2547; baseline -0.02 -1"><span class='ocrx_word' id='word_1_167' title='bbox 244 2494 290 2547; x_wconf 89' lang='lat' dir='ltr'><strong>in</strong></span> <span class='ocrx_word' id='word_1_168' title='bbox 316 2462 444 2545; x_wconf 66' lang='lat' dir='ltr'><strong>cuin.</strong></span> <span class='ocrx_word' id='word_1_169' title='bbox 475 2462 654 2542; x_wconf 76' lang='lat' dir='ltr'><strong>Tanta</strong></span> <span class='ocrx_word' id='word_1_170' title='bbox 684 2480 876 2537; x_wconf 88' lang='lat' dir='ltr'><strong>duritia</strong></span> <span class='ocrx_word' id='word_1_171' title='bbox 905 2491 1010 2547; x_wconf 90' lang='lat' dir='ltr'><strong>quo</strong></span> <span class='ocrx_word' id='word_1_172' title='bbox 1046 2481 1314 2535; x_wconf 82' lang='lat' dir='ltr'><strong>curreret,</strong></span> <span class='ocrx_word' id='word_1_173' title='bbox 1360 2469 1458 2545; x_wconf 77' lang='lat' dir='ltr'><strong>nisi</strong></span> <span class='ocrx_word' id='word_1_174' title='bbox 1493 2465 1557 2519; x_wconf 89' lang='lat' dir='ltr'><strong>ad</strong></span> <span class='ocrx_word' id='word_1_175' title='bbox 1585 2462 1820 2518; x_wconf 83' lang='lat' dir='ltr'><strong>similes?</strong></span> 
     </span>
    </p>
   </div>
   <div class='ocr_carea' id='block_1_25' title="bbox 243 2555 1818 2644">
    <p class='ocr_par' dir='ltr' id='par_1_25' title="bbox 243 2555 1818 2644">
     <span class='ocr_line' id='line_1_25' title="bbox 243 2555 1818 2644; baseline -0.019 -6"><span class='ocrx_word' id='word_1_176' title='bbox 243 2558 380 2638; x_wconf 67' lang='lat' dir='ltr'><strong>Iesus</strong></span> <span class='ocrx_word' id='word_1_177' title='bbox 405 2589 595 2640; x_wconf 82' lang='lat' dir='ltr'><strong>autem,</strong></span> <span class='ocrx_word' id='word_1_178' title='bbox 635 2586 886 2644; x_wconf 66' lang='lat' dir='ltr'><strong>tanquam</strong></span> <span class='ocrx_word' id='word_1_179' title='bbox 915 2570 1095 2631; x_wconf 74' lang='lat' dir='ltr'><strong>hoino,</strong></span> <span class='ocrx_word' id='word_1_180' title='bbox 1121 2575 1366 2634; x_wconf 80' lang='lat' dir='ltr'><strong>tanquam</strong></span> <span class='ocrx_word' id='word_1_181' title='bbox 1392 2563 1443 2615; x_wconf 89' lang='lat' dir='ltr'><strong>in</strong></span> <span class='ocrx_word' id='word_1_182' title='bbox 1471 2561 1634 2614; x_wconf 89' lang='lat' dir='ltr'><strong>forma</strong></span> <span class='ocrx_word' id='word_1_183' title='bbox 1657 2555 1818 2621; x_wconf 82' lang='lat' dir='ltr'><strong>servi,</strong></span> 
     </span>
    </p>
   </div>
   <div class='ocr_carea' id='block_1_26' title="bbox 247 2648 1794 2746">
    <p class='ocr_par' dir='ltr' id='par_1_26' title="bbox 247 2648 1794 2746">
     <span class='ocr_line' id='line_1_26' title="bbox 247 2648 1794 2746; baseline -0.021 -13"><span class='ocrx_word' id='word_1_184' title='bbox 247 2686 293 2732; x_wconf 79' lang='lat' dir='ltr'><strong>ta</strong></span> <span class='ocrx_word' id='word_1_185' title='bbox 313 2688 476 2746; x_wconf 81' lang='lat' dir='ltr'><strong>:quam</strong></span> <span class='ocrx_word' id='word_1_186' title='bbox 506 2669 753 2726; x_wconf 83' lang='lat' dir='ltr'><strong>humilis.</strong></span> <span class='ocrx_word' id='word_1_187' title='bbox 787 2677 1033 2733; x_wconf 87' lang='lat' dir='ltr'><strong>tanquam</strong></span> <span class='ocrx_word' id='word_1_188' title='bbox 1056 2658 1346 2730; x_wconf 80' lang='lat' dir='ltr'><strong>passurus,</strong></span> <span class='ocrx_word' id='word_1_189' title='bbox 1375 2662 1621 2722; x_wconf 87' lang='lat' dir='ltr'><strong>tanquam</strong></span> <span class='ocrx_word' id='word_1_190' title='bbox 1661 2648 1794 2703; x_wconf 88' lang='lat' dir='ltr'><strong>mori</strong></span> 
     </span>
    </p>
   </div>
   <div class='ocr_carea' id='block_1_27' title="bbox 249 2747 1822 2834">
    <p class='ocr_par' dir='ltr' id='par_1_27' title="bbox 249 2747 1822 2834">
     <span class='ocr_line' id='line_1_27' title="bbox 249 2747 1822 2834; baseline -0.018 -11"><span class='ocrx_word' id='word_1_191' title='bbox 249 2779 402 2829; x_wconf 86' lang='lat' dir='ltr'><strong>turus,</strong></span> <span class='ocrx_word' id='word_1_192' title='bbox 438 2775 699 2834; x_wconf 83' lang='lat' dir='ltr'><strong>tanquam</strong></span> <span class='ocrx_word' id='word_1_193' title='bbox 727 2774 824 2829; x_wconf 86' lang='lat' dir='ltr'><strong>nos</strong></span> <span class='ocrx_word' id='word_1_194' title='bbox 861 2772 959 2811; x_wconf 91' lang='lat' dir='ltr'><strong>suo</strong></span> <span class='ocrx_word' id='word_1_195' title='bbox 989 2750 1245 2821; x_wconf 84' lang='lat' dir='ltr'><strong>sanguine</strong></span> <span class='ocrx_word' id='word_1_196' title='bbox 1276 2747 1643 2815; x_wconf 78' lang='lat' dir='ltr'><strong>redempturus</strong></span> <span class='ocrx_word' id='word_1_197' title='bbox 1674 2755 1822 2834; x_wconf 47' lang='lat' dir='ltr'><strong>anon</strong></span> 
     </span>
    </p>
   </div>
   <div class='ocr_carea' id='block_1_28' title="bbox 252 2832 1824 2929">
    <p class='ocr_par' dir='ltr' id='par_1_28' title="bbox 252 2832 1824 2929">
     <span class='ocr_line' id='line_1_28' title="bbox 252 2832 1824 2929; baseline -0.018 -16"><span class='ocrx_word' id='word_1_198' title='bbox 252 2868 477 2929; x_wconf 87' lang='lat' dir='ltr'><strong>tanquam</strong></span> <span class='ocrx_word' id='word_1_199' title='bbox 505 2832 594 2910; x_wconf 84' lang='lat' dir='ltr'><strong>ille</strong></span> <span class='ocrx_word' id='word_1_200' title='bbox 623 2852 717 2924; x_wconf 84' lang='lat' dir='ltr'><strong>qui</strong></span> <span class='ocrx_word' id='word_1_201' title='bbox 758 2858 841 2905; x_wconf 81' lang='lat' dir='ltr'><strong>est</strong></span> <span class='ocrx_word' id='word_1_202' title='bbox 860 2890 875 2914; x_wconf 95' lang='lat'><strong>,</strong></span> <span class='ocrx_word' id='word_1_203' title='bbox 908 2860 1009 2901; x_wconf 88' lang='lat' dir='ltr'><strong>non</strong></span> <span class='ocrx_word' id='word_1_204' title='bbox 1037 2853 1284 2911; x_wconf 86' lang='lat' dir='ltr'><strong>tanquam</strong></span> <span class='ocrx_word' id='word_1_205' title='bbox 1314 2838 1366 2891; x_wconf 92' lang='lat' dir='ltr'><strong>in</strong></span> <span class='ocrx_word' id='word_1_206' title='bbox 1410 2834 1665 2905; x_wconf 89' lang='lat' dir='ltr'><strong>principio</strong></span> <span class='ocrx_word' id='word_1_207' title='bbox 1694 2832 1824 2887; x_wconf 76' lang='lat' dir='ltr'><strong>Ver-</strong></span> 
     </span>
    </p>
   </div>
   <div class='ocr_carea' id='block_1_29' title="bbox 249 2924 1822 3012">
    <p class='ocr_par' dir='ltr' id='par_1_29' title="bbox 249 2924 1822 3012">
     <span class='ocr_line' id='line_1_29' title="bbox 249 2924 1822 3012; baseline -0.016 -7"><span class='ocrx_word' id='word_1_208' title='bbox 249 2924 379 3009; x_wconf 74' lang='lat' dir='ltr'><strong>bum.</strong></span> <span class='ocrx_word' id='word_1_209' title='bbox 419 2961 472 3004; x_wconf 88' lang='lat' dir='ltr'><strong>et</strong></span> <span class='ocrx_word' id='word_1_210' title='bbox 499 2946 739 3001; x_wconf 77' lang='lat' dir='ltr'><strong>Verbum</strong></span> <span class='ocrx_word' id='word_1_211' title='bbox 778 2937 917 3012; x_wconf 86' lang='lat' dir='ltr'><strong>apud</strong></span> <span class='ocrx_word' id='word_1_212' title='bbox 958 2939 1142 2992; x_wconf 88' lang='lat' dir='ltr'><strong>Deum.</strong></span> <span class='ocrx_word' id='word_1_213' title='bbox 1184 2932 1314 2986; x_wconf 74' lang='lat' dir='ltr'><strong>Nam</strong></span> <span class='ocrx_word' id='word_1_214' title='bbox 1348 2944 1469 2983; x_wconf 89' lang='lat' dir='ltr'><strong>cum</strong></span> <span class='ocrx_word' id='word_1_215' title='bbox 1507 2928 1583 2982; x_wconf 88' lang='lat' dir='ltr'><strong>illi</strong></span> <span class='ocrx_word' id='word_1_216' title='bbox 1622 2924 1822 2995; x_wconf 75' lang='lat' dir='ltr'><strong>lapides</strong></span> 
     </span>
    </p>
   </div>
   <div class='ocr_carea' id='block_1_30' title="bbox 253 3022 1823 3096">
    <p class='ocr_par' dir='ltr' id='par_1_30' title="bbox 253 3022 1823 3096">
     <span class='ocr_line' id='line_1_30' title="bbox 253 3022 1823 3096; baseline -0.017 0"><span class='ocrx_word' id='word_1_217' title='bbox 253 3041 465 3096; x_wconf 76' lang='lat' dir='ltr'><strong>tulerunt</strong></span> <span class='ocrx_word' id='word_1_218' title='bbox 484 3047 540 3093; x_wconf 92' lang='lat' dir='ltr'><strong>ut</strong></span> <span class='ocrx_word' id='word_1_219' title='bbox 566 3036 847 3091; x_wconf 85' lang='lat' dir='ltr'><strong>mitterent</strong></span> <span class='ocrx_word' id='word_1_220' title='bbox 873 3031 924 3084; x_wconf 91' lang='lat' dir='ltr'><strong>in</strong></span> <span class='ocrx_word' id='word_1_221' title='bbox 943 3043 1085 3093; x_wconf 82' lang='lat' dir='ltr'><strong>Clllll,</strong></span> <span class='ocrx_word' id='word_1_222' title='bbox 1107 3022 1231 3095; x_wconf 91' lang='lat' dir='ltr'><strong>quid</strong></span> <span class='ocrx_word' id='word_1_223' title='bbox 1248 3035 1493 3091; x_wconf 87' lang='lat' dir='ltr'><strong>magnum</strong></span> <span class='ocrx_word' id='word_1_224' title='bbox 1514 3027 1628 3072; x_wconf 91' lang='lat' dir='ltr'><strong>erat</strong></span> <span class='ocrx_word' id='word_1_225' title='bbox 1658 3024 1712 3069; x_wconf 91' lang='lat' dir='ltr'><strong>nt</strong></span> <span class='ocrx_word' id='word_1_226' title='bbox 1730 3029 1823 3069; x_wconf 88' lang='lat' dir='ltr'><strong>eos</strong></span> 
     </span>
    </p>
   </div>
   <div class='ocr_carea' id='block_1_31' title="bbox 253 3107 1825 3189">
    <p class='ocr_par' dir='ltr' id='par_1_31' title="bbox 253 3107 1825 3189">
     <span class='ocr_line' id='line_1_31' title="bbox 253 3107 1825 3189; baseline -0.02 2"><span class='ocrx_word' id='word_1_227' title='bbox 253 3134 481 3189; x_wconf 88' lang='lat' dir='ltr'><strong>continuo</strong></span> <span class='ocrx_word' id='word_1_228' title='bbox 523 3129 815 3187; x_wconf 80' lang='lat' dir='ltr'><strong>dehiscens</strong></span> <span class='ocrx_word' id='word_1_229' title='bbox 857 3135 994 3178; x_wconf 89' lang='lat' dir='ltr'><strong>terra</strong></span> <span class='ocrx_word' id='word_1_230' title='bbox 1034 3119 1294 3181; x_wconf 81' lang='lat' dir='ltr'><strong>sorberet,</strong></span> <span class='ocrx_word' id='word_1_231' title='bbox 1341 3123 1395 3168; x_wconf 93' lang='lat' dir='ltr'><strong>et</strong></span> <span class='ocrx_word' id='word_1_232' title='bbox 1439 3126 1534 3182; x_wconf 87' lang='lat' dir='ltr'><strong>pro</strong></span> <span class='ocrx_word' id='word_1_233' title='bbox 1566 3107 1825 3178; x_wconf 83' lang='lat' dir='ltr'><strong>lapidibus</strong></span> 
     </span>
    </p>
   </div>
   <div class='ocr_carea' id='block_1_32' title="bbox 257 3201 1823 3282">
    <p class='ocr_par' dir='ltr' id='par_1_32' title="bbox 257 3201 1823 3282">
     <span class='ocr_line' id='line_1_32' title="bbox 257 3201 1823 3282; baseline -0.017 -1"><span class='ocrx_word' id='word_1_234' title='bbox 257 3227 431 3282; x_wconf 79' lang='lat' dir='ltr'><strong>inieras</strong></span> <span class='ocrx_word' id='word_1_235' title='bbox 455 3218 797 3280; x_wconf 84' lang='lat' dir='ltr'><strong>invenirent?</strong></span> <span class='ocrx_word' id='word_1_236' title='bbox 820 3216 932 3272; x_wconf 86' lang='lat' dir='ltr'><strong>Non</strong></span> <span class='ocrx_word' id='word_1_237' title='bbox 954 3222 1068 3270; x_wconf 88' lang='lat' dir='ltr'><strong>erat</strong></span> <span class='ocrx_word' id='word_1_238' title='bbox 1092 3224 1336 3280; x_wconf 81' lang='lat' dir='ltr'><strong>magnum</strong></span> <span class='ocrx_word' id='word_1_239' title='bbox 1362 3207 1469 3261; x_wconf 90' lang='lat' dir='ltr'><strong>Deo</strong></span> <span class='ocrx_word' id='word_1_240' title='bbox 1493 3222 1506 3256; x_wconf 88' lang='lat'><strong>:</strong></span> <span class='ocrx_word' id='word_1_241' title='bbox 1538 3201 1632 3257; x_wconf 90' lang='lat' dir='ltr'><strong>sed</strong></span> <span class='ocrx_word' id='word_1_242' title='bbox 1656 3202 1823 3270; x_wconf 88' lang='lat' dir='ltr'><strong>magis</strong></span> 
     </span>
    </p>
   </div>
   <div class='ocr_carea' id='block_1_33' title="bbox 262 3292 1824 3377">
    <p class='ocr_par' dir='ltr' id='par_1_33' title="bbox 262 3292 1824 3377">
     <span class='ocr_line' id='line_1_33' title="bbox 262 3292 1824 3377; baseline -0.019 -5"><span class='ocrx_word' id='word_1_243' title='bbox 262 3324 364 3370; x_wconf 83' lang='lat' dir='ltr'><strong>erat</strong></span> <span class='ocrx_word' id='word_1_244' title='bbox 397 3308 816 3370; x_wconf 87' lang='lat' dir='ltr'><strong>commendanda</strong></span> <span class='ocrx_word' id='word_1_245' title='bbox 864 3303 1146 3377; x_wconf 86' lang='lat' dir='ltr'><strong>patientia,</strong></span> <span class='ocrx_word' id='word_1_246' title='bbox 1193 3313 1348 3369; x_wconf 79' lang='lat' dir='ltr'><strong>qttam</strong></span> <span class='ocrx_word' id='word_1_247' title='bbox 1388 3292 1682 3351; x_wconf 74' lang='lat' dir='ltr'><strong>esserenda</strong></span> <span class='ocrx_word' id='word_1_248' title='bbox 1724 3304 1824 3360; x_wconf 90' lang='lat' dir='ltr'><strong>po-</strong></span> 
     </span>
    </p>
   </div>
   <div class='ocr_carea' id='block_1_34' title="bbox 264 3382 1824 3468">
    <p class='ocr_par' dir='ltr' id='par_1_34' title="bbox 264 3382 1824 3468">
     <span class='ocr_line' id='line_1_34' title="bbox 264 3382 1824 3468; baseline -0.019 -5"><span class='ocrx_word' id='word_1_249' title='bbox 264 3407 422 3463; x_wconf 82' lang='lat' dir='ltr'><strong>tentia.</strong></span> <span class='ocrx_word' id='word_1_250' title='bbox 450 3404 729 3461; x_wconf 81' lang='lat' dir='ltr'><strong>Abscondit</strong></span> <span class='ocrx_word' id='word_1_251' title='bbox 756 3416 809 3455; x_wconf 86' lang='lat' dir='ltr'><strong>se</strong></span> <span class='ocrx_word' id='word_1_252' title='bbox 831 3411 960 3468; x_wconf 78' lang='lat' dir='ltr'><strong>ergo</strong></span> <span class='ocrx_word' id='word_1_253' title='bbox 987 3396 1052 3449; x_wconf 90' lang='lat' dir='ltr'><strong>ab</strong></span> <span class='ocrx_word' id='word_1_254' title='bbox 1082 3394 1179 3456; x_wconf 89' lang='lat' dir='ltr'><strong>eis,</strong></span> <span class='ocrx_word' id='word_1_255' title='bbox 1213 3406 1279 3445; x_wconf 89' lang='lat' dir='ltr'><strong>ne</strong></span> <span class='ocrx_word' id='word_1_256' title='bbox 1308 3388 1650 3457; x_wconf 86' lang='lat' dir='ltr'><strong>lapidaretur.</strong></span> <span class='ocrx_word' id='word_1_257' title='bbox 1679 3382 1824 3437; x_wconf 87' lang='lat' dir='ltr'><strong>Tan-</strong></span> 
     </span>
    </p>
   </div>
   <div class='ocr_carea' id='block_1_35' title="bbox 259 3480 1839 3568">
    <p class='ocr_par' dir='ltr' id='par_1_35' title="bbox 259 3480 1839 3568">
     <span class='ocr_line' id='line_1_35' title="bbox 259 3480 1839 3568; baseline -0.016 -14"><span class='ocrx_word' id='word_1_258' title='bbox 259 3513 397 3568; x_wconf 91' lang='lat' dir='ltr'><strong>quam</strong></span> <span class='ocrx_word' id='word_1_259' title='bbox 426 3496 585 3553; x_wconf 90' lang='lat' dir='ltr'><strong>homo</strong></span> <span class='ocrx_word' id='word_1_260' title='bbox 626 3511 657 3547; x_wconf 93' lang='lat' dir='ltr'><strong>a</strong></span> <span class='ocrx_word' id='word_1_261' title='bbox 688 3492 950 3563; x_wconf 75' lang='lat' dir='ltr'><strong>lapidibus</strong></span> <span class='ocrx_word' id='word_1_262' title='bbox 980 3486 1109 3556; x_wconf 84' lang='lat' dir='ltr'><strong>fugit</strong></span> <span class='ocrx_word' id='word_1_263' title='bbox 1137 3502 1150 3537; x_wconf 93' lang='lat'>:</span> <span class='ocrx_word' id='word_1_264' title='bbox 1178 3482 1272 3538; x_wconf 92' lang='lat' dir='ltr'><strong>sed</strong></span> <span class='ocrx_word' id='word_1_265' title='bbox 1301 3498 1380 3535; x_wconf 80' lang='lat' dir='ltr'><strong>va:</strong></span> <span class='ocrx_word' id='word_1_266' title='bbox 1410 3480 1516 3534; x_wconf 86' lang='lat' dir='ltr'><strong>illis</strong></span> <span class='ocrx_word' id='word_1_267' title='bbox 1540 3494 1569 3531; x_wconf 90' lang='lat' dir='ltr'><strong>a</strong></span> <span class='ocrx_word' id='word_1_268' title='bbox 1598 3490 1839 3559; x_wconf 5' lang='lat' dir='ltr'><strong>quorum,</strong></span> 
     </span>
    </p>
   </div>
   <div class='ocr_carea' id='block_1_36' title="bbox 257 3579 1102 3660">
    <p class='ocr_par' dir='ltr' id='par_1_36' title="bbox 257 3579 1102 3660">
     <span class='ocr_line' id='line_1_36' title="bbox 257 3579 1102 3660; baseline -0.015 -15"><span class='ocrx_word' id='word_1_269' title='bbox 257 3588 458 3660; x_wconf 81' lang='lat' dir='ltr'><strong>lapideis</strong></span> <span class='ocrx_word' id='word_1_270' title='bbox 478 3587 734 3646; x_wconf 83' lang='lat' dir='ltr'><strong>cordibus</strong></span> <span class='ocrx_word' id='word_1_271' title='bbox 766 3584 906 3638; x_wconf 87' lang='lat' dir='ltr'><strong>Deus</strong></span> <span class='ocrx_word' id='word_1_272' title='bbox 937 3579 1102 3649; x_wconf 83' lang='lat' dir='ltr'><strong>fugit!</strong></span> 
     </span>
    </p>
   </div>
   <div class='ocr_carea' id='block_1_37' title="bbox 721 3683 1349 3750">
    <p class='ocr_par' dir='ltr' id='par_1_37' title="bbox 721 3683 1349 3750">
     <span class='ocr_line' id='line_1_37' title="bbox 721 3683 1349 3750; baseline -0.022 1"><span class='ocrx_word' id='word_1_273' title='bbox 721 3687 1126 3750; x_wconf 72' lang='lat' dir='ltr'><strong>TRACTATUS</strong></span> <span class='ocrx_word' id='word_1_274' title='bbox 1162 3683 1349 3743; x_wconf 78' lang='lat' dir='ltr'><strong>XLIV.</strong></span> 
     </span>
    </p>
   </div>
   <div class='ocr_carea' id='block_1_38' title="bbox 262 3786 1831 3886">
    <p class='ocr_par' dir='ltr' id='par_1_38' title="bbox 262 3786 1831 3886">
     <span class='ocr_line' id='line_1_38' title="bbox 262 3786 1831 3886; baseline -0.015 -18"><span class='ocrx_word' id='word_1_275' title='bbox 262 3814 328 3870; x_wconf 72' lang='grc' dir='ltr'>Αι</span> <span class='ocrx_word' id='word_1_276' title='bbox 347 3831 402 3871; x_wconf 78' lang='lat' dir='ltr'><strong>eo</strong></span> <span class='ocrx_word' id='word_1_277' title='bbox 422 3815 553 3886; x_wconf 81' lang='lat' dir='ltr'><strong>quod</strong></span> <span class='ocrx_word' id='word_1_278' title='bbox 583 3811 833 3879; x_wconf 81' lang='lat' dir='ltr'><strong>scriptum</strong></span> <span class='ocrx_word' id='word_1_279' title='bbox 859 3814 953 3870; x_wconf 86' lang='lat' dir='ltr'><strong>est,</strong></span> <span class='ocrx_word' id='word_1_280' title='bbox 980 3803 1047 3858; x_wconf 88' lang='lat' dir='ltr'><strong>Et</strong></span> <span class='ocrx_word' id='word_1_281' title='bbox 1071 3798 1381 3871; x_wconf 73' lang='lat' dir='ltr'><strong>prreteriens</strong></span> <span class='ocrx_word' id='word_1_282' title='bbox 1400 3793 1529 3849; x_wconf 85' lang='lat' dir='ltr'><strong>vidit</strong></span> <span class='ocrx_word' id='word_1_283' title='bbox 1553 3786 1831 3886; x_wconf 78' lang='lat' dir='ltr'><strong>hominem</strong></span> 
     </span>
    </p>
   </div>
   <div class='ocr_carea' id='block_1_39' title="bbox 319 3882 1822 3965">
    <p class='ocr_par' dir='ltr' id='par_1_39' title="bbox 319 3882 1822 3965">
     <span class='ocr_line' id='line_1_39' title="bbox 319 3882 1822 3965; baseline -0.018 -2"><span class='ocrx_word' id='word_1_284' title='bbox 319 3882 507 3962; x_wconf 64' lang='lat' dir='ltr'><strong>catcnm</strong></span> <span class='ocrx_word' id='word_1_285' title='bbox 529 3921 559 3959; x_wconf 82' lang='lat' dir='ltr'><strong>a</strong></span> <span class='ocrx_word' id='word_1_286' title='bbox 591 3901 901 3960; x_wconf 84' lang='lat' dir='ltr'><strong>nativitate;</strong></span> <span class='ocrx_word' id='word_1_287' title='bbox 933 3891 1170 3965; x_wconf 81' lang='lat' dir='ltr'><strong>usquead</strong></span> <span class='ocrx_word' id='word_1_288' title='bbox 1198 3893 1271 3956; x_wconf 79' lang='lat' dir='ltr'><strong>id,</strong></span> <span class='ocrx_word' id='word_1_289' title='bbox 1303 3888 1453 3943; x_wconf 84' lang='lat' dir='ltr'><strong>Nunc</strong></span> <span class='ocrx_word' id='word_1_290' title='bbox 1480 3900 1604 3939; x_wconf 88' lang='lat' dir='ltr'><strong>vero</strong></span> <span class='ocrx_word' id='word_1_291' title='bbox 1626 3882 1822 3949; x_wconf 88' lang='lat' dir='ltr'><strong>dicitis,</strong></span> 
     </span>
    </p>
   </div>
   <div class='ocr_carea' id='block_1_40' title="bbox 322 3976 1840 4066">
    <p class='ocr_par' dir='ltr' id='par_1_40' title="bbox 322 3976 1840 4066">
     <span class='ocr_line' id='line_1_40' title="bbox 322 3976 1840 4066; baseline -0.019 -11"><span class='ocrx_word' id='word_1_292' title='bbox 322 3997 446 4066; x_wconf 82' lang='lat' dir='ltr'><strong>Quia</strong></span> <span class='ocrx_word' id='word_1_293' title='bbox 469 3998 715 4054; x_wconf 83' lang='lat' dir='ltr'><strong>videmus</strong></span> <span class='ocrx_word' id='word_1_294' title='bbox 744 4011 754 4045; x_wconf 93' lang='lat'><strong>:</strong></span> <span class='ocrx_word' id='word_1_295' title='bbox 779 3998 1051 4063; x_wconf 87' lang='lat' dir='ltr'><strong>peceatum</strong></span> <span class='ocrx_word' id='word_1_296' title='bbox 1076 3993 1309 4039; x_wconf 82' lang='lat' dir='ltr'><strong>vestrum</strong></span> <span class='ocrx_word' id='word_1_297' title='bbox 1333 3988 1529 4035; x_wconf 90' lang='lat' dir='ltr'><strong>manet.</strong></span> <span class='ocrx_word' id='word_1_298' title='bbox 1559 3976 1685 4046; x_wconf 86' lang='lat' dir='ltr'><strong>Cap.</strong></span> <span class='ocrx_word' id='word_1_299' title='bbox 1713 3990 1786 4029; x_wconf 78' lang='lat' dir='ltr'><strong>ix.</strong></span> <span class='ocrx_word' id='word_1_300' title='bbox 1828 4044 1840 4054; x_wconf 79' lang='lat'>_</span> 
     </span>
    </p>
   </div>
   <div class='ocr_carea' id='block_1_41' title="bbox 326 4088 1825 4175">
    <p class='ocr_par' dir='ltr' id='par_1_41' title="bbox 326 4088 1825 4175">
     <span class='ocr_line' id='line_1_41' title="bbox 326 4088 1825 4175; baseline -0.014 -11"><span class='ocrx_word' id='word_1_301' title='bbox 326 4110 373 4164; x_wconf 82' lang='grc' dir='ltr'>ι.</span> <span class='ocrx_word' id='word_1_302' title='bbox 402 4109 472 4165; x_wconf 87' lang='lat' dir='ltr'><strong>De</strong></span> <span class='ocrx_word' id='word_1_303' title='bbox 497 4108 717 4164; x_wconf 86' lang='lat' dir='ltr'><strong>homine</strong></span> <span class='ocrx_word' id='word_1_304' title='bbox 738 4118 895 4175; x_wconf 82' lang='lat' dir='ltr'><strong>quem</strong></span> <span class='ocrx_word' id='word_1_305' title='bbox 920 4099 1178 4155; x_wconf 88' lang='lat' dir='ltr'><strong>Dominus</strong></span> <span class='ocrx_word' id='word_1_306' title='bbox 1200 4096 1355 4151; x_wconf 81' lang='lat' dir='ltr'><strong>Jesns</strong></span> <span class='ocrx_word' id='word_1_307' title='bbox 1377 4090 1708 4153; x_wconf 91' lang='lat' dir='ltr'><strong>illuminavit,</strong></span> <span class='ocrx_word' id='word_1_308' title='bbox 1735 4088 1825 4159; x_wconf 91' lang='lat' dir='ltr'><strong>qni</strong></span> 
     </span>
    </p>
   </div>
   <div class='ocr_carea' id='block_1_42' title="bbox 268 4179 1825 4263">
    <p class='ocr_par' dir='ltr' id='par_1_42' title="bbox 268 4179 1825 4263">
     <span class='ocr_line' id='line_1_42' title="bbox 268 4179 1825 4263; baseline -0.015 -6"><span class='ocrx_word' id='word_1_309' title='bbox 268 4215 420 4256; x_wconf 71' lang='lat' dir='ltr'><strong>aecus</strong></span> <span class='ocrx_word' id='word_1_310' title='bbox 442 4210 598 4256; x_wconf 90' lang='lat' dir='ltr'><strong>natus</strong></span> <span class='ocrx_word' id='word_1_311' title='bbox 626 4198 744 4259; x_wconf 86' lang='lat' dir='ltr'><strong>fuit.</strong></span> <span class='ocrx_word' id='word_1_312' title='bbox 780 4192 979 4263; x_wconf 78' lang='lat' dir='ltr'><strong>prolixa</strong></span> <span class='ocrx_word' id='word_1_313' title='bbox 1007 4190 1166 4245; x_wconf 82' lang='lat' dir='ltr'><strong>lectio</strong></span> <span class='ocrx_word' id='word_1_314' title='bbox 1198 4186 1412 4242; x_wconf 86' lang='lat' dir='ltr'><strong>recitata</strong></span> <span class='ocrx_word' id='word_1_315' title='bbox 1440 4192 1522 4238; x_wconf 89' lang='lat' dir='ltr'><strong>est</strong></span> <span class='ocrx_word' id='word_1_316' title='bbox 1552 4200 1563 4234; x_wconf 89' lang='lat'><strong>:</strong></span> <span class='ocrx_word' id='word_1_317' title='bbox 1592 4196 1749 4253; x_wconf 90' lang='lat' dir='ltr'><strong>quam</strong></span> <span class='ocrx_word' id='word_1_318' title='bbox 1779 4179 1825 4234; x_wconf 88' lang='lat' dir='ltr'><strong>si</strong></span> 
     </span>
    </p>
   </div>
   <div class='ocr_carea' id='block_1_43' title="bbox 271 4272 1823 4360">
    <p class='ocr_par' dir='ltr' id='par_1_43' title="bbox 271 4272 1823 4360">
     <span class='ocr_line' id='line_1_43' title="bbox 271 4272 1823 4360; baseline -0.013 -15"><span class='ocrx_word' id='word_1_319' title='bbox 271 4292 543 4347; x_wconf 73' lang='lat' dir='ltr'><strong>universam</strong></span> <span class='ocrx_word' id='word_1_320' title='bbox 589 4293 914 4360; x_wconf 88' lang='lat' dir='ltr'><strong>pertractare</strong></span> <span class='ocrx_word' id='word_1_321' title='bbox 958 4296 1232 4345; x_wconf 88' lang='lat' dir='ltr'><strong>conemur,</strong></span> <span class='ocrx_word' id='word_1_322' title='bbox 1276 4291 1371 4347; x_wconf 91' lang='lat' dir='ltr'><strong>pro</strong></span> <span class='ocrx_word' id='word_1_323' title='bbox 1414 4274 1494 4328; x_wconf 89' lang='lat' dir='ltr'><strong>sui</strong></span> <span class='ocrx_word' id='word_1_324' title='bbox 1534 4272 1823 4343; x_wconf 75' lang='lat' dir='ltr'><strong>dignitate,</strong></span> 
     </span>
    </p>
   </div>
   <div class='ocr_carea' id='block_1_44' title="bbox 271 4361 1824 4447">
    <p class='ocr_par' dir='ltr' id='par_1_44' title="bbox 271 4361 1824 4447">
     <span class='ocr_line' id='line_1_44' title="bbox 271 4361 1824 4447; baseline -0.014 -11"><span class='ocrx_word' id='word_1_325' title='bbox 271 4381 392 4437; x_wconf 80' lang='lat' dir='ltr'><strong>sicut</strong></span> <span class='ocrx_word' id='word_1_326' title='bbox 410 4382 667 4440; x_wconf 85' lang='lat' dir='ltr'><strong>valemus.</strong></span> <span class='ocrx_word' id='word_1_327' title='bbox 688 4376 892 4447; x_wconf 78' lang='lat' dir='ltr'><strong>singula</strong></span> <span class='ocrx_word' id='word_1_328' title='bbox 913 4370 1333 4433; x_wconf 86' lang='lat' dir='ltr'><strong>considerantes,</strong></span> <span class='ocrx_word' id='word_1_329' title='bbox 1352 4381 1456 4420; x_wconf 92' lang='lat' dir='ltr'><strong>non</strong></span> <span class='ocrx_word' id='word_1_330' title='bbox 1478 4362 1672 4418; x_wconf 80' lang='lat' dir='ltr'><strong>sufﬁcit</strong></span> <span class='ocrx_word' id='word_1_331' title='bbox 1690 4361 1824 4415; x_wconf 89' lang='lat' dir='ltr'><strong>dies.</strong></span> 
     </span>
    </p>
   </div>
   <div class='ocr_carea' id='block_1_45' title="bbox 273 4454 1829 4543">
    <p class='ocr_par' dir='ltr' id='par_1_45' title="bbox 273 4454 1829 4543">
     <span class='ocr_line' id='line_1_45' title="bbox 273 4454 1829 4543; baseline -0.013 -14"><span class='ocrx_word' id='word_1_332' title='bbox 273 4471 479 4528; x_wconf 84' lang='lat' dir='ltr'><strong>Proinde</strong></span> <span class='ocrx_word' id='word_1_333' title='bbox 504 4482 627 4543; x_wconf 88' lang='lat' dir='ltr'><strong>peto</strong></span> <span class='ocrx_word' id='word_1_334' title='bbox 642 4481 695 4526; x_wconf 92' lang='lat' dir='ltr'><strong>et</strong></span> <span class='ocrx_word' id='word_1_335' title='bbox 710 4470 971 4524; x_wconf 91' lang='lat' dir='ltr'><strong>admoneo</strong></span> <span class='ocrx_word' id='word_1_336' title='bbox 992 4464 1315 4519; x_wconf 84' lang='lat' dir='ltr'><strong>Charitatem</strong></span> <span class='ocrx_word' id='word_1_337' title='bbox 1338 4467 1587 4520; x_wconf 84' lang='lat' dir='ltr'><strong>vestram,</strong></span> <span class='ocrx_word' id='word_1_338' title='bbox 1610 4465 1665 4510; x_wconf 90' lang='lat' dir='ltr'><strong>ut</strong></span> <span class='ocrx_word' id='word_1_339' title='bbox 1691 4455 1741 4509; x_wconf 90' lang='lat' dir='ltr'><strong>in</strong></span> <span class='ocrx_word' id='word_1_340' title='bbox 1765 4454 1829 4509; x_wconf 90' lang='lat' dir='ltr'><strong>iis</strong></span> 
     </span>
    </p>
   </div>
   <div class='ocr_carea' id='block_1_46' title="bbox 274 4545 1825 4634">
    <p class='ocr_par' dir='ltr' id='par_1_46' title="bbox 274 4545 1825 4634">
     <span class='ocr_line' id='line_1_46' title="bbox 274 4545 1825 4634; baseline -0.012 -16"><span class='ocrx_word' id='word_1_341' title='bbox 274 4578 376 4633; x_wconf 69' lang='lat' dir='ltr'><strong>qua:</strong></span> <span class='ocrx_word' id='word_1_342' title='bbox 398 4576 573 4634; x_wconf 84' lang='lat' dir='ltr'><strong>aperta</strong></span> <span class='ocrx_word' id='word_1_343' title='bbox 603 4570 743 4624; x_wconf 86' lang='lat' dir='ltr'><strong>sunt,</strong></span> <span class='ocrx_word' id='word_1_344' title='bbox 772 4571 1075 4615; x_wconf 74' lang='lat' dir='ltr'><strong>sermonem</strong></span> <span class='ocrx_word' id='word_1_345' title='bbox 1107 4561 1347 4607; x_wconf 87' lang='lat' dir='ltr'><strong>nostrum</strong></span> <span class='ocrx_word' id='word_1_346' title='bbox 1378 4565 1481 4603; x_wconf 90' lang='lat' dir='ltr'><strong>non</strong></span> <span class='ocrx_word' id='word_1_347' title='bbox 1509 4545 1825 4617; x_wconf 83' lang='lat' dir='ltr'><strong>requiratis:</strong></span> 
     </span>
    </p>
   </div>
   <div class='ocr_carea' id='block_1_47' title="bbox 277 4638 1830 4724">
    <p class='ocr_par' dir='ltr' id='par_1_47' title="bbox 277 4638 1830 4724">
     <span class='ocr_line' id='line_1_47' title="bbox 277 4638 1830 4724; baseline -0.012 -15"><span class='ocrx_word' id='word_1_348' title='bbox 277 4658 381 4709; x_wconf 78' lang='lat' dir='ltr'><strong>nam</strong></span> <span class='ocrx_word' id='word_1_349' title='bbox 404 4656 554 4711; x_wconf 90' lang='lat' dir='ltr'><strong>nimis</strong></span> <span class='ocrx_word' id='word_1_350' title='bbox 582 4655 796 4724; x_wconf 89' lang='lat' dir='ltr'><strong>longum</strong></span> <span class='ocrx_word' id='word_1_351' title='bbox 824 4651 926 4706; x_wconf 90' lang='lat' dir='ltr'><strong>erit</strong></span> <span class='ocrx_word' id='word_1_352' title='bbox 950 4648 1001 4702; x_wconf 91' lang='lat' dir='ltr'><strong>in</strong></span> <span class='ocrx_word' id='word_1_353' title='bbox 1029 4644 1249 4717; x_wconf 80' lang='lat' dir='ltr'><strong>singulis</strong></span> <span class='ocrx_word' id='word_1_354' title='bbox 1270 4641 1558 4697; x_wconf 87' lang='lat' dir='ltr'><strong>immorari.</strong></span> <span class='ocrx_word' id='word_1_355' title='bbox 1591 4638 1830 4693; x_wconf 76' lang='lat' dir='ltr'><strong>Breviter</strong></span> 
     </span>
    </p>
   </div>
   <div class='ocr_carea' id='block_1_48' title="bbox 280 4728 1829 4817">
    <p class='ocr_par' dir='ltr' id='par_1_48' title="bbox 280 4728 1829 4817">
     <span class='ocr_line' id='line_1_48' title="bbox 280 4728 1829 4817; baseline -0.015 -12"><span class='ocrx_word' id='word_1_356' title='bbox 280 4759 389 4815; x_wconf 71' lang='lat' dir='ltr'><strong>ergo</strong></span> <span class='ocrx_word' id='word_1_357' title='bbox 414 4748 535 4802; x_wconf 66' lang='lat' dir='ltr'><strong>caaci</strong></span> <span class='ocrx_word' id='word_1_358' title='bbox 562 4747 717 4817; x_wconf 87' lang='lat' dir='ltr'><strong>hujus</strong></span> <span class='ocrx_word' id='word_1_359' title='bbox 747 4740 1023 4798; x_wconf 90' lang='lat' dir='ltr'><strong>illuminati</strong></span> <span class='ocrx_word' id='word_1_360' title='bbox 1046 4736 1364 4793; x_wconf 90' lang='lat' dir='ltr'><strong>commendo</strong></span> <span class='ocrx_word' id='word_1_361' title='bbox 1394 4733 1726 4805; x_wconf 84' lang='lat' dir='ltr'><strong>mysterium.</strong></span> <span class='ocrx_word' id='word_1_362' title='bbox 1753 4728 1829 4783; x_wconf 88' lang='lat' dir='ltr'><strong>Ea</strong></span> 
     </span>
    </p>
   </div>
   <div class='ocr_carea' id='block_1_49' title="bbox 281 4824 1832 4908">
    <p class='ocr_par' dir='ltr' id='par_1_49' title="bbox 281 4824 1832 4908">
     <span class='ocr_line' id='line_1_49' title="bbox 281 4824 1832 4908; baseline -0.008 -21"><span class='ocrx_word' id='word_1_363' title='bbox 281 4836 453 4906; x_wconf 89' lang='lat' dir='ltr'><strong>quippe</strong></span> <span class='ocrx_word' id='word_1_364' title='bbox 478 4853 594 4908; x_wconf 77' lang='lat' dir='ltr'><strong>qua:</strong></span> <span class='ocrx_word' id='word_1_365' title='bbox 626 4836 749 4892; x_wconf 89' lang='lat' dir='ltr'><strong>fecit</strong></span> <span class='ocrx_word' id='word_1_366' title='bbox 779 4833 1034 4889; x_wconf 90' lang='lat' dir='ltr'><strong>Dominus</strong></span> <span class='ocrx_word' id='word_1_367' title='bbox 1064 4837 1245 4884; x_wconf 87' lang='lat' dir='ltr'><strong>noster</strong></span> <span class='ocrx_word' id='word_1_368' title='bbox 1271 4826 1426 4882; x_wconf 84' lang='lat' dir='ltr'><strong>Jesns</strong></span> <span class='ocrx_word' id='word_1_369' title='bbox 1453 4824 1698 4880; x_wconf 80' lang='lat' dir='ltr'><strong>Christus</strong></span> <span class='ocrx_word' id='word_1_370' title='bbox 1727 4828 1832 4875; x_wconf 88' lang='lat' dir='ltr'><strong>stu-</strong></span> 
     </span>
    </p>
   </div>
   <div class='ocr_carea' id='block_1_50' title="bbox 286 4918 1827 5001">
    <p class='ocr_par' dir='ltr' id='par_1_50' title="bbox 286 4918 1827 5001">
     <span class='ocr_line' id='line_1_50' title="bbox 286 4918 1827 5001; baseline -0.013 -16"><span class='ocrx_word' id='word_1_371' title='bbox 286 4927 431 4994; x_wconf 82' lang='lat' dir='ltr'><strong>penda</strong></span> <span class='ocrx_word' id='word_1_372' title='bbox 458 4939 610 5001; x_wconf 87' lang='lat' dir='ltr'><strong>atque</strong></span> <span class='ocrx_word' id='word_1_373' title='bbox 636 4926 898 4990; x_wconf 88' lang='lat' dir='ltr'><strong>miranda,</strong></span> <span class='ocrx_word' id='word_1_374' title='bbox 929 4931 983 4977; x_wconf 89' lang='lat' dir='ltr'><strong>et</strong></span> <span class='ocrx_word' id='word_1_375' title='bbox 1010 4935 1169 4990; x_wconf 85' lang='lat' dir='ltr'><strong>opera</strong></span> <span class='ocrx_word' id='word_1_376' title='bbox 1199 4928 1248 4974; x_wconf 91' lang='lat' dir='ltr'><strong>et</strong></span> <span class='ocrx_word' id='word_1_377' title='bbox 1272 4918 1430 4972; x_wconf 90' lang='lat' dir='ltr'><strong>verba</strong></span> <span class='ocrx_word' id='word_1_378' title='bbox 1459 4924 1615 4969; x_wconf 90' lang='lat' dir='ltr'><strong>sunt:</strong></span> <span class='ocrx_word' id='word_1_379' title='bbox 1644 4926 1827 4982; x_wconf 85' lang='lat' dir='ltr'><strong>opera,</strong></span> 
     </span>
    </p>
   </div>
   <div class='ocr_carea' id='block_1_51' title="bbox 285 5002 1831 5086">
    <p class='ocr_par' dir='ltr' id='par_1_51' title="bbox 285 5002 1831 5086">
     <span class='ocr_line' id='line_1_51' title="bbox 285 5002 1831 5086; baseline -0.01 -15"><span class='ocrx_word' id='word_1_380' title='bbox 285 5017 388 5086; x_wconf 85' lang='lat' dir='ltr'><strong>quia</strong></span> <span class='ocrx_word' id='word_1_381' title='bbox 415 5018 541 5073; x_wconf 86' lang='lat' dir='ltr'><strong>facta</strong></span> <span class='ocrx_word' id='word_1_382' title='bbox 565 5027 719 5081; x_wconf 87' lang='lat' dir='ltr'><strong>sunt;</strong></span> <span class='ocrx_word' id='word_1_383' title='bbox 747 5015 941 5080; x_wconf 89' lang='lat' dir='ltr'><strong>verba,</strong></span> <span class='ocrx_word' id='word_1_384' title='bbox 970 5013 1092 5083; x_wconf 85' lang='lat' dir='ltr'><strong>quia</strong></span> <span class='ocrx_word' id='word_1_385' title='bbox 1123 5012 1268 5080; x_wconf 82' lang='lat' dir='ltr'><strong>signa</strong></span> <span class='ocrx_word' id='word_1_386' title='bbox 1297 5016 1438 5063; x_wconf 88' lang='lat' dir='ltr'><strong>sunt.</strong></span> <span class='ocrx_word' id='word_1_387' title='bbox 1470 5007 1524 5061; x_wconf 87' lang='lat' dir='ltr'><strong>Si</strong></span> <span class='ocrx_word' id='word_1_388' title='bbox 1551 5018 1678 5075; x_wconf 83' lang='lat' dir='ltr'><strong>ergo</strong></span> <span class='ocrx_word' id='word_1_389' title='bbox 1705 5002 1831 5073; x_wconf 92' lang='lat' dir='ltr'><strong>quid</strong></span> 
     </span>
    </p>
   </div>
   <div class='ocr_carea' id='block_1_52' title="bbox 289 5095 1834 5180">
    <p class='ocr_par' dir='ltr' id='par_1_52' title="bbox 289 5095 1834 5180">
     <span class='ocr_line' id='line_1_52' title="bbox 289 5095 1834 5180; baseline -0.007 -20"><span class='ocrx_word' id='word_1_390' title='bbox 289 5107 518 5178; x_wconf 76' lang='lat' dir='ltr'><strong>signiﬁcet</strong></span> <span class='ocrx_word' id='word_1_391' title='bbox 538 5111 637 5166; x_wconf 86' lang='lat' dir='ltr'><strong>hoc.</strong></span> <span class='ocrx_word' id='word_1_392' title='bbox 654 5108 794 5180; x_wconf 88' lang='lat' dir='ltr'><strong>quod</strong></span> <span class='ocrx_word' id='word_1_393' title='bbox 817 5107 1011 5162; x_wconf 86' lang='lat' dir='ltr'><strong>factum</strong></span> <span class='ocrx_word' id='word_1_394' title='bbox 1031 5112 1113 5160; x_wconf 88' lang='lat' dir='ltr'><strong>est</strong></span> <span class='ocrx_word' id='word_1_395' title='bbox 1131 5102 1440 5171; x_wconf 80' lang='lat' dir='ltr'><strong>cogitemus.</strong></span> <span class='ocrx_word' id='word_1_396' title='bbox 1462 5111 1629 5166; x_wconf 79' lang='lat' dir='ltr'><strong>genus</strong></span> <span class='ocrx_word' id='word_1_397' title='bbox 1648 5095 1834 5150; x_wconf 84' lang='lat' dir='ltr'><strong>huma-</strong></span> 
     </span>
    </p>
   </div>
   <div class='ocr_carea' id='block_1_53' title="bbox 290 5186 1832 5259">
    <p class='ocr_par' dir='ltr' id='par_1_53' title="bbox 290 5186 1832 5259">
     <span class='ocr_line' id='line_1_53' title="bbox 290 5186 1832 5259; baseline -0.01 -3"><span class='ocrx_word' id='word_1_398' title='bbox 290 5214 396 5254; x_wconf 88' lang='lat' dir='ltr'><strong>num</strong></span> <span class='ocrx_word' id='word_1_399' title='bbox 433 5204 635 5259; x_wconf 66' lang='lat' dir='ltr'><strong>est‘iste</strong></span> <span class='ocrx_word' id='word_1_400' title='bbox 672 5217 844 5258; x_wconf 52' lang='lat' dir='ltr'><strong>caicus</strong></span> <span class='ocrx_word' id='word_1_401' title='bbox 889 5218 903 5254; x_wconf 89' lang='lat'><strong>:</strong></span> <span class='ocrx_word' id='word_1_402' title='bbox 942 5197 1056 5252; x_wconf 79' lang='lat' dir='ltr'><strong>[nec</strong></span> <span class='ocrx_word' id='word_1_403' title='bbox 1092 5195 1234 5249; x_wconf 90' lang='lat' dir='ltr'><strong>enim</strong></span> <span class='ocrx_word' id='word_1_404' title='bbox 1273 5194 1483 5247; x_wconf 71' lang='lat' dir='ltr'><strong>cmcitas</strong></span> <span class='ocrx_word' id='word_1_405' title='bbox 1518 5189 1738 5258; x_wconf 74' lang='lat' dir='ltr'><strong>contigit</strong></span> <span class='ocrx_word' id='word_1_406' title='bbox 1779 5186 1832 5241; x_wconf 93' lang='lat' dir='ltr'><strong>in</strong></span> 
     </span>
    </p>
   </div>
   <div class='ocr_carea' id='block_1_54' title="bbox 292 5278 1833 5362">
    <p class='ocr_par' dir='ltr' id='par_1_54' title="bbox 292 5278 1833 5362">
     <span class='ocr_line' id='line_1_54' title="bbox 292 5278 1833 5362; baseline -0.01 -18"><span class='ocrx_word' id='word_1_407' title='bbox 292 5291 441 5358; x_wconf 87' lang='lat' dir='ltr'><strong>primo</strong></span> <span class='ocrx_word' id='word_1_408' title='bbox 463 5293 669 5349; x_wconf 85' lang='lat' dir='ltr'><strong>homine</strong></span> <span class='ocrx_word' id='word_1_409' title='bbox 696 5307 791 5362; x_wconf 88' lang='lat' dir='ltr'><strong>per</strong></span> <span class='ocrx_word' id='word_1_410' title='bbox 816 5298 1112 5361; x_wconf 84' lang='lat' dir='ltr'><strong>peccatum,</strong></span> <span class='ocrx_word' id='word_1_411' title='bbox 1143 5284 1210 5340; x_wconf 91' lang='lat' dir='ltr'><strong>de</strong></span> <span class='ocrx_word' id='word_1_412' title='bbox 1233 5299 1338 5353; x_wconf 89' lang='lat' dir='ltr'><strong>quo</strong></span> <span class='ocrx_word' id='word_1_413' title='bbox 1365 5296 1550 5336; x_wconf 85' lang='lat' dir='ltr'><strong>omnes</strong></span> <span class='ocrx_word' id='word_1_414' title='bbox 1574 5278 1833 5349; x_wconf 77' lang='lat' dir='ltr'><strong>originem</strong></span> 
     </span>
    </p>
   </div>
   <div class='ocr_carea' id='block_1_55' title="bbox 296 5367 1834 5449">
    <p class='ocr_par' dir='ltr' id='par_1_55' title="bbox 296 5367 1834 5449">
     <span class='ocr_line' id='line_1_55' title="bbox 296 5367 1834 5449; baseline -0.008 -13"><span class='ocrx_word' id='word_1_415' title='bbox 296 5379 535 5449; x_wconf 79' lang='lat' dir='ltr'><strong>duximus,</strong></span> <span class='ocrx_word' id='word_1_416' title='bbox 562 5401 664 5441; x_wconf 92' lang='lat' dir='ltr'><strong>non</strong></span> <span class='ocrx_word' id='word_1_417' title='bbox 693 5383 867 5437; x_wconf 86' lang='lat' dir='ltr'><strong>solum</strong></span> <span class='ocrx_word' id='word_1_418' title='bbox 895 5380 1104 5445; x_wconf 89' lang='lat' dir='ltr'><strong>mortis,</strong></span> <span class='ocrx_word' id='word_1_419' title='bbox 1131 5375 1225 5432; x_wconf 90' lang='lat' dir='ltr'><strong>sed</strong></span> <span class='ocrx_word' id='word_1_420' title='bbox 1255 5374 1411 5428; x_wconf 89' lang='lat' dir='ltr'><strong>etiam</strong></span> <span class='ocrx_word' id='word_1_421' title='bbox 1440 5370 1749 5441; x_wconf 82' lang='lat' dir='ltr'><strong>iniquitatis.</strong></span> <span class='ocrx_word' id='word_1_422' title='bbox 1776 5367 1834 5423; x_wconf 88' lang='lat' dir='ltr'><strong>Si</strong></span> 
     </span>
    </p>
   </div>
   <div class='ocr_carea' id='block_1_56' title="bbox 297 5462 1833 5535">
    <p class='ocr_par' dir='ltr' id='par_1_56' title="bbox 297 5462 1833 5535">
     <span class='ocr_line' id='line_1_56' title="bbox 297 5462 1833 5535; baseline -0.005 -11"><span class='ocrx_word' id='word_1_423' title='bbox 297 5474 418 5528; x_wconf 81' lang='lat' dir='ltr'><strong>enim</strong></span> <span class='ocrx_word' id='word_1_424' title='bbox 434 5477 631 5532; x_wconf 71' lang='lat' dir='ltr'><strong>czeeitas</strong></span> <span class='ocrx_word' id='word_1_425' title='bbox 649 5485 729 5531; x_wconf 90' lang='lat' dir='ltr'><strong>est</strong></span> <span class='ocrx_word' id='word_1_426' title='bbox 754 5473 1058 5535; x_wconf 81' lang='lat' dir='ltr'><strong>infidelitas,</strong></span> <span class='ocrx_word' id='word_1_427' title='bbox 1080 5478 1134 5525; x_wconf 88' lang='lat' dir='ltr'><strong>et</strong></span> <span class='ocrx_word' id='word_1_428' title='bbox 1156 5465 1470 5523; x_wconf 88' lang='lat' dir='ltr'><strong>illuminatio</strong></span> <span class='ocrx_word' id='word_1_429' title='bbox 1495 5462 1653 5526; x_wconf 87' lang='lat' dir='ltr'><strong>fides;</strong></span> <span class='ocrx_word' id='word_1_430' title='bbox 1678 5476 1833 5532; x_wconf 87' lang='lat' dir='ltr'><strong>quem</strong></span> 
     </span>
    </p>
   </div>
   <div class='ocr_carea' id='block_1_57' title="bbox 302 5554 1834 5639">
    <p class='ocr_par' dir='ltr' id='par_1_57' title="bbox 302 5554 1834 5639">
     <span class='ocr_line' id='line_1_57' title="bbox 302 5554 1834 5639; baseline -0.005 -23"><span class='ocrx_word' id='word_1_431' title='bbox 302 5560 482 5623; x_wconf 87' lang='lat' dir='ltr'><strong>lldelcm</strong></span> <span class='ocrx_word' id='word_1_432' title='bbox 501 5567 702 5639; x_wconf 86' lang='lat' dir='ltr'><strong>quando</strong></span> <span class='ocrx_word' id='word_1_433' title='bbox 720 5566 861 5621; x_wconf 88' lang='lat' dir='ltr'><strong>venit</strong></span> <span class='ocrx_word' id='word_1_434' title='bbox 880 5565 1122 5620; x_wconf 88' lang='lat' dir='ltr'><strong>Christus</strong></span> <span class='ocrx_word' id='word_1_435' title='bbox 1142 5559 1380 5615; x_wconf 83' lang='lat' dir='ltr'><strong>invenit?</strong></span> <span class='ocrx_word' id='word_1_436' title='bbox 1399 5554 1834 5625; x_wconf 83' lang='lat' dir='ltr'><strong>Quandoquidem</strong></span> 
     </span>
    </p>
   </div>
   <div class='ocr_carea' id='block_1_58' title="bbox 304 5645 1836 5727">
    <p class='ocr_par' dir='ltr' id='par_1_58' title="bbox 304 5645 1836 5727">
     <span class='ocr_line' id='line_1_58' title="bbox 304 5645 1836 5727; baseline -0.005 -19"><span class='ocrx_word' id='word_1_437' title='bbox 304 5653 555 5725; x_wconf 76' lang='lat' dir='ltr'><strong>Apostolus</strong></span> <span class='ocrx_word' id='word_1_438' title='bbox 587 5668 737 5714; x_wconf 86' lang='lat' dir='ltr'><strong>natus</strong></span> <span class='ocrx_word' id='word_1_439' title='bbox 760 5658 812 5711; x_wconf 91' lang='lat' dir='ltr'><strong>in</strong></span> <span class='ocrx_word' id='word_1_440' title='bbox 833 5663 990 5727; x_wconf 87' lang='lat' dir='ltr'><strong>gente</strong></span> <span class='ocrx_word' id='word_1_441' title='bbox 1019 5652 1404 5723; x_wconf 86' lang='lat' dir='ltr'><strong>Prophetarum</strong></span> <span class='ocrx_word' id='word_1_442' title='bbox 1430 5648 1595 5702; x_wconf 86' lang='lat' dir='ltr'><strong>dicit:</strong></span> <span class='ocrx_word' id='word_1_443' title='bbox 1623 5645 1836 5700; x_wconf 84' lang='lat' dir='ltr'><strong>Fuimus</strong></span> 
     </span>
    </p>
   </div>
   <div class='ocr_carea' id='block_1_59' title="bbox 307 5734 1832 5820">
    <p class='ocr_par' dir='ltr' id='par_1_59' title="bbox 307 5734 1832 5820">
     <span class='ocr_line' id='line_1_59' title="bbox 307 5734 1832 5820; baseline -0.009 -17"><span class='ocrx_word' id='word_1_444' title='bbox 307 5753 346 5803; x_wconf 70' lang='lat' dir='ltr'><strong>ﬂ</strong></span> <span class='ocrx_word' id='word_1_445' title='bbox 365 5764 443 5803; x_wconf 79' lang='lat' dir='ltr'><strong>nos</strong></span> <span class='ocrx_word' id='word_1_446' title='bbox 465 5747 721 5820; x_wconf 82' lang='lat' dir='ltr'><strong>aliquando</strong></span> <span class='ocrx_word' id='word_1_447' title='bbox 739 5757 920 5801; x_wconf 86' lang='lat' dir='ltr'><strong>natura</strong></span> <span class='ocrx_word' id='word_1_448' title='bbox 945 5745 1037 5814; x_wconf 83' lang='lat' dir='ltr'><strong>ﬁlii</strong></span> <span class='ocrx_word' id='word_1_449' title='bbox 1068 5744 1177 5807; x_wconf 76' lang='lat' dir='ltr'><strong>ine,</strong></span> <span class='ocrx_word' id='word_1_450' title='bbox 1205 5742 1335 5795; x_wconf 84' lang='lat' dir='ltr'><strong>sicut</strong></span> <span class='ocrx_word' id='word_1_451' title='bbox 1352 5749 1399 5794; x_wconf 84' lang='lat' dir='ltr'><strong>et</strong></span> <span class='ocrx_word' id='word_1_452' title='bbox 1424 5737 1588 5792; x_wconf 77' lang='lat' dir='ltr'><strong>cceteri</strong></span> <span class='ocrx_word' id='word_1_453' title='bbox 1613 5734 1832 5809; x_wconf 80' lang='lat' dir='ltr'><strong>(Ephes.</strong></span> 
     </span>
    </p>
   </div>
   <div class='ocr_carea' id='block_1_60' title="bbox 305 5829 1831 5931">
    <p class='ocr_par' dir='ltr' id='par_1_60' title="bbox 305 5829 1831 5931">
     <span class='ocr_line' id='line_1_60' title="bbox 305 5829 1831 5931; baseline -0.011 -24"><span class='ocrx_word' id='word_1_454' title='bbox 305 5848 349 5921; x_wconf 69' lang='grc' dir='ltr'>ιι,</span> <span class='ocrx_word' id='word_1_455' title='bbox 379 5845 443 5921; x_wconf 62' lang='grc' dir='ltr'><strong>ὃ),</strong></span> <span class='ocrx_word' id='word_1_456' title='bbox 467 5846 518 5914; x_wconf 65' lang='grc' dir='ltr'>δι</span> <span class='ocrx_word' id='word_1_457' title='bbox 555 5843 645 5931; x_wconf 62' lang='grc' dir='ltr'><strong>μιῇ</strong></span> <span class='ocrx_word' id='word_1_458' title='bbox 680 5842 785 5926; x_wconf 64' lang='lat' dir='ltr'><strong>frg,</strong></span> <span class='ocrx_word' id='word_1_459' title='bbox 822 5838 913 5915; x_wconf 70' lang='lat' dir='ltr'><strong>lilii</strong></span> <span class='ocrx_word' id='word_1_460' title='bbox 944 5834 1208 5917; x_wconf 59' lang='lat' dir='ltr'><strong>vindicia},</strong></span> <span class='ocrx_word' id='word_1_461' title='bbox 1246 5833 1338 5907; x_wconf 72' lang='lat' dir='ltr'><strong>lilii</strong></span> <span class='ocrx_word' id='word_1_462' title='bbox 1381 5848 1569 5928; x_wconf 70' lang='lat' dir='ltr'><strong>pmquz,</strong></span> <span class='ocrx_word' id='word_1_463' title='bbox 1611 5829 1701 5905; x_wconf 73' lang='lat' dir='ltr'><strong>lilii</strong></span> <span class='ocrx_word' id='word_1_464' title='bbox 1737 5844 1831 5922; x_wconf 58' lang='grc' dir='ltr'><strong>δον</strong></span> 
     </span>
    </p>
   </div>
   <div class='ocr_carea' id='block_1_61' title="bbox 1360 342 2389 407">
    <p class='ocr_par' dir='ltr' id='par_1_61' title="bbox 1360 342 2389 407">
     <span class='ocr_line' id='line_1_61' title="bbox 1360 342 2389 407; baseline -0.008 0"><span class='ocrx_word' id='word_1_465' title='bbox 1360 342 1768 407; x_wconf 75' lang='lat' dir='ltr'><strong>TRACTATUS</strong></span> <span class='ocrx_word' id='word_1_466' title='bbox 1806 343 1990 401; x_wconf 80' lang='lat' dir='ltr'><strong>XLIV.</strong></span> <span class='ocrx_word' id='word_1_467' title='bbox 2032 343 2258 403; x_wconf 84' lang='lat' dir='ltr'><strong>CAPUT</strong></span> <span class='ocrx_word' id='word_1_468' title='bbox 2296 343 2389 402; x_wconf 78' lang='lat' dir='ltr'><strong>IX.</strong></span> 
     </span>
    </p>
   </div>
   <div class='ocr_carea' id='block_1_62' title="bbox 2722 282 3166 307">
    <p class='ocr_par' dir='ltr' id='par_1_62' title="bbox 2722 282 3166 307">
     <span class='ocr_line' id='line_1_62' title="bbox 2722 282 3166 307; baseline -0.005 -16"><span class='ocrx_word' id='word_1_469' title='bbox 2722 282 3009 301; x_wconf 32' lang='lat' dir='ltr'><strong>~P.._’-—&#39;...</strong></span> <span class='ocrx_word' id='word_1_470' title='bbox 3046 292 3166 307; x_wconf 36' lang='lat'><strong>““.‘</strong></span> 
     </span>
    </p>
   </div>
   <div class='ocr_carea' id='block_1_63' title="bbox 3373 342 3513 429">
    <p class='ocr_par' dir='ltr' id='par_1_63' title="bbox 3373 342 3513 429">
     <span class='ocr_line' id='line_1_63' title="bbox 3373 342 3513 429; baseline 0 -26"><span class='ocrx_word' id='word_1_471' title='bbox 3373 342 3513 429; x_wconf 72' lang='lat' dir='ltr'><strong>tm</strong></span> 
     </span>
    </p>
   </div>
   <div class='ocr_carea' id='block_1_64' title="bbox 1927 455 3511 529">
    <p class='ocr_par' dir='ltr' id='par_1_64' title="bbox 1927 455 3511 529">
     <span class='ocr_line' id='line_1_64' title="bbox 1927 455 3511 529; baseline 0.004 -19"><span class='ocrx_word' id='word_1_472' title='bbox 1927 457 2137 512; x_wconf 65' lang='lat' dir='ltr'><strong>bennaa.</strong></span> <span class='ocrx_word' id='word_1_473' title='bbox 2177 456 2456 525; x_wconf 87' lang='lat' dir='ltr'><strong>Quomodo</strong></span> <span class='ocrx_word' id='word_1_474' title='bbox 2496 465 2697 524; x_wconf 85' lang='lat' dir='ltr'><strong>natura,</strong></span> <span class='ocrx_word' id='word_1_475' title='bbox 2747 458 2850 514; x_wconf 89' lang='lat' dir='ltr'><strong>nisi</strong></span> <span class='ocrx_word' id='word_1_476' title='bbox 2891 455 3013 529; x_wconf 75' lang='lat' dir='ltr'><strong>quia</strong></span> <span class='ocrx_word' id='word_1_477' title='bbox 3050 465 3303 529; x_wconf 82' lang='lat' dir='ltr'><strong>peccante</strong></span> <span class='ocrx_word' id='word_1_478' title='bbox 3334 457 3511 528; x_wconf 89' lang='lat' dir='ltr'><strong>primo</strong></span> 
     </span>
    </p>
   </div>
   <div class='ocr_carea' id='block_1_65' title="bbox 1928 549 3512 621">
    <p class='ocr_par' dir='ltr' id='par_1_65' title="bbox 1928 549 3512 621">
     <span class='ocr_line' id='line_1_65' title="bbox 1928 549 3512 621; baseline 0.003 -19"><span class='ocrx_word' id='word_1_479' title='bbox 1928 549 2178 616; x_wconf 89' lang='lat' dir='ltr'><strong>homine,</strong></span> <span class='ocrx_word' id='word_1_480' title='bbox 2206 549 2392 604; x_wconf 90' lang='lat' dir='ltr'><strong>vitium</strong></span> <span class='ocrx_word' id='word_1_481' title='bbox 2434 566 2528 619; x_wconf 90' lang='lat' dir='ltr'><strong>pro</strong></span> <span class='ocrx_word' id='word_1_482' title='bbox 2566 552 2754 604; x_wconf 75' lang='lat' dir='ltr'><strong>natura</strong></span> <span class='ocrx_word' id='word_1_483' title='bbox 2795 550 3143 606; x_wconf 82' lang='lat' dir='ltr'><strong>inolevit?-Si</strong></span> <span class='ocrx_word' id='word_1_484' title='bbox 3180 550 3365 604; x_wconf 79' lang='lat' dir='ltr'><strong>vitium</strong></span> <span class='ocrx_word' id='word_1_485' title='bbox 3411 565 3512 621; x_wconf 87' lang='lat' dir='ltr'><strong>pro</strong></span> 
     </span>
    </p>
   </div>
   <div class='ocr_carea' id='block_1_66' title="bbox 1927 640 3509 702">
    <p class='ocr_par' dir='ltr' id='par_1_66' title="bbox 1927 640 3509 702">
     <span class='ocr_line' id='line_1_66' title="bbox 1927 640 3509 702; baseline 0.003 -10"><span class='ocrx_word' id='word_1_486' title='bbox 1927 650 2112 693; x_wconf 89' lang='lat' dir='ltr'><strong>natura</strong></span> <span class='ocrx_word' id='word_1_487' title='bbox 2136 640 2371 702; x_wconf 84' lang='lat' dir='ltr'><strong>inolevit,</strong></span> <span class='ocrx_word' id='word_1_488' title='bbox 2397 640 2685 695; x_wconf 89' lang='lat' dir='ltr'><strong>secundum</strong></span> <span class='ocrx_word' id='word_1_489' title='bbox 2703 651 2934 696; x_wconf 87' lang='lat' dir='ltr'><strong>mentem</strong></span> <span class='ocrx_word' id='word_1_490' title='bbox 2961 643 3135 695; x_wconf 85' lang='lat' dir='ltr'><strong>omnis</strong></span> <span class='ocrx_word' id='word_1_491' title='bbox 3150 641 3314 695; x_wconf 86' lang='lat' dir='ltr'><strong>homo</strong></span> <span class='ocrx_word' id='word_1_492' title='bbox 3334 642 3509 697; x_wconf 72' lang='lat' dir='ltr'><strong>Caicus</strong></span> 
     </span>
    </p>
   </div>
   <div class='ocr_carea' id='block_1_67' title="bbox 1926 730 3513 802">
    <p class='ocr_par' dir='ltr' id='par_1_67' title="bbox 1926 730 3513 802">
     <span class='ocr_line' id='line_1_67' title="bbox 1926 730 3513 802; baseline 0.002 -17"><span class='ocrx_word' id='word_1_493' title='bbox 1926 741 2080 786; x_wconf 89' lang='lat' dir='ltr'><strong>natus</strong></span> <span class='ocrx_word' id='word_1_494' title='bbox 2106 742 2208 787; x_wconf 85' lang='lat' dir='ltr'><strong>est.</strong></span> <span class='ocrx_word' id='word_1_495' title='bbox 2240 732 2295 789; x_wconf 88' lang='lat' dir='ltr'><strong>Si</strong></span> <span class='ocrx_word' id='word_1_496' title='bbox 2326 734 2466 788; x_wconf 89' lang='lat' dir='ltr'><strong>enim</strong></span> <span class='ocrx_word' id='word_1_497' title='bbox 2500 730 2667 799; x_wconf 70' lang='lat' dir='ltr'><strong>vider,</strong></span> <span class='ocrx_word' id='word_1_498' title='bbox 2695 744 2797 787; x_wconf 86' lang='lat' dir='ltr'><strong>non</strong></span> <span class='ocrx_word' id='word_1_499' title='bbox 2830 748 2964 802; x_wconf 82' lang='lat' dir='ltr'><strong>opus</strong></span> <span class='ocrx_word' id='word_1_500' title='bbox 2996 732 3163 787; x_wconf 68' lang='lat' dir='ltr'><strong>habet</strong></span> <span class='ocrx_word' id='word_1_501' title='bbox 3178 733 3429 799; x_wconf 83' lang='lat' dir='ltr'><strong>ductore;</strong></span> <span class='ocrx_word' id='word_1_502' title='bbox 3464 734 3513 788; x_wconf 90' lang='lat' dir='ltr'><strong>si</strong></span> 
     </span>
    </p>
   </div>
   <div class='ocr_carea' id='block_1_68' title="bbox 1924 820 3513 895">
    <p class='ocr_par' dir='ltr' id='par_1_68' title="bbox 1924 820 3513 895">
     <span class='ocr_line' id='line_1_68' title="bbox 1924 820 3513 895; baseline 0.001 -19"><span class='ocrx_word' id='word_1_503' title='bbox 1924 838 2060 893; x_wconf 90' lang='lat' dir='ltr'><strong>opus</strong></span> <span class='ocrx_word' id='word_1_504' title='bbox 2088 825 2248 879; x_wconf 80' lang='lat' dir='ltr'><strong>habet</strong></span> <span class='ocrx_word' id='word_1_505' title='bbox 2274 824 2493 880; x_wconf 82' lang='lat' dir='ltr'><strong>ductore</strong></span> <span class='ocrx_word' id='word_1_506' title='bbox 2514 833 2568 880; x_wconf 83' lang='lat' dir='ltr'><strong>ct‘</strong></span> <span class='ocrx_word' id='word_1_507' title='bbox 2596 820 2985 890; x_wconf 66' lang='lat' dir='ltr'><strong>illuminatore,</strong></span> <span class='ocrx_word' id='word_1_508' title='bbox 3016 834 3189 880; x_wconf 65' lang='lat' dir='ltr'><strong>czecus</strong></span> <span class='ocrx_word' id='word_1_509' title='bbox 3215 832 3301 880; x_wconf 90' lang='lat' dir='ltr'><strong>est</strong></span> <span class='ocrx_word' id='word_1_510' title='bbox 3325 839 3452 895; x_wconf 84' lang='lat' dir='ltr'><strong>ergo</strong></span> <span class='ocrx_word' id='word_1_511' title='bbox 3481 837 3513 877; x_wconf 88' lang='lat' dir='ltr'><strong>a</strong></span> 
     </span>
    </p>
   </div>
   <div class='ocr_carea' id='block_1_69' title="bbox 1924 916 3315 970">
    <p class='ocr_par' dir='ltr' id='par_1_69' title="bbox 1924 916 3315 970">
     <span class='ocr_line' id='line_1_69' title="bbox 1924 916 3315 970; baseline -0.003 -1"><span class='ocrx_word' id='word_1_512' title='bbox 1924 916 2216 970; x_wconf 88' lang='lat' dir='ltr'><strong>nativitate.</strong></span> <span class='ocrx_word' id='word_1_513' title='bbox 2630 918 2693 967; x_wconf 73' lang='grc' dir='ltr'><strong>’.ο</strong></span> <span class='ocrx_word' id='word_1_514' title='bbox 3310 930 3315 935; x_wconf 68' lang='lat'>‘</span> 
     </span>
    </p>
   </div>
   <div class='ocr_carea' id='block_1_70' title="bbox 1913 996 3509 1080">
    <p class='ocr_par' dir='ltr' id='par_1_70' title="bbox 1913 996 3509 1080">
     <span class='ocr_line' id='line_1_70' title="bbox 1913 996 3509 1080; baseline 0.002 -18"><span class='ocrx_word' id='word_1_515' title='bbox 1913 1006 1922 1013; x_wconf 81' lang='grc'><em>’</em></span> <span class='ocrx_word' id='word_1_516' title='bbox 1994 996 2050 1062; x_wconf 67' lang='grc' dir='ltr'><strong>Ξ.</strong></span> <span class='ocrx_word' id='word_1_517' title='bbox 2072 1008 2235 1063; x_wconf 83' lang='lat' dir='ltr'><strong>Vcnit‘</strong></span> <span class='ocrx_word' id='word_1_518' title='bbox 2259 1010 2512 1064; x_wconf 88' lang='lat' dir='ltr'><strong>Dominus</strong></span> <span class='ocrx_word' id='word_1_519' title='bbox 2537 1027 2550 1063; x_wconf 91' lang='lat'>:</span> <span class='ocrx_word' id='word_1_520' title='bbox 2580 1008 2705 1079; x_wconf 88' lang='lat' dir='ltr'><strong>quid</strong></span> <span class='ocrx_word' id='word_1_521' title='bbox 2734 1009 2895 1064; x_wconf 80' lang='lat' dir='ltr'><strong>fecit?</strong></span> <span class='ocrx_word' id='word_1_522' title='bbox 2923 1009 3166 1080; x_wconf 76' lang='lat' dir='ltr'><strong>Magnum</strong></span> <span class='ocrx_word' id='word_1_523' title='bbox 3197 1010 3509 1079; x_wconf 76' lang='lat' dir='ltr'><strong>mysterium</strong></span> 
     </span>
    </p>
   </div>
   <div class='ocr_carea' id='block_1_71' title="bbox 1924 1098 3509 1172">
    <p class='ocr_par' dir='ltr' id='par_1_71' title="bbox 1924 1098 3509 1172">
     <span class='ocr_line' id='line_1_71' title="bbox 1924 1098 3509 1172; baseline 0.001 -19"><span class='ocrx_word' id='word_1_524' title='bbox 1924 1100 2337 1154; x_wconf 88' lang='lat' dir='ltr'><strong>commendavit.</strong></span> <span class='ocrx_word' id='word_1_525' title='bbox 2370 1100 2589 1172; x_wconf 71' lang='lat' dir='ltr'><strong>Exspuit</strong></span> <span class='ocrx_word' id='word_1_526' title='bbox 2604 1101 2666 1154; x_wconf 77' lang='lat' dir='ltr'><strong>in</strong></span> <span class='ocrx_word' id='word_1_527' title='bbox 2695 1111 2901 1164; x_wconf 83' lang='lat' dir='ltr'><strong>terram,</strong></span> <span class='ocrx_word' id='word_1_528' title='bbox 2932 1098 2997 1154; x_wconf 85' lang='lat' dir='ltr'><strong>de</strong></span> <span class='ocrx_word' id='word_1_529' title='bbox 3020 1100 3183 1153; x_wconf 88' lang='lat' dir='ltr'><strong>saliva</strong></span> <span class='ocrx_word' id='word_1_530' title='bbox 3214 1115 3307 1155; x_wconf 91' lang='lat' dir='ltr'><strong>sua</strong></span> <span class='ocrx_word' id='word_1_531' title='bbox 3338 1100 3509 1155; x_wconf 90' lang='lat' dir='ltr'><strong>lutum</strong></span> 
     </span>
    </p>
   </div>
   <div class='ocr_carea' id='block_1_72' title="bbox 1925 1184 3513 1263">
    <p class='ocr_par' dir='ltr' id='par_1_72' title="bbox 1925 1184 3513 1263">
     <span class='ocr_line' id='line_1_72' title="bbox 1925 1184 3513 1263; baseline 0.002 -20"><span class='ocrx_word' id='word_1_532' title='bbox 1925 1184 2089 1244; x_wconf 78' lang='lat' dir='ltr'><strong>fecit:</strong></span> <span class='ocrx_word' id='word_1_533' title='bbox 2121 1188 2500 1262; x_wconf 49' lang='lat' dir='ltr'><strong>q’nia&#39;Verbnm</strong></span> <span class='ocrx_word' id='word_1_534' title='bbox 2531 1207 2656 1246; x_wconf 88' lang='lat' dir='ltr'><strong>caro</strong></span> <span class='ocrx_word' id='word_1_535' title='bbox 2688 1192 2878 1246; x_wconf 77' lang='lat' dir='ltr'><strong>factum</strong></span> <span class='ocrx_word' id='word_1_536' title='bbox 2910 1200 2992 1246; x_wconf 78' lang='lat' dir='ltr'><strong>est</strong></span> <span class='ocrx_word' id='word_1_537' title='bbox 3021 1190 3197 1263; x_wconf 79' lang='lat' dir='ltr'><strong>(Joan.</strong></span> <span class='ocrx_word' id='word_1_538' title='bbox 3229 1208 3268 1255; x_wconf 85' lang='grc' dir='ltr'>ι,</span> <span class='ocrx_word' id='word_1_539' title='bbox 3299 1190 3407 1260; x_wconf 56' lang='lat' dir='ltr'><strong>id).</strong></span> <span class='ocrx_word' id='word_1_540' title='bbox 3441 1190 3513 1246; x_wconf 86' lang='lat' dir='ltr'><strong>Et</strong></span> 
     </span>
    </p>
   </div>
   <div class='ocr_carea' id='block_1_73' title="bbox 1926 1274 3507 1345">
    <p class='ocr_par' dir='ltr' id='par_1_73' title="bbox 1926 1274 3507 1345">
     <span class='ocr_line' id='line_1_73' title="bbox 1926 1274 3507 1345; baseline 0.001 -9"><span class='ocrx_word' id='word_1_541' title='bbox 1926 1280 2138 1338; x_wconf 43' lang='lat' dir='ltr'><strong>inuuxit‘</strong></span> <span class='ocrx_word' id='word_1_542' title='bbox 2157 1283 2339 1338; x_wconf 84' lang='lat' dir='ltr'><strong>oeulos</strong></span> <span class='ocrx_word' id='word_1_543' title='bbox 2358 1274 2505 1338; x_wconf 67' lang='lat' dir='ltr'><strong>cmci.</strong></span> <span class='ocrx_word' id='word_1_544' title='bbox 2528 1285 2776 1339; x_wconf 90' lang='lat' dir='ltr'><strong>Inunctns</strong></span> <span class='ocrx_word' id='word_1_545' title='bbox 2793 1293 2926 1345; x_wconf 86' lang='lat' dir='ltr'><strong>erat,</strong></span> <span class='ocrx_word' id='word_1_546' title='bbox 2950 1293 3005 1338; x_wconf 91' lang='lat' dir='ltr'><strong>et</strong></span> <span class='ocrx_word' id='word_1_547' title='bbox 3026 1284 3257 1337; x_wconf 83' lang='lat' dir='ltr'><strong>nondum</strong></span> <span class='ocrx_word' id='word_1_548' title='bbox 3275 1282 3507 1337; x_wconf 65' lang='lat' dir='ltr'><strong>vidi-bat.</strong></span> 
     </span>
    </p>
   </div>
   <div class='ocr_carea' id='block_1_74' title="bbox 1926 1370 3512 1447">
    <p class='ocr_par' dir='ltr' id='par_1_74' title="bbox 1926 1370 3512 1447">
     <span class='ocr_line' id='line_1_74' title="bbox 1926 1370 3512 1447; baseline 0.001 -19"><span class='ocrx_word' id='word_1_549' title='bbox 1926 1374 2071 1429; x_wconf 80' lang='lat' dir='ltr'><strong>Misit</strong></span> <span class='ocrx_word' id='word_1_550' title='bbox 2093 1370 2239 1447; x_wconf 79' lang='lat' dir='ltr'><strong>illum</strong></span> <span class='ocrx_word' id='word_1_551' title='bbox 2269 1376 2334 1429; x_wconf 83' lang='lat' dir='ltr'><strong>ad</strong></span> <span class='ocrx_word' id='word_1_552' title='bbox 2367 1376 2618 1445; x_wconf 76' lang='lat' dir='ltr'><strong>piscinam</strong></span> <span class='ocrx_word' id='word_1_553' title='bbox 2653 1393 2770 1446; x_wconf 78' lang='lat' dir='ltr'><strong>qna-</strong></span> <span class='ocrx_word' id='word_1_554' title='bbox 2802 1384 3019 1441; x_wconf 81' lang='lat' dir='ltr'><strong>vocatur</strong></span> <span class='ocrx_word' id='word_1_555' title='bbox 3046 1374 3210 1431; x_wconf 86' lang='lat' dir='ltr'><strong>Siloe.</strong></span> <span class='ocrx_word' id='word_1_556' title='bbox 3250 1374 3512 1429; x_wconf 84' lang='lat' dir='ltr'><strong>Pertinnit</strong></span> 
     </span>
    </p>
   </div>
   <div class='ocr_carea' id='block_1_75' title="bbox 1925 1459 3510 1535">
    <p class='ocr_par' dir='ltr' id='par_1_75' title="bbox 1925 1459 3510 1535">
     <span class='ocr_line' id='line_1_75' title="bbox 1925 1459 3510 1535; baseline 0.001 -16"><span class='ocrx_word' id='word_1_557' title='bbox 1925 1474 2099 1519; x_wconf 89' lang='lat' dir='ltr'><strong>autem</strong></span> <span class='ocrx_word' id='word_1_558' title='bbox 2150 1459 2214 1519; x_wconf 77' lang='lat' dir='ltr'><strong>ad</strong></span> <span class='ocrx_word' id='word_1_559' title='bbox 2246 1462 2648 1535; x_wconf 47' lang='lat' dir='ltr'><strong>’Evangeliuam</strong></span> <span class='ocrx_word' id='word_1_560' title='bbox 2693 1466 3067 1522; x_wconf 88' lang='lat' dir='ltr'><strong>commendare</strong></span> <span class='ocrx_word' id='word_1_561' title='bbox 3114 1466 3264 1519; x_wconf 88' lang='lat' dir='ltr'><strong>nobis</strong></span> <span class='ocrx_word' id='word_1_562' title='bbox 3294 1480 3510 1521; x_wconf 68' lang='lat' dir='ltr'><strong>nomen</strong></span> 
     </span>
    </p>
   </div>
   <div class='ocr_carea' id='block_1_76' title="bbox 1927 1553 3511 1628">
    <p class='ocr_par' dir='ltr' id='par_1_76' title="bbox 1927 1553 3511 1628">
     <span class='ocr_line' id='line_1_76' title="bbox 1927 1553 3511 1628; baseline 0.003 -20"><span class='ocrx_word' id='word_1_563' title='bbox 1927 1553 2083 1624; x_wconf 84' lang='lat' dir='ltr'><strong>llnjns</strong></span> <span class='ocrx_word' id='word_1_564' title='bbox 2113 1554 2361 1626; x_wconf 75' lang='lat' dir='ltr'><strong>piScinte;</strong></span> <span class='ocrx_word' id='word_1_565' title='bbox 2388 1569 2441 1612; x_wconf 85' lang='lat' dir='ltr'><strong>ct</strong></span> <span class='ocrx_word' id='word_1_566' title='bbox 2473 1559 2562 1621; x_wconf 87' lang='lat' dir='ltr'><strong>ait,</strong></span> <span class='ocrx_word' id='word_1_567' title='bbox 2597 1559 2744 1624; x_wconf 82' lang='lat' dir='ltr'><strong>Quod</strong></span> <span class='ocrx_word' id='word_1_568' title='bbox 2774 1560 3130 1628; x_wconf 82' lang='lat' dir='ltr'><strong>interpretatur</strong></span> <span class='ocrx_word' id='word_1_569' title='bbox 3152 1556 3355 1611; x_wconf 68' lang='lat' dir='ltr'><strong>Missus.</strong></span> <span class='ocrx_word' id='word_1_570' title='bbox 3388 1556 3511 1613; x_wconf 83' lang='lat' dir='ltr'><strong>Jam</strong></span> 
     </span>
    </p>
   </div>
   <div class='ocr_carea' id='block_1_77' title="bbox 1914 1644 3506 1720">
    <p class='ocr_par' dir='ltr' id='par_1_77' title="bbox 1914 1644 3506 1720">
     <span class='ocr_line' id='line_1_77' title="bbox 1914 1644 3506 1720; baseline 0.004 -22"><span class='ocrx_word' id='word_1_571' title='bbox 1914 1644 2044 1716; x_wconf 71' lang='lat' dir='ltr'><strong>&#39;qnis</strong></span> <span class='ocrx_word' id='word_1_572' title='bbox 2064 1648 2130 1701; x_wconf 67' lang='lat' dir='ltr'><strong>sit</strong></span> <span class='ocrx_word' id='word_1_573' title='bbox 2154 1648 2347 1703; x_wconf 72' lang='lat' dir='ltr'><strong>missus</strong></span> <span class='ocrx_word' id='word_1_574' title='bbox 2363 1651 2679 1720; x_wconf 79' lang='lat' dir='ltr'><strong>agnoscitis:</strong></span> <span class='ocrx_word' id='word_1_575' title='bbox 2705 1650 2805 1703; x_wconf 90' lang='lat' dir='ltr'><strong>nisi</strong></span> <span class='ocrx_word' id='word_1_576' title='bbox 2822 1651 2961 1704; x_wconf 88' lang='lat' dir='ltr'><strong>enim</strong></span> <span class='ocrx_word' id='word_1_577' title='bbox 2982 1650 3068 1703; x_wconf 54' lang='lat' dir='ltr'><strong>ille</strong></span> <span class='ocrx_word' id='word_1_578' title='bbox 3086 1647 3272 1703; x_wconf 88' lang='lat' dir='ltr'><strong>fuisset</strong></span> <span class='ocrx_word' id='word_1_579' title='bbox 3289 1650 3506 1716; x_wconf 89' lang='lat' dir='ltr'><strong>missus,</strong></span> 
     </span>
    </p>
   </div>
   <div class='ocr_carea' id='block_1_78' title="bbox 1925 1740 3509 1812">
    <p class='ocr_par' dir='ltr' id='par_1_78' title="bbox 1925 1740 3509 1812">
     <span class='ocr_line' id='line_1_78' title="bbox 1925 1740 3509 1812; baseline 0.003 -21"><span class='ocrx_word' id='word_1_580' title='bbox 1925 1753 2083 1792; x_wconf 70' lang='lat' dir='ltr'><strong>nrtno</strong></span> <span class='ocrx_word' id='word_1_581' title='bbox 2103 1750 2340 1795; x_wconf 82' lang='lat' dir='ltr'><strong>nostrum</strong></span> <span class='ocrx_word' id='word_1_582' title='bbox 2364 1750 2506 1796; x_wconf 68' lang='lat' dir='ltr'><strong>esset</strong></span> <span class='ocrx_word' id='word_1_583' title='bbox 2530 1742 2596 1796; x_wconf 90' lang='lat' dir='ltr'><strong>ab</strong></span> <span class='ocrx_word' id='word_1_584' title='bbox 2617 1742 2889 1812; x_wconf 84' lang='lat' dir='ltr'><strong>iniquitate</strong></span> <span class='ocrx_word' id='word_1_585' title='bbox 2910 1740 3180 1795; x_wconf 86' lang='lat' dir='ltr'><strong>dimissus.</strong></span> <span class='ocrx_word' id='word_1_586' title='bbox 3209 1740 3359 1794; x_wconf 81' lang='lat' dir='ltr'><strong>Lavit</strong></span> <span class='ocrx_word' id='word_1_587' title='bbox 3380 1754 3509 1812; x_wconf 77' lang='lat' dir='ltr'><strong>ergo</strong></span> 
     </span>
    </p>
   </div>
   <div class='ocr_carea' id='block_1_79' title="bbox 1930 1826 3513 1902">
    <p class='ocr_par' dir='ltr' id='par_1_79' title="bbox 1930 1826 3513 1902">
     <span class='ocr_line' id='line_1_79' title="bbox 1930 1826 3513 1902; baseline 0.002 -19"><span class='ocrx_word' id='word_1_588' title='bbox 1930 1829 2116 1884; x_wconf 86' lang='lat' dir='ltr'><strong>oculos</strong></span> <span class='ocrx_word' id='word_1_589' title='bbox 2150 1831 2201 1884; x_wconf 88' lang='lat' dir='ltr'><strong>in</strong></span> <span class='ocrx_word' id='word_1_590' title='bbox 2228 1826 2294 1886; x_wconf 80' lang='lat' dir='ltr'><strong>ea</strong></span> <span class='ocrx_word' id='word_1_591' title='bbox 2328 1831 2525 1902; x_wconf 89' lang='lat' dir='ltr'><strong>piscina</strong></span> <span class='ocrx_word' id='word_1_592' title='bbox 2548 1849 2665 1901; x_wconf 77' lang='lat' dir='ltr'><strong>qua:</strong></span> <span class='ocrx_word' id='word_1_593' title='bbox 2688 1833 3066 1902; x_wconf 69' lang='lat' dir='ltr'><strong>interpretatur</strong></span> <span class='ocrx_word' id='word_1_594' title='bbox 3089 1831 3311 1899; x_wconf 83' lang='lat' dir='ltr'><strong>Missus,</strong></span> <span class='ocrx_word' id='word_1_595' title='bbox 3340 1832 3513 1902; x_wconf 88' lang='lat' dir='ltr'><strong>bapti-</strong></span> 
     </span>
    </p>
   </div>
   <div class='ocr_carea' id='block_1_80' title="bbox 1897 1921 3511 2004">
    <p class='ocr_par' dir='ltr' id='par_1_80' title="bbox 1897 1921 3511 2004">
     <span class='ocr_line' id='line_1_80' title="bbox 1897 1921 3511 2004; baseline 0.003 -30"><span class='ocrx_word' id='word_1_596' title='bbox 1897 1929 2074 2004; x_wconf 42' lang='lat' dir='ltr'><strong>-‘zatns</strong></span> <span class='ocrx_word' id='word_1_597' title='bbox 2099 1934 2183 1977; x_wconf 89' lang='lat' dir='ltr'><strong>est</strong></span> <span class='ocrx_word' id='word_1_598' title='bbox 2225 1924 2276 1976; x_wconf 91' lang='lat' dir='ltr'><strong>in</strong></span> <span class='ocrx_word' id='word_1_599' title='bbox 2313 1921 2545 1977; x_wconf 90' lang='lat' dir='ltr'><strong>Christo.</strong></span> <span class='ocrx_word' id='word_1_600' title='bbox 2580 1923 2635 1979; x_wconf 88' lang='lat' dir='ltr'><strong>Si</strong></span> <span class='ocrx_word' id='word_1_601' title='bbox 2680 1938 2808 1992; x_wconf 81' lang='lat' dir='ltr'><strong>ergo</strong></span> <span class='ocrx_word' id='word_1_602' title='bbox 2841 1922 3050 1993; x_wconf 87' lang='lat' dir='ltr'><strong>quando</strong></span> <span class='ocrx_word' id='word_1_603' title='bbox 3084 1937 3204 1976; x_wconf 89' lang='lat' dir='ltr'><strong>eum</strong></span> <span class='ocrx_word' id='word_1_604' title='bbox 3243 1922 3293 1976; x_wconf 93' lang='lat' dir='ltr'><strong>in</strong></span> <span class='ocrx_word' id='word_1_605' title='bbox 3332 1922 3511 1994; x_wconf 83' lang='lat' dir='ltr'><strong>seipso</strong></span> 
     </span>
    </p>
   </div>
   <div class='ocr_carea' id='block_1_81' title="bbox 1924 2014 3537 2085">
    <p class='ocr_par' dir='ltr' id='par_1_81' title="bbox 1924 2014 3537 2085">
     <span class='ocr_line' id='line_1_81' title="bbox 1924 2014 3537 2085; baseline 0.004 -23"><span class='ocrx_word' id='word_1_606' title='bbox 1924 2014 2317 2080; x_wconf 85' lang='lat' dir='ltr'><strong>quodammodo</strong></span> <span class='ocrx_word' id='word_1_607' title='bbox 2362 2015 2676 2085; x_wconf 82' lang='lat' dir='ltr'><strong>baptizavit,</strong></span> <span class='ocrx_word' id='word_1_608' title='bbox 2729 2023 2852 2069; x_wconf 84' lang='lat' dir='ltr'><strong>tunc</strong></span> <span class='ocrx_word' id='word_1_609' title='bbox 2906 2014 3537 2083; x_wconf 39' lang='lat' dir='ltr'><strong>illuminavit;.qnando,</strong></span> 
     </span>
    </p>
   </div>
   <div class='ocr_carea' id='block_1_82' title="bbox 1905 2103 3512 2174">
    <p class='ocr_par' dir='ltr' id='par_1_82' title="bbox 1905 2103 3512 2174">
     <span class='ocr_line' id='line_1_82' title="bbox 1905 2103 3512 2174; baseline 0.002 -17"><span class='ocrx_word' id='word_1_610' title='bbox 1905 2103 2160 2170; x_wconf 81' lang='lat' dir='ltr'><strong>&#39;innnxit,</strong></span> <span class='ocrx_word' id='word_1_611' title='bbox 2189 2104 2413 2159; x_wconf 82' lang='lat' dir='ltr'><strong>fortasse</strong></span> <span class='ocrx_word' id='word_1_612' title='bbox 2439 2106 2877 2159; x_wconf 79' lang='lat' dir='ltr'><strong>catechumenom</strong></span> <span class='ocrx_word' id='word_1_613' title='bbox 2909 2104 3052 2157; x_wconf 83' lang='lat' dir='ltr'><strong>fecit.</strong></span> <span class='ocrx_word' id='word_1_614' title='bbox 3085 2103 3267 2158; x_wconf 83' lang='lat' dir='ltr'><strong>l’otest</strong></span> <span class='ocrx_word' id='word_1_615' title='bbox 3294 2104 3512 2174; x_wconf 84' lang='lat' dir='ltr'><strong>quidem</strong></span> 
     </span>
    </p>
   </div>
   <div class='ocr_carea' id='block_1_83' title="bbox 1926 2193 3515 2265">
    <p class='ocr_par' dir='ltr' id='par_1_83' title="bbox 1926 2193 3515 2265">
     <span class='ocr_line' id='line_1_83' title="bbox 1926 2193 3515 2265; baseline 0.002 -17"><span class='ocrx_word' id='word_1_616' title='bbox 1926 2196 2081 2249; x_wconf 87' lang='lat' dir='ltr'><strong>aliter</strong></span> <span class='ocrx_word' id='word_1_617' title='bbox 2103 2200 2262 2264; x_wconf 83' lang='lat' dir='ltr'><strong>atque</strong></span> <span class='ocrx_word' id='word_1_618' title='bbox 2281 2196 2435 2251; x_wconf 81' lang='lat' dir='ltr'><strong>aliter</strong></span> <span class='ocrx_word' id='word_1_619' title='bbox 2461 2196 2590 2249; x_wconf 86' lang='lat' dir='ltr'><strong>tanti</strong></span> <span class='ocrx_word' id='word_1_620' title='bbox 2613 2196 2931 2250; x_wconf 80' lang='lat' dir='ltr'><strong>sacramenti</strong></span> <span class='ocrx_word' id='word_1_621' title='bbox 2959 2195 3149 2264; x_wconf 75' lang='lat' dir='ltr'><strong>exponi</strong></span> <span class='ocrx_word' id='word_1_622' title='bbox 3180 2193 3515 2265; x_wconf 84' lang='lat' dir='ltr'><strong>profunditas</strong></span> 
     </span>
    </p>
   </div>
   <div class='ocr_carea' id='block_1_84' title="bbox 1927 2284 3511 2355">
    <p class='ocr_par' dir='ltr' id='par_1_84' title="bbox 1927 2284 3511 2355">
     <span class='ocr_line' id='line_1_84' title="bbox 1927 2284 3511 2355; baseline 0.001 -16"><span class='ocrx_word' id='word_1_623' title='bbox 1927 2293 1981 2340; x_wconf 87' lang='lat' dir='ltr'><strong>et</strong></span> <span class='ocrx_word' id='word_1_624' title='bbox 2022 2287 2378 2355; x_wconf 69' lang='lat' dir='ltr'><strong>pertractari‘</strong></span> <span class='ocrx_word' id='word_1_625' title='bbox 2411 2305 2424 2337; x_wconf 91' lang='lat'><strong><em>:</em></strong></span> <span class='ocrx_word' id='word_1_626' title='bbox 2457 2286 2549 2339; x_wconf 90' lang='lat' dir='ltr'><strong>sed</strong></span> <span class='ocrx_word' id='word_1_627' title='bbox 2588 2285 2689 2340; x_wconf 89' lang='lat' dir='ltr'><strong>hoc</strong></span> <span class='ocrx_word' id='word_1_628' title='bbox 2729 2286 2959 2340; x_wconf 77' lang='lat' dir='ltr'><strong>sufficiat</strong></span> <span class='ocrx_word' id='word_1_629' title='bbox 2986 2284 3243 2341; x_wconf 83' lang='lat' dir='ltr'><strong>Charitati</strong></span> <span class='ocrx_word' id='word_1_630' title='bbox 3284 2296 3511 2352; x_wconf 74' lang='lat' dir='ltr'><strong>vestrm;</strong></span> 
     </span>
    </p>
   </div>
   <div class='ocr_carea' id='block_1_85' title="bbox 1926 2375 3518 2448">
    <p class='ocr_par' dir='ltr' id='par_1_85' title="bbox 1926 2375 3518 2448">
     <span class='ocr_line' id='line_1_85' title="bbox 1926 2375 3518 2448; baseline 0 -16"><span class='ocrx_word' id='word_1_631' title='bbox 1926 2379 2147 2432; x_wconf 75' lang='lat' dir='ltr'><strong>audistis</strong></span> <span class='ocrx_word' id='word_1_632' title='bbox 2166 2379 2365 2448; x_wconf 89' lang='lat' dir='ltr'><strong>grande</strong></span> <span class='ocrx_word' id='word_1_633' title='bbox 2390 2378 2720 2448; x_wconf 81' lang='lat' dir='ltr'><strong>mysterium.</strong></span> <span class='ocrx_word' id='word_1_634' title='bbox 2751 2375 3019 2447; x_wconf 88' lang='lat' dir='ltr'><strong>Interroga</strong></span> <span class='ocrx_word' id='word_1_635' title='bbox 3049 2376 3340 2442; x_wconf 88' lang='lat' dir='ltr'><strong>hominem,</strong></span> <span class='ocrx_word' id='word_1_636' title='bbox 3362 2376 3518 2432; x_wconf 85' lang='lat' dir='ltr'><strong>Chri-</strong></span> 
     </span>
    </p>
   </div>
   <div class='ocr_carea' id='block_1_86' title="bbox 1904 2460 3518 2539">
    <p class='ocr_par' dir='ltr' id='par_1_86' title="bbox 1904 2460 3518 2539">
     <span class='ocr_line' id='line_1_86' title="bbox 1904 2460 3518 2539; baseline 0.002 -15"><span class='ocrx_word' id='word_1_637' title='bbox 1904 2460 2133 2524; x_wconf 68' lang='lat' dir='ltr'><strong>&#39;stianus</strong></span> <span class='ocrx_word' id='word_1_638' title='bbox 2156 2467 2249 2523; x_wconf 90' lang='lat' dir='ltr'><strong>es?</strong></span> <span class='ocrx_word' id='word_1_639' title='bbox 2278 2466 2583 2537; x_wconf 74' lang='lat' dir='ltr'><strong>Rt&#39;SpﬂndL’l</strong></span> <span class='ocrx_word' id='word_1_640' title='bbox 2621 2469 2731 2531; x_wconf 87' lang='lat' dir='ltr'><strong>tibi,</strong></span> <span class='ocrx_word' id='word_1_641' title='bbox 2761 2467 2875 2522; x_wconf 88' lang='lat' dir='ltr'><strong>Non</strong></span> <span class='ocrx_word' id='word_1_642' title='bbox 2903 2484 3052 2535; x_wconf 89' lang='lat' dir='ltr'><strong>sum,</strong></span> <span class='ocrx_word' id='word_1_643' title='bbox 3080 2469 3122 2523; x_wconf 90' lang='lat' dir='ltr'><strong>si</strong></span> <span class='ocrx_word' id='word_1_644' title='bbox 3154 2468 3393 2539; x_wconf 86' lang='lat' dir='ltr'><strong>Paganus</strong></span> <span class='ocrx_word' id='word_1_645' title='bbox 3429 2477 3518 2527; x_wconf 84' lang='lat' dir='ltr'><strong>est</strong></span> 
     </span>
    </p>
   </div>
   <div class='ocr_carea' id='block_1_87' title="bbox 1928 2558 3515 2630">
    <p class='ocr_par' dir='ltr' id='par_1_87' title="bbox 1928 2558 3515 2630">
     <span class='ocr_line' id='line_1_87' title="bbox 1928 2558 3515 2630; baseline 0.003 -17"><span class='ocrx_word' id='word_1_646' title='bbox 1928 2569 2018 2613; x_wconf 88' lang='lat' dir='ltr'><strong>ant</strong></span> <span class='ocrx_word' id='word_1_647' title='bbox 2044 2558 2279 2614; x_wconf 64' lang='lat' dir='ltr'><strong>Judarus.</strong></span> <span class='ocrx_word' id='word_1_648' title='bbox 2314 2559 2366 2613; x_wconf 88' lang='lat' dir='ltr'><strong>Si</strong></span> <span class='ocrx_word' id='word_1_649' title='bbox 2395 2570 2570 2613; x_wconf 89' lang='lat' dir='ltr'><strong>autem</strong></span> <span class='ocrx_word' id='word_1_650' title='bbox 2596 2558 2804 2621; x_wconf 73' lang='lat' dir='ltr'><strong>dixerit,</strong></span> <span class='ocrx_word' id='word_1_651' title='bbox 2838 2560 2995 2625; x_wconf 81' lang='lat' dir='ltr'><strong>Sunt;</strong></span> <span class='ocrx_word' id='word_1_652' title='bbox 3027 2559 3203 2615; x_wconf 89' lang='lat' dir='ltr'><strong>adhuc</strong></span> <span class='ocrx_word' id='word_1_653' title='bbox 3221 2561 3417 2630; x_wconf 74' lang='lat' dir='ltr'><strong>qtla&#39;ris</strong></span> <span class='ocrx_word' id='word_1_654' title='bbox 3443 2560 3515 2618; x_wconf 86' lang='lat' dir='ltr'><strong>ab</strong></span> 
     </span>
    </p>
   </div>
   <div class='ocr_carea' id='block_1_88' title="bbox 1928 2650 3513 2720">
    <p class='ocr_par' dir='ltr' id='par_1_88' title="bbox 1928 2650 3513 2720">
     <span class='ocr_line' id='line_1_88' title="bbox 1928 2650 3513 2720; baseline 0.001 -14"><span class='ocrx_word' id='word_1_655' title='bbox 1928 2666 1995 2706; x_wconf 93' lang='lat' dir='ltr'><strong>eo</strong></span> <span class='ocrx_word' id='word_1_656' title='bbox 2015 2693 2029 2717; x_wconf 94' lang='lat'><strong>,</strong></span> <span class='ocrx_word' id='word_1_657' title='bbox 2057 2651 2481 2706; x_wconf 89' lang='lat' dir='ltr'><strong>Cateclnnnenns</strong></span> <span class='ocrx_word' id='word_1_658' title='bbox 2500 2694 2514 2717; x_wconf 94' lang='lat'><strong>,</strong></span> <span class='ocrx_word' id='word_1_659' title='bbox 2544 2667 2609 2705; x_wconf 90' lang='lat' dir='ltr'><strong>an</strong></span> <span class='ocrx_word' id='word_1_660' title='bbox 2642 2650 2851 2705; x_wconf 85' lang='lat' dir='ltr'><strong>fidelis?</strong></span> <span class='ocrx_word' id='word_1_661' title='bbox 2875 2650 2931 2705; x_wconf 90' lang='lat' dir='ltr'><strong>Si</strong></span> <span class='ocrx_word' id='word_1_662' title='bbox 2960 2651 3319 2720; x_wconf 84' lang='lat' dir='ltr'><strong>responderit,</strong></span> <span class='ocrx_word' id='word_1_663' title='bbox 3350 2651 3513 2708; x_wconf 82' lang='lat' dir='ltr'><strong>Cate-</strong></span> 
     </span>
    </p>
   </div>
   <div class='ocr_carea' id='block_1_89' title="bbox 1929 2741 3517 2808">
    <p class='ocr_par' dir='ltr' id='par_1_89' title="bbox 1929 2741 3517 2808">
     <span class='ocr_line' id='line_1_89' title="bbox 1929 2741 3517 2808; baseline 0.002 -9"><span class='ocrx_word' id='word_1_664' title='bbox 1929 2744 2260 2808; x_wconf 85' lang='lat' dir='ltr'><strong>clnnnenns;</strong></span> <span class='ocrx_word' id='word_1_665' title='bbox 2306 2744 2549 2797; x_wconf 79' lang='lat' dir='ltr'><strong>intinctus</strong></span> <span class='ocrx_word' id='word_1_666' title='bbox 2592 2752 2694 2808; x_wconf 92' lang='lat' dir='ltr'><strong>est,</strong></span> <span class='ocrx_word' id='word_1_667' title='bbox 2747 2743 2978 2797; x_wconf 89' lang='lat' dir='ltr'><strong>nondum</strong></span> <span class='ocrx_word' id='word_1_668' title='bbox 3019 2743 3177 2797; x_wconf 89' lang='lat' dir='ltr'><strong>lotus.</strong></span> <span class='ocrx_word' id='word_1_669' title='bbox 3223 2741 3328 2799; x_wconf 84' lang='lat' dir='ltr'><strong>Sed</strong></span> <span class='ocrx_word' id='word_1_670' title='bbox 3375 2744 3517 2802; x_wconf 89' lang='lat' dir='ltr'><strong>unde</strong></span> 
     </span>
    </p>
   </div>
   <div class='ocr_carea' id='block_1_90' title="bbox 1931 2832 3515 2909">
    <p class='ocr_par' dir='ltr' id='par_1_90' title="bbox 1931 2832 3515 2909">
     <span class='ocr_line' id='line_1_90' title="bbox 1931 2832 3515 2909; baseline 0.003 -21"><span class='ocrx_word' id='word_1_671' title='bbox 1931 2834 2211 2890; x_wconf 87' lang='lat' dir='ltr'><strong>inunetns?</strong></span> <span class='ocrx_word' id='word_1_672' title='bbox 2230 2835 2443 2901; x_wconf 64' lang='lat' dir='ltr'><strong>Qua&#39;re,</strong></span> <span class='ocrx_word' id='word_1_673' title='bbox 2471 2844 2522 2888; x_wconf 92' lang='lat' dir='ltr'><strong>et</strong></span> <span class='ocrx_word' id='word_1_674' title='bbox 2545 2832 2857 2902; x_wconf 83' lang='lat' dir='ltr'><strong>respondet;</strong></span> <span class='ocrx_word' id='word_1_675' title='bbox 2878 2848 3055 2903; x_wconf 73' lang='lat' dir='ltr'><strong>qurere</strong></span> <span class='ocrx_word' id='word_1_676' title='bbox 3077 2835 3145 2888; x_wconf 90' lang='lat' dir='ltr'><strong>ab</strong></span> <span class='ocrx_word' id='word_1_677' title='bbox 3167 2832 3257 2909; x_wconf 85' lang='lat' dir='ltr'><strong>illo</strong></span> <span class='ocrx_word' id='word_1_678' title='bbox 3279 2833 3329 2888; x_wconf 94' lang='lat' dir='ltr'><strong>in</strong></span> <span class='ocrx_word' id='word_1_679' title='bbox 3355 2848 3515 2904; x_wconf 89' lang='lat' dir='ltr'><strong>quem</strong></span> 
     </span>
    </p>
   </div>
   <div class='ocr_carea' id='block_1_91' title="bbox 1930 2924 3518 2996">
    <p class='ocr_par' dir='ltr' id='par_1_91' title="bbox 1930 2924 3518 2996">
     <span class='ocr_line' id='line_1_91' title="bbox 1930 2924 3518 2996; baseline 0.001 -16"><span class='ocrx_word' id='word_1_680' title='bbox 1930 2927 2114 2981; x_wconf 87' lang='lat' dir='ltr'><strong>credat</strong></span> <span class='ocrx_word' id='word_1_681' title='bbox 2140 2946 2153 2980; x_wconf 91' lang='lat'><strong>:</strong></span> <span class='ocrx_word' id='word_1_682' title='bbox 2181 2942 2246 2981; x_wconf 88' lang='lat' dir='ltr'><strong>eo</strong></span> <span class='ocrx_word' id='word_1_683' title='bbox 2273 2927 2386 2995; x_wconf 89' lang='lat' dir='ltr'><strong>ipso</strong></span> <span class='ocrx_word' id='word_1_684' title='bbox 2405 2942 2510 2996; x_wconf 87' lang='lat' dir='ltr'><strong>quo</strong></span> <span class='ocrx_word' id='word_1_685' title='bbox 2531 2925 2946 2980; x_wconf 79' lang='lat' dir='ltr'><strong>catechumenos</strong></span> <span class='ocrx_word' id='word_1_686' title='bbox 2972 2936 3073 2990; x_wconf 89' lang='lat' dir='ltr'><strong>est,</strong></span> <span class='ocrx_word' id='word_1_687' title='bbox 3103 2924 3252 2992; x_wconf 83' lang='lat' dir='ltr'><strong>dicit,</strong></span> <span class='ocrx_word' id='word_1_688' title='bbox 3276 2925 3333 2980; x_wconf 87' lang='lat' dir='ltr'><strong>in</strong></span> <span class='ocrx_word' id='word_1_689' title='bbox 3358 2926 3518 2981; x_wconf 88' lang='lat' dir='ltr'><strong>Chri-</strong></span> 
     </span>
    </p>
   </div>
   <div class='ocr_carea' id='block_1_92' title="bbox 1930 3017 3512 3087">
    <p class='ocr_par' dir='ltr' id='par_1_92' title="bbox 1930 3017 3512 3087">
     <span class='ocr_line' id='line_1_92' title="bbox 1930 3017 3512 3087; baseline 0.001 -15"><span class='ocrx_word' id='word_1_690' title='bbox 1930 3028 2094 3073; x_wconf 88' lang='lat' dir='ltr'><strong>stum.</strong></span> <span class='ocrx_word' id='word_1_691' title='bbox 2124 3017 2259 3072; x_wconf 80' lang='lat' dir='ltr'><strong>Ecce</strong></span> <span class='ocrx_word' id='word_1_692' title='bbox 2289 3017 2446 3072; x_wconf 88' lang='lat' dir='ltr'><strong>modo</strong></span> <span class='ocrx_word' id='word_1_693' title='bbox 2473 3018 2659 3087; x_wconf 90' lang='lat' dir='ltr'><strong>loquor</strong></span> <span class='ocrx_word' id='word_1_694' title='bbox 2679 3027 2733 3070; x_wconf 84' lang='lat' dir='ltr'><strong>et</strong></span> <span class='ocrx_word' id='word_1_695' title='bbox 2754 3017 2994 3072; x_wconf 87' lang='lat' dir='ltr'><strong>lidelibus</strong></span> <span class='ocrx_word' id='word_1_696' title='bbox 3018 3029 3072 3071; x_wconf 90' lang='lat' dir='ltr'><strong>et</strong></span> <span class='ocrx_word' id='word_1_697' title='bbox 3094 3017 3512 3073; x_wconf 86' lang='lat' dir='ltr'><strong>cateclnnnenis.</strong></span> 
     </span>
    </p>
   </div>
   <div class='ocr_carea' id='block_1_93' title="bbox 1931 3106 3515 3178">
    <p class='ocr_par' dir='ltr' id='par_1_93' title="bbox 1931 3106 3515 3178">
     <span class='ocr_line' id='line_1_93' title="bbox 1931 3106 3515 3178; baseline 0.002 -17"><span class='ocrx_word' id='word_1_698' title='bbox 1931 3108 2070 3178; x_wconf 85' lang='lat' dir='ltr'><strong>Quid</strong></span> <span class='ocrx_word' id='word_1_699' title='bbox 2090 3109 2198 3163; x_wconf 77' lang='lat' dir='ltr'><strong>disi</strong></span> <span class='ocrx_word' id='word_1_700' title='bbox 2220 3108 2287 3163; x_wconf 91' lang='lat' dir='ltr'><strong>de</strong></span> <span class='ocrx_word' id='word_1_701' title='bbox 2314 3120 2468 3177; x_wconf 89' lang='lat' dir='ltr'><strong>sputo</strong></span> <span class='ocrx_word' id='word_1_702' title='bbox 2494 3120 2547 3164; x_wconf 91' lang='lat' dir='ltr'><strong>et</strong></span> <span class='ocrx_word' id='word_1_703' title='bbox 2570 3109 2715 3162; x_wconf 84' lang='lat' dir='ltr'><strong>luto?</strong></span> <span class='ocrx_word' id='word_1_704' title='bbox 2744 3108 2876 3176; x_wconf 88' lang='lat' dir='ltr'><strong>Qttia</strong></span> <span class='ocrx_word' id='word_1_705' title='bbox 2903 3107 3132 3163; x_wconf 78' lang='lat' dir='ltr'><strong>Verbum</strong></span> <span class='ocrx_word' id='word_1_706' title='bbox 3162 3123 3287 3163; x_wconf 85' lang='lat' dir='ltr'><strong>caro</strong></span> <span class='ocrx_word' id='word_1_707' title='bbox 3316 3106 3515 3164; x_wconf 88' lang='lat' dir='ltr'><strong>factum</strong></span> 
     </span>
    </p>
   </div>
   <div class='ocr_carea' id='block_1_94' title="bbox 1933 3198 3520 3257">
    <p class='ocr_par' dir='ltr' id='par_1_94' title="bbox 1933 3198 3520 3257">
     <span class='ocr_line' id='line_1_94' title="bbox 1933 3198 3520 3257; baseline -0.001 -1"><span class='ocrx_word' id='word_1_708' title='bbox 1933 3210 2035 3256; x_wconf 89' lang='lat' dir='ltr'><strong>est.</strong></span> <span class='ocrx_word' id='word_1_709' title='bbox 2068 3201 2178 3257; x_wconf 89' lang='lat' dir='ltr'><strong>Hoc</strong></span> <span class='ocrx_word' id='word_1_710' title='bbox 2208 3209 2261 3255; x_wconf 92' lang='lat' dir='ltr'><strong>et</strong></span> <span class='ocrx_word' id='word_1_711' title='bbox 2288 3200 2654 3255; x_wconf 87' lang='lat' dir='ltr'><strong>catcclnuneni</strong></span> <span class='ocrx_word' id='word_1_712' title='bbox 2677 3199 2895 3253; x_wconf 91' lang='lat' dir='ltr'><strong>audiunt</strong></span> <span class='ocrx_word' id='word_1_713' title='bbox 2924 3217 2935 3252; x_wconf 90' lang='lat'><strong>:</strong></span> <span class='ocrx_word' id='word_1_714' title='bbox 2965 3199 3056 3254; x_wconf 89' lang='lat' dir='ltr'><strong>sed</strong></span> <span class='ocrx_word' id='word_1_715' title='bbox 3089 3214 3192 3253; x_wconf 87' lang='lat' dir='ltr'><strong>non</strong></span> <span class='ocrx_word' id='word_1_716' title='bbox 3219 3198 3295 3254; x_wconf 90' lang='lat' dir='ltr'><strong>eis</strong></span> <span class='ocrx_word' id='word_1_717' title='bbox 3323 3199 3520 3256; x_wconf 78' lang='lat' dir='ltr'><strong>sufﬁcit</strong></span> 
     </span>
    </p>
   </div>
   <div class='ocr_carea' id='block_1_95' title="bbox 1933 3290 3518 3363">
    <p class='ocr_par' dir='ltr' id='par_1_95' title="bbox 1933 3290 3518 3363">
     <span class='ocr_line' id='line_1_95' title="bbox 1933 3290 3518 3363; baseline -0.001 -16"><span class='ocrx_word' id='word_1_718' title='bbox 1933 3294 1998 3348; x_wconf 90' lang='lat' dir='ltr'><strong>ad</strong></span> <span class='ocrx_word' id='word_1_719' title='bbox 2020 3294 2158 3363; x_wconf 89' lang='lat' dir='ltr'><strong>quod</strong></span> <span class='ocrx_word' id='word_1_720' title='bbox 2179 3294 2376 3348; x_wconf 89' lang='lat' dir='ltr'><strong>inuncti</strong></span> <span class='ocrx_word' id='word_1_721' title='bbox 2403 3300 2555 3357; x_wconf 86' lang='lat' dir='ltr'><strong>sunt;</strong></span> <span class='ocrx_word' id='word_1_722' title='bbox 2589 3290 2836 3346; x_wconf 85' lang='lat' dir='ltr'><strong>festinent</strong></span> <span class='ocrx_word' id='word_1_723' title='bbox 2856 3291 2923 3345; x_wconf 86' lang='lat' dir='ltr'><strong>ad</strong></span> <span class='ocrx_word' id='word_1_724' title='bbox 2950 3291 3239 3359; x_wconf 87' lang='lat' dir='ltr'><strong>lavacrum,</strong></span> <span class='ocrx_word' id='word_1_725' title='bbox 3265 3291 3311 3346; x_wconf 88' lang='lat' dir='ltr'><strong>si</strong></span> <span class='ocrx_word' id='word_1_726' title='bbox 3337 3290 3518 3347; x_wconf 84' lang='lat' dir='ltr'><strong>lumen</strong></span> 
     </span>
    </p>
   </div>
   <div class='ocr_carea' id='block_1_96' title="bbox 1916 3378 2221 3461">
    <p class='ocr_par' dir='ltr' id='par_1_96' title="bbox 1916 3378 2221 3461">
     <span class='ocr_line' id='line_1_96' title="bbox 1916 3378 2221 3461; baseline -0.01 -21"><span class='ocrx_word' id='word_1_727' title='bbox 1916 3378 2221 3461; x_wconf 84' lang='lat' dir='ltr'><strong>inquirunt.</strong></span> 
     </span>
    </p>
   </div>
   <div class='ocr_carea' id='block_1_97' title="bbox 1925 3471 3518 3547">
    <p class='ocr_par' dir='ltr' id='par_1_97' title="bbox 1925 3471 3518 3547">
     <span class='ocr_line' id='line_1_97' title="bbox 1925 3471 3518 3547; baseline -0.003 -14"><span class='ocrx_word' id='word_1_728' title='bbox 1925 3500 1931 3504; x_wconf 85' lang='grc'><strong>·</strong></span> <span class='ocrx_word' id='word_1_729' title='bbox 2004 3479 2056 3533; x_wconf 80' lang='grc'><strong>5.</strong></span> <span class='ocrx_word' id='word_1_730' title='bbox 2085 3477 2201 3532; x_wconf 89' lang='lat' dir='ltr'><strong>.lam</strong></span> <span class='ocrx_word' id='word_1_731' title='bbox 2229 3491 2356 3547; x_wconf 82' lang='lat' dir='ltr'><strong>ergo</strong></span> <span class='ocrx_word' id='word_1_732' title='bbox 2393 3483 2610 3545; x_wconf 87' lang='lat' dir='ltr'><strong>propter</strong></span> <span class='ocrx_word' id='word_1_733' title='bbox 2633 3471 2888 3545; x_wconf 89' lang='lat' dir='ltr'><strong>quasdam</strong></span> <span class='ocrx_word' id='word_1_734' title='bbox 2918 3473 2970 3527; x_wconf 88' lang='lat' dir='ltr'><strong>in</strong></span> <span class='ocrx_word' id='word_1_735' title='bbox 3006 3471 3106 3528; x_wconf 91' lang='lat' dir='ltr'><strong>hac</strong></span> <span class='ocrx_word' id='word_1_736' title='bbox 3142 3473 3255 3545; x_wconf 91' lang='lat' dir='ltr'><strong>ipsa</strong></span> <span class='ocrx_word' id='word_1_737' title='bbox 3284 3471 3518 3530; x_wconf 82' lang='lat' dir='ltr'><strong>lectione</strong></span> 
     </span>
    </p>
   </div>
   <div class='ocr_carea' id='block_1_98' title="bbox 1933 3565 3517 3643">
    <p class='ocr_par' dir='ltr' id='par_1_98' title="bbox 1933 3565 3517 3643">
     <span class='ocr_line' id='line_1_98' title="bbox 1933 3565 3517 3643; baseline -0.003 -17"><span class='ocrx_word' id='word_1_738' title='bbox 1933 3571 2275 3643; x_wconf 66' lang='lat' dir='ltr'><strong>quaestiones,</strong></span> <span class='ocrx_word' id='word_1_739' title='bbox 2305 3568 2463 3623; x_wconf 86' lang='lat' dir='ltr'><strong>verba</strong></span> <span class='ocrx_word' id='word_1_740' title='bbox 2492 3566 2697 3622; x_wconf 81' lang='lat' dir='ltr'><strong>Domini</strong></span> <span class='ocrx_word' id='word_1_741' title='bbox 2726 3576 2776 3621; x_wconf 88' lang='lat' dir='ltr'><strong>et</strong></span> <span class='ocrx_word' id='word_1_742' title='bbox 2799 3565 2964 3635; x_wconf 90' lang='lat' dir='ltr'><strong>ipsius</strong></span> <span class='ocrx_word' id='word_1_743' title='bbox 2986 3567 3245 3622; x_wconf 71' lang='lat' dir='ltr'><strong>universa:</strong></span> <span class='ocrx_word' id='word_1_744' title='bbox 3272 3565 3517 3622; x_wconf 88' lang='lat' dir='ltr'><strong>lectionis</strong></span> 
     </span>
    </p>
   </div>
   <div class='ocr_carea' id='block_1_99' title="bbox 1932 3656 3517 3734">
    <p class='ocr_par' dir='ltr' id='par_1_99' title="bbox 1932 3656 3517 3734">
     <span class='ocr_line' id='line_1_99' title="bbox 1932 3656 3517 3734; baseline 0 -19"><span class='ocrx_word' id='word_1_745' title='bbox 1932 3677 2306 3734; x_wconf 71' lang='lat' dir='ltr'><strong>percurramus</strong></span> <span class='ocrx_word' id='word_1_746' title='bbox 2335 3661 2507 3730; x_wconf 90' lang='lat' dir='ltr'><strong>potius</strong></span> <span class='ocrx_word' id='word_1_747' title='bbox 2536 3676 2691 3729; x_wconf 89' lang='lat' dir='ltr'><strong>quam</strong></span> <span class='ocrx_word' id='word_1_748' title='bbox 2725 3667 3027 3712; x_wconf 86' lang='lat' dir='ltr'><strong>tractemus.</strong></span> <span class='ocrx_word' id='word_1_749' title='bbox 3052 3656 3244 3712; x_wconf 69' lang='lat' dir='ltr'><strong>Exitus</strong></span> <span class='ocrx_word' id='word_1_750' title='bbox 3269 3659 3392 3712; x_wconf 77' lang='lat' dir='ltr'><strong>cidit</strong></span> <span class='ocrx_word' id='word_1_751' title='bbox 3416 3660 3517 3716; x_wconf 61' lang='lat' dir='ltr'><strong>hoc</strong></span> 
     </span>
    </p>
   </div>
   <div class='ocr_carea' id='block_1_100' title="bbox 1933 3747 3517 3819">
    <p class='ocr_par' dir='ltr' id='par_1_100' title="bbox 1933 3747 3517 3819">
     <span class='ocr_line' id='line_1_100' title="bbox 1933 3747 3517 3819; baseline -0.002 -11"><span class='ocrx_word' id='word_1_752' title='bbox 1933 3758 2117 3810; x_wconf 86' lang='lat' dir='ltr'><strong>minem</strong></span> <span class='ocrx_word' id='word_1_753' title='bbox 2145 3769 2333 3807; x_wconf 62' lang='lat' dir='ltr'><strong>ciccum</strong></span> <span class='ocrx_word' id='word_1_754' title='bbox 2365 3768 2382 3805; x_wconf 89' lang='lat'><strong><em>:</em></strong></span> <span class='ocrx_word' id='word_1_755' title='bbox 2413 3766 2516 3805; x_wconf 91' lang='lat' dir='ltr'><strong>non</strong></span> <span class='ocrx_word' id='word_1_756' title='bbox 2548 3761 2828 3819; x_wconf 90' lang='lat' dir='ltr'><strong>utcumque</strong></span> <span class='ocrx_word' id='word_1_757' title='bbox 2854 3764 3084 3814; x_wconf 67' lang='lat' dir='ltr'><strong>caseum,</strong></span> <span class='ocrx_word' id='word_1_758' title='bbox 3117 3747 3242 3812; x_wconf 88' lang='lat' dir='ltr'><strong>sed,</strong></span> <span class='ocrx_word' id='word_1_759' title='bbox 3274 3765 3306 3802; x_wconf 91' lang='lat' dir='ltr'><strong>a</strong></span> <span class='ocrx_word' id='word_1_760' title='bbox 3328 3749 3517 3805; x_wconf 80' lang='lat' dir='ltr'><strong>nativi-</strong></span> 
     </span>
    </p>
   </div>
   <div class='ocr_carea' id='block_1_101' title="bbox 1935 3841 3516 3913">
    <p class='ocr_par' dir='ltr' id='par_1_101' title="bbox 1935 3841 3516 3913">
     <span class='ocr_line' id='line_1_101' title="bbox 1935 3841 3516 3913; baseline -0.001 -14"><span class='ocrx_word' id='word_1_761' title='bbox 1935 3856 2052 3899; x_wconf 86' lang='lat' dir='ltr'><strong>tate.</strong></span> <span class='ocrx_word' id='word_1_762' title='bbox 2090 3842 2158 3897; x_wconf 83' lang='lat' dir='ltr'><strong>Et</strong></span> <span class='ocrx_word' id='word_1_763' title='bbox 2205 3845 2632 3913; x_wconf 84' lang='lat' dir='ltr'><strong>interrogaverunt</strong></span> <span class='ocrx_word' id='word_1_764' title='bbox 2676 3857 2786 3895; x_wconf 86' lang='lat' dir='ltr'><strong>eum</strong></span> <span class='ocrx_word' id='word_1_765' title='bbox 2835 3841 3078 3912; x_wconf 69' lang='lat' dir='ltr'><strong>discipuli</strong></span> <span class='ocrx_word' id='word_1_766' title='bbox 3118 3842 3226 3913; x_wconf 83' lang='lat' dir='ltr'><strong>ejus</strong></span> <span class='ocrx_word' id='word_1_767' title='bbox 3270 3858 3289 3895; x_wconf 90' lang='lat'><strong><em>:</em></strong></span> <span class='ocrx_word' id='word_1_768' title='bbox 3330 3841 3516 3897; x_wconf 81' lang='lat' dir='ltr'><strong>Rabbi.</strong></span> 
     </span>
    </p>
   </div>
   <div class='ocr_carea' id='block_1_102' title="bbox 1868 3932 3518 4006">
    <p class='ocr_par' dir='ltr' id='par_1_102' title="bbox 1868 3932 3518 4006">
     <span class='ocr_line' id='line_1_102' title="bbox 1868 3932 3518 4006; baseline -0.002 -14"><span class='ocrx_word' id='word_1_769' title='bbox 1868 3948 1876 3956; x_wconf 93' lang='lat'>&#39;</span> <span class='ocrx_word' id='word_1_770' title='bbox 1933 3937 2094 3992; x_wconf 80' lang='lat' dir='ltr'><strong>Scitis</strong></span> <span class='ocrx_word' id='word_1_771' title='bbox 2133 3934 2296 3989; x_wconf 86' lang='lat' dir='ltr'><strong>Rabbi</strong></span> <span class='ocrx_word' id='word_1_772' title='bbox 2332 3935 2452 4003; x_wconf 90' lang='lat' dir='ltr'><strong>quia</strong></span> <span class='ocrx_word' id='word_1_773' title='bbox 2496 3933 2749 4002; x_wconf 81' lang='lat' dir='ltr'><strong>magister</strong></span> <span class='ocrx_word' id='word_1_774' title='bbox 2791 3941 2892 3987; x_wconf 89' lang='lat' dir='ltr'><strong>est.</strong></span> <span class='ocrx_word' id='word_1_775' title='bbox 2933 3932 3238 4004; x_wconf 81' lang='lat' dir='ltr'><strong>Magistrum</strong></span> <span class='ocrx_word' id='word_1_776' title='bbox 3279 3934 3518 4006; x_wconf 84' lang='lat' dir='ltr'><strong>appella-</strong></span> 
     </span>
    </p>
   </div>
   <div class='ocr_carea' id='block_1_103' title="bbox 1935 4023 3520 4097">
    <p class='ocr_par' dir='ltr' id='par_1_103' title="bbox 1935 4023 3520 4097">
     <span class='ocr_line' id='line_1_103' title="bbox 1935 4023 3520 4097; baseline -0.001 -15"><span class='ocrx_word' id='word_1_777' title='bbox 1935 4028 2078 4091; x_wconf 89' lang='lat' dir='ltr'><strong>bant,</strong></span> <span class='ocrx_word' id='word_1_778' title='bbox 2109 4028 2230 4097; x_wconf 90' lang='lat' dir='ltr'><strong>quia</strong></span> <span class='ocrx_word' id='word_1_779' title='bbox 2258 4026 2462 4080; x_wconf 88' lang='lat' dir='ltr'><strong>discere</strong></span> <span class='ocrx_word' id='word_1_780' title='bbox 2496 4023 2868 4078; x_wconf 84' lang='lat' dir='ltr'><strong>dcsideraoant</strong></span> <span class='ocrx_word' id='word_1_781' title='bbox 2903 4040 2914 4075; x_wconf 90' lang='lat'><strong>:</strong></span> <span class='ocrx_word' id='word_1_782' title='bbox 2947 4023 3293 4093; x_wconf 74' lang='lat' dir='ltr'><strong>qnteslioncm</strong></span> <span class='ocrx_word' id='word_1_783' title='bbox 3323 4024 3520 4095; x_wconf 90' lang='lat' dir='ltr'><strong>quippe</strong></span> 
     </span>
    </p>
   </div>
   <div class='ocr_carea' id='block_1_104' title="bbox 1935 4114 3516 4187">
    <p class='ocr_par' dir='ltr' id='par_1_104' title="bbox 1935 4114 3516 4187">
     <span class='ocr_line' id='line_1_104' title="bbox 1935 4114 3516 4187; baseline -0.003 -13"><span class='ocrx_word' id='word_1_784' title='bbox 1935 4119 2161 4174; x_wconf 86' lang='lat' dir='ltr'><strong>Domino</strong></span> <span class='ocrx_word' id='word_1_785' title='bbox 2178 4122 2564 4187; x_wconf 86' lang='lat' dir='ltr'><strong>proposuerunt</strong></span> <span class='ocrx_word' id='word_1_786' title='bbox 2583 4123 2830 4183; x_wconf 88' lang='lat' dir='ltr'><strong>tanquam</strong></span> <span class='ocrx_word' id='word_1_787' title='bbox 2847 4114 3116 4182; x_wconf 76' lang='lat' dir='ltr'><strong>magistro,</strong></span> <span class='ocrx_word' id='word_1_788' title='bbox 3135 4116 3261 4180; x_wconf 83' lang='lat' dir='ltr'><strong>Quis</strong></span> <span class='ocrx_word' id='word_1_789' title='bbox 3276 4119 3516 4185; x_wconf 76' lang='lat' dir='ltr'><strong>peccavit,</strong></span> 
     </span>
    </p>
   </div>
   <div class='ocr_carea' id='block_1_105' title="bbox 1934 4204 3519 4278">
    <p class='ocr_par' dir='ltr' id='par_1_105' title="bbox 1934 4204 3519 4278">
     <span class='ocr_line' id='line_1_105' title="bbox 1934 4204 3519 4278; baseline -0.006 -13"><span class='ocrx_word' id='word_1_790' title='bbox 1934 4212 2035 4274; x_wconf 82' lang='lat' dir='ltr'><strong>hic,</strong></span> <span class='ocrx_word' id='word_1_791' title='bbox 2062 4226 2128 4263; x_wconf 86' lang='lat' dir='ltr'><strong>an</strong></span> <span class='ocrx_word' id='word_1_792' title='bbox 2167 4217 2396 4278; x_wconf 77' lang='lat' dir='ltr'><strong>parentes</strong></span> <span class='ocrx_word' id='word_1_793' title='bbox 2431 4206 2561 4274; x_wconf 85' lang='lat' dir='ltr'><strong>ejus,</strong></span> <span class='ocrx_word' id='word_1_794' title='bbox 2601 4214 2654 4256; x_wconf 87' lang='lat' dir='ltr'><strong>ut</strong></span> <span class='ocrx_word' id='word_1_795' title='bbox 2694 4218 2855 4256; x_wconf 65' lang='lat' dir='ltr'><strong>circus</strong></span> <span class='ocrx_word' id='word_1_796' title='bbox 2890 4206 3214 4258; x_wconf 75' lang='lat' dir='ltr'><strong>misceretur?</strong></span> <span class='ocrx_word' id='word_1_797' title='bbox 3239 4204 3519 4275; x_wconf 72' lang='lat' dir='ltr'><strong>Respondit</strong></span> 
     </span>
    </p>
   </div>
   <div class='ocr_carea' id='block_1_106' title="bbox 1933 4294 3519 4368">
    <p class='ocr_par' dir='ltr' id='par_1_106' title="bbox 1933 4294 3519 4368">
     <span class='ocr_line' id='line_1_106' title="bbox 1933 4294 3519 4368; baseline -0.002 -14"><span class='ocrx_word' id='word_1_798' title='bbox 1933 4300 2082 4356; x_wconf 81' lang='lat' dir='ltr'><strong>Iesus</strong></span> <span class='ocrx_word' id='word_1_799' title='bbox 2122 4315 2139 4352; x_wconf 91' lang='lat'><strong><em>:</em></strong></span> <span class='ocrx_word' id='word_1_800' title='bbox 2185 4297 2359 4368; x_wconf 81' lang='lat' dir='ltr'><strong>Neque</strong></span> <span class='ocrx_word' id='word_1_801' title='bbox 2403 4296 2482 4349; x_wconf 81' lang='lat' dir='ltr'><strong>In&#39;c</strong></span> <span class='ocrx_word' id='word_1_802' title='bbox 2533 4294 2771 4364; x_wconf 80' lang='lat' dir='ltr'><strong>peccarit,</strong></span> <span class='ocrx_word' id='word_1_803' title='bbox 2813 4309 2969 4362; x_wconf 82' lang='lat' dir='ltr'><strong>neque</strong></span> <span class='ocrx_word' id='word_1_804' title='bbox 3008 4302 3237 4361; x_wconf 79' lang='lat' dir='ltr'><strong>parentes</strong></span> <span class='ocrx_word' id='word_1_805' title='bbox 3279 4295 3420 4365; x_wconf 82' lang='lat' dir='ltr'><strong>ejus,</strong></span> <span class='ocrx_word' id='word_1_806' title='bbox 3458 4304 3519 4352; x_wconf 79' lang='lat' dir='ltr'><strong>ut</strong></span> 
     </span>
    </p>
   </div>
   <div class='ocr_carea' id='block_1_107' title="bbox 1934 4382 3519 4454">
    <p class='ocr_par' dir='ltr' id='par_1_107' title="bbox 1934 4382 3519 4454">
     <span class='ocr_line' id='line_1_107' title="bbox 1934 4382 3519 4454; baseline -0.003 -9"><span class='ocrx_word' id='word_1_807' title='bbox 1934 4404 2107 4445; x_wconf 66' lang='lat' dir='ltr'><strong>crocus</strong></span> <span class='ocrx_word' id='word_1_808' title='bbox 2125 4397 2451 4444; x_wconf 85' lang='lat' dir='ltr'><strong>nasceretur.</strong></span> <span class='ocrx_word' id='word_1_809' title='bbox 2476 4385 2609 4452; x_wconf 87' lang='lat' dir='ltr'><strong>Quid</strong></span> <span class='ocrx_word' id='word_1_810' title='bbox 2633 4392 2714 4439; x_wconf 90' lang='lat' dir='ltr'><strong>est</strong></span> <span class='ocrx_word' id='word_1_811' title='bbox 2734 4382 2875 4454; x_wconf 90' lang='lat' dir='ltr'><strong>quod</strong></span> <span class='ocrx_word' id='word_1_812' title='bbox 2895 4382 3065 4437; x_wconf 78' lang='lat' dir='ltr'><strong>dixit?</strong></span> <span class='ocrx_word' id='word_1_813' title='bbox 3084 4382 3138 4438; x_wconf 89' lang='lat' dir='ltr'><strong>Si</strong></span> <span class='ocrx_word' id='word_1_814' title='bbox 3161 4384 3334 4439; x_wconf 89' lang='lat' dir='ltr'><strong>nullus</strong></span> <span class='ocrx_word' id='word_1_815' title='bbox 3354 4383 3519 4441; x_wconf 84' lang='lat' dir='ltr'><strong>homo</strong></span> 
     </span>
    </p>
   </div>
   <div class='ocr_carea' id='block_1_108' title="bbox 1935 4472 3519 4549">
    <p class='ocr_par' dir='ltr' id='par_1_108' title="bbox 1935 4472 3519 4549">
     <span class='ocr_line' id='line_1_108' title="bbox 1935 4472 3519 4549; baseline -0.002 -13"><span class='ocrx_word' id='word_1_816' title='bbox 1935 4482 2050 4536; x_wconf 88' lang='lat' dir='ltr'><strong>sine</strong></span> <span class='ocrx_word' id='word_1_817' title='bbox 2080 4486 2317 4549; x_wconf 71' lang='lat' dir='ltr'><strong>peccato,</strong></span> <span class='ocrx_word' id='word_1_818' title='bbox 2349 4476 2602 4546; x_wconf 75' lang='lat' dir='ltr'><strong>nutuquid</strong></span> <span class='ocrx_word' id='word_1_819' title='bbox 2634 4484 2880 4545; x_wconf 84' lang='lat' dir='ltr'><strong>parentes</strong></span> <span class='ocrx_word' id='word_1_820' title='bbox 2910 4472 3067 4542; x_wconf 77' lang='lat' dir='ltr'><strong>hujus</strong></span> <span class='ocrx_word' id='word_1_821' title='bbox 3091 4474 3216 4529; x_wconf 75' lang='lat' dir='ltr'><strong>creci</strong></span> <span class='ocrx_word' id='word_1_822' title='bbox 3246 4475 3361 4530; x_wconf 88' lang='lat' dir='ltr'><strong>sine</strong></span> <span class='ocrx_word' id='word_1_823' title='bbox 3390 4491 3519 4546; x_wconf 88' lang='lat' dir='ltr'><strong>pec-</strong></span> 
     </span>
    </p>
   </div>
   <div class='ocr_carea' id='block_1_109' title="bbox 1935 4564 3520 4637">
    <p class='ocr_par' dir='ltr' id='par_1_109' title="bbox 1935 4564 3520 4637">
     <span class='ocr_line' id='line_1_109' title="bbox 1935 4564 3520 4637; baseline -0.003 -9"><span class='ocrx_word' id='word_1_824' title='bbox 1935 4582 2055 4628; x_wconf 90' lang='lat' dir='ltr'><strong>cato</strong></span> <span class='ocrx_word' id='word_1_825' title='bbox 2093 4570 2278 4626; x_wconf 88' lang='lat' dir='ltr'><strong>erant?</strong></span> <span class='ocrx_word' id='word_1_826' title='bbox 2300 4568 2562 4637; x_wconf 81' lang='lat' dir='ltr'><strong>Numquid</strong></span> <span class='ocrx_word' id='word_1_827' title='bbox 2601 4567 2713 4635; x_wconf 86' lang='lat' dir='ltr'><strong>ipso</strong></span> <span class='ocrx_word' id='word_1_828' title='bbox 2748 4564 2830 4619; x_wconf 86' lang='lat' dir='ltr'><strong>vel</strong></span> <span class='ocrx_word' id='word_1_829' title='bbox 2871 4565 2985 4618; x_wconf 84' lang='lat' dir='ltr'><strong>sine</strong></span> <span class='ocrx_word' id='word_1_830' title='bbox 3021 4565 3260 4636; x_wconf 68' lang='lat' dir='ltr'><strong>origiuaii</strong></span> <span class='ocrx_word' id='word_1_831' title='bbox 3302 4576 3520 4637; x_wconf 84' lang='lat' dir='ltr'><strong>peccato</strong></span> 
     </span>
    </p>
   </div>
   <div class='ocr_carea' id='block_1_110' title="bbox 1937 4655 3519 4730">
    <p class='ocr_par' dir='ltr' id='par_1_110' title="bbox 1937 4655 3519 4730">
     <span class='ocr_line' id='line_1_110' title="bbox 1937 4655 3519 4730; baseline -0.003 -11"><span class='ocrx_word' id='word_1_832' title='bbox 1937 4674 2093 4719; x_wconf 88' lang='lat' dir='ltr'><strong>natus</strong></span> <span class='ocrx_word' id='word_1_833' title='bbox 2139 4672 2281 4724; x_wconf 89' lang='lat' dir='ltr'><strong>crat,</strong></span> <span class='ocrx_word' id='word_1_834' title='bbox 2323 4660 2406 4715; x_wconf 89' lang='lat' dir='ltr'><strong>vel</strong></span> <span class='ocrx_word' id='word_1_835' title='bbox 2461 4658 2687 4712; x_wconf 89' lang='lat' dir='ltr'><strong>vivendo</strong></span> <span class='ocrx_word' id='word_1_836' title='bbox 2735 4656 2865 4710; x_wconf 89' lang='lat' dir='ltr'><strong>nihil</strong></span> <span class='ocrx_word' id='word_1_837' title='bbox 2914 4655 3227 4711; x_wconf 55' lang='lat' dir='ltr'><strong>addiderat?</strong></span> <span class='ocrx_word' id='word_1_838' title='bbox 3268 4660 3344 4713; x_wconf 78' lang='lat' dir='ltr'><strong>An</strong></span> <span class='ocrx_word' id='word_1_839' title='bbox 3393 4659 3519 4730; x_wconf 83' lang='lat' dir='ltr'><strong>quia</strong></span> 
     </span>
    </p>
   </div>
   <div class='ocr_carea' id='block_1_111' title="bbox 1938 4747 3521 4819">
    <p class='ocr_par' dir='ltr' id='par_1_111' title="bbox 1938 4747 3521 4819">
     <span class='ocr_line' id='line_1_111' title="bbox 1938 4747 3521 4819; baseline -0.004 -9"><span class='ocrx_word' id='word_1_840' title='bbox 1938 4755 2122 4810; x_wconf 86' lang='lat' dir='ltr'><strong>oculos</strong></span> <span class='ocrx_word' id='word_1_841' title='bbox 2149 4754 2360 4808; x_wconf 89' lang='lat' dir='ltr'><strong>clausos</strong></span> <span class='ocrx_word' id='word_1_842' title='bbox 2389 4750 2636 4810; x_wconf 83' lang='lat' dir='ltr'><strong>habebat,</strong></span> <span class='ocrx_word' id='word_1_843' title='bbox 2669 4747 3112 4816; x_wconf 65' lang='lat' dir='ltr'><strong>concupiscentia:</strong></span> <span class='ocrx_word' id='word_1_844' title='bbox 3142 4747 3360 4805; x_wconf 82' lang='lat' dir='ltr'><strong>minime</strong></span> <span class='ocrx_word' id='word_1_845' title='bbox 3387 4750 3521 4819; x_wconf 80' lang='lat' dir='ltr'><strong>vigi-</strong></span> 
     </span>
    </p>
   </div>
   <div class='ocr_carea' id='block_1_112' title="bbox 1940 4838 3521 4911">
    <p class='ocr_par' dir='ltr' id='par_1_112' title="bbox 1940 4838 3521 4911">
     <span class='ocr_line' id='line_1_112' title="bbox 1940 4838 3521 4911; baseline -0.004 -10"><span class='ocrx_word' id='word_1_846' title='bbox 1940 4848 2117 4901; x_wconf 83' lang='lat' dir='ltr'><strong>labant</strong></span> <span class='ocrx_word' id='word_1_847' title='bbox 2142 4845 2197 4898; x_wconf 68' lang='grc' dir='ltr'><strong>’Ἰ</strong></span> <span class='ocrx_word' id='word_1_848' title='bbox 2221 4844 2430 4911; x_wconf 86' lang='lat' dir='ltr'><strong>Quanta</strong></span> <span class='ocrx_word' id='word_1_849' title='bbox 2458 4841 2593 4894; x_wconf 85' lang='lat' dir='ltr'><strong>mala</strong></span> <span class='ocrx_word' id='word_1_850' title='bbox 2617 4839 2953 4893; x_wconf 87' lang='lat' dir='ltr'><strong>committunt</strong></span> <span class='ocrx_word' id='word_1_851' title='bbox 2974 4838 3136 4893; x_wconf 62' lang='lat' dir='ltr'><strong>Casei!</strong></span> <span class='ocrx_word' id='word_1_852' title='bbox 3173 4841 3210 4891; x_wconf 78' lang='grc' dir='ltr'>Α</span> <span class='ocrx_word' id='word_1_853' title='bbox 3244 4855 3350 4906; x_wconf 83' lang='lat' dir='ltr'><strong>quo</strong></span> <span class='ocrx_word' id='word_1_854' title='bbox 3379 4841 3521 4895; x_wconf 88' lang='lat' dir='ltr'><strong>tnalo</strong></span> 
     </span>
    </p>
   </div>
   <div class='ocr_carea' id='block_1_113' title="bbox 1938 4929 3523 5001">
    <p class='ocr_par' dir='ltr' id='par_1_113' title="bbox 1938 4929 3523 5001">
     <span class='ocr_line' id='line_1_113' title="bbox 1938 4929 3523 5001; baseline -0.004 -9"><span class='ocrx_word' id='word_1_855' title='bbox 1938 4938 2165 4993; x_wconf 78' lang='lat' dir='ltr'><strong>abstinet</strong></span> <span class='ocrx_word' id='word_1_856' title='bbox 2188 4951 2340 4990; x_wconf 83' lang='lat' dir='ltr'><strong>mens</strong></span> <span class='ocrx_word' id='word_1_857' title='bbox 2361 4932 2525 4990; x_wconf 86' lang='lat' dir='ltr'><strong>mala.</strong></span> <span class='ocrx_word' id='word_1_858' title='bbox 2551 4931 2710 4986; x_wconf 89' lang='lat' dir='ltr'><strong>etiam</strong></span> <span class='ocrx_word' id='word_1_859' title='bbox 2734 4930 2929 4984; x_wconf 75' lang='lat' dir='ltr'><strong>clausis</strong></span> <span class='ocrx_word' id='word_1_860' title='bbox 2951 4929 3152 4984; x_wconf 78' lang='lat' dir='ltr'><strong>ncuii-?</strong></span> <span class='ocrx_word' id='word_1_861' title='bbox 3172 4929 3287 4984; x_wconf 82' lang='lat' dir='ltr'><strong>Non</strong></span> <span class='ocrx_word' id='word_1_862' title='bbox 3312 4941 3523 5001; x_wconf 60' lang='lat' dir='ltr'><strong>pota-rat</strong></span> 
     </span>
    </p>
   </div>
   <div class='ocr_carea' id='block_1_114' title="bbox 1937 5020 3522 5093">
    <p class='ocr_par' dir='ltr' id='par_1_114' title="bbox 1937 5020 3522 5093">
     <span class='ocr_line' id='line_1_114' title="bbox 1937 5020 3522 5093; baseline -0.003 -10"><span class='ocrx_word' id='word_1_863' title='bbox 1937 5028 2139 5090; x_wconf 85' lang='lat' dir='ltr'><strong>videre,</strong></span> <span class='ocrx_word' id='word_1_864' title='bbox 2180 5025 2273 5080; x_wconf 89' lang='lat' dir='ltr'><strong>sed</strong></span> <span class='ocrx_word' id='word_1_865' title='bbox 2318 5031 2538 5077; x_wconf 77' lang='lat' dir='ltr'><strong>noverat</strong></span> <span class='ocrx_word' id='word_1_866' title='bbox 2578 5020 2832 5090; x_wconf 75' lang='lat' dir='ltr'><strong>Cogitare,</strong></span> <span class='ocrx_word' id='word_1_867' title='bbox 2874 5028 2928 5073; x_wconf 92' lang='lat' dir='ltr'><strong>et</strong></span> <span class='ocrx_word' id='word_1_868' title='bbox 2969 5021 3105 5074; x_wconf 79' lang='lat' dir='ltr'><strong>forte</strong></span> <span class='ocrx_word' id='word_1_869' title='bbox 3139 5022 3522 5093; x_wconf 75' lang='lat' dir='ltr'><strong>colicupiscere</strong></span> 
     </span>
    </p>
   </div>
   <div class='ocr_carea' id='block_1_115' title="bbox 1939 5112 3522 5189">
    <p class='ocr_par' dir='ltr' id='par_1_115' title="bbox 1939 5112 3522 5189">
     <span class='ocr_line' id='line_1_115' title="bbox 1939 5112 3522 5189; baseline -0.002 -15"><span class='ocrx_word' id='word_1_870' title='bbox 1939 5116 2134 5189; x_wconf 87' lang='lat' dir='ltr'><strong>aliquid</strong></span> <span class='ocrx_word' id='word_1_871' title='bbox 2162 5114 2302 5186; x_wconf 91' lang='lat' dir='ltr'><strong>quod</strong></span> <span class='ocrx_word' id='word_1_872' title='bbox 2325 5128 2500 5168; x_wconf 62' lang='lat' dir='ltr'><strong>aecus</strong></span> <span class='ocrx_word' id='word_1_873' title='bbox 2532 5126 2635 5165; x_wconf 90' lang='lat' dir='ltr'><strong>non</strong></span> <span class='ocrx_word' id='word_1_874' title='bbox 2666 5120 2844 5180; x_wconf 88' lang='lat' dir='ltr'><strong>posset</strong></span> <span class='ocrx_word' id='word_1_875' title='bbox 2874 5112 3123 5180; x_wconf 77' lang='lat' dir='ltr'><strong>implere,</strong></span> <span class='ocrx_word' id='word_1_876' title='bbox 3154 5114 3246 5169; x_wconf 87' lang='lat' dir='ltr'><strong>sed</strong></span> <span class='ocrx_word' id='word_1_877' title='bbox 3276 5114 3328 5169; x_wconf 88' lang='lat' dir='ltr'><strong>in</strong></span> <span class='ocrx_word' id='word_1_878' title='bbox 3358 5115 3522 5171; x_wconf 82' lang='lat' dir='ltr'><strong>corde</strong></span> 
     </span>
    </p>
   </div>
   <div class='ocr_carea' id='block_1_116' title="bbox 1936 5204 3523 5283">
    <p class='ocr_par' dir='ltr' id='par_1_116' title="bbox 1936 5204 3523 5283">
     <span class='ocr_line' id='line_1_116' title="bbox 1936 5204 3523 5283; baseline -0.001 -19"><span class='ocrx_word' id='word_1_879' title='bbox 1936 5211 2159 5283; x_wconf 85' lang='lat' dir='ltr'><strong>judicati</strong></span> <span class='ocrx_word' id='word_1_880' title='bbox 2189 5224 2218 5263; x_wconf 89' lang='lat' dir='ltr'><strong>a</strong></span> <span class='ocrx_word' id='word_1_881' title='bbox 2260 5206 2437 5263; x_wconf 90' lang='lat' dir='ltr'><strong>cordis</strong></span> <span class='ocrx_word' id='word_1_882' title='bbox 2489 5213 2897 5275; x_wconf 81' lang='lat' dir='ltr'><strong>perscrutalore.</strong></span> <span class='ocrx_word' id='word_1_883' title='bbox 2929 5204 2984 5261; x_wconf 88' lang='lat' dir='ltr'><strong>Si</strong></span> <span class='ocrx_word' id='word_1_884' title='bbox 3024 5220 3151 5277; x_wconf 82' lang='lat' dir='ltr'><strong>ergo</strong></span> <span class='ocrx_word' id='word_1_885' title='bbox 3178 5216 3243 5263; x_wconf 82' lang='lat' dir='ltr'><strong>et</strong></span> <span class='ocrx_word' id='word_1_886' title='bbox 3274 5217 3523 5279; x_wconf 80' lang='lat' dir='ltr'><strong>parentes</strong></span> 
     </span>
    </p>
   </div>
   <div class='ocr_carea' id='block_1_117' title="bbox 1941 5297 3520 5375">
    <p class='ocr_par' dir='ltr' id='par_1_117' title="bbox 1941 5297 3520 5375">
     <span class='ocr_line' id='line_1_117' title="bbox 1941 5297 3520 5375; baseline -0.003 -16"><span class='ocrx_word' id='word_1_887' title='bbox 1941 5304 2055 5375; x_wconf 76' lang='lat' dir='ltr'><strong>ejus</strong></span> <span class='ocrx_word' id='word_1_888' title='bbox 2094 5301 2391 5355; x_wconf 84' lang='lat' dir='ltr'><strong>habuerunt</strong></span> <span class='ocrx_word' id='word_1_889' title='bbox 2431 5308 2725 5367; x_wconf 84' lang='lat' dir='ltr'><strong>peccatum,</strong></span> <span class='ocrx_word' id='word_1_890' title='bbox 2764 5306 2817 5352; x_wconf 89' lang='lat' dir='ltr'><strong>ct</strong></span> <span class='ocrx_word' id='word_1_891' title='bbox 2853 5297 2952 5354; x_wconf 83' lang='lat' dir='ltr'><strong>iste</strong></span> <span class='ocrx_word' id='word_1_892' title='bbox 2990 5298 3170 5354; x_wconf 85' lang='lat' dir='ltr'><strong>habuit</strong></span> <span class='ocrx_word' id='word_1_893' title='bbox 3210 5313 3520 5372; x_wconf 79' lang='lat' dir='ltr'><strong>peccatum;</strong></span> 
     </span>
    </p>
   </div>
   <div class='ocr_carea' id='block_1_118' title="bbox 1941 5386 3522 5466">
    <p class='ocr_par' dir='ltr' id='par_1_118' title="bbox 1941 5386 3522 5466">
     <span class='ocr_line' id='line_1_118' title="bbox 1941 5386 3522 5466; baseline -0.004 -16"><span class='ocrx_word' id='word_1_894' title='bbox 1941 5410 2105 5466; x_wconf 89' lang='lat' dir='ltr'><strong>quare</strong></span> <span class='ocrx_word' id='word_1_895' title='bbox 2145 5391 2397 5445; x_wconf 88' lang='lat' dir='ltr'><strong>Dominus</strong></span> <span class='ocrx_word' id='word_1_896' title='bbox 2435 5388 2587 5454; x_wconf 75' lang='lat' dir='ltr'><strong>dixit,</strong></span> <span class='ocrx_word' id='word_1_897' title='bbox 2621 5386 2797 5460; x_wconf 83' lang='lat' dir='ltr'><strong>Neque</strong></span> <span class='ocrx_word' id='word_1_898' title='bbox 2835 5390 2917 5443; x_wconf 82' lang='lat' dir='ltr'><strong>hic</strong></span> <span class='ocrx_word' id='word_1_899' title='bbox 2955 5392 3194 5461; x_wconf 81' lang='lat' dir='ltr'><strong>peccavit,</strong></span> <span class='ocrx_word' id='word_1_900' title='bbox 3234 5407 3394 5461; x_wconf 80' lang='lat' dir='ltr'><strong>neque</strong></span> <span class='ocrx_word' id='word_1_901' title='bbox 3424 5408 3522 5461; x_wconf 81' lang='lat' dir='ltr'><strong>pa-</strong></span> 
     </span>
    </p>
   </div>
   <div class='ocr_carea' id='block_1_119' title="bbox 1942 5480 3524 5555">
    <p class='ocr_par' dir='ltr' id='par_1_119' title="bbox 1942 5480 3524 5555">
     <span class='ocr_line' id='line_1_119' title="bbox 1942 5480 3524 5555; baseline -0.001 -15"><span class='ocrx_word' id='word_1_902' title='bbox 1942 5496 2101 5540; x_wconf 85' lang='lat' dir='ltr'><strong>rentes</strong></span> <span class='ocrx_word' id='word_1_903' title='bbox 2126 5501 2235 5555; x_wconf 73' lang='lat' dir='ltr'><strong>qus</strong></span> <span class='ocrx_word' id='word_1_904' title='bbox 2262 5499 2280 5535; x_wconf 93' lang='lat'><strong><em>:</em></strong></span> <span class='ocrx_word' id='word_1_905' title='bbox 2309 5482 2407 5535; x_wconf 90' lang='lat' dir='ltr'><strong>nisi</strong></span> <span class='ocrx_word' id='word_1_906' title='bbox 2450 5481 2517 5535; x_wconf 90' lang='lat' dir='ltr'><strong>ad</strong></span> <span class='ocrx_word' id='word_1_907' title='bbox 2562 5496 2672 5535; x_wconf 90' lang='lat' dir='ltr'><strong>rem</strong></span> <span class='ocrx_word' id='word_1_908' title='bbox 2717 5480 2783 5535; x_wconf 90' lang='lat' dir='ltr'><strong>dc</strong></span> <span class='ocrx_word' id='word_1_909' title='bbox 2811 5498 2913 5552; x_wconf 88' lang='lat' dir='ltr'><strong>qua</strong></span> <span class='ocrx_word' id='word_1_910' title='bbox 2945 5484 3297 5551; x_wconf 83' lang='lat' dir='ltr'><strong>interrogatus</strong></span> <span class='ocrx_word' id='word_1_911' title='bbox 3334 5489 3434 5545; x_wconf 86' lang='lat' dir='ltr'><strong>est.</strong></span> <span class='ocrx_word' id='word_1_912' title='bbox 3464 5492 3524 5538; x_wconf 73' lang='lat' dir='ltr'><strong>ut</strong></span> 
     </span>
    </p>
   </div>
   <div class='ocr_carea' id='block_1_120' title="bbox 1942 5572 3524 5644">
    <p class='ocr_par' dir='ltr' id='par_1_120' title="bbox 1942 5572 3524 5644">
     <span class='ocr_line' id='line_1_120' title="bbox 1942 5572 3524 5644; baseline 0.003 -13"><span class='ocrx_word' id='word_1_913' title='bbox 1942 5593 2102 5632; x_wconf 74' lang='lat' dir='ltr'><strong>crocus</strong></span> <span class='ocrx_word' id='word_1_914' title='bbox 2133 5574 2464 5629; x_wconf 81' lang='lat' dir='ltr'><strong>nasceretur?</strong></span> <span class='ocrx_word' id='word_1_915' title='bbox 2493 5572 2766 5628; x_wconf 78' lang='lat' dir='ltr'><strong>[iubebant</strong></span> <span class='ocrx_word' id='word_1_916' title='bbox 2795 5574 2934 5627; x_wconf 89' lang='lat' dir='ltr'><strong>enim</strong></span> <span class='ocrx_word' id='word_1_917' title='bbox 2968 5583 3240 5643; x_wconf 87' lang='lat' dir='ltr'><strong>peccatum</strong></span> <span class='ocrx_word' id='word_1_918' title='bbox 3275 5584 3524 5644; x_wconf 80' lang='lat' dir='ltr'><strong>parentes</strong></span> 
     </span>
    </p>
   </div>
   <div class='ocr_carea' id='block_1_121' title="bbox 2008 5705 3525 5774">
    <p class='ocr_par' dir='ltr' id='par_1_121' title="bbox 2008 5705 3525 5774">
     <span class='ocr_line' id='line_1_121' title="bbox 2008 5705 3525 5774; baseline 0.014 -29"><span class='ocrx_word' id='word_1_919' title='bbox 2008 5714 2023 5745; x_wconf 87' lang='grc' dir='ltr'><strong>ι</strong></span> <span class='ocrx_word' id='word_1_920' title='bbox 2049 5718 2098 5774; x_wconf 78' lang='grc' dir='ltr'>ιη</span> <span class='ocrx_word' id='word_1_921' title='bbox 2120 5709 2368 5774; x_wconf 68' lang='lat' dir='ltr'><strong>plerisque</strong></span> <span class='ocrx_word' id='word_1_922' title='bbox 2394 5717 2519 5769; x_wconf 60' lang='lat' dir='ltr'><strong>uss,</strong></span> <span class='ocrx_word' id='word_1_923' title='bbox 2543 5708 2683 5774; x_wconf 71' lang='lat' dir='ltr'><strong>aliter</strong></span> <span class='ocrx_word' id='word_1_924' title='bbox 2716 5712 2855 5774; x_wconf 71' lang='lat' dir='ltr'><strong>atque</strong></span> <span class='ocrx_word' id='word_1_925' title='bbox 2878 5706 3020 5774; x_wconf 71' lang='lat' dir='ltr'><strong>aliter</strong></span> <span class='ocrx_word' id='word_1_926' title='bbox 3050 5705 3174 5772; x_wconf 73' lang='lat' dir='ltr'><strong>ratio</strong></span> <span class='ocrx_word' id='word_1_927' title='bbox 3208 5707 3329 5761; x_wconf 69' lang='lat' dir='ltr'><strong>(arui</strong></span> <span class='ocrx_word' id='word_1_928' title='bbox 3354 5723 3525 5766; x_wconf 80' lang='lat' dir='ltr'><strong>sacra-</strong></span> 
     </span>
    </p>
   </div>
   <div class='ocr_carea' id='block_1_122' title="bbox 1943 5767 3003 5841">
    <p class='ocr_par' dir='ltr' id='par_1_122' title="bbox 1943 5767 3003 5841">
     <span class='ocr_line' id='line_1_122' title="bbox 1943 5767 3003 5841; baseline -0.008 -17"><span class='ocrx_word' id='word_1_929' title='bbox 1943 5773 2097 5841; x_wconf 69' lang='lat' dir='ltr'><strong>menti</strong></span> <span class='ocrx_word' id='word_1_930' title='bbox 2115 5767 2303 5836; x_wconf 71' lang='lat' dir='ltr'><strong>exponi</strong></span> <span class='ocrx_word' id='word_1_931' title='bbox 2311 5779 2356 5823; x_wconf 84' lang='lat' dir='ltr'><strong>et</strong></span> <span class='ocrx_word' id='word_1_932' title='bbox 2379 5767 3003 5841; x_wconf 56' lang='lat' dir='ltr'><strong>pertractariprofimditus.</strong></span> 
     </span>
    </p>
   </div>
   <div class='ocr_carea' id='block_1_123' title="bbox 2014 5828 3104 5901">
    <p class='ocr_par' dir='ltr' id='par_1_123' title="bbox 2014 5828 3104 5901">
     <span class='ocr_line' id='line_1_123' title="bbox 2014 5828 3104 5901; baseline 0.008 -27"><span class='ocrx_word' id='word_1_933' title='bbox 2014 5837 2037 5874; x_wconf 68' lang='grc' dir='ltr'><strong>ι</strong></span> <span class='ocrx_word' id='word_1_934' title='bbox 2058 5838 2129 5901; x_wconf 57' lang='grc' dir='ltr'><strong>δίο</strong></span> <span class='ocrx_word' id='word_1_935' title='bbox 2148 5828 2318 5889; x_wconf 71' lang='lat' dir='ltr'><strong>omnes</strong></span> <span class='ocrx_word' id='word_1_936' title='bbox 2339 5828 2488 5897; x_wconf 66' lang='lat' dir='ltr'><strong>prope</strong></span> <span class='ocrx_word' id='word_1_937' title='bbox 2505 5839 2609 5880; x_wconf 76' lang='lat' dir='ltr'><strong>Mss.</strong></span> <span class='ocrx_word' id='word_1_938' title='bbox 2636 5828 2698 5879; x_wconf 73' lang='grc' dir='ltr'><strong>Δι’</strong></span> <span class='ocrx_word' id='word_1_939' title='bbox 2713 5828 2844 5897; x_wconf 78' lang='lat' dir='ltr'><strong>editi,</strong></span> <span class='ocrx_word' id='word_1_940' title='bbox 2869 5828 3104 5895; x_wconf 80' lang='lat' dir='ltr'><strong>vigilabat.</strong></span> 
     </span>
    </p>
   </div>
  </div>
