  <div class='ocr_page' id='page_1' title='image "/cluster/home/n/w/nwhite01/storage/ocr_20150623/35/uva.x000827104/211.png"; bbox 0 0 3926 6370; ppageno 0'>
   <div class='ocr_carea' id='block_1_1' title="bbox 523 403 663 464">
    <p class='ocr_par' dir='ltr' id='par_1_1' title="bbox 523 403 663 464">
     <span class='ocr_line' id='line_1_1' title="bbox 523 403 663 464; baseline -0.029 0"><span class='ocrx_word' id='word_1_1' title='bbox 523 403 663 464; x_wconf 70' lang='grc'><strong>1719</strong></span> 
     </span>
    </p>
   </div>
   <div class='ocr_carea' id='block_1_2' title="bbox 523 492 2118 584">
    <p class='ocr_par' dir='ltr' id='par_1_2' title="bbox 523 492 2118 584">
     <span class='ocr_line' id='line_1_2' title="bbox 523 492 2118 584; baseline -0.021 -7"><span class='ocrx_word' id='word_1_2' title='bbox 523 521 720 578; x_wconf 82' lang='lat' dir='ltr'><strong>Filium</strong></span> <span class='ocrx_word' id='word_1_3' title='bbox 751 515 846 572; x_wconf 87' lang='lat' dir='ltr'><strong>Dei</strong></span> <span class='ocrx_word' id='word_1_4' title='bbox 871 513 958 584; x_wconf 89' lang='lat' dir='ltr'><strong>qui</strong></span> <span class='ocrx_word' id='word_1_5' title='bbox 989 525 1204 568; x_wconf 86' lang='lat' dir='ltr'><strong>carnem</strong></span> <span class='ocrx_word' id='word_1_6' title='bbox 1238 513 1549 575; x_wconf 73' lang='lat' dir='ltr'><strong>smecperat</strong></span> <span class='ocrx_word' id='word_1_7' title='bbox 1573 545 1588 568; x_wconf 86' lang='lat'><strong>,</strong></span> <span class='ocrx_word' id='word_1_8' title='bbox 1622 503 1691 555; x_wconf 91' lang='lat' dir='ltr'><strong>ait</strong></span> <span class='ocrx_word' id='word_1_9' title='bbox 1725 496 1927 555; x_wconf 83' lang='lat' dir='ltr'><strong>:Credo</strong></span> <span class='ocrx_word' id='word_1_10' title='bbox 1958 538 1971 558; x_wconf 88' lang='lat'><strong>,</strong></span> <span class='ocrx_word' id='word_1_11' title='bbox 2010 492 2118 546; x_wconf 88' lang='lat' dir='ltr'><strong>Do-</strong></span> 
     </span>
    </p>
   </div>
   <div class='ocr_carea' id='block_1_3' title="bbox 524 585 2123 668">
    <p class='ocr_par' dir='ltr' id='par_1_3' title="bbox 524 585 2123 668">
     <span class='ocr_line' id='line_1_3' title="bbox 524 585 2123 668; baseline -0.018 -1"><span class='ocrx_word' id='word_1_12' title='bbox 524 615 680 668; x_wconf 83' lang='lat' dir='ltr'><strong>mine.</strong></span> <span class='ocrx_word' id='word_1_13' title='bbox 713 611 900 663; x_wconf 82' lang='lat' dir='ltr'><strong>Parum</strong></span> <span class='ocrx_word' id='word_1_14' title='bbox 941 615 1020 660; x_wconf 78' lang='lat' dir='ltr'><strong>est</strong></span> <span class='ocrx_word' id='word_1_15' title='bbox 1045 644 1060 668; x_wconf 87' lang='lat'><strong>.</strong></span> <span class='ocrx_word' id='word_1_16' title='bbox 1093 601 1290 664; x_wconf 81' lang='lat' dir='ltr'><strong>Credo;</strong></span> <span class='ocrx_word' id='word_1_17' title='bbox 1321 600 1401 653; x_wconf 89' lang='lat' dir='ltr'><strong>vis</strong></span> <span class='ocrx_word' id='word_1_18' title='bbox 1443 597 1623 652; x_wconf 81' lang='lat' dir='ltr'><strong>videre</strong></span> <span class='ocrx_word' id='word_1_19' title='bbox 1662 593 1874 664; x_wconf 87' lang='lat' dir='ltr'><strong>qualem</strong></span> <span class='ocrx_word' id='word_1_20' title='bbox 1906 585 2123 643; x_wconf 87' lang='lat' dir='ltr'><strong>credat?</strong></span> 
     </span>
    </p>
   </div>
   <div class='ocr_carea' id='block_1_4' title="bbox 525 699 1492 767">
    <p class='ocr_par' dir='ltr' id='par_1_4' title="bbox 525 699 1492 767">
     <span class='ocr_line' id='line_1_4' title="bbox 525 699 1492 767; baseline -0.018 -5"><span class='ocrx_word' id='word_1_21' title='bbox 525 705 810 762; x_wconf 81' lang='lat' dir='ltr'><strong>Procidens</strong></span> <span class='ocrx_word' id='word_1_22' title='bbox 831 699 1060 754; x_wconf 81' lang='lat' dir='ltr'><strong>adoravit</strong></span> <span class='ocrx_word' id='word_1_23' title='bbox 1088 713 1222 750; x_wconf 90' lang='lat' dir='ltr'><strong>eum.</strong></span> <span class='ocrx_word' id='word_1_24' title='bbox 1323 745 1326 748; x_wconf 83' lang='lat'><strong>.</strong></span> <span class='ocrx_word' id='word_1_25' title='bbox 1489 763 1492 767; x_wconf 21' lang='lat'><strong><em>‘</em></strong></span> 
     </span>
    </p>
   </div>
   <div class='ocr_carea' id='block_1_5' title="bbox 603 773 2120 853">
    <p class='ocr_par' dir='ltr' id='par_1_5' title="bbox 603 773 2120 853">
     <span class='ocr_line' id='line_1_5' title="bbox 603 773 2120 853; baseline -0.019 0"><span class='ocrx_word' id='word_1_26' title='bbox 603 798 690 853; x_wconf 82' lang='grc'><strong>16.</strong></span> <span class='ocrx_word' id='word_1_27' title='bbox 736 793 797 848; x_wconf 77' lang='lat' dir='ltr'><strong>Et</strong></span> <span class='ocrx_word' id='word_1_28' title='bbox 819 793 944 846; x_wconf 75' lang='lat' dir='ltr'><strong>dixit</strong></span> <span class='ocrx_word' id='word_1_29' title='bbox 968 791 1011 843; x_wconf 88' lang='lat' dir='ltr'><strong>ei</strong></span> <span class='ocrx_word' id='word_1_30' title='bbox 1033 788 1202 842; x_wconf 73' lang='lat' dir='ltr'><strong>Iesus.</strong></span> <span class='ocrx_word' id='word_1_31' title='bbox 1231 783 1387 840; x_wconf 76' lang='lat' dir='ltr'><strong>Modo</strong></span> <span class='ocrx_word' id='word_1_32' title='bbox 1414 782 1527 837; x_wconf 69' lang='lat' dir='ltr'><strong>dies</strong></span> <span class='ocrx_word' id='word_1_33' title='bbox 1556 780 1644 834; x_wconf 91' lang='lat' dir='ltr'><strong>ille</strong></span> <span class='ocrx_word' id='word_1_34' title='bbox 1665 786 1766 840; x_wconf 84' lang='lat' dir='ltr'><strong>est,</strong></span> <span class='ocrx_word' id='word_1_35' title='bbox 1787 776 1924 850; x_wconf 81' lang='lat' dir='ltr'><strong>inter</strong></span> <span class='ocrx_word' id='word_1_36' title='bbox 1950 773 2120 826; x_wconf 85' lang='lat' dir='ltr'><strong>lucem</strong></span> 
     </span>
    </p>
   </div>
   <div class='ocr_carea' id='block_1_6' title="bbox 523 868 2125 950">
    <p class='ocr_par' dir='ltr' id='par_1_6' title="bbox 523 868 2125 950">
     <span class='ocr_line' id='line_1_6' title="bbox 523 868 2125 950; baseline -0.017 -10"><span class='ocrx_word' id='word_1_37' title='bbox 523 900 577 943; x_wconf 81' lang='lat' dir='ltr'><strong>et</strong></span> <span class='ocrx_word' id='word_1_38' title='bbox 609 888 859 944; x_wconf 84' lang='lat' dir='ltr'><strong>tenebras</strong></span> <span class='ocrx_word' id='word_1_39' title='bbox 887 884 1214 936; x_wconf 68' lang='lat' dir='ltr'><strong>discernens.</strong></span> <span class='ocrx_word' id='word_1_40' title='bbox 1263 874 1285 928; x_wconf 91' lang='grc' dir='ltr'><strong><em>Ι</em></strong></span> <span class='ocrx_word' id='word_1_41' title='bbox 1296 893 1326 927; x_wconf 89' lang='lat' dir='ltr'><strong>n</strong></span> <span class='ocrx_word' id='word_1_42' title='bbox 1346 873 1597 950; x_wconf 81' lang='lat' dir='ltr'><strong>judicium</strong></span> <span class='ocrx_word' id='word_1_43' title='bbox 1625 887 1715 942; x_wconf 78' lang='lat' dir='ltr'><strong>ego</strong></span> <span class='ocrx_word' id='word_1_44' title='bbox 1743 869 1794 920; x_wconf 87' lang='lat' dir='ltr'><strong>in</strong></span> <span class='ocrx_word' id='word_1_45' title='bbox 1822 868 1954 918; x_wconf 88' lang='lat' dir='ltr'><strong>lmnc</strong></span> <span class='ocrx_word' id='word_1_46' title='bbox 1980 878 2125 914; x_wconf 85' lang='lat' dir='ltr'><strong>nunt-</strong></span> 
     </span>
    </p>
   </div>
   <div class='ocr_carea' id='block_1_7' title="bbox 530 947 2122 1044">
    <p class='ocr_par' dir='ltr' id='par_1_7' title="bbox 530 947 2122 1044">
     <span class='ocr_line' id='line_1_7' title="bbox 530 947 2122 1044; baseline -0.02 -8"><span class='ocrx_word' id='word_1_47' title='bbox 530 982 652 1036; x_wconf 84' lang='lat' dir='ltr'><strong>dunt</strong></span> <span class='ocrx_word' id='word_1_48' title='bbox 701 979 829 1040; x_wconf 77' lang='lat' dir='ltr'><strong>veni,</strong></span> <span class='ocrx_word' id='word_1_49' title='bbox 851 986 904 1032; x_wconf 87' lang='lat' dir='ltr'><strong>ut</strong></span> <span class='ocrx_word' id='word_1_50' title='bbox 949 974 1161 1044; x_wconf 84' lang='lat' dir='ltr'><strong>quinan</strong></span> <span class='ocrx_word' id='word_1_51' title='bbox 1209 968 1416 1042; x_wconf 81' lang='lat' dir='ltr'><strong>vident,</strong></span> <span class='ocrx_word' id='word_1_52' title='bbox 1449 965 1684 1032; x_wconf 73' lang='lat' dir='ltr'><strong>rideant;</strong></span> <span class='ocrx_word' id='word_1_53' title='bbox 1723 971 1768 1014; x_wconf 85' lang='lat' dir='ltr'><strong>et</strong></span> <span class='ocrx_word' id='word_1_54' title='bbox 1812 947 1903 1030; x_wconf 83' lang='lat' dir='ltr'><strong>qui</strong></span> <span class='ocrx_word' id='word_1_55' title='bbox 1934 955 2122 1017; x_wconf 83' lang='lat' dir='ltr'><strong>vident,</strong></span> 
     </span>
    </p>
   </div>
   <div class='ocr_carea' id='block_1_8' title="bbox 530 1051 2188 1139">
    <p class='ocr_par' dir='ltr' id='par_1_8' title="bbox 530 1051 2188 1139">
     <span class='ocr_line' id='line_1_8' title="bbox 530 1051 2188 1139; baseline -0.016 -14"><span class='ocrx_word' id='word_1_56' title='bbox 530 1074 650 1128; x_wconf 79' lang='lat' dir='ltr'><strong>cteci</strong></span> <span class='ocrx_word' id='word_1_57' title='bbox 668 1072 811 1139; x_wconf 80' lang='lat' dir='ltr'><strong>ﬁant.</strong></span> <span class='ocrx_word' id='word_1_58' title='bbox 837 1069 970 1135; x_wconf 89' lang='lat' dir='ltr'><strong>Quid</strong></span> <span class='ocrx_word' id='word_1_59' title='bbox 993 1076 1074 1122; x_wconf 86' lang='lat' dir='ltr'><strong>cst</strong></span> <span class='ocrx_word' id='word_1_60' title='bbox 1091 1065 1212 1128; x_wconf 88' lang='lat' dir='ltr'><strong>hoc,</strong></span> <span class='ocrx_word' id='word_1_61' title='bbox 1238 1059 1496 1132; x_wconf 79' lang='lat' dir='ltr'><strong>Domine?</strong></span> <span class='ocrx_word' id='word_1_62' title='bbox 1519 1057 1757 1126; x_wconf 79' lang='lat' dir='ltr'><strong>Magnam</strong></span> <span class='ocrx_word' id='word_1_63' title='bbox 1775 1051 2124 1122; x_wconf 79' lang='lat' dir='ltr'><strong>tpncstionem</strong></span> <span class='ocrx_word' id='word_1_64' title='bbox 2185 1116 2188 1118; x_wconf 11' lang='grc' dir='ltr'>γ</span> 
     </span>
    </p>
   </div>
   <div class='ocr_carea' id='block_1_9' title="bbox 535 1133 2126 1224">
    <p class='ocr_par' dir='ltr' id='par_1_9' title="bbox 535 1142 2126 1224">
     <span class='ocr_line' id='line_1_9' title="bbox 535 1142 2126 1224; baseline -0.018 -4"><span class='ocrx_word' id='word_1_65' title='bbox 535 1165 689 1220; x_wconf 69' lang='lat' dir='ltr'><strong>fessis</strong></span> <span class='ocrx_word' id='word_1_66' title='bbox 722 1160 940 1216; x_wconf 79' lang='lat' dir='ltr'><strong>intulisti</strong></span> <span class='ocrx_word' id='word_1_67' title='bbox 974 1178 986 1213; x_wconf 95' lang='lat'>:</span> <span class='ocrx_word' id='word_1_68' title='bbox 1017 1157 1110 1210; x_wconf 87' lang='lat' dir='ltr'><strong>sed</strong></span> <span class='ocrx_word' id='word_1_69' title='bbox 1151 1156 1300 1224; x_wconf 73' lang='lat' dir='ltr'><strong>erige</strong></span> <span class='ocrx_word' id='word_1_70' title='bbox 1327 1154 1463 1206; x_wconf 86' lang='lat' dir='ltr'><strong>vires</strong></span> <span class='ocrx_word' id='word_1_71' title='bbox 1509 1159 1739 1209; x_wconf 54' lang='lat' dir='ltr'><strong>nostra4,</strong></span> <span class='ocrx_word' id='word_1_72' title='bbox 1765 1156 1820 1198; x_wconf 98' lang='grc' dir='ltr'><strong>ιιι</strong></span> <span class='ocrx_word' id='word_1_73' title='bbox 1860 1142 2126 1212; x_wconf 87' lang='lat' dir='ltr'><strong>possimus</strong></span> 
     </span>
    </p>
   </div>
   <div class='ocr_carea' id='block_1_10' title="bbox 536 1231 2125 1322">
    <p class='ocr_par' dir='ltr' id='par_1_10' title="bbox 536 1231 2125 1322">
     <span class='ocr_line' id='line_1_10' title="bbox 536 1231 2125 1322; baseline -0.018 -10"><span class='ocrx_word' id='word_1_74' title='bbox 536 1255 832 1322; x_wconf 74' lang='lat' dir='ltr'><strong>intelligere</strong></span> <span class='ocrx_word' id='word_1_75' title='bbox 863 1249 1005 1320; x_wconf 86' lang='lat' dir='ltr'><strong>quod</strong></span> <span class='ocrx_word' id='word_1_76' title='bbox 1037 1247 1241 1302; x_wconf 62' lang='lat' dir='ltr'><strong>dixisti.</strong></span> <span class='ocrx_word' id='word_1_77' title='bbox 1277 1241 1479 1296; x_wconf 83' lang='lat' dir='ltr'><strong>Venisti</strong></span> <span class='ocrx_word' id='word_1_78' title='bbox 1511 1250 1566 1293; x_wconf 89' lang='lat' dir='ltr'><strong>ut</strong></span> <span class='ocrx_word' id='word_1_79' title='bbox 1596 1240 1679 1310; x_wconf 91' lang='lat' dir='ltr'><strong>qui</strong></span> <span class='ocrx_word' id='word_1_80' title='bbox 1707 1253 1804 1290; x_wconf 89' lang='lat' dir='ltr'><strong>non</strong></span> <span class='ocrx_word' id='word_1_81' title='bbox 1834 1235 2024 1296; x_wconf 88' lang='lat' dir='ltr'><strong>rident,</strong></span> <span class='ocrx_word' id='word_1_82' title='bbox 2050 1231 2125 1284; x_wconf 86' lang='lat' dir='ltr'><strong>ri-</strong></span> 
     </span>
    </p>
   </div>
   <div class='ocr_carea' id='block_1_11' title="bbox 536 1326 2126 1410">
    <p class='ocr_par' dir='ltr' id='par_1_11' title="bbox 536 1326 2126 1410">
     <span class='ocr_line' id='line_1_11' title="bbox 536 1326 2126 1410; baseline -0.018 -7"><span class='ocrx_word' id='word_1_83' title='bbox 536 1349 686 1403; x_wconf 82' lang='lat' dir='ltr'><strong>deant</strong></span> <span class='ocrx_word' id='word_1_84' title='bbox 719 1361 735 1398; x_wconf 90' lang='lat'><strong><em>:</em></strong></span> <span class='ocrx_word' id='word_1_85' title='bbox 769 1354 950 1400; x_wconf 85' lang='lat' dir='ltr'><strong>recte.</strong></span> <span class='ocrx_word' id='word_1_86' title='bbox 999 1341 1120 1410; x_wconf 89' lang='lat' dir='ltr'><strong>quia</strong></span> <span class='ocrx_word' id='word_1_87' title='bbox 1167 1338 1348 1392; x_wconf 75' lang='lat' dir='ltr'><strong>lumen</strong></span> <span class='ocrx_word' id='word_1_88' title='bbox 1377 1350 1466 1395; x_wconf 80' lang='lat' dir='ltr'><strong>es;</strong></span> <span class='ocrx_word' id='word_1_89' title='bbox 1510 1342 1654 1385; x_wconf 87' lang='lat' dir='ltr'><strong>recte</strong></span> <span class='ocrx_word' id='word_1_90' title='bbox 1677 1371 1689 1387; x_wconf 91' lang='lat'><strong>.</strong></span> <span class='ocrx_word' id='word_1_91' title='bbox 1722 1328 1845 1397; x_wconf 97' lang='lat' dir='ltr'><strong>quia</strong></span> <span class='ocrx_word' id='word_1_92' title='bbox 1877 1326 1990 1377; x_wconf 82' lang='lat' dir='ltr'><strong>dies</strong></span> <span class='ocrx_word' id='word_1_93' title='bbox 2035 1337 2126 1385; x_wconf 88' lang='lat' dir='ltr'><strong>es;</strong></span> 
     </span>
    </p>
   </div>
   <div class='ocr_carea' id='block_1_12' title="bbox 535 1422 2129 1509">
    <p class='ocr_par' dir='ltr' id='par_1_12' title="bbox 535 1422 2129 1509">
     <span class='ocr_line' id='line_1_12' title="bbox 535 1422 2129 1509; baseline -0.018 -11"><span class='ocrx_word' id='word_1_94' title='bbox 535 1451 702 1505; x_wconf 78' lang='lat' dir='ltr'><strong>recte,</strong></span> <span class='ocrx_word' id='word_1_95' title='bbox 731 1439 851 1509; x_wconf 91' lang='lat' dir='ltr'><strong>quia</strong></span> <span class='ocrx_word' id='word_1_96' title='bbox 880 1437 946 1491; x_wconf 93' lang='lat' dir='ltr'><strong>de</strong></span> <span class='ocrx_word' id='word_1_97' title='bbox 977 1433 1210 1490; x_wconf 85' lang='lat' dir='ltr'><strong>tenebris</strong></span> <span class='ocrx_word' id='word_1_98' title='bbox 1240 1431 1436 1484; x_wconf 85' lang='lat' dir='ltr'><strong>liberas</strong></span> <span class='ocrx_word' id='word_1_99' title='bbox 1466 1445 1478 1478; x_wconf 90' lang='lat'><strong>:</strong></span> <span class='ocrx_word' id='word_1_100' title='bbox 1513 1426 1613 1478; x_wconf 89' lang='lat' dir='ltr'><strong>hoc</strong></span> <span class='ocrx_word' id='word_1_101' title='bbox 1635 1422 1808 1475; x_wconf 87' lang='lat' dir='ltr'><strong>omnis</strong></span> <span class='ocrx_word' id='word_1_102' title='bbox 1835 1423 2009 1473; x_wconf 73' lang='lat' dir='ltr'><strong>aniua</strong></span> <span class='ocrx_word' id='word_1_103' title='bbox 2042 1433 2129 1470; x_wconf 86' lang='lat' dir='ltr'><strong>ac-</strong></span> 
     </span>
    </p>
   </div>
   <div class='ocr_carea' id='block_1_13' title="bbox 536 1508 2130 1605">
    <p class='ocr_par' dir='ltr' id='par_1_13' title="bbox 536 1508 2130 1605">
     <span class='ocr_line' id='line_1_13' title="bbox 536 1508 2130 1605; baseline -0.019 -13"><span class='ocrx_word' id='word_1_104' title='bbox 536 1537 683 1605; x_wconf 86' lang='lat' dir='ltr'><strong>cipit,</strong></span> <span class='ocrx_word' id='word_1_105' title='bbox 714 1508 890 1587; x_wconf 78' lang='lat' dir='ltr'><strong>ouiuis</strong></span> <span class='ocrx_word' id='word_1_106' title='bbox 920 1529 1185 1597; x_wconf 82' lang='lat' dir='ltr'><strong>intelligit.</strong></span> <span class='ocrx_word' id='word_1_107' title='bbox 1215 1523 1350 1594; x_wconf 88' lang='lat' dir='ltr'><strong>Quid</strong></span> <span class='ocrx_word' id='word_1_108' title='bbox 1379 1531 1460 1576; x_wconf 70' lang='lat' dir='ltr'><strong>est</strong></span> <span class='ocrx_word' id='word_1_109' title='bbox 1484 1521 1584 1573; x_wconf 90' lang='lat' dir='ltr'><strong>hoc</strong></span> <span class='ocrx_word' id='word_1_110' title='bbox 1606 1515 1745 1587; x_wconf 91' lang='lat' dir='ltr'><strong>quod</strong></span> <span class='ocrx_word' id='word_1_111' title='bbox 1775 1513 2034 1582; x_wconf 82' lang='lat' dir='ltr'><strong>sequitur,</strong></span> <span class='ocrx_word' id='word_1_112' title='bbox 2065 1508 2130 1562; x_wconf 82' lang='lat' dir='ltr'><strong>Et</strong></span> 
     </span>
    </p>
   </div>
   <div class='ocr_carea' id='block_1_14' title="bbox 537 1604 2131 1702">
    <p class='ocr_par' dir='ltr' id='par_1_14' title="bbox 537 1604 2131 1702">
     <span class='ocr_line' id='line_1_14' title="bbox 537 1604 2131 1702; baseline -0.018 -17"><span class='ocrx_word' id='word_1_113' title='bbox 537 1633 620 1702; x_wconf 88' lang='lat' dir='ltr'><strong>qui</strong></span> <span class='ocrx_word' id='word_1_114' title='bbox 648 1628 848 1684; x_wconf 86' lang='lat' dir='ltr'><strong>vident.</strong></span> <span class='ocrx_word' id='word_1_115' title='bbox 873 1627 992 1678; x_wconf 77' lang='grc' dir='ltr'><em>εατὶ</em></span> <span class='ocrx_word' id='word_1_116' title='bbox 1021 1621 1188 1691; x_wconf 79' lang='lat' dir='ltr'><strong>ﬁant?</strong></span> <span class='ocrx_word' id='word_1_117' title='bbox 1218 1620 1427 1687; x_wconf 68' lang='lat' dir='ltr'><strong>lirgoue</strong></span> <span class='ocrx_word' id='word_1_118' title='bbox 1456 1614 1576 1682; x_wconf 87' lang='lat' dir='ltr'><strong>quia</strong></span> <span class='ocrx_word' id='word_1_119' title='bbox 1607 1608 1816 1666; x_wconf 80' lang='lat' dir='ltr'><strong>venisti.</strong></span> <span class='ocrx_word' id='word_1_120' title='bbox 1849 1605 1974 1660; x_wconf 81' lang='lat' dir='ltr'><strong>ca-ci</strong></span> <span class='ocrx_word' id='word_1_121' title='bbox 2005 1604 2131 1656; x_wconf 81' lang='lat' dir='ltr'><strong>[ient</strong></span> 
     </span>
    </p>
   </div>
   <div class='ocr_carea' id='block_1_15' title="bbox 537 1695 2130 1794">
    <p class='ocr_par' dir='ltr' id='par_1_15' title="bbox 537 1695 2130 1794">
     <span class='ocr_line' id='line_1_15' title="bbox 537 1695 2130 1794; baseline -0.019 -15"><span class='ocrx_word' id='word_1_122' title='bbox 537 1695 626 1794; x_wconf 83' lang='lat' dir='ltr'><strong>qui</strong></span> <span class='ocrx_word' id='word_1_123' title='bbox 655 1719 940 1776; x_wconf 86' lang='lat' dir='ltr'><strong>videbant?</strong></span> <span class='ocrx_word' id='word_1_124' title='bbox 969 1717 1104 1786; x_wconf 70' lang='lat' dir='ltr'><strong>Audi</strong></span> <span class='ocrx_word' id='word_1_125' title='bbox 1147 1713 1271 1786; x_wconf 86' lang='lat' dir='ltr'><strong>quid</strong></span> <span class='ocrx_word' id='word_1_126' title='bbox 1300 1709 1559 1779; x_wconf 85' lang='lat' dir='ltr'><strong>sequitur.</strong></span> <span class='ocrx_word' id='word_1_127' title='bbox 1588 1715 1642 1759; x_wconf 89' lang='lat' dir='ltr'><strong>et</strong></span> <span class='ocrx_word' id='word_1_128' title='bbox 1685 1699 1926 1756; x_wconf 70' lang='lat' dir='ltr'><strong>fortassis</strong></span> <span class='ocrx_word' id='word_1_129' title='bbox 1971 1695 2130 1751; x_wconf 85' lang='lat' dir='ltr'><strong>intel-</strong></span> 
     </span>
    </p>
   </div>
   <div class='ocr_carea' id='block_1_16' title="bbox 540 1817 691 1887">
    <p class='ocr_par' dir='ltr' id='par_1_16' title="bbox 540 1817 691 1887">
     <span class='ocr_line' id='line_1_16' title="bbox 540 1817 691 1887; baseline -0.026 -15"><span class='ocrx_word' id='word_1_130' title='bbox 540 1817 691 1887; x_wconf 79' lang='lat' dir='ltr'><strong>ligcs.</strong></span> 
     </span>
    </p>
   </div>
   <div class='ocr_carea' id='block_1_17' title="bbox 613 1879 2128 1966">
    <p class='ocr_par' dir='ltr' id='par_1_17' title="bbox 613 1879 2128 1966">
     <span class='ocr_line' id='line_1_17' title="bbox 613 1879 2128 1966; baseline -0.02 -5"><span class='ocrx_word' id='word_1_131' title='bbox 613 1909 699 1961; x_wconf 76' lang='lat' dir='ltr'><strong>l7.</strong></span> <span class='ocrx_word' id='word_1_132' title='bbox 731 1905 997 1960; x_wconf 86' lang='lat' dir='ltr'><strong>Commoti</strong></span> <span class='ocrx_word' id='word_1_133' title='bbox 1020 1907 1145 1954; x_wconf 87' lang='lat' dir='ltr'><strong>sunt</strong></span> <span class='ocrx_word' id='word_1_134' title='bbox 1172 1911 1298 1966; x_wconf 82' lang='lat' dir='ltr'><strong>ergo</strong></span> <span class='ocrx_word' id='word_1_135' title='bbox 1324 1892 1501 1949; x_wconf 87' lang='lat' dir='ltr'><strong>verbis</strong></span> <span class='ocrx_word' id='word_1_136' title='bbox 1528 1889 1643 1945; x_wconf 86' lang='lat' dir='ltr'><strong>istis</strong></span> <span class='ocrx_word' id='word_1_137' title='bbox 1665 1885 1871 1951; x_wconf 86' lang='lat' dir='ltr'><strong>quidam</strong></span> <span class='ocrx_word' id='word_1_138' title='bbox 1898 1899 1961 1936; x_wconf 76' lang='lat' dir='ltr'><strong>ea:</strong></span> <span class='ocrx_word' id='word_1_139' title='bbox 1986 1879 2128 1934; x_wconf 76' lang='lat' dir='ltr'><strong>Plia-</strong></span> 
     </span>
    </p>
   </div>
   <div class='ocr_carea' id='block_1_18' title="bbox 540 1973 2134 2059">
    <p class='ocr_par' dir='ltr' id='par_1_18' title="bbox 540 1973 2134 2059">
     <span class='ocr_line' id='line_1_18' title="bbox 540 1973 2134 2059; baseline -0.017 -6"><span class='ocrx_word' id='word_1_140' title='bbox 540 2000 701 2054; x_wconf 79' lang='lat' dir='ltr'><strong>risteis</strong></span> <span class='ocrx_word' id='word_1_141' title='bbox 726 2040 739 2059; x_wconf 85' lang='lat'><strong>,</strong></span> <span class='ocrx_word' id='word_1_142' title='bbox 777 2007 822 2050; x_wconf 85' lang='lat' dir='ltr'><strong>ct</strong></span> <span class='ocrx_word' id='word_1_143' title='bbox 851 1995 1085 2048; x_wconf 76' lang='lat' dir='ltr'><strong>dixerunt</strong></span> <span class='ocrx_word' id='word_1_144' title='bbox 1123 1991 1166 2043; x_wconf 86' lang='lat' dir='ltr'><strong>ei</strong></span> <span class='ocrx_word' id='word_1_145' title='bbox 1198 2005 1215 2042; x_wconf 91' lang='lat'><strong><em>:</em></strong></span> <span class='ocrx_word' id='word_1_146' title='bbox 1256 1983 1516 2053; x_wconf 77' lang='lat' dir='ltr'><strong>Numquid</strong></span> <span class='ocrx_word' id='word_1_147' title='bbox 1545 1993 1592 2037; x_wconf 88' lang='lat' dir='ltr'><strong>et</strong></span> <span class='ocrx_word' id='word_1_148' title='bbox 1639 1997 1727 2034; x_wconf 91' lang='lat' dir='ltr'><strong>nos</strong></span> <span class='ocrx_word' id='word_1_149' title='bbox 1759 1977 1876 2032; x_wconf 67' lang='lat' dir='ltr'><strong>carci</strong></span> <span class='ocrx_word' id='word_1_150' title='bbox 1917 1973 2134 2028; x_wconf 88' lang='lat' dir='ltr'><strong>sumus?</strong></span> 
     </span>
    </p>
   </div>
   <div class='ocr_carea' id='block_1_19' title="bbox 542 2067 2134 2160">
    <p class='ocr_par' dir='ltr' id='par_1_19' title="bbox 542 2067 2134 2160">
     <span class='ocr_line' id='line_1_19' title="bbox 542 2067 2134 2160; baseline -0.018 -12"><span class='ocrx_word' id='word_1_151' title='bbox 542 2091 680 2148; x_wconf 78' lang='lat' dir='ltr'><strong>Audi</strong></span> <span class='ocrx_word' id='word_1_152' title='bbox 707 2091 815 2160; x_wconf 88' lang='lat' dir='ltr'><strong>jam</strong></span> <span class='ocrx_word' id='word_1_153' title='bbox 848 2086 971 2156; x_wconf 91' lang='lat' dir='ltr'><strong>quid</strong></span> <span class='ocrx_word' id='word_1_154' title='bbox 1004 2095 1086 2141; x_wconf 85' lang='lat' dir='ltr'><strong>est</strong></span> <span class='ocrx_word' id='word_1_155' title='bbox 1111 2081 1252 2152; x_wconf 89' lang='lat' dir='ltr'><strong>quod</strong></span> <span class='ocrx_word' id='word_1_156' title='bbox 1284 2079 1557 2136; x_wconf 85' lang='lat' dir='ltr'><strong>movebat.</strong></span> <span class='ocrx_word' id='word_1_157' title='bbox 1593 2074 1658 2129; x_wconf 83' lang='lat' dir='ltr'><strong>Et</strong></span> <span class='ocrx_word' id='word_1_158' title='bbox 1687 2074 1771 2144; x_wconf 87' lang='lat' dir='ltr'><strong>qui</strong></span> <span class='ocrx_word' id='word_1_159' title='bbox 1799 2072 1985 2134; x_wconf 83' lang='lat' dir='ltr'><strong>rident,</strong></span> <span class='ocrx_word' id='word_1_160' title='bbox 2013 2067 2134 2124; x_wconf 65' lang='lat' dir='ltr'><strong>carri</strong></span> 
     </span>
    </p>
   </div>
   <div class='ocr_carea' id='block_1_20' title="bbox 543 2161 2134 2254">
    <p class='ocr_par' dir='ltr' id='par_1_20' title="bbox 543 2161 2134 2254">
     <span class='ocr_line' id='line_1_20' title="bbox 543 2161 2134 2254; baseline -0.015 -19"><span class='ocrx_word' id='word_1_161' title='bbox 543 2187 690 2254; x_wconf 80' lang='lat' dir='ltr'><strong>ﬁant.</strong></span> <span class='ocrx_word' id='word_1_162' title='bbox 741 2181 877 2234; x_wconf 67' lang='lat' dir='ltr'><strong>Dixit</strong></span> <span class='ocrx_word' id='word_1_163' title='bbox 921 2179 990 2231; x_wconf 76' lang='lat' dir='ltr'><strong>tis</strong></span> <span class='ocrx_word' id='word_1_164' title='bbox 1029 2175 1178 2230; x_wconf 72' lang='lat' dir='ltr'><strong>Iesus</strong></span> <span class='ocrx_word' id='word_1_165' title='bbox 1214 2191 1230 2226; x_wconf 89' lang='lat'><strong><em>:</em></strong></span> <span class='ocrx_word' id='word_1_166' title='bbox 1273 2171 1489 2252; x_wconf 51' lang='lat' dir='ltr'><strong>Sifa&#39;ci</strong></span> <span class='ocrx_word' id='word_1_167' title='bbox 1528 2169 1730 2228; x_wconf 82' lang='lat' dir='ltr'><strong>essetis,</strong></span> <span class='ocrx_word' id='word_1_168' title='bbox 1761 2181 1858 2218; x_wconf 88' lang='lat' dir='ltr'><strong>non</strong></span> <span class='ocrx_word' id='word_1_169' title='bbox 1890 2161 2134 2216; x_wconf 74' lang='lat' dir='ltr'><strong>haberetis</strong></span> 
     </span>
    </p>
   </div>
   <div class='ocr_carea' id='block_1_21' title="bbox 542 2251 2134 2347">
    <p class='ocr_par' dir='ltr' id='par_1_21' title="bbox 542 2251 2134 2347">
     <span class='ocr_line' id='line_1_21' title="bbox 542 2251 2134 2347; baseline -0.016 -19"><span class='ocrx_word' id='word_1_170' title='bbox 542 2284 823 2347; x_wconf 83' lang='lat' dir='ltr'><strong>peccatum.</strong></span> <span class='ocrx_word' id='word_1_171' title='bbox 867 2271 996 2324; x_wconf 75' lang='grc' dir='ltr'>(ἶιιιιι</span> <span class='ocrx_word' id='word_1_172' title='bbox 1045 2267 1111 2322; x_wconf 91' lang='lat' dir='ltr'><strong>sit</strong></span> <span class='ocrx_word' id='word_1_173' title='bbox 1160 2251 1372 2319; x_wconf 62' lang='lat' dir='ltr'><strong>catt-itas</strong></span> <span class='ocrx_word' id='word_1_174' title='bbox 1418 2262 1528 2332; x_wconf 49' lang='lat' dir='ltr'><strong>ipsa</strong></span> <span class='ocrx_word' id='word_1_175' title='bbox 1573 2267 1865 2329; x_wconf 74' lang='lat' dir='ltr'><strong>peccaturo.</strong></span> <span class='ocrx_word' id='word_1_176' title='bbox 1911 2253 1970 2309; x_wconf 87' lang='lat' dir='ltr'><strong>Si</strong></span> <span class='ocrx_word' id='word_1_177' title='bbox 2014 2251 2134 2312; x_wconf 57' lang='lat' dir='ltr'><strong>carri</strong></span> 
     </span>
    </p>
   </div>
   <div class='ocr_carea' id='block_1_22' title="bbox 543 2348 2134 2426">
    <p class='ocr_par' dir='ltr' id='par_1_22' title="bbox 543 2348 2134 2426">
     <span class='ocr_line' id='line_1_22' title="bbox 543 2348 2134 2426; baseline -0.016 -5"><span class='ocrx_word' id='word_1_178' title='bbox 543 2366 736 2426; x_wconf 84' lang='lat' dir='ltr'><strong>essetis,</strong></span> <span class='ocrx_word' id='word_1_179' title='bbox 771 2363 819 2416; x_wconf 91' lang='lat' dir='ltr'><strong>id</strong></span> <span class='ocrx_word' id='word_1_180' title='bbox 851 2371 952 2417; x_wconf 83' lang='lat' dir='ltr'><strong>est.</strong></span> <span class='ocrx_word' id='word_1_181' title='bbox 983 2361 1024 2414; x_wconf 90' lang='lat' dir='ltr'><strong>si</strong></span> <span class='ocrx_word' id='word_1_182' title='bbox 1057 2373 1150 2410; x_wconf 86' lang='lat' dir='ltr'><strong>vos</strong></span> <span class='ocrx_word' id='word_1_183' title='bbox 1175 2370 1345 2410; x_wconf 71' lang='lat' dir='ltr'><strong>c.ccos</strong></span> <span class='ocrx_word' id='word_1_184' title='bbox 1371 2351 1740 2411; x_wconf 72' lang='lat' dir='ltr'><strong>atlvet&#39;let&#39;etis,</strong></span> <span class='ocrx_word' id='word_1_185' title='bbox 1771 2348 1814 2400; x_wconf 78' lang='lat' dir='ltr'><strong>si</strong></span> <span class='ocrx_word' id='word_1_186' title='bbox 1841 2361 1932 2399; x_wconf 89' lang='lat' dir='ltr'><strong>vos</strong></span> <span class='ocrx_word' id='word_1_187' title='bbox 1961 2358 2134 2397; x_wconf 67' lang='lat' dir='ltr'><strong>ezceos</strong></span> 
     </span>
    </p>
   </div>
   <div class='ocr_carea' id='block_1_23' title="bbox 543 2434 2136 2515">
    <p class='ocr_par' dir='ltr' id='par_1_23' title="bbox 543 2434 2136 2515">
     <span class='ocr_line' id='line_1_23' title="bbox 543 2434 2136 2515; baseline -0.016 -5"><span class='ocrx_word' id='word_1_188' title='bbox 543 2455 794 2510; x_wconf 78' lang='lat' dir='ltr'><strong>diceretis</strong></span> <span class='ocrx_word' id='word_1_189' title='bbox 816 2495 829 2515; x_wconf 93' lang='lat'><strong>,</strong></span> <span class='ocrx_word' id='word_1_190' title='bbox 860 2461 912 2505; x_wconf 85' lang='lat' dir='ltr'><strong>et</strong></span> <span class='ocrx_word' id='word_1_191' title='bbox 937 2451 1000 2503; x_wconf 90' lang='lat' dir='ltr'><strong>ad</strong></span> <span class='ocrx_word' id='word_1_192' title='bbox 1035 2449 1299 2503; x_wconf 88' lang='lat' dir='ltr'><strong>medicum</strong></span> <span class='ocrx_word' id='word_1_193' title='bbox 1327 2443 1653 2503; x_wconf 81' lang='lat' dir='ltr'><strong>currerctis;</strong></span> <span class='ocrx_word' id='word_1_194' title='bbox 1685 2441 1725 2496; x_wconf 80' lang='lat' dir='ltr'><strong>si</strong></span> <span class='ocrx_word' id='word_1_195' title='bbox 1757 2453 1883 2508; x_wconf 76' lang='lat' dir='ltr'><strong>ergo</strong></span> <span class='ocrx_word' id='word_1_196' title='bbox 1915 2438 1982 2489; x_wconf 88' lang='lat' dir='ltr'><strong>ita</strong></span> <span class='ocrx_word' id='word_1_197' title='bbox 2013 2434 2136 2489; x_wconf 72' lang='lat' dir='ltr'><strong>cruci</strong></span> 
     </span>
    </p>
   </div>
   <div class='ocr_carea' id='block_1_24' title="bbox 543 2527 2134 2609">
    <p class='ocr_par' dir='ltr' id='par_1_24' title="bbox 543 2527 2134 2609">
     <span class='ocr_line' id='line_1_24' title="bbox 543 2527 2134 2609; baseline -0.014 -7"><span class='ocrx_word' id='word_1_198' title='bbox 543 2547 739 2609; x_wconf 77' lang='lat' dir='ltr'><strong>essetis,</strong></span> <span class='ocrx_word' id='word_1_199' title='bbox 773 2561 870 2597; x_wconf 86' lang='lat' dir='ltr'><strong>non</strong></span> <span class='ocrx_word' id='word_1_200' title='bbox 894 2542 1138 2595; x_wconf 79' lang='lat' dir='ltr'><strong>haberetis</strong></span> <span class='ocrx_word' id='word_1_201' title='bbox 1167 2547 1422 2607; x_wconf 79' lang='lat' dir='ltr'><strong>pecratum</strong></span> <span class='ocrx_word' id='word_1_202' title='bbox 1452 2550 1470 2590; x_wconf 90' lang='lat'><strong><em>:</em></strong></span> <span class='ocrx_word' id='word_1_203' title='bbox 1495 2534 1615 2603; x_wconf 89' lang='lat' dir='ltr'><strong>quia</strong></span> <span class='ocrx_word' id='word_1_204' title='bbox 1649 2533 1764 2586; x_wconf 88' lang='lat' dir='ltr'><strong>vcni</strong></span> <span class='ocrx_word' id='word_1_205' title='bbox 1794 2546 1894 2601; x_wconf 82' lang='lat' dir='ltr'><strong>ego</strong></span> <span class='ocrx_word' id='word_1_206' title='bbox 1920 2527 2134 2582; x_wconf 75' lang='lat' dir='ltr'><strong>auferre</strong></span> 
     </span>
    </p>
   </div>
   <div class='ocr_carea' id='block_1_25' title="bbox 542 2626 2135 2711">
    <p class='ocr_par' dir='ltr' id='par_1_25' title="bbox 542 2626 2135 2711">
     <span class='ocr_line' id='line_1_25' title="bbox 542 2626 2135 2711; baseline -0.015 -18"><span class='ocrx_word' id='word_1_207' title='bbox 542 2649 842 2711; x_wconf 82' lang='lat' dir='ltr'><strong>peccatum.</strong></span> <span class='ocrx_word' id='word_1_208' title='bbox 883 2633 1031 2687; x_wconf 77' lang='lat' dir='ltr'><strong>Nunc</strong></span> <span class='ocrx_word' id='word_1_209' title='bbox 1060 2649 1174 2686; x_wconf 82' lang='lat' dir='ltr'><strong>rem</strong></span> <span class='ocrx_word' id='word_1_210' title='bbox 1203 2630 1388 2689; x_wconf 82' lang='lat' dir='ltr'><strong>dicitis,</strong></span> <span class='ocrx_word' id='word_1_211' title='bbox 1421 2627 1551 2693; x_wconf 81' lang='lat' dir='ltr'><strong>Quia</strong></span> <span class='ocrx_word' id='word_1_212' title='bbox 1581 2626 1801 2680; x_wconf 79' lang='lat' dir='ltr'><strong>videmus</strong></span> <span class='ocrx_word' id='word_1_213' title='bbox 1835 2639 1851 2675; x_wconf 90' lang='lat'><strong><em>:</em></strong></span> <span class='ocrx_word' id='word_1_214' title='bbox 1878 2629 2135 2690; x_wconf 84' lang='lat' dir='ltr'><strong>peccatum</strong></span> 
     </span>
    </p>
   </div>
   <div class='ocr_carea' id='block_1_26' title="bbox 544 2714 2136 2794">
    <p class='ocr_par' dir='ltr' id='par_1_26' title="bbox 544 2714 2136 2794">
     <span class='ocr_line' id='line_1_26' title="bbox 544 2714 2136 2794; baseline -0.013 -10"><span class='ocrx_word' id='word_1_215' title='bbox 544 2743 761 2786; x_wconf 79' lang='lat' dir='ltr'><strong>vestrum</strong></span> <span class='ocrx_word' id='word_1_216' title='bbox 791 2736 973 2781; x_wconf 85' lang='lat' dir='ltr'><strong>manet.</strong></span> <span class='ocrx_word' id='word_1_217' title='bbox 1005 2723 1211 2792; x_wconf 81' lang='lat' dir='ltr'><strong>Quare?</strong></span> <span class='ocrx_word' id='word_1_218' title='bbox 1237 2722 1372 2789; x_wconf 83' lang='lat' dir='ltr'><strong>Quia</strong></span> <span class='ocrx_word' id='word_1_219' title='bbox 1414 2717 1674 2779; x_wconf 91' lang='lat' dir='ltr'><strong>dicendo,</strong></span> <span class='ocrx_word' id='word_1_220' title='bbox 1719 2714 1953 2794; x_wconf 65' lang='lat' dir='ltr'><strong>Hilernus</strong></span> <span class='ocrx_word' id='word_1_221' title='bbox 1977 2753 1990 2775; x_wconf 89' lang='lat'><strong>,</strong></span> <span class='ocrx_word' id='word_1_222' title='bbox 2021 2725 2136 2764; x_wconf 81' lang='lat' dir='ltr'><strong>nte-</strong></span> 
     </span>
    </p>
   </div>
   <div class='ocr_carea' id='block_1_27' title="bbox 547 2804 2136 2887">
    <p class='ocr_par' dir='ltr' id='par_1_27' title="bbox 547 2804 2136 2887">
     <span class='ocr_line' id='line_1_27' title="bbox 547 2804 2136 2887; baseline -0.012 -11"><span class='ocrx_word' id='word_1_223' title='bbox 547 2822 724 2876; x_wconf 91' lang='lat' dir='ltr'><strong>dicum</strong></span> <span class='ocrx_word' id='word_1_224' title='bbox 754 2838 857 2873; x_wconf 87' lang='lat' dir='ltr'><strong>non</strong></span> <span class='ocrx_word' id='word_1_225' title='bbox 879 2817 1137 2887; x_wconf 71' lang='lat' dir='ltr'><strong>quarri:is,</strong></span> <span class='ocrx_word' id='word_1_226' title='bbox 1163 2817 1211 2868; x_wconf 90' lang='lat' dir='ltr'><strong>in</strong></span> <span class='ocrx_word' id='word_1_227' title='bbox 1235 2813 1472 2870; x_wconf 59' lang='lat' dir='ltr'><strong>excitate</strong></span> <span class='ocrx_word' id='word_1_228' title='bbox 1495 2821 1669 2862; x_wconf 65' lang='lat' dir='ltr'><strong>vostra</strong></span> <span class='ocrx_word' id='word_1_229' title='bbox 1696 2807 1999 2860; x_wconf 83' lang='lat' dir='ltr'><strong>remaaetis.</strong></span> <span class='ocrx_word' id='word_1_230' title='bbox 2028 2804 2136 2858; x_wconf 84' lang='lat' dir='ltr'><strong>lloc</strong></span> 
     </span>
    </p>
   </div>
   <div class='ocr_carea' id='block_1_28' title="bbox 547 2896 2137 2982">
    <p class='ocr_par' dir='ltr' id='par_1_28' title="bbox 547 2896 2137 2982">
     <span class='ocr_line' id='line_1_28' title="bbox 547 2896 2137 2982; baseline -0.014 -12"><span class='ocrx_word' id='word_1_231' title='bbox 547 2924 630 2970; x_wconf 82' lang='lat' dir='ltr'><strong>est</strong></span> <span class='ocrx_word' id='word_1_232' title='bbox 649 2929 776 2982; x_wconf 76' lang='lat' dir='ltr'><strong>ergo</strong></span> <span class='ocrx_word' id='word_1_233' title='bbox 791 2911 930 2980; x_wconf 89' lang='lat' dir='ltr'><strong>quod</strong></span> <span class='ocrx_word' id='word_1_234' title='bbox 957 2910 1110 2978; x_wconf 88' lang='lat' dir='ltr'><strong>paulo</strong></span> <span class='ocrx_word' id='word_1_235' title='bbox 1135 2915 1257 2960; x_wconf 81' lang='lat' dir='ltr'><strong>ante</strong></span> <span class='ocrx_word' id='word_1_236' title='bbox 1289 2920 1395 2968; x_wconf 82' lang='lat' dir='ltr'><strong>non</strong></span> <span class='ocrx_word' id='word_1_237' title='bbox 1425 2902 1854 2956; x_wconf 73' lang='lat' dir='ltr'><strong>intellexeraznus</strong></span> <span class='ocrx_word' id='word_1_238' title='bbox 1880 2896 2020 2966; x_wconf 91' lang='lat' dir='ltr'><strong>quod</strong></span> <span class='ocrx_word' id='word_1_239' title='bbox 2043 2897 2137 2958; x_wconf 82' lang='lat' dir='ltr'><strong>ait,</strong></span> 
     </span>
    </p>
   </div>
   <div class='ocr_carea' id='block_1_29' title="bbox 549 2989 2142 3077">
    <p class='ocr_par' dir='ltr' id='par_1_29' title="bbox 549 2989 2142 3077">
     <span class='ocr_line' id='line_1_29' title="bbox 549 2989 2142 3077; baseline -0.011 -18"><span class='ocrx_word' id='word_1_240' title='bbox 549 3004 663 3077; x_wconf 83' lang='lat' dir='ltr'><strong>Ego</strong></span> <span class='ocrx_word' id='word_1_241' title='bbox 691 3004 800 3056; x_wconf 80' lang='lat' dir='ltr'><strong>vmi</strong></span> <span class='ocrx_word' id='word_1_242' title='bbox 823 3043 837 3067; x_wconf 88' lang='lat'><strong>,</strong></span> <span class='ocrx_word' id='word_1_243' title='bbox 863 3013 914 3055; x_wconf 90' lang='lat' dir='ltr'><strong>ut</strong></span> <span class='ocrx_word' id='word_1_244' title='bbox 941 3001 1024 3070; x_wconf 87' lang='lat' dir='ltr'><strong>qui</strong></span> <span class='ocrx_word' id='word_1_245' title='bbox 1052 3015 1149 3052; x_wconf 79' lang='lat' dir='ltr'><strong>non</strong></span> <span class='ocrx_word' id='word_1_246' title='bbox 1180 2997 1376 3059; x_wconf 80' lang='lat' dir='ltr'><strong>rident,</strong></span> <span class='ocrx_word' id='word_1_247' title='bbox 1396 2993 1593 3048; x_wconf 87' lang='lat' dir='ltr'><strong>videant</strong></span> <span class='ocrx_word' id='word_1_248' title='bbox 1627 3007 1644 3046; x_wconf 91' lang='lat'><strong><em>:</em></strong></span> <span class='ocrx_word' id='word_1_249' title='bbox 1673 2991 1796 3061; x_wconf 90' lang='lat' dir='ltr'><strong>quid</strong></span> <span class='ocrx_word' id='word_1_250' title='bbox 1817 2999 1905 3062; x_wconf 63' lang='grc' dir='ltr'>ρει</span> <span class='ocrx_word' id='word_1_251' title='bbox 1928 3031 1942 3052; x_wconf 89' lang='grc'><em>,</em></span> <span class='ocrx_word' id='word_1_252' title='bbox 1975 3000 2028 3041; x_wconf 87' lang='lat' dir='ltr'><strong>ut</strong></span> <span class='ocrx_word' id='word_1_253' title='bbox 2057 2989 2142 3058; x_wconf 85' lang='lat' dir='ltr'><strong>qui</strong></span> 
     </span>
    </p>
   </div>
   <div class='ocr_carea' id='block_1_30' title="bbox 550 3086 2144 3159">
    <p class='ocr_par' dir='ltr' id='par_1_30' title="bbox 550 3086 2144 3159">
     <span class='ocr_line' id='line_1_30' title="bbox 550 3086 2144 3159; baseline -0.011 -5"><span class='ocrx_word' id='word_1_254' title='bbox 550 3115 653 3154; x_wconf 81' lang='lat' dir='ltr'><strong>non</strong></span> <span class='ocrx_word' id='word_1_255' title='bbox 679 3096 867 3159; x_wconf 81' lang='lat' dir='ltr'><strong>vident,</strong></span> <span class='ocrx_word' id='word_1_256' title='bbox 897 3094 1136 3147; x_wconf 84' lang='lat' dir='ltr'><strong>rideant?</strong></span> <span class='ocrx_word' id='word_1_257' title='bbox 1161 3090 1263 3158; x_wconf 87' lang='lat' dir='ltr'><strong>Qui</strong></span> <span class='ocrx_word' id='word_1_258' title='bbox 1293 3105 1350 3144; x_wconf 89' lang='lat' dir='ltr'><strong>se</strong></span> <span class='ocrx_word' id='word_1_259' title='bbox 1382 3104 1486 3144; x_wconf 91' lang='lat' dir='ltr'><strong>non</strong></span> <span class='ocrx_word' id='word_1_260' title='bbox 1517 3086 1694 3140; x_wconf 83' lang='lat' dir='ltr'><strong>videre</strong></span> <span class='ocrx_word' id='word_1_261' title='bbox 1725 3086 2064 3147; x_wconf 87' lang='lat' dir='ltr'><strong>conlitentur,</strong></span> <span class='ocrx_word' id='word_1_262' title='bbox 2089 3092 2144 3137; x_wconf 91' lang='lat' dir='ltr'><strong>et</strong></span> 
     </span>
    </p>
   </div>
   <div class='ocr_carea' id='block_1_31' title="bbox 550 3177 2145 3256">
    <p class='ocr_par' dir='ltr' id='par_1_31' title="bbox 550 3177 2145 3256">
     <span class='ocr_line' id='line_1_31' title="bbox 550 3177 2145 3256; baseline -0.011 -11"><span class='ocrx_word' id='word_1_263' title='bbox 550 3189 816 3246; x_wconf 84' lang='lat' dir='ltr'><strong>medicum</strong></span> <span class='ocrx_word' id='word_1_264' title='bbox 837 3193 1102 3256; x_wconf 79' lang='lat' dir='ltr'><strong>qua-runt,</strong></span> <span class='ocrx_word' id='word_1_265' title='bbox 1123 3192 1178 3236; x_wconf 92' lang='lat' dir='ltr'><strong>ut</strong></span> <span class='ocrx_word' id='word_1_266' title='bbox 1197 3181 1428 3235; x_wconf 86' lang='lat' dir='ltr'><strong>videant.</strong></span> <span class='ocrx_word' id='word_1_267' title='bbox 1447 3179 1508 3232; x_wconf 75' lang='lat' dir='ltr'><strong>Et</strong></span> <span class='ocrx_word' id='word_1_268' title='bbox 1531 3180 1616 3248; x_wconf 86' lang='lat' dir='ltr'><strong>qui</strong></span> <span class='ocrx_word' id='word_1_269' title='bbox 1640 3178 1826 3242; x_wconf 84' lang='lat' dir='ltr'><strong>rident,</strong></span> <span class='ocrx_word' id='word_1_270' title='bbox 1845 3177 1963 3231; x_wconf 66' lang='lat' dir='ltr'><strong>carri</strong></span> <span class='ocrx_word' id='word_1_271' title='bbox 1980 3177 2105 3244; x_wconf 79' lang='lat' dir='ltr'><strong>ﬁant</strong></span> <span class='ocrx_word' id='word_1_272' title='bbox 2127 3191 2145 3228; x_wconf 90' lang='lat'><strong><em>:</em></strong></span> 
     </span>
    </p>
   </div>
   <div class='ocr_carea' id='block_1_32' title="bbox 552 3268 2144 3356">
    <p class='ocr_par' dir='ltr' id='par_1_32' title="bbox 552 3268 2144 3356">
     <span class='ocr_line' id='line_1_32' title="bbox 552 3268 2144 3356; baseline -0.011 -17"><span class='ocrx_word' id='word_1_273' title='bbox 552 3283 680 3356; x_wconf 89' lang='lat' dir='ltr'><strong>quid</strong></span> <span class='ocrx_word' id='word_1_274' title='bbox 705 3292 815 3347; x_wconf 83' lang='lat' dir='ltr'><strong>est,</strong></span> <span class='ocrx_word' id='word_1_275' title='bbox 842 3280 927 3347; x_wconf 85' lang='lat' dir='ltr'><strong>qui</strong></span> <span class='ocrx_word' id='word_1_276' title='bbox 949 3279 1112 3332; x_wconf 81' lang='lat' dir='ltr'><strong>rident</strong></span> <span class='ocrx_word' id='word_1_277' title='bbox 1131 3318 1145 3340; x_wconf 95' lang='lat'><strong>,</strong></span> <span class='ocrx_word' id='word_1_278' title='bbox 1175 3275 1292 3330; x_wconf 73' lang='lat' dir='ltr'><strong>carri</strong></span> <span class='ocrx_word' id='word_1_279' title='bbox 1320 3277 1443 3342; x_wconf 81' lang='lat' dir='ltr'><strong>[iant</strong></span> <span class='ocrx_word' id='word_1_280' title='bbox 1465 3273 1488 3325; x_wconf 86' lang='lat'><strong><em>?</em></strong></span> <span class='ocrx_word' id='word_1_281' title='bbox 1507 3273 1606 3338; x_wconf 81' lang='lat' dir='ltr'><strong>Qui</strong></span> <span class='ocrx_word' id='word_1_282' title='bbox 1646 3287 1704 3326; x_wconf 81' lang='lat' dir='ltr'><strong>se</strong></span> <span class='ocrx_word' id='word_1_283' title='bbox 1730 3280 1914 3340; x_wconf 84' lang='lat' dir='ltr'><strong>putant</strong></span> <span class='ocrx_word' id='word_1_284' title='bbox 1943 3268 2144 3333; x_wconf 83' lang='lat' dir='ltr'><strong>videre,</strong></span> 
     </span>
    </p>
   </div>
   <div class='ocr_carea' id='block_1_33' title="bbox 553 3366 2145 3438">
    <p class='ocr_par' dir='ltr' id='par_1_33' title="bbox 553 3366 2145 3438">
     <span class='ocr_line' id='line_1_33' title="bbox 553 3366 2145 3438; baseline -0.013 -5"><span class='ocrx_word' id='word_1_285' title='bbox 553 3386 609 3433; x_wconf 87' lang='lat' dir='ltr'><strong>et</strong></span> <span class='ocrx_word' id='word_1_286' title='bbox 653 3376 916 3432; x_wconf 89' lang='lat' dir='ltr'><strong>medicum</strong></span> <span class='ocrx_word' id='word_1_287' title='bbox 960 3387 1065 3426; x_wconf 90' lang='lat' dir='ltr'><strong>nou</strong></span> <span class='ocrx_word' id='word_1_288' title='bbox 1105 3378 1369 3438; x_wconf 78' lang='lat' dir='ltr'><strong>qmrruut,</strong></span> <span class='ocrx_word' id='word_1_289' title='bbox 1409 3367 1461 3420; x_wconf 91' lang='lat' dir='ltr'><strong>in</strong></span> <span class='ocrx_word' id='word_1_290' title='bbox 1509 3382 1604 3420; x_wconf 89' lang='lat' dir='ltr'><strong>sua</strong></span> <span class='ocrx_word' id='word_1_291' title='bbox 1647 3366 1886 3428; x_wconf 57' lang='lat' dir='ltr'><strong>excitate</strong></span> <span class='ocrx_word' id='word_1_292' title='bbox 1935 3378 2145 3431; x_wconf 80' lang='lat' dir='ltr'><strong>perma-</strong></span> 
     </span>
    </p>
   </div>
   <div class='ocr_carea' id='block_1_34' title="bbox 554 3457 2144 3538">
    <p class='ocr_par' dir='ltr' id='par_1_34' title="bbox 554 3457 2144 3538">
     <span class='ocr_line' id='line_1_34' title="bbox 554 3457 2144 3538; baseline -0.011 -12"><span class='ocrx_word' id='word_1_293' title='bbox 554 3479 737 3526; x_wconf 89' lang='lat' dir='ltr'><strong>neant.</strong></span> <span class='ocrx_word' id='word_1_294' title='bbox 765 3471 901 3538; x_wconf 77' lang='lat' dir='ltr'><strong>Ergo</strong></span> <span class='ocrx_word' id='word_1_295' title='bbox 919 3467 1070 3519; x_wconf 76' lang='lat' dir='ltr'><strong>istam</strong></span> <span class='ocrx_word' id='word_1_296' title='bbox 1093 3462 1470 3518; x_wconf 78' lang='lat' dir='ltr'><strong>discretionem</strong></span> <span class='ocrx_word' id='word_1_297' title='bbox 1501 3457 2000 3527; x_wconf 75' lang='lat' dir='ltr'><strong>vocavit.judicium,</strong></span> <span class='ocrx_word' id='word_1_298' title='bbox 2025 3471 2144 3510; x_wconf 74' lang='lat' dir='ltr'><strong>cuni</strong></span> 
     </span>
    </p>
   </div>
   <div class='ocr_carea' id='block_1_35' title="bbox 556 3548 2151 3633">
    <p class='ocr_par' dir='ltr' id='par_1_35' title="bbox 556 3548 2151 3633">
     <span class='ocr_line' id='line_1_35' title="bbox 556 3548 2151 3633; baseline -0.01 -16"><span class='ocrx_word' id='word_1_299' title='bbox 556 3564 669 3628; x_wconf 88' lang='lat' dir='ltr'><strong>ait,</strong></span> <span class='ocrx_word' id='word_1_300' title='bbox 702 3561 765 3615; x_wconf 89' lang='lat' dir='ltr'><strong>lu</strong></span> <span class='ocrx_word' id='word_1_301' title='bbox 786 3560 1038 3633; x_wconf 79' lang='lat' dir='ltr'><strong>judicium</strong></span> <span class='ocrx_word' id='word_1_302' title='bbox 1065 3558 1172 3610; x_wconf 77' lang='lat' dir='ltr'><strong>veni</strong></span> <span class='ocrx_word' id='word_1_303' title='bbox 1208 3558 1260 3608; x_wconf 87' lang='lat' dir='ltr'><strong>in</strong></span> <span class='ocrx_word' id='word_1_304' title='bbox 1290 3555 1423 3607; x_wconf 77' lang='lat' dir='ltr'><strong>[tunc</strong></span> <span class='ocrx_word' id='word_1_305' title='bbox 1455 3552 1697 3606; x_wconf 86' lang='lat' dir='ltr'><strong>nmndum</strong></span> <span class='ocrx_word' id='word_1_306' title='bbox 1723 3591 1738 3612; x_wconf 86' lang='lat'><strong>,</strong></span> <span class='ocrx_word' id='word_1_307' title='bbox 1766 3565 1870 3620; x_wconf 90' lang='lat' dir='ltr'><strong>quo</strong></span> <span class='ocrx_word' id='word_1_308' title='bbox 1891 3548 2151 3604; x_wconf 82' lang='lat' dir='ltr'><strong>discernit.</strong></span> 
     </span>
    </p>
   </div>
   <div class='ocr_carea' id='block_1_36' title="bbox 557 3641 2152 3712">
    <p class='ocr_par' dir='ltr' id='par_1_36' title="bbox 557 3641 2152 3712">
     <span class='ocr_line' id='line_1_36' title="bbox 557 3641 2152 3712; baseline -0.01 -1"><span class='ocrx_word' id='word_1_309' title='bbox 557 3671 773 3712; x_wconf 71' lang='lat' dir='ltr'><strong>cau~am</strong></span> <span class='ocrx_word' id='word_1_310' title='bbox 802 3652 1129 3708; x_wconf 86' lang='lat' dir='ltr'><strong>credentium</strong></span> <span class='ocrx_word' id='word_1_311' title='bbox 1157 3660 1210 3704; x_wconf 88' lang='lat' dir='ltr'><strong>et</strong></span> <span class='ocrx_word' id='word_1_312' title='bbox 1239 3648 1605 3704; x_wconf 83' lang='lat' dir='ltr'><strong>conlltenlium</strong></span> <span class='ocrx_word' id='word_1_313' title='bbox 1634 3662 1662 3698; x_wconf 90' lang='lat' dir='ltr'><strong>a</strong></span> <span class='ocrx_word' id='word_1_314' title='bbox 1694 3644 1960 3712; x_wconf 76' lang='lat' dir='ltr'><strong>superbis.</strong></span> <span class='ocrx_word' id='word_1_315' title='bbox 1988 3657 2047 3698; x_wconf 81' lang='lat' dir='ltr'><strong>se</strong></span> <span class='ocrx_word' id='word_1_316' title='bbox 2073 3641 2152 3695; x_wconf 82' lang='lat' dir='ltr'><strong>vi-</strong></span> 
     </span>
    </p>
   </div>
   <div class='ocr_carea' id='block_1_37' title="bbox 560 3739 2147 3814">
    <p class='ocr_par' dir='ltr' id='par_1_37' title="bbox 560 3739 2147 3814">
     <span class='ocr_line' id='line_1_37' title="bbox 560 3739 2147 3814; baseline -0.009 -11"><span class='ocrx_word' id='word_1_317' title='bbox 560 3746 690 3802; x_wconf 88' lang='lat' dir='ltr'><strong>dere</strong></span> <span class='ocrx_word' id='word_1_318' title='bbox 721 3745 1048 3814; x_wconf 83' lang='lat' dir='ltr'><strong>putantibus,</strong></span> <span class='ocrx_word' id='word_1_319' title='bbox 1077 3752 1132 3796; x_wconf 86' lang='lat' dir='ltr'><strong>et</strong></span> <span class='ocrx_word' id='word_1_320' title='bbox 1158 3741 1278 3795; x_wconf 87' lang='lat' dir='ltr'><strong>ideo</strong></span> <span class='ocrx_word' id='word_1_321' title='bbox 1307 3739 1521 3810; x_wconf 81' lang='lat' dir='ltr'><strong>gravius</strong></span> <span class='ocrx_word' id='word_1_322' title='bbox 1549 3739 1868 3800; x_wconf 59' lang='lat' dir='ltr'><strong>cxeweatis;</strong></span> <span class='ocrx_word' id='word_1_323' title='bbox 1898 3747 2147 3805; x_wconf 85' lang='lat' dir='ltr'><strong>tauquam</strong></span> 
     </span>
    </p>
   </div>
   <div class='ocr_carea' id='block_1_38' title="bbox 562 3832 2148 3903">
    <p class='ocr_par' dir='ltr' id='par_1_38' title="bbox 562 3832 2148 3903">
     <span class='ocr_line' id='line_1_38' title="bbox 562 3832 2148 3903; baseline -0.009 -10"><span class='ocrx_word' id='word_1_324' title='bbox 562 3838 755 3893; x_wconf 75' lang='lat' dir='ltr'><strong>dixerit</strong></span> <span class='ocrx_word' id='word_1_325' title='bbox 795 3836 842 3889; x_wconf 90' lang='lat' dir='ltr'><strong>ei</strong></span> <span class='ocrx_word' id='word_1_326' title='bbox 883 3844 1134 3903; x_wconf 72' lang='lat' dir='ltr'><strong>perc-ator</strong></span> <span class='ocrx_word' id='word_1_327' title='bbox 1174 3834 1436 3886; x_wconf 83' lang='lat' dir='ltr'><strong>conlitens</strong></span> <span class='ocrx_word' id='word_1_328' title='bbox 1468 3841 1521 3884; x_wconf 81' lang='lat' dir='ltr'><strong>et</strong></span> <span class='ocrx_word' id='word_1_329' title='bbox 1547 3832 1680 3884; x_wconf 80' lang='lat' dir='ltr'><strong>med</strong></span> <span class='ocrx_word' id='word_1_330' title='bbox 1705 3845 1824 3884; x_wconf 90' lang='lat' dir='ltr'><strong>cum</strong></span> <span class='ocrx_word' id='word_1_331' title='bbox 1869 3843 2148 3898; x_wconf 73' lang='lat' dir='ltr'><strong>quaerens,</strong></span> 
     </span>
    </p>
   </div>
   <div class='ocr_carea' id='block_1_39' title="bbox 562 3922 2154 3992">
    <p class='ocr_par' dir='ltr' id='par_1_39' title="bbox 562 3922 2154 3992">
     <span class='ocr_line' id='line_1_39' title="bbox 562 3922 2154 3992; baseline -0.005 -10"><span class='ocrx_word' id='word_1_332' title='bbox 562 3927 752 3983; x_wconf 81' lang='lat' dir='ltr'><strong>Judica</strong></span> <span class='ocrx_word' id='word_1_333' title='bbox 774 3943 869 3989; x_wconf 88' lang='lat' dir='ltr'><strong>me,</strong></span> <span class='ocrx_word' id='word_1_334' title='bbox 904 3925 1056 3988; x_wconf 74' lang='lat' dir='ltr'><strong>Deus,</strong></span> <span class='ocrx_word' id='word_1_335' title='bbox 1087 3935 1133 3979; x_wconf 85' lang='lat' dir='ltr'><strong>et</strong></span> <span class='ocrx_word' id='word_1_336' title='bbox 1156 3924 1383 3977; x_wconf 78' lang='lat' dir='ltr'><strong>discerne</strong></span> <span class='ocrx_word' id='word_1_337' title='bbox 1403 3941 1603 3976; x_wconf 85' lang='lat' dir='ltr'><strong>causam</strong></span> <span class='ocrx_word' id='word_1_338' title='bbox 1629 3941 1786 3977; x_wconf 82' lang='lat' dir='ltr'><strong>meum</strong></span> <span class='ocrx_word' id='word_1_339' title='bbox 1805 3922 1867 3976; x_wconf 84' lang='lat' dir='ltr'><strong>de</strong></span> <span class='ocrx_word' id='word_1_340' title='bbox 1890 3931 2034 3992; x_wconf 71' lang='lat' dir='ltr'><strong>gente</strong></span> <span class='ocrx_word' id='word_1_341' title='bbox 2052 3937 2154 3974; x_wconf 87' lang='lat' dir='ltr'><strong>non</strong></span> 
     </span>
    </p>
   </div>
   <div class='ocr_carea' id='block_1_40' title="bbox 562 4015 2150 4092">
    <p class='ocr_par' dir='ltr' id='par_1_40' title="bbox 562 4015 2150 4092">
     <span class='ocr_line' id='line_1_40' title="bbox 562 4015 2150 4092; baseline -0.008 -12"><span class='ocrx_word' id='word_1_342' title='bbox 562 4033 740 4080; x_wconf 88' lang='lat' dir='ltr'><strong>sancta</strong></span> <span class='ocrx_word' id='word_1_343' title='bbox 786 4020 952 4092; x_wconf 85' lang='lat' dir='ltr'><strong>(Psal.</strong></span> <span class='ocrx_word' id='word_1_344' title='bbox 985 4036 1112 4085; x_wconf 72' lang='lat' dir='ltr'><strong>XLII,</strong></span> <span class='ocrx_word' id='word_1_345' title='bbox 1162 4018 1262 4091; x_wconf 59' lang='lat' dir='ltr'><strong>~l-)-:</strong></span> <span class='ocrx_word' id='word_1_346' title='bbox 1309 4019 1518 4072; x_wconf 89' lang='lat' dir='ltr'><strong>illorum</strong></span> <span class='ocrx_word' id='word_1_347' title='bbox 1575 4017 1778 4071; x_wconf 89' lang='lat' dir='ltr'><strong>scdicet</strong></span> <span class='ocrx_word' id='word_1_348' title='bbox 1816 4015 1902 4085; x_wconf 93' lang='lat' dir='ltr'><strong>qui</strong></span> <span class='ocrx_word' id='word_1_349' title='bbox 1948 4015 2150 4078; x_wconf 80' lang='lat' dir='ltr'><strong>dicunt,</strong></span> 
     </span>
    </p>
   </div>
   <div class='ocr_carea' id='block_1_41' title="bbox 572 4105 2155 4181">
    <p class='ocr_par' dir='ltr' id='par_1_41' title="bbox 572 4105 2155 4181">
     <span class='ocr_line' id='line_1_41' title="bbox 572 4105 2155 4181; baseline -0.008 -10"><span class='ocrx_word' id='word_1_350' title='bbox 572 4115 830 4178; x_wconf 85' lang='lat' dir='ltr'><strong>Videmus,</strong></span> <span class='ocrx_word' id='word_1_351' title='bbox 864 4125 915 4168; x_wconf 91' lang='lat' dir='ltr'><strong>et</strong></span> <span class='ocrx_word' id='word_1_352' title='bbox 943 4130 1126 4167; x_wconf 85' lang='lat' dir='ltr'><strong>eorum</strong></span> <span class='ocrx_word' id='word_1_353' title='bbox 1154 4121 1432 4181; x_wconf 81' lang='lat' dir='ltr'><strong>peceatum</strong></span> <span class='ocrx_word' id='word_1_354' title='bbox 1467 4118 1660 4163; x_wconf 82' lang='lat' dir='ltr'><strong>manet.</strong></span> <span class='ocrx_word' id='word_1_355' title='bbox 1683 4108 1796 4161; x_wconf 70' lang='lat' dir='ltr'><strong>Non</strong></span> <span class='ocrx_word' id='word_1_356' title='bbox 1820 4116 1996 4161; x_wconf 86' lang='lat' dir='ltr'><strong>autem</strong></span> <span class='ocrx_word' id='word_1_357' title='bbox 2025 4105 2155 4160; x_wconf 91' lang='lat' dir='ltr'><strong>illud</strong></span> 
     </span>
    </p>
   </div>
   <div class='ocr_carea' id='block_1_42' title="bbox 558 4199 2156 4280">
    <p class='ocr_par' dir='ltr' id='par_1_42' title="bbox 558 4199 2156 4280">
     <span class='ocr_line' id='line_1_42' title="bbox 558 4199 2156 4280; baseline -0.006 -18"><span class='ocrx_word' id='word_1_358' title='bbox 558 4208 818 4280; x_wconf 83' lang='lat' dir='ltr'><strong>judicium</strong></span> <span class='ocrx_word' id='word_1_359' title='bbox 844 4207 952 4276; x_wconf 87' lang='lat' dir='ltr'><strong>jam</strong></span> <span class='ocrx_word' id='word_1_360' title='bbox 987 4206 1158 4258; x_wconf 85' lang='lat' dir='ltr'><strong>intulit</strong></span> <span class='ocrx_word' id='word_1_361' title='bbox 1195 4203 1393 4256; x_wconf 78' lang='lat' dir='ltr'><strong>mutulo</strong></span> <span class='ocrx_word' id='word_1_362' title='bbox 1414 4242 1428 4266; x_wconf 92' lang='lat'><strong>,</strong></span> <span class='ocrx_word' id='word_1_363' title='bbox 1459 4219 1564 4272; x_wconf 81' lang='lat' dir='ltr'><strong>qun</strong></span> <span class='ocrx_word' id='word_1_364' title='bbox 1590 4201 1656 4254; x_wconf 57' lang='lat' dir='ltr'><strong>do.</strong></span> <span class='ocrx_word' id='word_1_365' title='bbox 1688 4201 1818 4254; x_wconf 82' lang='lat' dir='ltr'><strong>vivis</strong></span> <span class='ocrx_word' id='word_1_366' title='bbox 1850 4209 1903 4254; x_wconf 90' lang='lat' dir='ltr'><strong>et</strong></span> <span class='ocrx_word' id='word_1_367' title='bbox 1932 4199 2156 4252; x_wconf 85' lang='lat' dir='ltr'><strong>mortuis</strong></span> 
     </span>
    </p>
   </div>
   <div class='ocr_carea' id='block_1_43' title="bbox 565 4293 2152 4366">
    <p class='ocr_par' dir='ltr' id='par_1_43' title="bbox 565 4293 2152 4366">
     <span class='ocr_line' id='line_1_43' title="bbox 565 4293 2152 4366; baseline -0.006 -11"><span class='ocrx_word' id='word_1_368' title='bbox 565 4303 618 4356; x_wconf 92' lang='lat' dir='ltr'><strong>in</strong></span> <span class='ocrx_word' id='word_1_369' title='bbox 646 4301 749 4354; x_wconf 79' lang='lat' dir='ltr'><strong>line</strong></span> <span class='ocrx_word' id='word_1_370' title='bbox 775 4300 952 4352; x_wconf 63' lang='lat' dir='ltr'><strong>sa&#39;cnli</strong></span> <span class='ocrx_word' id='word_1_371' title='bbox 985 4297 1262 4366; x_wconf 72' lang='lat' dir='ltr'><strong>iudicabit.</strong></span> <span class='ocrx_word' id='word_1_372' title='bbox 1294 4295 1596 4350; x_wconf 80' lang='lat' dir='ltr'><strong>Secmulum</strong></span> <span class='ocrx_word' id='word_1_373' title='bbox 1627 4295 1725 4347; x_wconf 90' lang='lat' dir='ltr'><strong>hoc</strong></span> <span class='ocrx_word' id='word_1_374' title='bbox 1753 4295 1896 4348; x_wconf 90' lang='lat' dir='ltr'><strong>enim</strong></span> <span class='ocrx_word' id='word_1_375' title='bbox 1924 4293 2152 4356; x_wconf 76' lang='lat' dir='ltr'><strong>dixerat,</strong></span> 
     </span>
    </p>
   </div>
   <div class='ocr_carea' id='block_1_44' title="bbox 571 4384 2156 4463">
    <p class='ocr_par' dir='ltr' id='par_1_44' title="bbox 571 4384 2156 4463">
     <span class='ocr_line' id='line_1_44' title="bbox 571 4384 2156 4463; baseline -0.004 -18"><span class='ocrx_word' id='word_1_376' title='bbox 571 4391 680 4463; x_wconf 85' lang='lat' dir='ltr'><strong>Ego</strong></span> <span class='ocrx_word' id='word_1_377' title='bbox 711 4408 810 4444; x_wconf 79' lang='lat' dir='ltr'><strong>non</strong></span> <span class='ocrx_word' id='word_1_378' title='bbox 833 4391 1006 4457; x_wconf 86' lang='lat' dir='ltr'><strong>judico</strong></span> <span class='ocrx_word' id='word_1_379' title='bbox 1034 4403 1332 4456; x_wconf 80' lang='lat' dir='ltr'><strong>quemqmmt</strong></span> <span class='ocrx_word' id='word_1_380' title='bbox 1367 4385 1543 4456; x_wconf 79' lang='lat' dir='ltr'><strong>(Joau.</strong></span> <span class='ocrx_word' id='word_1_381' title='bbox 1577 4401 1702 4450; x_wconf 87' lang='lat' dir='ltr'><strong>vnt,</strong></span> <span class='ocrx_word' id='word_1_382' title='bbox 1749 4386 1830 4452; x_wconf 77' lang='lat' dir='ltr'><strong>l5)</strong></span> <span class='ocrx_word' id='word_1_383' title='bbox 1865 4401 1877 4437; x_wconf 88' lang='lat'>:</span> <span class='ocrx_word' id='word_1_384' title='bbox 1907 4384 2156 4453; x_wconf 77' lang='lat' dir='ltr'><strong>queuiam</strong></span> 
     </span>
    </p>
   </div>
   <div class='ocr_carea' id='block_1_45' title="bbox 568 4475 2162 4553">
    <p class='ocr_par' dir='ltr' id='par_1_45' title="bbox 568 4475 2162 4553">
     <span class='ocr_line' id='line_1_45' title="bbox 568 4475 2162 4553; baseline -0.006 -16"><span class='ocrx_word' id='word_1_385' title='bbox 568 4485 717 4553; x_wconf 84' lang='lat' dir='ltr'><strong>prius</strong></span> <span class='ocrx_word' id='word_1_386' title='bbox 737 4483 899 4540; x_wconf 73' lang='lat' dir='ltr'><strong>venit.</strong></span> <span class='ocrx_word' id='word_1_387' title='bbox 923 4497 1021 4532; x_wconf 87' lang='lat' dir='ltr'><strong>non</strong></span> <span class='ocrx_word' id='word_1_388' title='bbox 1043 4479 1297 4548; x_wconf 69' lang='lat' dir='ltr'><strong>utjudices</strong></span> <span class='ocrx_word' id='word_1_389' title='bbox 1320 4479 1580 4541; x_wconf 76' lang='lat' dir='ltr'><strong>mundum,</strong></span> <span class='ocrx_word' id='word_1_390' title='bbox 1604 4477 1692 4532; x_wconf 84' lang='lat' dir='ltr'><strong>sed</strong></span> <span class='ocrx_word' id='word_1_391' title='bbox 1714 4485 1763 4528; x_wconf 88' lang='lat' dir='ltr'><strong>ut</strong></span> <span class='ocrx_word' id='word_1_392' title='bbox 1783 4475 2005 4529; x_wconf 80' lang='lat' dir='ltr'><strong>salvetur</strong></span> <span class='ocrx_word' id='word_1_393' title='bbox 2023 4492 2162 4528; x_wconf 85' lang='lat' dir='ltr'><strong>mun-</strong></span> 
     </span>
    </p>
   </div>
   <div class='ocr_carea' id='block_1_46' title="bbox 570 4569 1488 4643">
    <p class='ocr_par' dir='ltr' id='par_1_46' title="bbox 570 4569 1488 4643">
     <span class='ocr_line' id='line_1_46' title="bbox 570 4569 1488 4643; baseline -0.017 -16"><span class='ocrx_word' id='word_1_394' title='bbox 570 4574 666 4626; x_wconf 89' lang='lat' dir='ltr'><strong>dus</strong></span> <span class='ocrx_word' id='word_1_395' title='bbox 694 4589 781 4643; x_wconf 84' lang='lat' dir='ltr'><strong>per</strong></span> <span class='ocrx_word' id='word_1_396' title='bbox 807 4573 974 4642; x_wconf 79' lang='lat' dir='ltr'><strong>ipsum</strong></span> <span class='ocrx_word' id='word_1_397' title='bbox 1001 4569 1109 4638; x_wconf 85' lang='lat' dir='ltr'><strong>(Id.</strong></span> <span class='ocrx_word' id='word_1_398' title='bbox 1136 4584 1216 4634; x_wconf 82' lang='lat' dir='ltr'><strong>ut,</strong></span> <span class='ocrx_word' id='word_1_399' title='bbox 1249 4570 1362 4638; x_wconf 77' lang='lat'><strong>17-).</strong></span> <span class='ocrx_word' id='word_1_400' title='bbox 1484 4591 1488 4594; x_wconf 55' lang='grc' dir='ltr'><strong>ι</strong></span> 
     </span>
    </p>
   </div>
   <div class='ocr_carea' id='block_1_47' title="bbox 1067 4683 1676 4784">
    <p class='ocr_par' dir='ltr' id='par_1_47' title="bbox 1067 4683 1676 4784">
     <span class='ocr_line' id='line_1_47' title="bbox 1067 4683 1676 4784; baseline 0 -26"><span class='ocrx_word' id='word_1_401' title='bbox 1067 4702 1476 4784; x_wconf 74' lang='lat' dir='ltr'><strong>TltACTATUS</strong></span> <span class='ocrx_word' id='word_1_402' title='bbox 1505 4683 1676 4758; x_wconf 69' lang='lat' dir='ltr'><strong>xcv.</strong></span> 
     </span>
    </p>
   </div>
   <div class='ocr_carea' id='block_1_48' title="bbox 569 4820 2165 4896">
    <p class='ocr_par' dir='ltr' id='par_1_48' title="bbox 569 4820 2165 4896">
     <span class='ocr_line' id='line_1_48' title="bbox 569 4820 2165 4896; baseline 0.001 -16"><span class='ocrx_word' id='word_1_403' title='bbox 569 4823 647 4880; x_wconf 84' lang='lat' dir='ltr'><strong>Ab</strong></span> <span class='ocrx_word' id='word_1_404' title='bbox 672 4839 730 4880; x_wconf 83' lang='lat' dir='ltr'><strong>eo</strong></span> <span class='ocrx_word' id='word_1_405' title='bbox 755 4821 891 4895; x_wconf 89' lang='lat' dir='ltr'><strong>quod</strong></span> <span class='ocrx_word' id='word_1_406' title='bbox 918 4821 1164 4893; x_wconf 86' lang='lat' dir='ltr'><strong>scriptum</strong></span> <span class='ocrx_word' id='word_1_407' title='bbox 1184 4829 1253 4874; x_wconf 88' lang='lat' dir='ltr'><strong>est</strong></span> <span class='ocrx_word' id='word_1_408' title='bbox 1274 4820 1502 4885; x_wconf 72' lang='lat' dir='ltr'><strong>,Amen.</strong></span> <span class='ocrx_word' id='word_1_409' title='bbox 1527 4837 1682 4876; x_wconf 87' lang='lat' dir='ltr'><strong>amen</strong></span> <span class='ocrx_word' id='word_1_410' title='bbox 1709 4821 1829 4878; x_wconf 89' lang='lat' dir='ltr'><strong>dico</strong></span> <span class='ocrx_word' id='word_1_411' title='bbox 1856 4823 2042 4890; x_wconf 83' lang='lat' dir='ltr'><strong>vobis;</strong></span> <span class='ocrx_word' id='word_1_412' title='bbox 2072 4826 2165 4896; x_wconf 88' lang='lat' dir='ltr'><strong>qui</strong></span> 
     </span>
    </p>
   </div>
   <div class='ocr_carea' id='block_1_49' title="bbox 645 4913 2167 4983">
    <p class='ocr_par' dir='ltr' id='par_1_49' title="bbox 645 4913 2167 4983">
     <span class='ocr_line' id='line_1_49' title="bbox 645 4913 2167 4983; baseline 0 -10"><span class='ocrx_word' id='word_1_413' title='bbox 645 4933 751 4973; x_wconf 86' lang='lat' dir='ltr'><strong>non</strong></span> <span class='ocrx_word' id='word_1_414' title='bbox 783 4917 944 4970; x_wconf 80' lang='lat' dir='ltr'><strong>intrat</strong></span> <span class='ocrx_word' id='word_1_415' title='bbox 971 4929 1066 4983; x_wconf 80' lang='lat' dir='ltr'><strong>per</strong></span> <span class='ocrx_word' id='word_1_416' title='bbox 1089 4913 1286 4968; x_wconf 84' lang='lat' dir='ltr'><strong>ostium</strong></span> <span class='ocrx_word' id='word_1_417' title='bbox 1320 4914 1371 4968; x_wconf 90' lang='lat' dir='ltr'><strong>in</strong></span> <span class='ocrx_word' id='word_1_418' title='bbox 1399 4914 1537 4970; x_wconf 77' lang='lat' dir='ltr'><strong>ovile</strong></span> <span class='ocrx_word' id='word_1_419' title='bbox 1559 4915 1766 4981; x_wconf 83' lang='lat' dir='ltr'><strong>ovium,</strong></span> <span class='ocrx_word' id='word_1_420' title='bbox 1799 4915 1891 4972; x_wconf 86' lang='lat' dir='ltr'><strong>sed</strong></span> <span class='ocrx_word' id='word_1_421' title='bbox 1917 4918 2167 4974; x_wconf 81' lang='lat' dir='ltr'><strong>ascendit</strong></span> 
     </span>
    </p>
   </div>
   <div class='ocr_carea' id='block_1_50' title="bbox 645 5006 2165 5080">
    <p class='ocr_par' dir='ltr' id='par_1_50' title="bbox 645 5006 2165 5080">
     <span class='ocr_line' id='line_1_50' title="bbox 645 5006 2165 5080; baseline 0.003 -18"><span class='ocrx_word' id='word_1_422' title='bbox 645 5009 879 5073; x_wconf 87' lang='lat' dir='ltr'><strong>aliunde,</strong></span> <span class='ocrx_word' id='word_1_423' title='bbox 909 5008 998 5062; x_wconf 84' lang='lat' dir='ltr'><strong>ille</strong></span> <span class='ocrx_word' id='word_1_424' title='bbox 1028 5006 1114 5062; x_wconf 82' lang='lat' dir='ltr'><strong>fur</strong></span> <span class='ocrx_word' id='word_1_425' title='bbox 1141 5017 1222 5062; x_wconf 89' lang='lat' dir='ltr'><strong>est</strong></span> <span class='ocrx_word' id='word_1_426' title='bbox 1247 5017 1302 5062; x_wconf 82' lang='lat' dir='ltr'><strong>et</strong></span> <span class='ocrx_word' id='word_1_427' title='bbox 1328 5007 1498 5071; x_wconf 84' lang='lat' dir='ltr'><strong>latro;</strong></span> <span class='ocrx_word' id='word_1_428' title='bbox 1527 5024 1681 5077; x_wconf 84' lang='lat' dir='ltr'><strong>usque</strong></span> <span class='ocrx_word' id='word_1_429' title='bbox 1707 5007 1775 5061; x_wconf 88' lang='lat' dir='ltr'><strong>ad</strong></span> <span class='ocrx_word' id='word_1_430' title='bbox 1803 5008 1874 5074; x_wconf 82' lang='lat' dir='ltr'><strong>id,</strong></span> <span class='ocrx_word' id='word_1_431' title='bbox 1906 5010 2020 5080; x_wconf 74' lang='lat' dir='ltr'><strong>Ego</strong></span> <span class='ocrx_word' id='word_1_432' title='bbox 2045 5013 2165 5067; x_wconf 89' lang='lat' dir='ltr'><strong>veni</strong></span> 
     </span>
    </p>
   </div>
   <div class='ocr_carea' id='block_1_51' title="bbox 647 5099 2162 5174">
    <p class='ocr_par' dir='ltr' id='par_1_51' title="bbox 647 5099 2162 5174">
     <span class='ocr_line' id='line_1_51' title="bbox 647 5099 2162 5174; baseline 0.001 -20"><span class='ocrx_word' id='word_1_433' title='bbox 647 5111 706 5155; x_wconf 89' lang='grc' dir='ltr'><strong>ιιι</strong></span> <span class='ocrx_word' id='word_1_434' title='bbox 735 5103 897 5154; x_wconf 82' lang='lat' dir='ltr'><strong>vitam</strong></span> <span class='ocrx_word' id='word_1_435' title='bbox 930 5100 1178 5165; x_wconf 80' lang='lat' dir='ltr'><strong>habeant,</strong></span> <span class='ocrx_word' id='word_1_436' title='bbox 1207 5107 1262 5154; x_wconf 88' lang='lat' dir='ltr'><strong>et</strong></span> <span class='ocrx_word' id='word_1_437' title='bbox 1285 5099 1640 5158; x_wconf 83' lang='lat' dir='ltr'><strong>abundantius</strong></span> <span class='ocrx_word' id='word_1_438' title='bbox 1665 5099 1912 5158; x_wconf 85' lang='lat' dir='ltr'><strong>habeant.</strong></span> <span class='ocrx_word' id='word_1_439' title='bbox 1941 5101 2070 5174; x_wconf 81' lang='lat' dir='ltr'><strong>Cap.</strong></span> <span class='ocrx_word' id='word_1_440' title='bbox 2104 5118 2162 5168; x_wconf 73' lang='grc' dir='ltr'><strong>χ,</strong></span> 
     </span>
    </p>
   </div>
   <div class='ocr_carea' id='block_1_52' title="bbox 659 5191 920 5263">
    <p class='ocr_par' dir='ltr' id='par_1_52' title="bbox 659 5191 920 5263">
     <span class='ocr_line' id='line_1_52' title="bbox 659 5191 920 5263; baseline -0.004 -18"><span class='ocrx_word' id='word_1_441' title='bbox 659 5191 920 5263; x_wconf 61' lang='lat'><strong>7.140.</strong></span> 
     </span>
    </p>
   </div>
   <div class='ocr_carea' id='block_1_53' title="bbox 650 5304 2164 5376">
    <p class='ocr_par' dir='ltr' id='par_1_53' title="bbox 650 5304 2164 5376">
     <span class='ocr_line' id='line_1_53' title="bbox 650 5304 2164 5376; baseline 0.003 -13"><span class='ocrx_word' id='word_1_442' title='bbox 650 5307 699 5363; x_wconf 84' lang='lat' dir='ltr'><strong>l.</strong></span> <span class='ocrx_word' id='word_1_443' title='bbox 747 5307 821 5362; x_wconf 82' lang='lat' dir='ltr'><strong>De</strong></span> <span class='ocrx_word' id='word_1_444' title='bbox 848 5304 1144 5360; x_wconf 84' lang='lat' dir='ltr'><strong>illuminato</strong></span> <span class='ocrx_word' id='word_1_445' title='bbox 1163 5304 1257 5358; x_wconf 84' lang='lat' dir='ltr'><strong>illo</strong></span> <span class='ocrx_word' id='word_1_446' title='bbox 1280 5305 1367 5376; x_wconf 88' lang='lat' dir='ltr'><strong>qui</strong></span> <span class='ocrx_word' id='word_1_447' title='bbox 1396 5317 1550 5362; x_wconf 86' lang='lat' dir='ltr'><strong>natus</strong></span> <span class='ocrx_word' id='word_1_448' title='bbox 1576 5317 1656 5362; x_wconf 86' lang='lat' dir='ltr'><strong>est</strong></span> <span class='ocrx_word' id='word_1_449' title='bbox 1679 5321 1873 5372; x_wconf 74' lang='lat' dir='ltr'><strong>cmcus,</strong></span> <span class='ocrx_word' id='word_1_450' title='bbox 1897 5323 2077 5366; x_wconf 83' lang='lat' dir='ltr'><strong>sermo</strong></span> <span class='ocrx_word' id='word_1_451' title='bbox 2098 5312 2164 5368; x_wconf 86' lang='lat' dir='ltr'><strong>ad</strong></span> 
     </span>
    </p>
   </div>
   <div class='ocr_carea' id='block_1_54' title="bbox 575 5397 2168 5470">
    <p class='ocr_par' dir='ltr' id='par_1_54' title="bbox 575 5397 2168 5470">
     <span class='ocr_line' id='line_1_54' title="bbox 575 5397 2168 5470; baseline 0.002 -15"><span class='ocrx_word' id='word_1_452' title='bbox 575 5400 790 5456; x_wconf 72' lang='lat' dir='ltr'><strong>Judazos</strong></span> <span class='ocrx_word' id='word_1_453' title='bbox 821 5397 1030 5453; x_wconf 86' lang='lat' dir='ltr'><strong>Domini</strong></span> <span class='ocrx_word' id='word_1_454' title='bbox 1062 5407 1285 5452; x_wconf 73' lang='lat' dir='ltr'><strong>exortus</strong></span> <span class='ocrx_word' id='word_1_455' title='bbox 1312 5409 1414 5452; x_wconf 84' lang='lat' dir='ltr'><strong>est.</strong></span> <span class='ocrx_word' id='word_1_456' title='bbox 1447 5399 1586 5454; x_wconf 84' lang='lat' dir='ltr'><strong>lluic</strong></span> <span class='ocrx_word' id='word_1_457' title='bbox 1615 5400 1791 5470; x_wconf 84' lang='lat' dir='ltr'><strong>itaque</strong></span> <span class='ocrx_word' id='word_1_458' title='bbox 1822 5401 2038 5458; x_wconf 81' lang='lat' dir='ltr'><strong>lectioni</strong></span> <span class='ocrx_word' id='word_1_459' title='bbox 2070 5403 2168 5458; x_wconf 90' lang='lat' dir='ltr'><strong>ho-</strong></span> 
     </span>
    </p>
   </div>
   <div class='ocr_carea' id='block_1_55' title="bbox 577 5491 2169 5553">
    <p class='ocr_par' dir='ltr' id='par_1_55' title="bbox 577 5491 2169 5553">
     <span class='ocr_line' id='line_1_55' title="bbox 577 5491 2169 5553; baseline 0.003 -6"><span class='ocrx_word' id='word_1_460' title='bbox 577 5495 820 5548; x_wconf 81' lang='lat' dir='ltr'><strong>diernam</strong></span> <span class='ocrx_word' id='word_1_461' title='bbox 851 5505 971 5546; x_wconf 51' lang='lat' dir='ltr'><strong>esse</strong></span> <span class='ocrx_word' id='word_1_462' title='bbox 997 5500 1298 5544; x_wconf 82' lang='lat' dir='ltr'><strong>comextam</strong></span> <span class='ocrx_word' id='word_1_463' title='bbox 1325 5531 1337 5553; x_wconf 91' lang='lat'><strong>,</strong></span> <span class='ocrx_word' id='word_1_464' title='bbox 1369 5492 1506 5546; x_wconf 85' lang='lat' dir='ltr'><strong>scire</strong></span> <span class='ocrx_word' id='word_1_465' title='bbox 1545 5491 1728 5546; x_wconf 83' lang='lat' dir='ltr'><strong>debuit</strong></span> <span class='ocrx_word' id='word_1_466' title='bbox 1757 5502 1808 5548; x_wconf 88' lang='lat' dir='ltr'><strong>et</strong></span> <span class='ocrx_word' id='word_1_467' title='bbox 1837 5497 2169 5552; x_wconf 86' lang='lat' dir='ltr'><strong>commoneri</strong></span> 
     </span>
    </p>
   </div>
   <div class='ocr_carea' id='block_1_56' title="bbox 578 5581 2167 5658">
    <p class='ocr_par' dir='ltr' id='par_1_56' title="bbox 578 5581 2167 5658">
     <span class='ocr_line' id='line_1_56' title="bbox 578 5581 2167 5658; baseline 0.003 -20"><span class='ocrx_word' id='word_1_468' title='bbox 578 5585 823 5640; x_wconf 60' lang='lat' dir='ltr'><strong>libarit-.3</strong></span> <span class='ocrx_word' id='word_1_469' title='bbox 851 5592 1023 5637; x_wconf 77' lang='lat' dir='ltr'><strong>vestra</strong></span> <span class='ocrx_word' id='word_1_470' title='bbox 1075 5581 1204 5638; x_wconf 80' lang='lat' dir='ltr'><strong>Cum</strong></span> <span class='ocrx_word' id='word_1_471' title='bbox 1235 5585 1375 5637; x_wconf 89' lang='lat' dir='ltr'><strong>enim</strong></span> <span class='ocrx_word' id='word_1_472' title='bbox 1412 5583 1666 5640; x_wconf 84' lang='lat' dir='ltr'><strong>Dominus</strong></span> <span class='ocrx_word' id='word_1_473' title='bbox 1693 5586 1947 5650; x_wconf 73' lang='lat' dir='ltr'><strong>dixisset,</strong></span> <span class='ocrx_word' id='word_1_474' title='bbox 1981 5586 2046 5642; x_wconf 84' lang='lat' dir='ltr'><strong>lu</strong></span> <span class='ocrx_word' id='word_1_475' title='bbox 2073 5590 2167 5658; x_wconf 90' lang='lat' dir='ltr'><strong>ju-</strong></span> 
     </span>
    </p>
   </div>
   <div class='ocr_carea' id='block_1_57' title="bbox 579 5674 2166 5748">
    <p class='ocr_par' dir='ltr' id='par_1_57' title="bbox 579 5674 2166 5748">
     <span class='ocr_line' id='line_1_57' title="bbox 579 5674 2166 5748; baseline 0.003 -18"><span class='ocrx_word' id='word_1_476' title='bbox 579 5677 764 5730; x_wconf 75' lang='lat' dir='ltr'><strong>dicium</strong></span> <span class='ocrx_word' id='word_1_477' title='bbox 800 5694 889 5747; x_wconf 80' lang='lat' dir='ltr'><strong>rgo</strong></span> <span class='ocrx_word' id='word_1_478' title='bbox 933 5674 1040 5728; x_wconf 83' lang='lat' dir='ltr'><strong>reni</strong></span> <span class='ocrx_word' id='word_1_479' title='bbox 1077 5675 1128 5728; x_wconf 86' lang='lat' dir='ltr'><strong>in</strong></span> <span class='ocrx_word' id='word_1_480' title='bbox 1165 5675 1297 5728; x_wconf 77' lang='lat' dir='ltr'><strong>hunc</strong></span> <span class='ocrx_word' id='word_1_481' title='bbox 1342 5676 1582 5727; x_wconf 87' lang='lat' dir='ltr'><strong>mundum</strong></span> <span class='ocrx_word' id='word_1_482' title='bbox 1610 5718 1622 5738; x_wconf 95' lang='lat'><strong>,</strong></span> <span class='ocrx_word' id='word_1_483' title='bbox 1657 5687 1709 5728; x_wconf 88' lang='lat' dir='ltr'><strong>ut</strong></span> <span class='ocrx_word' id='word_1_484' title='bbox 1738 5678 1823 5748; x_wconf 89' lang='lat' dir='ltr'><strong>qui</strong></span> <span class='ocrx_word' id='word_1_485' title='bbox 1854 5697 1954 5733; x_wconf 85' lang='lat' dir='ltr'><strong>non</strong></span> <span class='ocrx_word' id='word_1_486' title='bbox 1978 5680 2166 5744; x_wconf 82' lang='lat' dir='ltr'><strong>vident.</strong></span> 
     </span>
    </p>
   </div>
   <div class='ocr_carea' id='block_1_58' title="bbox 581 5767 2165 5844">
    <p class='ocr_par' dir='ltr' id='par_1_58' title="bbox 581 5767 2165 5844">
     <span class='ocr_line' id='line_1_58' title="bbox 581 5767 2165 5844; baseline 0.008 -26"><span class='ocrx_word' id='word_1_487' title='bbox 581 5767 811 5832; x_wconf 70' lang='lat' dir='ltr'><strong>uideant;</strong></span> <span class='ocrx_word' id='word_1_488' title='bbox 851 5778 897 5820; x_wconf 84' lang='lat' dir='ltr'><strong>et</strong></span> <span class='ocrx_word' id='word_1_489' title='bbox 935 5768 1019 5836; x_wconf 87' lang='lat' dir='ltr'><strong>qui</strong></span> <span class='ocrx_word' id='word_1_490' title='bbox 1054 5768 1254 5833; x_wconf 77' lang='lat' dir='ltr'><strong>rident,</strong></span> <span class='ocrx_word' id='word_1_491' title='bbox 1288 5768 1407 5820; x_wconf 66' lang='grc' dir='ltr'>ι’ωυὶ</span> <span class='ocrx_word' id='word_1_492' title='bbox 1438 5769 1598 5836; x_wconf 72' lang='lat' dir='ltr'><strong>fiant;</strong></span> <span class='ocrx_word' id='word_1_493' title='bbox 1629 5769 1768 5838; x_wconf 89' lang='lat' dir='ltr'><strong>quod</strong></span> <span class='ocrx_word' id='word_1_494' title='bbox 1811 5787 1875 5826; x_wconf 85' lang='lat' dir='ltr'><strong>eo</strong></span> <span class='ocrx_word' id='word_1_495' title='bbox 1901 5783 2165 5844; x_wconf 75' lang='lat' dir='ltr'><strong>tempore,</strong></span> 
     </span>
    </p>
   </div>
   <div class='ocr_carea' id='block_1_59' title="bbox 579 5859 2170 5955">
    <p class='ocr_par' dir='ltr' id='par_1_59' title="bbox 579 5859 2170 5955">
     <span class='ocr_line' id='line_1_59' title="bbox 579 5859 2170 5955; baseline 0.008 -43"><span class='ocrx_word' id='word_1_496' title='bbox 579 5859 798 5955; x_wconf 73' lang='lat' dir='ltr'><strong>quando</strong></span> <span class='ocrx_word' id='word_1_497' title='bbox 827 5861 1024 5926; x_wconf 78' lang='lat' dir='ltr'><strong>lectum</strong></span> <span class='ocrx_word' id='word_1_498' title='bbox 1049 5868 1153 5940; x_wconf 74' lang='lat' dir='ltr'><strong>est,</strong></span> <span class='ocrx_word' id='word_1_499' title='bbox 1176 5873 1232 5919; x_wconf 88' lang='lat' dir='ltr'><strong>ut</strong></span> <span class='ocrx_word' id='word_1_500' title='bbox 1253 5861 1523 5944; x_wconf 73' lang='lat' dir='ltr'><strong>potuimus</strong></span> <span class='ocrx_word' id='word_1_501' title='bbox 1546 5863 1893 5945; x_wconf 69' lang='lat' dir='ltr'><strong>exposuimus</strong></span> <span class='ocrx_word' id='word_1_502' title='bbox 1916 5884 1931 5922; x_wconf 86' lang='lat'><strong>:</strong></span> <span class='ocrx_word' id='word_1_503' title='bbox 1953 5871 2170 5946; x_wconf 81' lang='lat' dir='ltr'><strong>quidam</strong></span> 
     </span>
    </p>
   </div>
   <div class='ocr_carea' id='block_1_60' title="bbox 1451 372 2857 446">
    <p class='ocr_par' dir='ltr' id='par_1_60' title="bbox 1451 372 2857 446">
     <span class='ocr_line' id='line_1_60' title="bbox 1451 372 2857 446; baseline -0.011 -2"><span class='ocrx_word' id='word_1_504' title='bbox 1451 389 1520 446; x_wconf 81' lang='lat' dir='ltr'><strong>IN</strong></span> <span class='ocrx_word' id='word_1_505' title='bbox 1555 383 1833 444; x_wconf 76' lang='lat' dir='ltr'><strong>JOANNIS</strong></span> <span class='ocrx_word' id='word_1_506' title='bbox 1869 372 2338 440; x_wconf 71' lang='lat' dir='ltr'><strong>EV’ANGELIUM,</strong></span> <span class='ocrx_word' id='word_1_507' title='bbox 2383 373 2442 431; x_wconf 85' lang='lat' dir='ltr'><strong>S.</strong></span> <span class='ocrx_word' id='word_1_508' title='bbox 2485 372 2857 433; x_wconf 73' lang='lat' dir='ltr'><strong>AUGUSTIN!</strong></span> 
     </span>
    </p>
   </div>
   <div class='ocr_carea' id='block_1_61' title="bbox 3624 387 3727 448">
    <p class='ocr_par' dir='ltr' id='par_1_61' title="bbox 3624 387 3727 448">
     <span class='ocr_line' id='line_1_61' title="bbox 3624 387 3727 448; baseline 0.058 -6"><span class='ocrx_word' id='word_1_509' title='bbox 3624 387 3727 448; x_wconf 65' lang='grc' dir='ltr'><strong>ΓΜ</strong></span> 
     </span>
    </p>
   </div>
   <div class='ocr_carea' id='block_1_62' title="bbox 2233 488 3728 562">
    <p class='ocr_par' dir='ltr' id='par_1_62' title="bbox 2233 488 3728 562">
     <span class='ocr_line' id='line_1_62' title="bbox 2233 488 3728 562; baseline 0.007 -16"><span class='ocrx_word' id='word_1_510' title='bbox 2233 507 2296 546; x_wconf 85' lang='lat' dir='ltr'><strong>ex</strong></span> <span class='ocrx_word' id='word_1_511' title='bbox 2327 489 2608 544; x_wconf 68' lang='lat' dir='ltr'><strong>Pharisztris</strong></span> <span class='ocrx_word' id='word_1_512' title='bbox 2633 488 2882 546; x_wconf 78' lang='lat' dir='ltr'><strong>dixerunt</strong></span> <span class='ocrx_word' id='word_1_513' title='bbox 2901 530 2916 553; x_wconf 91' lang='lat'><strong>,</strong></span> <span class='ocrx_word' id='word_1_514' title='bbox 2949 488 3214 560; x_wconf 83' lang='lat' dir='ltr'><strong>Numquid</strong></span> <span class='ocrx_word' id='word_1_515' title='bbox 3249 497 3296 545; x_wconf 79' lang='lat' dir='ltr'><strong>ct</strong></span> <span class='ocrx_word' id='word_1_516' title='bbox 3330 499 3413 545; x_wconf 76' lang='lat' dir='ltr'><strong>nos</strong></span> <span class='ocrx_word' id='word_1_517' title='bbox 3436 499 3540 549; x_wconf 71' lang='lat' dir='ltr'><strong>cred</strong></span> <span class='ocrx_word' id='word_1_518' title='bbox 3571 507 3728 562; x_wconf 64' lang='lat' dir='ltr'><strong>mutu!</strong></span> 
     </span>
    </p>
   </div>
   <div class='ocr_carea' id='block_1_63' title="bbox 2233 577 3731 662">
    <p class='ocr_par' dir='ltr' id='par_1_63' title="bbox 2233 577 3731 662">
     <span class='ocr_line' id='line_1_63' title="bbox 2233 577 3731 662; baseline 0.004 -28"><span class='ocrx_word' id='word_1_519' title='bbox 2233 583 2436 651; x_wconf 75' lang='lat' dir='ltr'><strong>Quibus</strong></span> <span class='ocrx_word' id='word_1_520' title='bbox 2461 579 2731 652; x_wconf 74' lang='lat' dir='ltr'><strong>respondit</strong></span> <span class='ocrx_word' id='word_1_521' title='bbox 2765 599 2777 635; x_wconf 91' lang='lat'>:</span> <span class='ocrx_word' id='word_1_522' title='bbox 2809 581 2870 637; x_wconf 89' lang='lat' dir='ltr'><strong>Si</strong></span> <span class='ocrx_word' id='word_1_523' title='bbox 2897 583 3019 636; x_wconf 69' lang='lat' dir='ltr'><strong>eieci</strong></span> <span class='ocrx_word' id='word_1_524' title='bbox 3052 579 3223 638; x_wconf 79' lang='lat' dir='ltr'><strong>essetis</strong></span> <span class='ocrx_word' id='word_1_525' title='bbox 3249 577 3272 643; x_wconf 17' lang='lat' dir='ltr'><strong>.i</strong></span> <span class='ocrx_word' id='word_1_526' title='bbox 3290 601 3383 638; x_wconf 84' lang='lat' dir='ltr'><strong>non</strong></span> <span class='ocrx_word' id='word_1_527' title='bbox 3411 587 3620 644; x_wconf 73' lang='lat' dir='ltr'><strong>haberetis</strong></span> <span class='ocrx_word' id='word_1_528' title='bbox 3647 609 3731 662; x_wconf 63' lang='lat' dir='ltr'><strong>pa.</strong></span> 
     </span>
    </p>
   </div>
   <div class='ocr_carea' id='block_1_64' title="bbox 2234 673 3731 756">
    <p class='ocr_par' dir='ltr' id='par_1_64' title="bbox 2234 673 3731 756">
     <span class='ocr_line' id='line_1_64' title="bbox 2234 673 3731 756; baseline 0.009 -30"><span class='ocrx_word' id='word_1_529' title='bbox 2234 684 2433 756; x_wconf 85' lang='lat' dir='ltr'><strong>catum;</strong></span> <span class='ocrx_word' id='word_1_530' title='bbox 2469 690 2600 727; x_wconf 86' lang='lat' dir='ltr'><strong>nunc</strong></span> <span class='ocrx_word' id='word_1_531' title='bbox 2637 683 2804 727; x_wconf 86' lang='lat' dir='ltr'><strong>autem</strong></span> <span class='ocrx_word' id='word_1_532' title='bbox 2841 673 3041 738; x_wconf 89' lang='lat' dir='ltr'><strong>dicitis,</strong></span> <span class='ocrx_word' id='word_1_533' title='bbox 3078 674 3213 740; x_wconf 81' lang='lat' dir='ltr'><strong>Quia</strong></span> <span class='ocrx_word' id='word_1_534' title='bbox 3248 675 3460 730; x_wconf 77' lang='lat' dir='ltr'><strong>ridemus</strong></span> <span class='ocrx_word' id='word_1_535' title='bbox 3496 692 3731 748; x_wconf 71' lang='lat' dir='ltr'><strong>:peccstttn</strong></span> 
     </span>
    </p>
   </div>
   <div class='ocr_carea' id='block_1_65' title="bbox 2234 758 3731 843">
    <p class='ocr_par' dir='ltr' id='par_1_65' title="bbox 2234 758 3731 843">
     <span class='ocr_line' id='line_1_65' title="bbox 2234 758 3731 843; baseline 0.009 -23"><span class='ocrx_word' id='word_1_536' title='bbox 2234 779 2452 820; x_wconf 80' lang='lat' dir='ltr'><strong>vestrum</strong></span> <span class='ocrx_word' id='word_1_537' title='bbox 2483 767 2648 820; x_wconf 76' lang='lat' dir='ltr'><strong>inanet</strong></span> <span class='ocrx_word' id='word_1_538' title='bbox 2678 758 2855 837; x_wconf 75' lang='lat' dir='ltr'><strong>(Joan.</strong></span> <span class='ocrx_word' id='word_1_539' title='bbox 2878 769 2926 821; x_wconf 64' lang='grc' dir='ltr'>ιχ</span> <span class='ocrx_word' id='word_1_540' title='bbox 2949 771 2964 832; x_wconf 88' lang='lat'><strong>&#39;,</strong></span> <span class='ocrx_word' id='word_1_541' title='bbox 2989 765 3149 823; x_wconf 65' lang='lat'><strong>39-“</strong></span> <span class='ocrx_word' id='word_1_542' title='bbox 3165 767 3204 838; x_wconf 93' lang='lat'><strong>).</strong></span> <span class='ocrx_word' id='word_1_543' title='bbox 3239 767 3329 823; x_wconf 68' lang='grc' dir='ltr'><strong>ηις</strong></span> <span class='ocrx_word' id='word_1_544' title='bbox 3347 771 3508 827; x_wconf 83' lang='lat' dir='ltr'><strong>verbis</strong></span> <span class='ocrx_word' id='word_1_545' title='bbox 3523 775 3731 843; x_wconf 82' lang='lat' dir='ltr'><strong>subjuusit.</strong></span> 
     </span>
    </p>
   </div>
   <div class='ocr_carea' id='block_1_66' title="bbox 2233 855 3498 933">
    <p class='ocr_par' dir='ltr' id='par_1_66' title="bbox 2233 855 3498 933">
     <span class='ocr_line' id='line_1_66' title="bbox 2233 855 3498 933; baseline 0.002 -15"><span class='ocrx_word' id='word_1_546' title='bbox 2233 856 2293 918; x_wconf 80' lang='lat' dir='ltr'><strong>ea</strong></span> <span class='ocrx_word' id='word_1_547' title='bbox 2324 855 2441 933; x_wconf 66' lang='lat' dir='ltr'><strong>quas</strong></span> <span class='ocrx_word' id='word_1_548' title='bbox 2470 857 2626 917; x_wconf 84' lang='lat' dir='ltr'><strong>hodie</strong></span> <span class='ocrx_word' id='word_1_549' title='bbox 2647 861 2764 917; x_wconf 86' lang='lat' dir='ltr'><strong>cum</strong></span> <span class='ocrx_word' id='word_1_550' title='bbox 2788 855 3160 927; x_wconf 81' lang='lat' dir='ltr'><strong>recitarentur,</strong></span> <span class='ocrx_word' id='word_1_551' title='bbox 3193 861 3498 921; x_wconf 79' lang='lat' dir='ltr'><strong>audivimus.</strong></span> 
     </span>
    </p>
   </div>
   <div class='ocr_carea' id='block_1_67' title="bbox 2303 949 3736 1028">
    <p class='ocr_par' dir='ltr' id='par_1_67' title="bbox 2303 949 3736 1028">
     <span class='ocr_line' id='line_1_67' title="bbox 2303 949 3736 1028; baseline 0.005 -19"><span class='ocrx_word' id='word_1_552' title='bbox 2303 957 2357 1012; x_wconf 73' lang='lat'><strong>9..</strong></span> <span class='ocrx_word' id='word_1_553' title='bbox 2393 949 2570 1020; x_wconf 75' lang='lat' dir='ltr'><strong>Amen,</strong></span> <span class='ocrx_word' id='word_1_554' title='bbox 2597 949 2743 1009; x_wconf 81' lang='lat' dir='ltr'><strong>amen</strong></span> <span class='ocrx_word' id='word_1_555' title='bbox 2769 951 2882 1012; x_wconf 85' lang='lat' dir='ltr'><strong>dico</strong></span> <span class='ocrx_word' id='word_1_556' title='bbox 2912 957 3065 1019; x_wconf 64' lang='lat' dir='ltr'><strong>uobis,</strong></span> <span class='ocrx_word' id='word_1_557' title='bbox 3099 958 3187 1026; x_wconf 80' lang='lat' dir='ltr'><strong>qui</strong></span> <span class='ocrx_word' id='word_1_558' title='bbox 3215 974 3312 1010; x_wconf 88' lang='lat' dir='ltr'><strong>non</strong></span> <span class='ocrx_word' id='word_1_559' title='bbox 3339 955 3484 1012; x_wconf 85' lang='lat' dir='ltr'><strong>intrat</strong></span> <span class='ocrx_word' id='word_1_560' title='bbox 3511 976 3586 1028; x_wconf 75' lang='lat' dir='ltr'><strong>per</strong></span> <span class='ocrx_word' id='word_1_561' title='bbox 3605 965 3736 1020; x_wconf 69' lang='lat' dir='ltr'><strong>ostium</strong></span> 
     </span>
    </p>
   </div>
   <div class='ocr_carea' id='block_1_68' title="bbox 2235 1039 3736 1120">
    <p class='ocr_par' dir='ltr' id='par_1_68' title="bbox 2235 1039 3736 1120">
     <span class='ocr_line' id='line_1_68' title="bbox 2235 1039 3736 1120; baseline 0.008 -19"><span class='ocrx_word' id='word_1_562' title='bbox 2235 1050 2285 1102; x_wconf 84' lang='lat' dir='ltr'><strong>in</strong></span> <span class='ocrx_word' id='word_1_563' title='bbox 2312 1049 2438 1102; x_wconf 84' lang='lat' dir='ltr'><strong>ovile</strong></span> <span class='ocrx_word' id='word_1_564' title='bbox 2462 1039 2646 1110; x_wconf 80' lang='lat' dir='ltr'><strong>ovium.</strong></span> <span class='ocrx_word' id='word_1_565' title='bbox 2677 1049 2762 1103; x_wconf 89' lang='lat' dir='ltr'><strong>sed</strong></span> <span class='ocrx_word' id='word_1_566' title='bbox 2783 1050 3006 1102; x_wconf 81' lang='lat' dir='ltr'><strong>ascendit</strong></span> <span class='ocrx_word' id='word_1_567' title='bbox 3032 1042 3259 1111; x_wconf 66' lang='lat' dir='ltr'><strong>aliunde,</strong></span> <span class='ocrx_word' id='word_1_568' title='bbox 3282 1047 3366 1103; x_wconf 82' lang='lat' dir='ltr'><strong>ille</strong></span> <span class='ocrx_word' id='word_1_569' title='bbox 3391 1053 3470 1120; x_wconf 79' lang='lat' dir='ltr'><strong>fur</strong></span> <span class='ocrx_word' id='word_1_570' title='bbox 3491 1061 3552 1105; x_wconf 84' lang='lat' dir='ltr'><strong>est</strong></span> <span class='ocrx_word' id='word_1_571' title='bbox 3571 1064 3609 1106; x_wconf 84' lang='lat' dir='ltr'><strong>ct</strong></span> <span class='ocrx_word' id='word_1_572' title='bbox 3625 1055 3736 1112; x_wconf 79' lang='lat' dir='ltr'><strong>latro.</strong></span> 
     </span>
    </p>
   </div>
   <div class='ocr_carea' id='block_1_69' title="bbox 2237 1141 3740 1206">
    <p class='ocr_par' dir='ltr' id='par_1_69' title="bbox 2237 1141 3740 1206">
     <span class='ocr_line' id='line_1_69' title="bbox 2237 1141 3740 1206; baseline 0.007 -11"><span class='ocrx_word' id='word_1_573' title='bbox 2237 1141 2490 1196; x_wconf 73' lang='lat' dir='ltr'><strong>Dixerunt</strong></span> <span class='ocrx_word' id='word_1_574' title='bbox 2516 1142 2658 1196; x_wconf 90' lang='lat' dir='ltr'><strong>enim</strong></span> <span class='ocrx_word' id='word_1_575' title='bbox 2687 1157 2744 1195; x_wconf 91' lang='lat' dir='ltr'><strong>se</strong></span> <span class='ocrx_word' id='word_1_576' title='bbox 2769 1157 2941 1197; x_wconf 74' lang='lat' dir='ltr'><strong>ca~cos</strong></span> <span class='ocrx_word' id='word_1_577' title='bbox 2968 1158 3069 1195; x_wconf 89' lang='lat' dir='ltr'><strong>non</strong></span> <span class='ocrx_word' id='word_1_578' title='bbox 3095 1158 3217 1198; x_wconf 73' lang='lat' dir='ltr'><strong>esse</strong></span> <span class='ocrx_word' id='word_1_579' title='bbox 3240 1160 3253 1194; x_wconf 89' lang='lat'><strong><em>:</em></strong></span> <span class='ocrx_word' id='word_1_580' title='bbox 3285 1144 3457 1199; x_wconf 88' lang='lat' dir='ltr'><strong>videre</strong></span> <span class='ocrx_word' id='word_1_581' title='bbox 3483 1156 3632 1201; x_wconf 85' lang='lat' dir='ltr'><strong>autem</strong></span> <span class='ocrx_word' id='word_1_582' title='bbox 3654 1159 3740 1206; x_wconf 84' lang='lat' dir='ltr'><strong>tunc</strong></span> 
     </span>
    </p>
   </div>
   <div class='ocr_carea' id='block_1_70' title="bbox 2235 1225 3742 1312">
    <p class='ocr_par' dir='ltr' id='par_1_70' title="bbox 2235 1225 3742 1312">
     <span class='ocr_line' id='line_1_70' title="bbox 2235 1225 3742 1312; baseline 0.008 -30"><span class='ocrx_word' id='word_1_583' title='bbox 2235 1246 2473 1306; x_wconf 79' lang='lat' dir='ltr'><strong>possent,</strong></span> <span class='ocrx_word' id='word_1_584' title='bbox 2503 1235 2546 1289; x_wconf 91' lang='lat' dir='ltr'><strong>si</strong></span> <span class='ocrx_word' id='word_1_585' title='bbox 2575 1252 2701 1289; x_wconf 90' lang='lat' dir='ltr'><strong>oves</strong></span> <span class='ocrx_word' id='word_1_586' title='bbox 2729 1232 2925 1290; x_wconf 72' lang='lat' dir='ltr'><strong>Christi</strong></span> <span class='ocrx_word' id='word_1_587' title='bbox 2958 1225 3157 1292; x_wconf 81' lang='lat' dir='ltr'><strong>essent.</strong></span> <span class='ocrx_word' id='word_1_588' title='bbox 3191 1236 3340 1292; x_wconf 87' lang='lat' dir='ltr'><strong>Unde</strong></span> <span class='ocrx_word' id='word_1_589' title='bbox 3363 1238 3457 1292; x_wconf 83' lang='lat' dir='ltr'><strong>sibi</strong></span> <span class='ocrx_word' id='word_1_590' title='bbox 3488 1242 3742 1312; x_wconf 73' lang='lat' dir='ltr'><strong>usurpabant</strong></span> 
     </span>
    </p>
   </div>
   <div class='ocr_carea' id='block_1_71' title="bbox 2237 1330 3744 1409">
    <p class='ocr_par' dir='ltr' id='par_1_71' title="bbox 2237 1330 3744 1409">
     <span class='ocr_line' id='line_1_71' title="bbox 2237 1330 3744 1409; baseline 0.006 -26"><span class='ocrx_word' id='word_1_591' title='bbox 2237 1330 2414 1384; x_wconf 91' lang='lat' dir='ltr'><strong>lumen</strong></span> <span class='ocrx_word' id='word_1_592' title='bbox 2437 1347 2523 1408; x_wconf 80' lang='lat' dir='ltr'><strong>qui</strong></span> <span class='ocrx_word' id='word_1_593' title='bbox 2549 1331 2790 1385; x_wconf 79' lang='lat' dir='ltr'><strong>furebant</strong></span> <span class='ocrx_word' id='word_1_594' title='bbox 2805 1342 2989 1386; x_wconf 90' lang='lat' dir='ltr'><strong>contra</strong></span> <span class='ocrx_word' id='word_1_595' title='bbox 3012 1331 3153 1386; x_wconf 91' lang='lat' dir='ltr'><strong>diem</strong></span> <span class='ocrx_word' id='word_1_596' title='bbox 3172 1331 3196 1384; x_wconf 70' lang='grc' dir='ltr'><strong>’ἶ</strong></span> <span class='ocrx_word' id='word_1_597' title='bbox 3213 1331 3432 1404; x_wconf 84' lang='lat' dir='ltr'><strong>Propter</strong></span> <span class='ocrx_word' id='word_1_598' title='bbox 3456 1333 3634 1388; x_wconf 85' lang='lat' dir='ltr'><strong>illorum</strong></span> <span class='ocrx_word' id='word_1_599' title='bbox 3654 1352 3744 1409; x_wconf 68' lang='lat' dir='ltr'><strong>ergo</strong></span> 
     </span>
    </p>
   </div>
   <div class='ocr_carea' id='block_1_72' title="bbox 2237 1425 3746 1496">
    <p class='ocr_par' dir='ltr' id='par_1_72' title="bbox 2237 1425 3746 1496">
     <span class='ocr_line' id='line_1_72' title="bbox 2237 1425 3746 1496; baseline 0.009 -22"><span class='ocrx_word' id='word_1_600' title='bbox 2237 1439 2426 1478; x_wconf 87' lang='lat' dir='ltr'><strong>vanam</strong></span> <span class='ocrx_word' id='word_1_601' title='bbox 2459 1435 2509 1478; x_wconf 83' lang='lat' dir='ltr'><strong>et</strong></span> <span class='ocrx_word' id='word_1_602' title='bbox 2539 1425 2822 1495; x_wconf 82' lang='lat' dir='ltr'><strong>superbam</strong></span> <span class='ocrx_word' id='word_1_603' title='bbox 2861 1435 2915 1480; x_wconf 88' lang='lat' dir='ltr'><strong>et</strong></span> <span class='ocrx_word' id='word_1_604' title='bbox 2951 1425 3299 1480; x_wconf 84' lang='lat' dir='ltr'><strong>insanabilem</strong></span> <span class='ocrx_word' id='word_1_605' title='bbox 3339 1429 3653 1496; x_wconf 77' lang='lat' dir='ltr'><strong>arrogantiam</strong></span> <span class='ocrx_word' id='word_1_606' title='bbox 3673 1430 3746 1486; x_wconf 88' lang='lat' dir='ltr'><strong>Do-</strong></span> 
     </span>
    </p>
   </div>
   <div class='ocr_carea' id='block_1_73' title="bbox 2239 1517 3746 1590">
    <p class='ocr_par' dir='ltr' id='par_1_73' title="bbox 2239 1517 3746 1590">
     <span class='ocr_line' id='line_1_73' title="bbox 2239 1517 3746 1590; baseline 0.005 -19"><span class='ocrx_word' id='word_1_607' title='bbox 2239 1518 2415 1571; x_wconf 90' lang='lat' dir='ltr'><strong>minus</strong></span> <span class='ocrx_word' id='word_1_608' title='bbox 2443 1517 2601 1572; x_wconf 60' lang='lat' dir='ltr'><strong>.lesus</strong></span> <span class='ocrx_word' id='word_1_609' title='bbox 2625 1518 2722 1571; x_wconf 82' lang='lat' dir='ltr'><strong>ista</strong></span> <span class='ocrx_word' id='word_1_610' title='bbox 2751 1519 3053 1573; x_wconf 72' lang='lat' dir='ltr'><strong>contexuit:</strong></span> <span class='ocrx_word' id='word_1_611' title='bbox 3093 1519 3144 1572; x_wconf 93' lang='lat' dir='ltr'><strong>in</strong></span> <span class='ocrx_word' id='word_1_612' title='bbox 3173 1518 3364 1590; x_wconf 89' lang='lat' dir='ltr'><strong>quibus</strong></span> <span class='ocrx_word' id='word_1_613' title='bbox 3392 1519 3642 1576; x_wconf 86' lang='lat' dir='ltr'><strong>salubriter</strong></span> <span class='ocrx_word' id='word_1_614' title='bbox 3662 1538 3746 1589; x_wconf 82' lang='lat' dir='ltr'><strong>nos,</strong></span> 
     </span>
    </p>
   </div>
   <div class='ocr_carea' id='block_1_74' title="bbox 2239 1613 3748 1684">
    <p class='ocr_par' dir='ltr' id='par_1_74' title="bbox 2239 1613 3748 1684">
     <span class='ocr_line' id='line_1_74' title="bbox 2239 1613 3748 1684; baseline 0.001 -16"><span class='ocrx_word' id='word_1_615' title='bbox 2239 1614 2281 1668; x_wconf 87' lang='lat' dir='ltr'><strong>si</strong></span> <span class='ocrx_word' id='word_1_616' title='bbox 2311 1613 2667 1678; x_wconf 87' lang='lat' dir='ltr'><strong>advertanuts,</strong></span> <span class='ocrx_word' id='word_1_617' title='bbox 2699 1613 2990 1667; x_wconf 89' lang='lat' dir='ltr'><strong>admonuit.</strong></span> <span class='ocrx_word' id='word_1_618' title='bbox 3022 1613 3166 1667; x_wconf 84' lang='lat' dir='ltr'><strong>Multi</strong></span> <span class='ocrx_word' id='word_1_619' title='bbox 3194 1614 3336 1667; x_wconf 84' lang='lat' dir='ltr'><strong>enim</strong></span> <span class='ocrx_word' id='word_1_620' title='bbox 3367 1615 3582 1684; x_wconf 89' lang='lat' dir='ltr'><strong>suntqui</strong></span> <span class='ocrx_word' id='word_1_621' title='bbox 3607 1630 3748 1670; x_wconf 87' lang='lat' dir='ltr'><strong>secun-</strong></span> 
     </span>
    </p>
   </div>
   <div class='ocr_carea' id='block_1_75' title="bbox 2238 1706 3749 1776">
    <p class='ocr_par' dir='ltr' id='par_1_75' title="bbox 2238 1706 3749 1776">
     <span class='ocr_line' id='line_1_75' title="bbox 2238 1706 3749 1776; baseline 0.002 -15"><span class='ocrx_word' id='word_1_622' title='bbox 2238 1707 2364 1761; x_wconf 89' lang='lat' dir='ltr'><strong>dmn</strong></span> <span class='ocrx_word' id='word_1_623' title='bbox 2395 1706 2676 1776; x_wconf 84' lang='lat' dir='ltr'><strong>quamdam</strong></span> <span class='ocrx_word' id='word_1_624' title='bbox 2721 1707 2841 1761; x_wconf 74' lang='lat' dir='ltr'><strong>vita:</strong></span> <span class='ocrx_word' id='word_1_625' title='bbox 2887 1707 3044 1776; x_wconf 85' lang='lat' dir='ltr'><strong>hujus</strong></span> <span class='ocrx_word' id='word_1_626' title='bbox 3088 1707 3519 1762; x_wconf 88' lang='lat' dir='ltr'><strong>consuetudinem</strong></span> <span class='ocrx_word' id='word_1_627' title='bbox 3563 1709 3749 1764; x_wconf 82' lang='lat' dir='ltr'><strong>dicuntur</strong></span> 
     </span>
    </p>
   </div>
   <div class='ocr_carea' id='block_1_76' title="bbox 2241 1785 3751 1870">
    <p class='ocr_par' dir='ltr' id='par_1_76' title="bbox 2241 1785 3751 1870">
     <span class='ocr_line' id='line_1_76' title="bbox 2241 1785 3751 1870; baseline 0.002 -17"><span class='ocrx_word' id='word_1_628' title='bbox 2241 1799 2362 1854; x_wconf 89' lang='lat' dir='ltr'><strong>boni</strong></span> <span class='ocrx_word' id='word_1_629' title='bbox 2393 1799 2654 1861; x_wconf 67' lang='lat' dir='ltr'><strong>homines,</strong></span> <span class='ocrx_word' id='word_1_630' title='bbox 2686 1799 2805 1853; x_wconf 89' lang='lat' dir='ltr'><strong>boni</strong></span> <span class='ocrx_word' id='word_1_631' title='bbox 2836 1785 2954 1864; x_wconf 87' lang='lat' dir='ltr'><strong>viri,</strong></span> <span class='ocrx_word' id='word_1_632' title='bbox 2981 1799 3133 1854; x_wconf 71' lang='lat' dir='ltr'><strong>boum</strong></span> <span class='ocrx_word' id='word_1_633' title='bbox 3163 1798 3393 1862; x_wconf 79' lang='lat' dir='ltr'><strong>femiuzc,</strong></span> <span class='ocrx_word' id='word_1_634' title='bbox 3417 1799 3751 1870; x_wconf 50' lang='lat' dir='ltr'><strong>innocentesmt</strong></span> 
     </span>
    </p>
   </div>
   <div class='ocr_carea' id='block_1_77' title="bbox 2240 1890 3749 1964">
    <p class='ocr_par' dir='ltr' id='par_1_77' title="bbox 2240 1890 3749 1964">
     <span class='ocr_line' id='line_1_77' title="bbox 2240 1890 3749 1964; baseline 0.005 -26"><span class='ocrx_word' id='word_1_635' title='bbox 2240 1892 2386 1960; x_wconf 87' lang='lat' dir='ltr'><strong>quasi</strong></span> <span class='ocrx_word' id='word_1_636' title='bbox 2415 1892 2760 1964; x_wconf 77' lang='lat' dir='ltr'><strong>observantes</strong></span> <span class='ocrx_word' id='word_1_637' title='bbox 2785 1906 2844 1945; x_wconf 88' lang='lat' dir='ltr'><strong>ea</strong></span> <span class='ocrx_word' id='word_1_638' title='bbox 2880 1907 2998 1960; x_wconf 72' lang='lat' dir='ltr'><strong>qua:</strong></span> <span class='ocrx_word' id='word_1_639' title='bbox 3031 1891 3080 1944; x_wconf 90' lang='lat' dir='ltr'><strong>in</strong></span> <span class='ocrx_word' id='word_1_640' title='bbox 3117 1891 3234 1959; x_wconf 80' lang='lat' dir='ltr'><strong>lege</strong></span> <span class='ocrx_word' id='word_1_641' title='bbox 3261 1901 3512 1959; x_wconf 71' lang='lat' dir='ltr'><strong>prscrcpta</strong></span> <span class='ocrx_word' id='word_1_642' title='bbox 3532 1902 3660 1953; x_wconf 87' lang='lat' dir='ltr'><strong>sunt;</strong></span> <span class='ocrx_word' id='word_1_643' title='bbox 3684 1890 3749 1946; x_wconf 79' lang='lat' dir='ltr'><strong>de-</strong></span> 
     </span>
    </p>
   </div>
   <div class='ocr_carea' id='block_1_78' title="bbox 2243 1979 3750 2051">
    <p class='ocr_par' dir='ltr' id='par_1_78' title="bbox 2243 1979 3750 2051">
     <span class='ocr_line' id='line_1_78' title="bbox 2243 1979 3750 2051; baseline 0.003 -16"><span class='ocrx_word' id='word_1_644' title='bbox 2243 1981 2470 2038; x_wconf 50' lang='lat' dir='ltr'><strong>ferentis</strong></span> <span class='ocrx_word' id='word_1_645' title='bbox 2503 1985 2758 2039; x_wconf 78' lang='lat' dir='ltr'><strong>honorem</strong></span> <span class='ocrx_word' id='word_1_646' title='bbox 2801 1983 3106 2051; x_wconf 82' lang='lat' dir='ltr'><strong>parentibus</strong></span> <span class='ocrx_word' id='word_1_647' title='bbox 3145 1984 3258 2036; x_wconf 79' lang='lat' dir='ltr'><strong>suis</strong></span> <span class='ocrx_word' id='word_1_648' title='bbox 3283 2023 3296 2047; x_wconf 88' lang='lat'><strong>,</strong></span> <span class='ocrx_word' id='word_1_649' title='bbox 3331 1999 3430 2036; x_wconf 86' lang='lat' dir='ltr'><strong>non</strong></span> <span class='ocrx_word' id='word_1_650' title='bbox 3457 1979 3750 2049; x_wconf 70' lang='lat' dir='ltr'><strong>nitechantes,</strong></span> 
     </span>
    </p>
   </div>
   <div class='ocr_carea' id='block_1_79' title="bbox 2244 2073 3752 2144">
    <p class='ocr_par' dir='ltr' id='par_1_79' title="bbox 2244 2073 3752 2144">
     <span class='ocr_line' id='line_1_79' title="bbox 2244 2073 3752 2144; baseline 0.002 -17"><span class='ocrx_word' id='word_1_651' title='bbox 2244 2091 2346 2128; x_wconf 90' lang='lat' dir='ltr'><strong>non</strong></span> <span class='ocrx_word' id='word_1_652' title='bbox 2379 2076 2718 2130; x_wconf 82' lang='lat' dir='ltr'><strong>homicidium</strong></span> <span class='ocrx_word' id='word_1_653' title='bbox 2746 2085 3109 2144; x_wconf 78' lang='lat' dir='ltr'><strong>perpeti-antes</strong></span> <span class='ocrx_word' id='word_1_654' title='bbox 3138 2117 3153 2142; x_wconf 87' lang='lat'><strong>,</strong></span> <span class='ocrx_word' id='word_1_655' title='bbox 3189 2091 3293 2129; x_wconf 90' lang='lat' dir='ltr'><strong>non</strong></span> <span class='ocrx_word' id='word_1_656' title='bbox 3323 2074 3509 2130; x_wconf 79' lang='lat' dir='ltr'><strong>furtum</strong></span> <span class='ocrx_word' id='word_1_657' title='bbox 3539 2073 3752 2140; x_wconf 76' lang='lat' dir='ltr'><strong>facientes.</strong></span> 
     </span>
    </p>
   </div>
   <div class='ocr_carea' id='block_1_80' title="bbox 2243 2148 3755 2246">
    <p class='ocr_par' dir='ltr' id='par_1_80' title="bbox 2243 2148 3755 2246">
     <span class='ocr_line' id='line_1_80' title="bbox 2243 2148 3755 2246; baseline -0.001 -23"><span class='ocrx_word' id='word_1_658' title='bbox 2243 2185 2350 2223; x_wconf 86' lang='lat' dir='ltr'><strong>non</strong></span> <span class='ocrx_word' id='word_1_659' title='bbox 2396 2169 2581 2223; x_wconf 84' lang='lat' dir='ltr'><strong>lalsum</strong></span> <span class='ocrx_word' id='word_1_660' title='bbox 2635 2151 2995 2246; x_wconf 85' lang='lat' dir='ltr'><strong>testimonium</strong></span> <span class='ocrx_word' id='word_1_661' title='bbox 3039 2148 3322 2228; x_wconf 80' lang='lat' dir='ltr'><strong>adversus</strong></span> <span class='ocrx_word' id='word_1_662' title='bbox 3351 2183 3638 2239; x_wconf 83' lang='lat' dir='ltr'><strong>quemquam</strong></span> <span class='ocrx_word' id='word_1_663' title='bbox 3673 2182 3755 2238; x_wconf 83' lang='lat' dir='ltr'><strong>per-</strong></span> 
     </span>
    </p>
   </div>
   <div class='ocr_carea' id='block_1_81' title="bbox 2244 2265 3754 2344">
    <p class='ocr_par' dir='ltr' id='par_1_81' title="bbox 2244 2265 3754 2344">
     <span class='ocr_line' id='line_1_81' title="bbox 2244 2265 3754 2344; baseline 0.003 -26"><span class='ocrx_word' id='word_1_664' title='bbox 2244 2265 2488 2320; x_wconf 79' lang='lat' dir='ltr'><strong>llianlt‘S</strong></span> <span class='ocrx_word' id='word_1_665' title='bbox 2507 2307 2520 2325; x_wconf 92' lang='lat'><strong>.</strong></span> <span class='ocrx_word' id='word_1_666' title='bbox 2550 2275 2600 2320; x_wconf 92' lang='lat' dir='ltr'><strong>et</strong></span> <span class='ocrx_word' id='word_1_667' title='bbox 2633 2275 2824 2320; x_wconf 75' lang='lat' dir='ltr'><strong>czclera</strong></span> <span class='ocrx_word' id='word_1_668' title='bbox 2854 2281 2972 2336; x_wconf 78' lang='lat' dir='ltr'><strong>quae</strong></span> <span class='ocrx_word' id='word_1_669' title='bbox 2999 2267 3114 2340; x_wconf 76' lang='lat' dir='ltr'><strong>lege</strong></span> <span class='ocrx_word' id='word_1_670' title='bbox 3143 2267 3389 2344; x_wconf 78' lang='lat' dir='ltr'><strong>mandata</strong></span> <span class='ocrx_word' id='word_1_671' title='bbox 3415 2277 3529 2322; x_wconf 85' lang='lat' dir='ltr'><strong>sunt</strong></span> <span class='ocrx_word' id='word_1_672' title='bbox 3553 2267 3671 2321; x_wconf 85' lang='lat' dir='ltr'><strong>velut</strong></span> <span class='ocrx_word' id='word_1_673' title='bbox 3686 2268 3754 2322; x_wconf 86' lang='lat' dir='ltr'><strong>ob-</strong></span> 
     </span>
    </p>
   </div>
   <div class='ocr_carea' id='block_1_82' title="bbox 2243 2356 3756 2434">
    <p class='ocr_par' dir='ltr' id='par_1_82' title="bbox 2243 2356 3756 2434">
     <span class='ocr_line' id='line_1_82' title="bbox 2243 2356 3756 2434; baseline 0.001 -24"><span class='ocrx_word' id='word_1_674' title='bbox 2243 2365 2518 2410; x_wconf 72' lang='lat' dir='ltr'><strong>servantes</strong></span> <span class='ocrx_word' id='word_1_675' title='bbox 2542 2397 2556 2418; x_wconf 87' lang='lat'><strong>.</strong></span> <span class='ocrx_word' id='word_1_676' title='bbox 2586 2356 2860 2410; x_wconf 80' lang='lat' dir='ltr'><strong>christiani</strong></span> <span class='ocrx_word' id='word_1_677' title='bbox 2894 2373 2998 2414; x_wconf 89' lang='lat' dir='ltr'><strong>nun</strong></span> <span class='ocrx_word' id='word_1_678' title='bbox 3029 2368 3155 2434; x_wconf 85' lang='lat' dir='ltr'><strong>sunt</strong></span> <span class='ocrx_word' id='word_1_679' title='bbox 3188 2377 3202 2412; x_wconf 90' lang='lat'><strong>:</strong></span> <span class='ocrx_word' id='word_1_680' title='bbox 3235 2367 3290 2412; x_wconf 87' lang='lat' dir='ltr'><strong>et</strong></span> <span class='ocrx_word' id='word_1_681' title='bbox 3329 2358 3616 2429; x_wconf 85' lang='lat' dir='ltr'><strong>plerumque</strong></span> <span class='ocrx_word' id='word_1_682' title='bbox 3637 2358 3756 2428; x_wconf 80' lang='lat' dir='ltr'><strong>seja-</strong></span> 
     </span>
    </p>
   </div>
   <div class='ocr_carea' id='block_1_83' title="bbox 2243 2449 3757 2528">
    <p class='ocr_par' dir='ltr' id='par_1_83' title="bbox 2243 2449 3757 2522">
     <span class='ocr_line' id='line_1_83' title="bbox 2243 2449 3757 2522; baseline 0.001 -20"><span class='ocrx_word' id='word_1_683' title='bbox 2243 2457 2390 2503; x_wconf 86' lang='lat' dir='ltr'><strong>ctant</strong></span> <span class='ocrx_word' id='word_1_684' title='bbox 2414 2450 2680 2518; x_wconf 66' lang='lat' dir='ltr'><strong>quomodo</strong></span> <span class='ocrx_word' id='word_1_685' title='bbox 2704 2450 2809 2514; x_wconf 90' lang='lat' dir='ltr'><strong>isti,</strong></span> <span class='ocrx_word' id='word_1_686' title='bbox 2839 2449 3102 2522; x_wconf 73' lang='lat' dir='ltr'><strong>Numquid</strong></span> <span class='ocrx_word' id='word_1_687' title='bbox 3124 2461 3173 2504; x_wconf 85' lang='lat' dir='ltr'><strong>et</strong></span> <span class='ocrx_word' id='word_1_688' title='bbox 3202 2467 3293 2504; x_wconf 86' lang='lat' dir='ltr'><strong>nos</strong></span> <span class='ocrx_word' id='word_1_689' title='bbox 3317 2453 3432 2505; x_wconf 74' lang='lat' dir='ltr'><strong>eieci</strong></span> <span class='ocrx_word' id='word_1_690' title='bbox 3456 2468 3607 2506; x_wconf 84' lang='lat' dir='ltr'><strong>sumus</strong></span> <span class='ocrx_word' id='word_1_691' title='bbox 3624 2451 3644 2504; x_wconf 85' lang='lat'><strong>.’</strong></span> <span class='ocrx_word' id='word_1_692' title='bbox 3664 2450 3757 2518; x_wconf 69' lang='lat' dir='ltr'><strong>Qui:</strong></span> 
     </span>
    </p>
   </div>
   <div class='ocr_carea' id='block_1_84' title="bbox 2244 2530 3760 2615">
    <p class='ocr_par' dir='ltr' id='par_1_84' title="bbox 2244 2530 3760 2615">
     <span class='ocr_line' id='line_1_84' title="bbox 2244 2530 3760 2615; baseline 0.001 -22"><span class='ocrx_word' id='word_1_693' title='bbox 2244 2557 2371 2594; x_wconf 84' lang='lat' dir='ltr'><strong>vero</strong></span> <span class='ocrx_word' id='word_1_694' title='bbox 2399 2542 2495 2594; x_wconf 86' lang='lat' dir='ltr'><strong>ista</strong></span> <span class='ocrx_word' id='word_1_695' title='bbox 2523 2541 2700 2594; x_wconf 89' lang='lat' dir='ltr'><strong>omnia</strong></span> <span class='ocrx_word' id='word_1_696' title='bbox 2732 2559 2850 2610; x_wconf 73' lang='lat' dir='ltr'><strong>qua:</strong></span> <span class='ocrx_word' id='word_1_697' title='bbox 2882 2544 3080 2615; x_wconf 79' lang='lat' dir='ltr'><strong>faciunt</strong></span> <span class='ocrx_word' id='word_1_698' title='bbox 3102 2583 3119 2605; x_wconf 87' lang='lat'><strong>,</strong></span> <span class='ocrx_word' id='word_1_699' title='bbox 3150 2551 3206 2596; x_wconf 86' lang='lat' dir='ltr'><strong>et</strong></span> <span class='ocrx_word' id='word_1_700' title='bbox 3232 2543 3472 2596; x_wconf 87' lang='lat' dir='ltr'><strong>nesciunt</strong></span> <span class='ocrx_word' id='word_1_701' title='bbox 3497 2541 3554 2597; x_wconf 88' lang='lat' dir='ltr'><strong>ad</strong></span> <span class='ocrx_word' id='word_1_702' title='bbox 3581 2530 3703 2611; x_wconf 79' lang='lat' dir='ltr'><strong>quem</strong></span> <span class='ocrx_word' id='word_1_703' title='bbox 3719 2540 3760 2594; x_wconf 85' lang='lat' dir='ltr'><strong>li-</strong></span> 
     </span>
    </p>
   </div>
   <div class='ocr_carea' id='block_1_85' title="bbox 2245 2634 3756 2705">
    <p class='ocr_par' dir='ltr' id='par_1_85' title="bbox 2245 2634 3756 2705">
     <span class='ocr_line' id='line_1_85' title="bbox 2245 2634 3756 2705; baseline 0.001 -18"><span class='ocrx_word' id='word_1_704' title='bbox 2245 2650 2365 2693; x_wconf 89' lang='lat' dir='ltr'><strong>nem</strong></span> <span class='ocrx_word' id='word_1_705' title='bbox 2393 2634 2643 2698; x_wconf 74' lang='lat' dir='ltr'><strong>referant,</strong></span> <span class='ocrx_word' id='word_1_706' title='bbox 2675 2635 2902 2688; x_wconf 85' lang='lat' dir='ltr'><strong>inaniter</strong></span> <span class='ocrx_word' id='word_1_707' title='bbox 2924 2634 3143 2698; x_wconf 81' lang='lat' dir='ltr'><strong>faciunt,</strong></span> <span class='ocrx_word' id='word_1_708' title='bbox 3174 2635 3427 2690; x_wconf 81' lang='lat' dir='ltr'><strong>Dea-inus</strong></span> <span class='ocrx_word' id='word_1_709' title='bbox 3445 2634 3506 2688; x_wconf 86' lang='lat' dir='ltr'><strong>de</strong></span> <span class='ocrx_word' id='word_1_710' title='bbox 3527 2647 3756 2705; x_wconf 72' lang='lat' dir='ltr'><strong>gregem.</strong></span> 
     </span>
    </p>
   </div>
   <div class='ocr_carea' id='block_1_86' title="bbox 2246 2709 3759 2804">
    <p class='ocr_par' dir='ltr' id='par_1_86' title="bbox 2246 2709 3759 2804">
     <span class='ocr_line' id='line_1_86' title="bbox 2246 2709 3759 2804; baseline -0.001 -24"><span class='ocrx_word' id='word_1_711' title='bbox 2246 2736 2299 2780; x_wconf 91' lang='lat' dir='ltr'><strong>ct</strong></span> <span class='ocrx_word' id='word_1_712' title='bbox 2327 2726 2392 2779; x_wconf 89' lang='lat' dir='ltr'><strong>de</strong></span> <span class='ocrx_word' id='word_1_713' title='bbox 2419 2728 2557 2780; x_wconf 87' lang='lat' dir='ltr'><strong>ostio</strong></span> <span class='ocrx_word' id='word_1_714' title='bbox 2583 2743 2688 2795; x_wconf 89' lang='lat' dir='ltr'><strong>quo</strong></span> <span class='ocrx_word' id='word_1_715' title='bbox 2721 2728 2948 2782; x_wconf 89' lang='lat' dir='ltr'><strong>intratur</strong></span> <span class='ocrx_word' id='word_1_716' title='bbox 2972 2727 3036 2780; x_wconf 92' lang='lat' dir='ltr'><strong>ad</strong></span> <span class='ocrx_word' id='word_1_717' title='bbox 3069 2728 3215 2782; x_wconf 85' lang='lat' dir='ltr'><strong>ovile</strong></span> <span class='ocrx_word' id='word_1_718' title='bbox 3240 2769 3255 2793; x_wconf 87' lang='lat'><strong>,</strong></span> <span class='ocrx_word' id='word_1_719' title='bbox 3285 2709 3759 2804; x_wconf 34' lang='lat' dir='ltr'><strong>similitudincm‘pro-</strong></span> 
     </span>
    </p>
   </div>
   <div class='ocr_carea' id='block_1_87' title="bbox 2248 2816 3759 2890">
    <p class='ocr_par' dir='ltr' id='par_1_87' title="bbox 2248 2816 3759 2890">
     <span class='ocr_line' id='line_1_87' title="bbox 2248 2816 3759 2890; baseline 0.001 -22"><span class='ocrx_word' id='word_1_720' title='bbox 2248 2817 2417 2888; x_wconf 83' lang='lat' dir='ltr'><strong>posuit</strong></span> <span class='ocrx_word' id='word_1_721' title='bbox 2445 2817 2494 2871; x_wconf 90' lang='lat' dir='ltr'><strong>in</strong></span> <span class='ocrx_word' id='word_1_722' title='bbox 2525 2817 2779 2880; x_wconf 85' lang='lat' dir='ltr'><strong>hodierna</strong></span> <span class='ocrx_word' id='word_1_723' title='bbox 2801 2817 3048 2872; x_wconf 73' lang='lat' dir='ltr'><strong>lectione.</strong></span> <span class='ocrx_word' id='word_1_724' title='bbox 3081 2818 3272 2873; x_wconf 86' lang='lat' dir='ltr'><strong>Dicant</strong></span> <span class='ocrx_word' id='word_1_725' title='bbox 3291 2833 3418 2890; x_wconf 67' lang='lat' dir='ltr'><strong>ergo</strong></span> <span class='ocrx_word' id='word_1_726' title='bbox 3438 2817 3608 2887; x_wconf 78' lang='lat' dir='ltr'><strong>Pagani</strong></span> <span class='ocrx_word' id='word_1_727' title='bbox 3631 2835 3641 2870; x_wconf 88' lang='lat'>:</span> <span class='ocrx_word' id='word_1_728' title='bbox 3661 2816 3759 2890; x_wconf 79' lang='lat' dir='ltr'><strong>Bene</strong></span> 
     </span>
    </p>
   </div>
   <div class='ocr_carea' id='block_1_88' title="bbox 2248 2891 3759 2986">
    <p class='ocr_par' dir='ltr' id='par_1_88' title="bbox 2248 2891 3759 2986">
     <span class='ocr_line' id='line_1_88' title="bbox 2248 2891 3759 2986; baseline -0.001 -22"><span class='ocrx_word' id='word_1_729' title='bbox 2248 2911 2494 2966; x_wconf 81' lang='lat' dir='ltr'><strong>vivimus.</strong></span> <span class='ocrx_word' id='word_1_730' title='bbox 2521 2911 2576 2967; x_wconf 90' lang='lat' dir='ltr'><strong>Si</strong></span> <span class='ocrx_word' id='word_1_731' title='bbox 2610 2927 2706 2980; x_wconf 90' lang='lat' dir='ltr'><strong>per</strong></span> <span class='ocrx_word' id='word_1_732' title='bbox 2733 2913 2928 2977; x_wconf 86' lang='lat' dir='ltr'><strong>ostium</strong></span> <span class='ocrx_word' id='word_1_733' title='bbox 2963 2927 3067 2967; x_wconf 89' lang='lat' dir='ltr'><strong>non</strong></span> <span class='ocrx_word' id='word_1_734' title='bbox 3097 2913 3302 2967; x_wconf 90' lang='lat' dir='ltr'><strong>intrant</strong></span> <span class='ocrx_word' id='word_1_735' title='bbox 3328 2956 3343 2976; x_wconf 96' lang='lat'><strong>,</strong></span> <span class='ocrx_word' id='word_1_736' title='bbox 3370 2913 3489 2982; x_wconf 89' lang='lat' dir='ltr'><strong>quid</strong></span> <span class='ocrx_word' id='word_1_737' title='bbox 3509 2891 3759 2986; x_wconf 57' lang='lat' dir='ltr'><strong>prodes-lci:</strong></span> 
     </span>
    </p>
   </div>
   <div class='ocr_carea' id='block_1_89' title="bbox 2251 3001 3760 3079">
    <p class='ocr_par' dir='ltr' id='par_1_89' title="bbox 2251 3001 3760 3079">
     <span class='ocr_line' id='line_1_89' title="bbox 2251 3001 3760 3079; baseline 0 -21"><span class='ocrx_word' id='word_1_738' title='bbox 2251 3004 2390 3058; x_wconf 89' lang='lat' dir='ltr'><strong>unde</strong></span> <span class='ocrx_word' id='word_1_739' title='bbox 2415 3003 2748 3072; x_wconf 76' lang='lat' dir='ltr'><strong>gloriantur?</strong></span> <span class='ocrx_word' id='word_1_740' title='bbox 2781 3004 2858 3066; x_wconf 80' lang='lat' dir='ltr'><strong>Ad</strong></span> <span class='ocrx_word' id='word_1_741' title='bbox 2891 3003 2993 3060; x_wconf 86' lang='lat' dir='ltr'><strong>hoc</strong></span> <span class='ocrx_word' id='word_1_742' title='bbox 3017 3004 3164 3060; x_wconf 89' lang='lat' dir='ltr'><strong>enim</strong></span> <span class='ocrx_word' id='word_1_743' title='bbox 3187 3005 3347 3078; x_wconf 77' lang='lat' dir='ltr'><strong>debet</strong></span> <span class='ocrx_word' id='word_1_744' title='bbox 3376 3005 3630 3079; x_wconf 81' lang='lat' dir='ltr'><strong>unicuique</strong></span> 
     </span>
    </p>
   </div>
   <div class='ocr_carea' id='block_1_90' title="bbox 2251 3077 3762 3171">
    <p class='ocr_par' dir='ltr' id='par_1_90' title="bbox 2251 3077 3762 3171">
     <span class='ocr_line' id='line_1_90' title="bbox 2251 3077 3762 3171; baseline -0.003 -18"><span class='ocrx_word' id='word_1_745' title='bbox 2251 3113 2372 3153; x_wconf 82' lang='lat' dir='ltr'><strong>esse</strong></span> <span class='ocrx_word' id='word_1_746' title='bbox 2398 3098 2534 3152; x_wconf 83' lang='lat' dir='ltr'><strong>bene</strong></span> <span class='ocrx_word' id='word_1_747' title='bbox 2575 3098 2752 3154; x_wconf 86' lang='lat' dir='ltr'><strong>vivere</strong></span> <span class='ocrx_word' id='word_1_748' title='bbox 2779 3137 2794 3160; x_wconf 84' lang='lat'><strong>,</strong></span> <span class='ocrx_word' id='word_1_749' title='bbox 2821 3105 2878 3159; x_wconf 86' lang='lat' dir='ltr'><strong>ut</strong></span> <span class='ocrx_word' id='word_1_750' title='bbox 2917 3096 3073 3156; x_wconf 88' lang='lat' dir='ltr'><strong>detur</strong></span> <span class='ocrx_word' id='word_1_751' title='bbox 3101 3096 3176 3151; x_wconf 92' lang='lat' dir='ltr'><strong>illi</strong></span> <span class='ocrx_word' id='word_1_752' title='bbox 3223 3077 3436 3170; x_wconf 78' lang='lat' dir='ltr'><strong>semper</strong></span> <span class='ocrx_word' id='word_1_753' title='bbox 3463 3077 3618 3152; x_wconf 86' lang='lat' dir='ltr'><strong>vivere</strong></span> <span class='ocrx_word' id='word_1_754' title='bbox 3644 3077 3762 3171; x_wconf 55' lang='lat' dir='ltr'><strong>suam</strong></span> 
     </span>
    </p>
   </div>
   <div class='ocr_carea' id='block_1_91' title="bbox 2251 3184 3761 3262">
    <p class='ocr_par' dir='ltr' id='par_1_91' title="bbox 2251 3184 3761 3262">
     <span class='ocr_line' id='line_1_91' title="bbox 2251 3184 3761 3262; baseline -0.003 -17"><span class='ocrx_word' id='word_1_755' title='bbox 2251 3191 2335 3245; x_wconf 90' lang='lat' dir='ltr'><strong>cui</strong></span> <span class='ocrx_word' id='word_1_756' title='bbox 2379 3207 2482 3245; x_wconf 90' lang='lat' dir='ltr'><strong>non</strong></span> <span class='ocrx_word' id='word_1_757' title='bbox 2511 3191 2669 3247; x_wconf 89' lang='lat' dir='ltr'><strong>datur</strong></span> <span class='ocrx_word' id='word_1_758' title='bbox 2695 3206 2909 3259; x_wconf 87' lang='lat' dir='ltr'><strong>semper</strong></span> <span class='ocrx_word' id='word_1_759' title='bbox 2933 3191 3115 3254; x_wconf 67' lang='lat' dir='ltr'><strong>vivere</strong></span> <span class='ocrx_word' id='word_1_760' title='bbox 3141 3232 3157 3256; x_wconf 83' lang='lat'><strong>,</strong></span> <span class='ocrx_word' id='word_1_761' title='bbox 3189 3190 3315 3262; x_wconf 91' lang='lat' dir='ltr'><strong>quid</strong></span> <span class='ocrx_word' id='word_1_762' title='bbox 3350 3189 3545 3260; x_wconf 83' lang='lat' dir='ltr'><strong>prodest</strong></span> <span class='ocrx_word' id='word_1_763' title='bbox 3572 3188 3690 3262; x_wconf 73' lang='lat' dir='ltr'><strong>liene</strong></span> <span class='ocrx_word' id='word_1_764' title='bbox 3706 3184 3761 3237; x_wconf 72' lang='lat' dir='ltr'><strong>ti-</strong></span> 
     </span>
    </p>
   </div>
   <div class='ocr_carea' id='block_1_92' title="bbox 2253 3279 3762 3351">
    <p class='ocr_par' dir='ltr' id='par_1_92' title="bbox 2253 3279 3762 3351">
     <span class='ocr_line' id='line_1_92' title="bbox 2253 3279 3762 3351; baseline -0.002 -14"><span class='ocrx_word' id='word_1_765' title='bbox 2253 3286 2422 3338; x_wconf 85' lang='lat' dir='ltr'><strong>vere?</strong></span> <span class='ocrx_word' id='word_1_766' title='bbox 2446 3285 2578 3351; x_wconf 87' lang='lat' dir='ltr'><strong>Quia</strong></span> <span class='ocrx_word' id='word_1_767' title='bbox 2611 3301 2707 3339; x_wconf 89' lang='lat' dir='ltr'><strong>nec</strong></span> <span class='ocrx_word' id='word_1_768' title='bbox 2736 3284 2874 3339; x_wconf 86' lang='lat' dir='ltr'><strong>bene</strong></span> <span class='ocrx_word' id='word_1_769' title='bbox 2902 3284 3081 3339; x_wconf 80' lang='lat' dir='ltr'><strong>vivere</strong></span> <span class='ocrx_word' id='word_1_770' title='bbox 3105 3285 3322 3339; x_wconf 87' lang='lat' dir='ltr'><strong>dicendi</strong></span> <span class='ocrx_word' id='word_1_771' title='bbox 3363 3293 3481 3338; x_wconf 88' lang='lat' dir='ltr'><strong>sunt</strong></span> <span class='ocrx_word' id='word_1_772' title='bbox 3502 3325 3515 3344; x_wconf 90' lang='lat'><strong>.</strong></span> <span class='ocrx_word' id='word_1_773' title='bbox 3543 3282 3621 3351; x_wconf 90' lang='lat' dir='ltr'><strong>qui</strong></span> <span class='ocrx_word' id='word_1_774' title='bbox 3651 3279 3762 3334; x_wconf 75' lang='lat' dir='ltr'><strong>litum</strong></span> 
     </span>
    </p>
   </div>
   <div class='ocr_carea' id='block_1_93' title="bbox 2256 3374 3764 3441">
    <p class='ocr_par' dir='ltr' id='par_1_93' title="bbox 2256 3374 3764 3441">
     <span class='ocr_line' id='line_1_93' title="bbox 2256 3374 3764 3441; baseline -0.005 -10"><span class='ocrx_word' id='word_1_775' title='bbox 2256 3376 2392 3431; x_wconf 85' lang='lat' dir='ltr'><strong>bene</strong></span> <span class='ocrx_word' id='word_1_776' title='bbox 2421 3376 2626 3430; x_wconf 81' lang='lat' dir='ltr'><strong>vivendi</strong></span> <span class='ocrx_word' id='word_1_777' title='bbox 2657 3376 2738 3430; x_wconf 86' lang='lat' dir='ltr'><strong>vel</strong></span> <span class='ocrx_word' id='word_1_778' title='bbox 2762 3377 3002 3436; x_wconf 81' lang='lat' dir='ltr'><strong>c:rcilato</strong></span> <span class='ocrx_word' id='word_1_779' title='bbox 3029 3377 3298 3441; x_wconf 90' lang='lat' dir='ltr'><strong>nesciunt,</strong></span> <span class='ocrx_word' id='word_1_780' title='bbox 3329 3376 3409 3432; x_wconf 80' lang='lat' dir='ltr'><strong>vel</strong></span> <span class='ocrx_word' id='word_1_781' title='bbox 3435 3374 3668 3434; x_wconf 83' lang='lat' dir='ltr'><strong>inﬂatione</strong></span> <span class='ocrx_word' id='word_1_782' title='bbox 3681 3383 3764 3425; x_wconf 77' lang='lat' dir='ltr'><strong>eon-</strong></span> 
     </span>
    </p>
   </div>
   <div class='ocr_carea' id='block_1_94' title="bbox 2257 3467 3764 3538">
    <p class='ocr_par' dir='ltr' id='par_1_94' title="bbox 2257 3467 3764 3538">
     <span class='ocr_line' id='line_1_94' title="bbox 2257 3467 3764 3538; baseline -0.007 -16"><span class='ocrx_word' id='word_1_783' title='bbox 2257 3477 2517 3522; x_wconf 88' lang='lat' dir='ltr'><strong>tcmnuut.</strong></span> <span class='ocrx_word' id='word_1_784' title='bbox 2555 3467 2668 3522; x_wconf 85' lang='lat' dir='ltr'><strong>Non</strong></span> <span class='ocrx_word' id='word_1_785' title='bbox 2699 3477 2780 3521; x_wconf 61' lang='lat' dir='ltr'><strong>est</strong></span> <span class='ocrx_word' id='word_1_786' title='bbox 2807 3475 2984 3522; x_wconf 84' lang='lat' dir='ltr'><strong>autem</strong></span> <span class='ocrx_word' id='word_1_787' title='bbox 3029 3468 3278 3538; x_wconf 85' lang='lat' dir='ltr'><strong>cuiquam</strong></span> <span class='ocrx_word' id='word_1_788' title='bbox 3309 3482 3430 3538; x_wconf 72' lang='lat' dir='ltr'><strong>Spes</strong></span> <span class='ocrx_word' id='word_1_789' title='bbox 3464 3480 3574 3520; x_wconf 82' lang='lat' dir='ltr'><strong>vera</strong></span> <span class='ocrx_word' id='word_1_790' title='bbox 3599 3473 3641 3518; x_wconf 86' lang='lat' dir='ltr'><strong>et</strong></span> <span class='ocrx_word' id='word_1_791' title='bbox 3662 3467 3764 3515; x_wconf 74' lang='lat' dir='ltr'><strong>certa</strong></span> 
     </span>
    </p>
   </div>
   <div class='ocr_carea' id='block_1_95' title="bbox 2258 3548 3764 3630">
    <p class='ocr_par' dir='ltr' id='par_1_95' title="bbox 2258 3548 3764 3630">
     <span class='ocr_line' id='line_1_95' title="bbox 2258 3548 3764 3630; baseline -0.005 -18"><span class='ocrx_word' id='word_1_792' title='bbox 2258 3573 2469 3628; x_wconf 84' lang='lat' dir='ltr'><strong>semper</strong></span> <span class='ocrx_word' id='word_1_793' title='bbox 2497 3558 2707 3613; x_wconf 85' lang='lat' dir='ltr'><strong>vivendi</strong></span> <span class='ocrx_word' id='word_1_794' title='bbox 2733 3601 2748 3622; x_wconf 94' lang='lat'><strong>,</strong></span> <span class='ocrx_word' id='word_1_795' title='bbox 2779 3559 2877 3613; x_wconf 78' lang='lat' dir='ltr'><strong>nisi</strong></span> <span class='ocrx_word' id='word_1_796' title='bbox 2909 3568 3163 3628; x_wconf 81' lang='lat' dir='ltr'><strong>agnoscat</strong></span> <span class='ocrx_word' id='word_1_797' title='bbox 3191 3560 3352 3615; x_wconf 89' lang='lat' dir='ltr'><strong>vitam</strong></span> <span class='ocrx_word' id='word_1_798' title='bbox 3378 3599 3392 3623; x_wconf 83' lang='lat'><strong>.</strong></span> <span class='ocrx_word' id='word_1_799' title='bbox 3419 3556 3550 3630; x_wconf 88' lang='lat' dir='ltr'><strong>quod</strong></span> <span class='ocrx_word' id='word_1_800' title='bbox 3571 3548 3764 3610; x_wconf 84' lang='lat' dir='ltr'><strong>cstCltri-</strong></span> 
     </span>
    </p>
   </div>
   <div class='ocr_carea' id='block_1_96' title="bbox 2259 3650 3638 3720">
    <p class='ocr_par' dir='ltr' id='par_1_96' title="bbox 2259 3650 3638 3720">
     <span class='ocr_line' id='line_1_96' title="bbox 2259 3650 3638 3720; baseline 0.001 -17"><span class='ocrx_word' id='word_1_801' title='bbox 2259 3659 2402 3715; x_wconf 86' lang='lat' dir='ltr'><strong>stus;</strong></span> <span class='ocrx_word' id='word_1_802' title='bbox 2434 3660 2486 3703; x_wconf 85' lang='lat' dir='ltr'><strong>et</strong></span> <span class='ocrx_word' id='word_1_803' title='bbox 2511 3666 2607 3720; x_wconf 88' lang='lat' dir='ltr'><strong>per</strong></span> <span class='ocrx_word' id='word_1_804' title='bbox 2627 3650 2842 3719; x_wconf 88' lang='lat' dir='ltr'><strong>januam</strong></span> <span class='ocrx_word' id='word_1_805' title='bbox 2871 3651 3032 3704; x_wconf 86' lang='lat' dir='ltr'><strong>intret</strong></span> <span class='ocrx_word' id='word_1_806' title='bbox 3057 3651 3108 3704; x_wconf 93' lang='lat' dir='ltr'><strong>in</strong></span> <span class='ocrx_word' id='word_1_807' title='bbox 3137 3652 3298 3706; x_wconf 89' lang='lat' dir='ltr'><strong>ovile.</strong></span> <span class='ocrx_word' id='word_1_808' title='bbox 3631 3713 3638 3719; x_wconf 27' lang='grc' dir='ltr'>δ</span> 
     </span>
    </p>
   </div>
   <div class='ocr_carea' id='block_1_97' title="bbox 2331 3734 3764 3812">
    <p class='ocr_par' dir='ltr' id='par_1_97' title="bbox 2331 3734 3764 3812">
     <span class='ocr_line' id='line_1_97' title="bbox 2331 3734 3764 3812; baseline -0.007 -16"><span class='ocrx_word' id='word_1_809' title='bbox 2331 3744 2384 3796; x_wconf 83' lang='grc'><strong>5.</strong></span> <span class='ocrx_word' id='word_1_810' title='bbox 2425 3741 2682 3808; x_wconf 63' lang='lat' dir='ltr'><strong>Quartam.</strong></span> <span class='ocrx_word' id='word_1_811' title='bbox 2719 3758 2848 3811; x_wconf 81' lang='lat' dir='ltr'><strong>ergo</strong></span> <span class='ocrx_word' id='word_1_812' title='bbox 2891 3744 3204 3812; x_wconf 88' lang='lat' dir='ltr'><strong>plerumque</strong></span> <span class='ocrx_word' id='word_1_813' title='bbox 3245 3744 3377 3798; x_wconf 88' lang='lat' dir='ltr'><strong>tales</strong></span> <span class='ocrx_word' id='word_1_814' title='bbox 3419 3739 3633 3796; x_wconf 85' lang='lat' dir='ltr'><strong>homines</strong></span> <span class='ocrx_word' id='word_1_815' title='bbox 3651 3734 3764 3808; x_wconf 76' lang='lat' dir='ltr'><strong>etiam</strong></span> 
     </span>
    </p>
   </div>
   <div class='ocr_carea' id='block_1_98' title="bbox 2261 3821 3764 3904">
    <p class='ocr_par' dir='ltr' id='par_1_98' title="bbox 2261 3821 3764 3904">
     <span class='ocr_line' id='line_1_98' title="bbox 2261 3821 3764 3904; baseline -0.003 -16"><span class='ocrx_word' id='word_1_816' title='bbox 2261 3833 2584 3904; x_wconf 75' lang='lat' dir='ltr'><strong>persuadere</strong></span> <span class='ocrx_word' id='word_1_817' title='bbox 2626 3833 2932 3890; x_wconf 87' lang='lat' dir='ltr'><strong>homiuilms</strong></span> <span class='ocrx_word' id='word_1_818' title='bbox 2975 3843 3032 3888; x_wconf 91' lang='lat' dir='ltr'><strong>nt</strong></span> <span class='ocrx_word' id='word_1_819' title='bbox 3076 3835 3214 3890; x_wconf 89' lang='lat' dir='ltr'><strong>bene</strong></span> <span class='ocrx_word' id='word_1_820' title='bbox 3239 3836 3456 3899; x_wconf 85' lang='lat' dir='ltr'><strong>vivant,</strong></span> <span class='ocrx_word' id='word_1_821' title='bbox 3484 3843 3534 3887; x_wconf 91' lang='lat' dir='ltr'><strong>et</strong></span> <span class='ocrx_word' id='word_1_822' title='bbox 3557 3821 3764 3884; x_wconf 75' lang='lat' dir='ltr'><strong>christiani</strong></span> 
     </span>
    </p>
   </div>
   <div class='ocr_carea' id='block_1_99' title="bbox 2263 3924 3762 3996">
    <p class='ocr_par' dir='ltr' id='par_1_99' title="bbox 2263 3924 3762 3996">
     <span class='ocr_line' id='line_1_99' title="bbox 2263 3924 3762 3996; baseline -0.005 -16"><span class='ocrx_word' id='word_1_823' title='bbox 2263 3943 2368 3980; x_wconf 82' lang='lat' dir='ltr'><strong>non</strong></span> <span class='ocrx_word' id='word_1_824' title='bbox 2395 3927 2439 3979; x_wconf 86' lang='lat' dir='ltr'><strong>si</strong></span> <span class='ocrx_word' id='word_1_825' title='bbox 2483 3935 2518 3979; x_wconf 93' lang='grc' dir='ltr'>ι.</span> <span class='ocrx_word' id='word_1_826' title='bbox 2555 3925 2656 3980; x_wconf 85' lang='lat' dir='ltr'><strong>Per</strong></span> <span class='ocrx_word' id='word_1_827' title='bbox 2681 3926 2838 3979; x_wconf 87' lang='lat' dir='ltr'><strong>aliam</strong></span> <span class='ocrx_word' id='word_1_828' title='bbox 2869 3935 3071 3996; x_wconf 86' lang='lat' dir='ltr'><strong>partem</strong></span> <span class='ocrx_word' id='word_1_829' title='bbox 3103 3927 3286 3981; x_wconf 91' lang='lat' dir='ltr'><strong>volunt</strong></span> <span class='ocrx_word' id='word_1_830' title='bbox 3312 3924 3600 3986; x_wconf 88' lang='lat' dir='ltr'><strong>ascendere,</strong></span> <span class='ocrx_word' id='word_1_831' title='bbox 3626 3927 3762 3987; x_wconf 77' lang='lat' dir='ltr'><strong>rapere</strong></span> 
     </span>
    </p>
   </div>
   <div class='ocr_carea' id='block_1_100' title="bbox 2263 4010 3764 4088">
    <p class='ocr_par' dir='ltr' id='par_1_100' title="bbox 2263 4010 3764 4088">
     <span class='ocr_line' id='line_1_100' title="bbox 2263 4010 3764 4088; baseline -0.009 -12"><span class='ocrx_word' id='word_1_832' title='bbox 2263 4030 2318 4076; x_wconf 90' lang='lat' dir='ltr'><strong>et</strong></span> <span class='ocrx_word' id='word_1_833' title='bbox 2342 4018 2627 4085; x_wconf 85' lang='lat' dir='ltr'><strong>occidere;</strong></span> <span class='ocrx_word' id='word_1_834' title='bbox 2651 4034 2756 4073; x_wconf 90' lang='lat' dir='ltr'><strong>non</strong></span> <span class='ocrx_word' id='word_1_835' title='bbox 2781 4029 2837 4072; x_wconf 89' lang='lat' dir='ltr'><strong>ut</strong></span> <span class='ocrx_word' id='word_1_836' title='bbox 2865 4029 3062 4088; x_wconf 90' lang='lat' dir='ltr'><strong>pastor,</strong></span> <span class='ocrx_word' id='word_1_837' title='bbox 3085 4033 3410 4074; x_wconf 85' lang='lat' dir='ltr'><strong>conservare</strong></span> <span class='ocrx_word' id='word_1_838' title='bbox 3432 4024 3576 4085; x_wconf 86' lang='lat' dir='ltr'><strong>atque</strong></span> <span class='ocrx_word' id='word_1_839' title='bbox 3595 4010 3764 4084; x_wconf 68' lang='lat' dir='ltr'><strong>salvam.</strong></span> 
     </span>
    </p>
   </div>
   <div class='ocr_carea' id='block_1_101' title="bbox 2267 4095 3766 4183">
    <p class='ocr_par' dir='ltr' id='par_1_101' title="bbox 2267 4095 3766 4183">
     <span class='ocr_line' id='line_1_101' title="bbox 2267 4095 3766 4183; baseline -0.008 -15"><span class='ocrx_word' id='word_1_840' title='bbox 2267 4113 2505 4168; x_wconf 82' lang='lat' dir='ltr'><strong>Fuerunt</strong></span> <span class='ocrx_word' id='word_1_841' title='bbox 2529 4128 2658 4182; x_wconf 82' lang='lat' dir='ltr'><strong>ergo</strong></span> <span class='ocrx_word' id='word_1_842' title='bbox 2685 4111 2899 4183; x_wconf 87' lang='lat' dir='ltr'><strong>quidam</strong></span> <span class='ocrx_word' id='word_1_843' title='bbox 2933 4111 3236 4182; x_wconf 78' lang='lat' dir='ltr'><strong>philosophi</strong></span> <span class='ocrx_word' id='word_1_844' title='bbox 3253 4153 3269 4176; x_wconf 88' lang='lat'><strong>,</strong></span> <span class='ocrx_word' id='word_1_845' title='bbox 3300 4110 3368 4167; x_wconf 80' lang='lat' dir='ltr'><strong>de</strong></span> <span class='ocrx_word' id='word_1_846' title='bbox 3394 4106 3703 4176; x_wconf 69' lang='lat' dir='ltr'><strong>virtutibusﬂ</strong></span> <span class='ocrx_word' id='word_1_847' title='bbox 3721 4095 3766 4150; x_wconf 72' lang='grc' dir='ltr'><strong>τί·</strong></span> 
     </span>
    </p>
   </div>
   <div class='ocr_carea' id='block_1_102' title="bbox 2267 4194 3762 4265">
    <p class='ocr_par' dir='ltr' id='par_1_102' title="bbox 2267 4194 3762 4265">
     <span class='ocr_line' id='line_1_102' title="bbox 2267 4194 3762 4265; baseline -0.007 -5"><span class='ocrx_word' id='word_1_848' title='bbox 2267 4207 2353 4260; x_wconf 86' lang='lat' dir='ltr'><strong>tiis</strong></span> <span class='ocrx_word' id='word_1_849' title='bbox 2375 4205 2588 4259; x_wconf 89' lang='lat' dir='ltr'><strong>subtilia</strong></span> <span class='ocrx_word' id='word_1_850' title='bbox 2620 4204 2785 4258; x_wconf 88' lang='lat' dir='ltr'><strong>multa</strong></span> <span class='ocrx_word' id='word_1_851' title='bbox 2817 4211 3122 4259; x_wconf 77' lang='lat' dir='ltr'><strong>tractantes.</strong></span> <span class='ocrx_word' id='word_1_852' title='bbox 3149 4203 3466 4264; x_wconf 79' lang='lat' dir='ltr'><strong>dividentes,</strong></span> <span class='ocrx_word' id='word_1_853' title='bbox 3500 4194 3762 4265; x_wconf 57' lang='lat' dir='ltr'><strong>deﬁnientes,</strong></span> 
     </span>
    </p>
   </div>
   <div class='ocr_carea' id='block_1_103' title="bbox 2269 4281 3765 4358">
    <p class='ocr_par' dir='ltr' id='par_1_103' title="bbox 2269 4281 3765 4358">
     <span class='ocr_line' id='line_1_103' title="bbox 2269 4281 3765 4358; baseline -0.01 -5"><span class='ocrx_word' id='word_1_854' title='bbox 2269 4298 2702 4354; x_wconf 81' lang='lat' dir='ltr'><strong>ratiocinationes</strong></span> <span class='ocrx_word' id='word_1_855' title='bbox 2736 4297 3074 4352; x_wconf 86' lang='lat' dir='ltr'><strong>acutissimas</strong></span> <span class='ocrx_word' id='word_1_856' title='bbox 3099 4295 3477 4350; x_wconf 87' lang='lat' dir='ltr'><strong>concludeutes</strong></span> <span class='ocrx_word' id='word_1_857' title='bbox 3496 4333 3513 4358; x_wconf 89' lang='lat'><strong>,</strong></span> <span class='ocrx_word' id='word_1_858' title='bbox 3540 4281 3765 4356; x_wconf 9' lang='lat' dir='ltr'><strong>librosqim-</strong></span> 
     </span>
    </p>
   </div>
   <div class='ocr_carea' id='block_1_104' title="bbox 2269 4368 3766 4462">
    <p class='ocr_par' dir='ltr' id='par_1_104' title="bbox 2269 4368 3766 4462">
     <span class='ocr_line' id='line_1_104' title="bbox 2269 4368 3766 4462; baseline -0.007 -18"><span class='ocrx_word' id='word_1_859' title='bbox 2269 4393 2475 4462; x_wconf 77' lang='lat' dir='ltr'><strong>plCIIlCS</strong></span> <span class='ocrx_word' id='word_1_860' title='bbox 2496 4432 2510 4455; x_wconf 91' lang='lat'><strong>,</strong></span> <span class='ocrx_word' id='word_1_861' title='bbox 2539 4405 2690 4445; x_wconf 86' lang='lat' dir='ltr'><strong>suam</strong></span> <span class='ocrx_word' id='word_1_862' title='bbox 2718 4387 3030 4458; x_wconf 81' lang='lat' dir='ltr'><strong>sapientiam</strong></span> <span class='ocrx_word' id='word_1_863' title='bbox 3081 4387 3264 4442; x_wconf 88' lang='lat' dir='ltr'><strong>buccis</strong></span> <span class='ocrx_word' id='word_1_864' title='bbox 3301 4381 3614 4456; x_wconf 85' lang='lat' dir='ltr'><strong>crepantibus</strong></span> <span class='ocrx_word' id='word_1_865' title='bbox 3644 4368 3766 4448; x_wconf 66' lang='lat' dir='ltr'><strong>mli-</strong></span> 
     </span>
    </p>
   </div>
   <div class='ocr_carea' id='block_1_105' title="bbox 2270 4468 3765 4555">
    <p class='ocr_par' dir='ltr' id='par_1_105' title="bbox 2270 4468 3765 4555">
     <span class='ocr_line' id='line_1_105' title="bbox 2270 4468 3765 4555; baseline -0.011 -15"><span class='ocrx_word' id='word_1_866' title='bbox 2270 4487 2469 4550; x_wconf 88' lang='lat' dir='ltr'><strong>lantes;</strong></span> <span class='ocrx_word' id='word_1_867' title='bbox 2493 4486 2583 4555; x_wconf 87' lang='lat' dir='ltr'><strong>qui</strong></span> <span class='ocrx_word' id='word_1_868' title='bbox 2611 4486 2770 4539; x_wconf 87' lang='lat' dir='ltr'><strong>etiam</strong></span> <span class='ocrx_word' id='word_1_869' title='bbox 2796 4483 2974 4537; x_wconf 83' lang='lat' dir='ltr'><strong>dicere</strong></span> <span class='ocrx_word' id='word_1_870' title='bbox 2999 4481 3257 4536; x_wconf 85' lang='lat' dir='ltr'><strong>auderent</strong></span> <span class='ocrx_word' id='word_1_871' title='bbox 3281 4477 3583 4537; x_wconf 87' lang='lat' dir='ltr'><strong>hominibus,</strong></span> <span class='ocrx_word' id='word_1_872' title='bbox 3606 4468 3688 4538; x_wconf 63' lang='lat' dir='ltr'><strong>Not</strong></span> <span class='ocrx_word' id='word_1_873' title='bbox 3705 4476 3765 4518; x_wconf 68' lang='lat'><strong>58°</strong></span> 
     </span>
    </p>
   </div>
   <div class='ocr_carea' id='block_1_106' title="bbox 2269 4559 3766 4650">
    <p class='ocr_par' dir='ltr' id='par_1_106' title="bbox 2269 4559 3766 4650">
     <span class='ocr_line' id='line_1_106' title="bbox 2269 4559 3766 4650; baseline -0.011 -20"><span class='ocrx_word' id='word_1_874' title='bbox 2269 4578 2489 4650; x_wconf 84' lang='lat' dir='ltr'><strong>quimini</strong></span> <span class='ocrx_word' id='word_1_875' title='bbox 2519 4619 2534 4643; x_wconf 91' lang='lat'><strong>,</strong></span> <span class='ocrx_word' id='word_1_876' title='bbox 2585 4587 2784 4630; x_wconf 86' lang='lat' dir='ltr'><strong>sectam</strong></span> <span class='ocrx_word' id='word_1_877' title='bbox 2831 4583 3070 4630; x_wconf 72' lang='lat' dir='ltr'><strong>nostram</strong></span> <span class='ocrx_word' id='word_1_878' title='bbox 3123 4581 3333 4638; x_wconf 81' lang='lat' dir='ltr'><strong>tenete,</strong></span> <span class='ocrx_word' id='word_1_879' title='bbox 3385 4570 3428 4624; x_wconf 80' lang='lat' dir='ltr'><strong>si</strong></span> <span class='ocrx_word' id='word_1_880' title='bbox 3482 4564 3620 4620; x_wconf 88' lang='lat' dir='ltr'><strong>vultis</strong></span> <span class='ocrx_word' id='word_1_881' title='bbox 3659 4559 3766 4650; x_wconf 45' lang='lat' dir='ltr'><strong>beam</strong></span> 
     </span>
    </p>
   </div>
   <div class='ocr_carea' id='block_1_107' title="bbox 2272 4645 3766 4734">
    <p class='ocr_par' dir='ltr' id='par_1_107' title="bbox 2272 4645 3766 4734">
     <span class='ocr_line' id='line_1_107' title="bbox 2272 4645 3766 4734; baseline -0.01 -11"><span class='ocrx_word' id='word_1_882' title='bbox 2272 4672 2477 4724; x_wconf 82' lang='lat' dir='ltr'><strong>vivere.</strong></span> <span class='ocrx_word' id='word_1_883' title='bbox 2505 4669 2609 4724; x_wconf 87' lang='lat' dir='ltr'><strong>Sed</strong></span> <span class='ocrx_word' id='word_1_884' title='bbox 2637 4685 2742 4722; x_wconf 87' lang='lat' dir='ltr'><strong>non</strong></span> <span class='ocrx_word' id='word_1_885' title='bbox 2771 4667 3031 4722; x_wconf 85' lang='lat' dir='ltr'><strong>intrarant</strong></span> <span class='ocrx_word' id='word_1_886' title='bbox 3059 4679 3152 4734; x_wconf 85' lang='lat' dir='ltr'><strong>per</strong></span> <span class='ocrx_word' id='word_1_887' title='bbox 3178 4663 3373 4730; x_wconf 85' lang='lat' dir='ltr'><strong>ostium</strong></span> <span class='ocrx_word' id='word_1_888' title='bbox 3403 4681 3415 4715; x_wconf 88' lang='lat'><strong>:</strong></span> <span class='ocrx_word' id='word_1_889' title='bbox 3443 4655 3640 4731; x_wconf 82' lang='lat' dir='ltr'><strong>perdere</strong></span> <span class='ocrx_word' id='word_1_890' title='bbox 3661 4645 3766 4724; x_wconf 55' lang='grc' dir='ltr'><strong>εἴσιθ’</strong></span> 
     </span>
    </p>
   </div>
   <div class='ocr_carea' id='block_1_108' title="bbox 2273 4759 3680 4828">
    <p class='ocr_par' dir='ltr' id='par_1_108' title="bbox 2273 4759 3680 4828">
     <span class='ocr_line' id='line_1_108' title="bbox 2273 4759 3680 4828; baseline -0.007 -9"><span class='ocrx_word' id='word_1_891' title='bbox 2273 4763 2421 4828; x_wconf 86' lang='lat' dir='ltr'><strong>baut,</strong></span> <span class='ocrx_word' id='word_1_892' title='bbox 2455 4770 2688 4817; x_wconf 83' lang='lat' dir='ltr'><strong>mactare</strong></span> <span class='ocrx_word' id='word_1_893' title='bbox 2715 4771 2772 4816; x_wconf 82' lang='lat' dir='ltr'><strong>et</strong></span> <span class='ocrx_word' id='word_1_894' title='bbox 2795 4759 3060 4815; x_wconf 86' lang='lat' dir='ltr'><strong>occidere.</strong></span> <span class='ocrx_word' id='word_1_895' title='bbox 3610 4814 3614 4820; x_wconf 65' lang='grc'><strong><em>,</em></strong></span> <span class='ocrx_word' id='word_1_896' title='bbox 3639 4793 3646 4814; x_wconf 89' lang='grc'><strong><em>.</em></strong></span> 
     </span>
    </p>
   </div>
   <div class='ocr_carea' id='block_1_109' title="bbox 2342 4835 3768 4923">
    <p class='ocr_par' dir='ltr' id='par_1_109' title="bbox 2342 4835 3768 4923">
     <span class='ocr_line' id='line_1_109' title="bbox 2342 4835 3768 4923; baseline -0.005 -14"><span class='ocrx_word' id='word_1_897' title='bbox 2342 4857 2396 4910; x_wconf 76' lang='grc'><strong>4.</strong></span> <span class='ocrx_word' id='word_1_898' title='bbox 2438 4853 2573 4923; x_wconf 87' lang='lat' dir='ltr'><strong>Quid</strong></span> <span class='ocrx_word' id='word_1_899' title='bbox 2610 4854 2677 4909; x_wconf 86' lang='lat' dir='ltr'><strong>de</strong></span> <span class='ocrx_word' id='word_1_900' title='bbox 2721 4854 2834 4908; x_wconf 89' lang='lat' dir='ltr'><strong>istis</strong></span> <span class='ocrx_word' id='word_1_901' title='bbox 2870 4851 3087 4910; x_wconf 84' lang='lat' dir='ltr'><strong>dicam?</strong></span> <span class='ocrx_word' id='word_1_902' title='bbox 3113 4851 3251 4914; x_wconf 85' lang='lat' dir='ltr'><strong>Ecce</strong></span> <span class='ocrx_word' id='word_1_903' title='bbox 3289 4849 3386 4921; x_wconf 84' lang='lat' dir='ltr'><strong>ipsi</strong></span> <span class='ocrx_word' id='word_1_904' title='bbox 3427 4835 3768 4912; x_wconf 37' lang='lat' dir='ltr'><strong>Plurimi”?</strong></span> 
     </span>
    </p>
   </div>
   <div class='ocr_carea' id='block_1_110' title="bbox 2276 4929 3765 5016">
    <p class='ocr_par' dir='ltr' id='par_1_110' title="bbox 2276 4929 3765 5016">
     <span class='ocr_line' id='line_1_110' title="bbox 2276 4929 3765 5016; baseline -0.008 -13"><span class='ocrx_word' id='word_1_905' title='bbox 2276 4951 2400 5005; x_wconf 87' lang='lat' dir='ltr'><strong>bant</strong></span> <span class='ocrx_word' id='word_1_906' title='bbox 2424 4989 2439 5013; x_wconf 86' lang='lat'><strong>,</strong></span> <span class='ocrx_word' id='word_1_907' title='bbox 2469 4955 2524 5001; x_wconf 87' lang='lat' dir='ltr'><strong>et</strong></span> <span class='ocrx_word' id='word_1_908' title='bbox 2567 4949 2617 5001; x_wconf 91' lang='lat' dir='ltr'><strong>in</strong></span> <span class='ocrx_word' id='word_1_909' title='bbox 2655 4961 2724 5001; x_wconf 83' lang='lat' dir='ltr'><strong>eo</strong></span> <span class='ocrx_word' id='word_1_910' title='bbox 2769 4944 2910 5016; x_wconf 91' lang='lat' dir='ltr'><strong>quod</strong></span> <span class='ocrx_word' id='word_1_911' title='bbox 2944 4945 3188 5014; x_wconf 77' lang='lat' dir='ltr'><strong>legebant</strong></span> <span class='ocrx_word' id='word_1_912' title='bbox 3210 4985 3225 5008; x_wconf 83' lang='lat'><strong>,</strong></span> <span class='ocrx_word' id='word_1_913' title='bbox 3257 4942 3513 4998; x_wconf 85' lang='lat' dir='ltr'><strong>Christum</strong></span> <span class='ocrx_word' id='word_1_914' title='bbox 3550 4929 3765 5005; x_wconf 64' lang='lat' dir='ltr'><strong>sonabant.</strong></span> 
     </span>
    </p>
   </div>
   <div class='ocr_carea' id='block_1_111' title="bbox 2273 5021 3767 5110">
    <p class='ocr_par' dir='ltr' id='par_1_111' title="bbox 2273 5021 3767 5110">
     <span class='ocr_line' id='line_1_111' title="bbox 2273 5021 3767 5110; baseline -0.013 -13"><span class='ocrx_word' id='word_1_915' title='bbox 2273 5051 2552 5096; x_wconf 86' lang='lat' dir='ltr'><strong>venturum</strong></span> <span class='ocrx_word' id='word_1_916' title='bbox 2578 5038 2879 5110; x_wconf 84' lang='lat' dir='ltr'><strong>sperabant.</strong></span> <span class='ocrx_word' id='word_1_917' title='bbox 2907 5046 2961 5092; x_wconf 85' lang='lat' dir='ltr'><strong>et</strong></span> <span class='ocrx_word' id='word_1_918' title='bbox 2986 5044 3302 5106; x_wconf 60' lang='lat' dir='ltr'><strong>praesentem</strong></span> <span class='ocrx_word' id='word_1_919' title='bbox 3327 5050 3429 5088; x_wconf 90' lang='lat' dir='ltr'><strong>non</strong></span> <span class='ocrx_word' id='word_1_920' title='bbox 3452 5021 3767 5101; x_wconf 63' lang='lat' dir='ltr'><strong>agnoscebat!“</strong></span> 
     </span>
    </p>
   </div>
   <div class='ocr_carea' id='block_1_112' title="bbox 2271 5110 3769 5203">
    <p class='ocr_par' dir='ltr' id='par_1_112' title="bbox 2271 5110 3769 5203">
     <span class='ocr_line' id='line_1_112' title="bbox 2271 5110 3769 5203; baseline -0.011 -19"><span class='ocrx_word' id='word_1_921' title='bbox 2271 5132 2543 5203; x_wconf 85' lang='lat' dir='ltr'><strong>jactabant</strong></span> <span class='ocrx_word' id='word_1_922' title='bbox 2582 5145 2642 5183; x_wconf 89' lang='lat' dir='ltr'><strong>se</strong></span> <span class='ocrx_word' id='word_1_923' title='bbox 2683 5129 2842 5184; x_wconf 84' lang='lat' dir='ltr'><strong>etiam</strong></span> <span class='ocrx_word' id='word_1_924' title='bbox 2873 5128 2974 5198; x_wconf 90' lang='lat' dir='ltr'><strong>ipsi</strong></span> <span class='ocrx_word' id='word_1_925' title='bbox 3003 5128 3144 5182; x_wconf 90' lang='lat' dir='ltr'><strong>inter</strong></span> <span class='ocrx_word' id='word_1_926' title='bbox 3171 5127 3433 5190; x_wconf 82' lang='lat' dir='ltr'><strong>videntes,</strong></span> <span class='ocrx_word' id='word_1_927' title='bbox 3464 5122 3554 5176; x_wconf 89' lang='lat' dir='ltr'><strong>hoc</strong></span> <span class='ocrx_word' id='word_1_928' title='bbox 3583 5123 3652 5172; x_wconf 87' lang='lat' dir='ltr'><strong>est</strong></span> 
     </span>
    </p>
   </div>
   <div class='ocr_carea' id='block_1_113' title="bbox 2275 5199 3768 5294">
    <p class='ocr_par' dir='ltr' id='par_1_113' title="bbox 2275 5199 3768 5294">
     <span class='ocr_line' id='line_1_113' title="bbox 2275 5199 3768 5294; baseline -0.015 -15"><span class='ocrx_word' id='word_1_929' title='bbox 2275 5199 2542 5294; x_wconf 78' lang='lat' dir='ltr'><strong>sapientes</strong></span> <span class='ocrx_word' id='word_1_930' title='bbox 2569 5264 2584 5288; x_wconf 87' lang='lat'><strong>,</strong></span> <span class='ocrx_word' id='word_1_931' title='bbox 2611 5229 2666 5276; x_wconf 89' lang='lat' dir='ltr'><strong>et</strong></span> <span class='ocrx_word' id='word_1_932' title='bbox 2711 5220 2978 5290; x_wconf 79' lang='lat' dir='ltr'><strong>negabant</strong></span> <span class='ocrx_word' id='word_1_933' title='bbox 3014 5218 3284 5275; x_wconf 86' lang='lat' dir='ltr'><strong>Christum</strong></span> <span class='ocrx_word' id='word_1_934' title='bbox 3307 5259 3323 5282; x_wconf 98' lang='lat'><strong>,</strong></span> <span class='ocrx_word' id='word_1_935' title='bbox 3352 5225 3404 5272; x_wconf 85' lang='lat' dir='ltr'><strong>et</strong></span> <span class='ocrx_word' id='word_1_936' title='bbox 3439 5227 3534 5269; x_wconf 86' lang='lat' dir='ltr'><strong>non</strong></span> <span class='ocrx_word' id='word_1_937' title='bbox 3567 5199 3768 5262; x_wconf 66' lang='lat' dir='ltr'><strong>intrabat&quot;</strong></span> 
     </span>
    </p>
   </div>
   <div class='ocr_carea' id='block_1_114' title="bbox 2278 5295 3764 5388">
    <p class='ocr_par' dir='ltr' id='par_1_114' title="bbox 2278 5295 3764 5388">
     <span class='ocr_line' id='line_1_114' title="bbox 2278 5295 3764 5388; baseline -0.013 -19"><span class='ocrx_word' id='word_1_938' title='bbox 2278 5332 2372 5388; x_wconf 86' lang='lat' dir='ltr'><strong>per</strong></span> <span class='ocrx_word' id='word_1_939' title='bbox 2400 5315 2615 5370; x_wconf 87' lang='lat' dir='ltr'><strong>ostium.</strong></span> <span class='ocrx_word' id='word_1_940' title='bbox 2655 5314 2795 5384; x_wconf 78' lang='lat' dir='ltr'><strong>Ergo</strong></span> <span class='ocrx_word' id='word_1_941' title='bbox 2823 5320 2876 5368; x_wconf 90' lang='lat' dir='ltr'><strong>et</strong></span> <span class='ocrx_word' id='word_1_942' title='bbox 2903 5311 2999 5382; x_wconf 87' lang='lat' dir='ltr'><strong>ipsi</strong></span> <span class='ocrx_word' id='word_1_943' title='bbox 3026 5353 3043 5378; x_wconf 89' lang='lat'><strong>,</strong></span> <span class='ocrx_word' id='word_1_944' title='bbox 3072 5310 3115 5366; x_wconf 91' lang='lat' dir='ltr'><strong>si</strong></span> <span class='ocrx_word' id='word_1_945' title='bbox 3145 5325 3277 5383; x_wconf 76' lang='lat' dir='ltr'><strong>quies</strong></span> <span class='ocrx_word' id='word_1_946' title='bbox 3316 5308 3445 5365; x_wconf 81' lang='lat' dir='ltr'><strong>forte</strong></span> <span class='ocrx_word' id='word_1_947' title='bbox 3481 5295 3764 5388; x_wconf 73' lang='lat' dir='ltr'><strong>seducerent.</strong></span> 
     </span>
    </p>
   </div>
   <div class='ocr_carea' id='block_1_115' title="bbox 2277 5384 3762 5471">
    <p class='ocr_par' dir='ltr' id='par_1_115' title="bbox 2277 5384 3762 5471">
     <span class='ocr_line' id='line_1_115' title="bbox 2277 5384 3762 5471; baseline -0.013 -7"><span class='ocrx_word' id='word_1_948' title='bbox 2277 5384 2587 5464; x_wconf 81' lang='lat' dir='ltr'><strong>mactandos</strong></span> <span class='ocrx_word' id='word_1_949' title='bbox 2606 5414 2659 5461; x_wconf 89' lang='lat' dir='ltr'><strong>et</strong></span> <span class='ocrx_word' id='word_1_950' title='bbox 2683 5403 3023 5471; x_wconf 86' lang='lat' dir='ltr'><strong>occidendos,</strong></span> <span class='ocrx_word' id='word_1_951' title='bbox 3053 5419 3160 5458; x_wconf 91' lang='lat' dir='ltr'><strong>non</strong></span> <span class='ocrx_word' id='word_1_952' title='bbox 3186 5397 3476 5465; x_wconf 81' lang='lat' dir='ltr'><strong>liberandos</strong></span> <span class='ocrx_word' id='word_1_953' title='bbox 3500 5384 3762 5450; x_wconf 65' lang='lat' dir='ltr'><strong>seduceer</strong></span> 
     </span>
    </p>
   </div>
   <div class='ocr_carea' id='block_1_116' title="bbox 2280 5472 3762 5556">
    <p class='ocr_par' dir='ltr' id='par_1_116' title="bbox 2280 5472 3762 5556">
     <span class='ocr_line' id='line_1_116' title="bbox 2280 5472 3762 5556; baseline -0.016 0"><span class='ocrx_word' id='word_1_954' title='bbox 2280 5502 2346 5556; x_wconf 87' lang='lat' dir='ltr'><strong>Et</strong></span> <span class='ocrx_word' id='word_1_955' title='bbox 2370 5500 2468 5554; x_wconf 90' lang='lat' dir='ltr'><strong>hos</strong></span> <span class='ocrx_word' id='word_1_956' title='bbox 2495 5495 2824 5553; x_wconf 84' lang='lat' dir='ltr'><strong>dimittamus</strong></span> <span class='ocrx_word' id='word_1_957' title='bbox 2866 5514 2879 5550; x_wconf 90' lang='lat'><strong>:</strong></span> <span class='ocrx_word' id='word_1_958' title='bbox 2923 5494 3197 5550; x_wconf 86' lang='lat' dir='ltr'><strong>videamus</strong></span> <span class='ocrx_word' id='word_1_959' title='bbox 3227 5493 3344 5547; x_wconf 86' lang='lat' dir='ltr'><strong>illos</strong></span> <span class='ocrx_word' id='word_1_960' title='bbox 3368 5491 3410 5544; x_wconf 86' lang='lat' dir='ltr'><strong>si</strong></span> <span class='ocrx_word' id='word_1_961' title='bbox 3447 5487 3568 5542; x_wconf 72' lang='lat' dir='ltr'><strong>forte</strong></span> <span class='ocrx_word' id='word_1_962' title='bbox 3605 5475 3684 5548; x_wconf 77' lang='lat' dir='ltr'><strong>ipsi</strong></span> <span class='ocrx_word' id='word_1_963' title='bbox 3705 5472 3762 5524; x_wconf 75' lang='grc' dir='ltr'><strong>ἱυσ</strong></span> 
     </span>
    </p>
   </div>
   <div class='ocr_carea' id='block_1_117' title="bbox 2280 5561 3766 5662">
    <p class='ocr_par' dir='ltr' id='par_1_117' title="bbox 2280 5561 3766 5662">
     <span class='ocr_line' id='line_1_117' title="bbox 2280 5561 3766 5662; baseline -0.015 -14"><span class='ocrx_word' id='word_1_964' title='bbox 2280 5602 2422 5648; x_wconf 83' lang='lat' dir='ltr'><strong>trant</strong></span> <span class='ocrx_word' id='word_1_965' title='bbox 2478 5607 2572 5662; x_wconf 89' lang='lat' dir='ltr'><strong>per</strong></span> <span class='ocrx_word' id='word_1_966' title='bbox 2617 5589 2834 5654; x_wconf 87' lang='lat' dir='ltr'><strong>ostium,</strong></span> <span class='ocrx_word' id='word_1_967' title='bbox 2886 5588 2980 5660; x_wconf 87' lang='lat' dir='ltr'><strong>qui</strong></span> <span class='ocrx_word' id='word_1_968' title='bbox 3026 5587 3190 5658; x_wconf 86' lang='lat' dir='ltr'><strong>ipsius</strong></span> <span class='ocrx_word' id='word_1_969' title='bbox 3237 5581 3427 5642; x_wconf 81' lang='lat' dir='ltr'><strong>Christi</strong></span> <span class='ocrx_word' id='word_1_970' title='bbox 3471 5573 3654 5635; x_wconf 82' lang='lat' dir='ltr'><strong>nomine</strong></span> <span class='ocrx_word' id='word_1_971' title='bbox 3684 5561 3766 5635; x_wconf 70' lang='grc' dir='ltr'><strong>εἰο-</strong></span> 
     </span>
    </p>
   </div>
   <div class='ocr_carea' id='block_1_118' title="bbox 2281 5689 2502 5742">
    <p class='ocr_par' dir='ltr' id='par_1_118' title="bbox 2281 5689 2502 5742">
     <span class='ocr_line' id='line_1_118' title="bbox 2281 5689 2502 5742; baseline -0.018 0"><span class='ocrx_word' id='word_1_972' title='bbox 2281 5689 2502 5742; x_wconf 85' lang='lat' dir='ltr'><strong>t‘iantur.</strong></span> 
     </span>
    </p>
   </div>
   <div class='ocr_carea' id='block_1_119' title="bbox 2353 5758 3767 5850">
    <p class='ocr_par' dir='ltr' id='par_1_119' title="bbox 2353 5758 3767 5850">
     <span class='ocr_line' id='line_1_119' title="bbox 2353 5758 3767 5850; baseline -0.015 -16"><span class='ocrx_word' id='word_1_973' title='bbox 2353 5782 2406 5834; x_wconf 79' lang='lat'><strong>5.</strong></span> <span class='ocrx_word' id='word_1_974' title='bbox 2435 5776 2850 5834; x_wconf 86' lang='lat' dir='ltr'><strong>huunnerabiles</strong></span> <span class='ocrx_word' id='word_1_975' title='bbox 2869 5776 3010 5833; x_wconf 87' lang='lat' dir='ltr'><strong>enim</strong></span> <span class='ocrx_word' id='word_1_976' title='bbox 3037 5784 3176 5839; x_wconf 90' lang='lat' dir='ltr'><strong>sunt,</strong></span> <span class='ocrx_word' id='word_1_977' title='bbox 3203 5773 3285 5848; x_wconf 91' lang='lat' dir='ltr'><strong>qui</strong></span> <span class='ocrx_word' id='word_1_978' title='bbox 3307 5785 3362 5825; x_wconf 92' lang='lat' dir='ltr'><strong>se</strong></span> <span class='ocrx_word' id='word_1_979' title='bbox 3378 5766 3590 5824; x_wconf 86' lang='lat' dir='ltr'><strong>videntes</strong></span> <span class='ocrx_word' id='word_1_980' title='bbox 3609 5758 3767 5850; x_wconf 71' lang='grc' dir='ltr'><strong>ηρηω·</strong></span> 
     </span>
    </p>
   </div>
   <div class='ocr_carea' id='block_1_120' title="bbox 2281 5849 3757 5956">
    <p class='ocr_par' dir='ltr' id='par_1_120' title="bbox 2281 5849 3757 5956">
     <span class='ocr_line' id='line_1_120' title="bbox 2281 5849 3757 5956; baseline -0.021 -16"><span class='ocrx_word' id='word_1_981' title='bbox 2281 5875 2392 5940; x_wconf 74' lang='lat' dir='ltr'><strong>tum</strong></span> <span class='ocrx_word' id='word_1_982' title='bbox 2415 5874 2637 5956; x_wconf 63' lang='lat' dir='ltr'><strong>iactant,</strong></span> <span class='ocrx_word' id='word_1_983' title='bbox 2665 5872 2762 5934; x_wconf 73' lang='lat' dir='ltr'><strong>sed</strong></span> <span class='ocrx_word' id='word_1_984' title='bbox 2783 5887 2818 5931; x_wconf 80' lang='grc' dir='ltr'><strong>ιι</strong></span> <span class='ocrx_word' id='word_1_985' title='bbox 2841 5869 3056 5933; x_wconf 81' lang='lat' dir='ltr'><strong>Christo</strong></span> <span class='ocrx_word' id='word_1_986' title='bbox 3080 5871 3398 5932; x_wconf 82' lang='lat' dir='ltr'><strong>illumiuatos</strong></span> <span class='ocrx_word' id='word_1_987' title='bbox 3414 5863 3563 5922; x_wconf 79' lang='lat' dir='ltr'><strong>viden</strong></span> <span class='ocrx_word' id='word_1_988' title='bbox 3583 5849 3757 5912; x_wconf 66' lang='lat' dir='ltr'><strong>totum:</strong></span> 
     </span>
    </p>
   </div>
  </div>
