1963 3181
107 187 164 218 {HI

106 247 247 274 mutantem
262 242 385 271 haeretici.
400 242 484 271 Forte.
501 243 550 278 ipsi
571 250 618 277 per
634 243 742 278 jtnuam
756 243 874 271 intrare-

95 291 177 320 'runt!
189 290 270 317 Absit.
295 289 425 317 Sabellius
446 289 520 321 dicit.
534 290 583 323 Qui
598 289 681 319 Filius
695 295 746 322 est,
762 291 818 325 ipse
834 295 876 319 est

104 336 239 366 Patertsed
251 337 273 363 si
288 336 380 369 Filius,
407 344 458 363 non
477 340 518 363 est
543 336 630 364 Pater.
654 336 711 364 Non
728 337 808 364 intrat
827 345 875 372 per

102 384 195 414 ostimu.
208 381 251 417 qui
273 382 366 409 Filium
381 381 444 409 dicit
460 382 575 410 Patrem.
599 383 680 410 Arius
692 383 757 410 dicit
774 392 780 409 :
797 384 873 411 Aliud

101 436 134 459 est
146 430 226 462 Pater,
246 429 315 456 alitul
339 433 381 456 est
407 428 500 456 Filius.
515 429 597 456 Recte
614 429 726 461 diceret,
738 430 760 457 si
773 430 874 459 diceret

100 478 177 509 Alius;
193 475 342 508 uon,aliud.
355 475 468 509 Quando
480 476 556 503 enim
571 476 643 507 dicit,
657 476 747 509 Aliud,
762 476 786 504 ei
809 484 874 505 con-

100 524 188 552 tradicit
201 531 214 549 a
227 530 280 558 quo
293 523 381 556 audit,
397 523 451 559 Ego
464 528 487 550 et
503 523 581 550 Pater
590 532 761 551 nnuutsumus
773 524 870 560 (Joan.

99 580 121 604 I,
133 570 190 606 30).
206 569 258 597 Nec
284 570 342 604 ipse
367 577 431 604 ergo
455 578 503 604 per
516 570 612 597 ostium
634 571 713 597 intrat
727 579 732 596 :
747 571 874 605 praedicat

97 618 155 645 cnim
164 616 292 644 Christum
311 616 416 651 qualem
429 616 478 644 sibi
491 617 574 651 lingit.
588 624 639 644 non
649 617 754 652 qualem
772 618 872 645 veritas

98 664 157 692 dicit.
168 663 264 690 Nomen
281 663 372 695 habes,
383 671 439 691 rem
456 672 507 690 non
524 663 616 691 habes.
632 664 751 698 Alicujus
766 664 803 691 rei
825 672 872 692 no-

97 718 147 739 men
157 714 194 738 cSl
205 709 347 737 Christus:
362 715 422 737 teuc
438 709 520 744 ipsam
532 717 598 740 rem,
611 710 632 737 si
647 711 686 737 vis
702 710 828 745 prodesse
844 710 872 737 ti-

96 756 117 784 bi
135 762 232 783 nomen.
244 755 321 782 Alius
337 755 428 782 nescio
439 755 518 787 unde,
533 756 603 783 sicut
626 756 755 783 Photinus
772 765 777 782 :
794 756 871 783 Chri-

95 807 140 830 stus
158 801 296 833 homoest,
312 801 406 836 inquit;
420 801 489 829 Deus
512 806 627 829 nonest.
641 801 695 829 Nec
716 802 772 837 ipse
792 802 871 829 intrat

94 848 243 885 perostium,
261 849 322 883 quia
345 849 467 876 Christus
489 853 516 876 et
537 848 618 876 homo
642 854 669 877 et
683 849 751 876 Deus
765 854 816 876 est.
837 849 870 876 Et

93 896 143 931 quid
155 903 217 930 opus
231 900 272 923 est
287 895 368 922 multa
385 903 551 930 percurrere,
565 901 592 923 et
610 896 692 923 mttlta
704 904 769 923 rana
785 896 871 924 luere-

92 951 138 971 smu
149 943 322 971 ettitmerare?
336 943 389 970 lloc
398 947 496 973 tenete.
513 943 582 970 ovile
591 942 689 970 Christi
702 951 762 971 esse
776 943 869 971 catho-

92 989 155 1017 licam
179 989 335 1017 Ecelcsiam.
359 989 524 1024 Quicnmqtte
550 990 605 1017 vult
621 990 721 1017 intrare
736 990 767 1016 ad
787 990 868 1023 ovile,

91 1043 130 1070 per
144 1035 232 1063 ostium
247 1035 338 1067 intret,
353 1034 487 1062 Christum
499 1043 589 1063 rerum
607 1035 741 1070 pra-dieet.
756 1035 812 1062 Non
823 1042 869 1062 so-

91 1081 134 1108 lum
152 1079 285 1108 Christum
299 1089 391 1108 verum
408 1081 541 1115 praedicet,
566 1081 612 1108 sed
634 1081 732 1108 Christi
757 1081 868 1116 gloriam

90 1131 184 1162 queret,
211 1135 266 1153 non
292 1134 367 1153 suam
388 1134 472 1153 :nam
498 1126 572 1153 multi
595 1126 739 1162 qumrendo
758 1127 867 1162 gloriam

90 1180 160 1203 suam.
172 1181 233 1200 oves
243 1172 342 1200 Christi
356 1177 509 1208 sparserunt
525 1173 611 1206 potius
623 1181 701 1207 quam
721 1181 868 1208 eougrcga~

90 1224 178 1246 verunt.
192 1218 305 1245 lltttuilis
324 1223 365 1245 est
387 1218 457 1245 enim
468 1218 547 1252 janna
561 1218 683 1246 Christus
707 1219 852 1245 Dominus:

89 1265 124 1300 qui
137 1266 210 1292 intrat
232 1272 282 1300 per
309 1264 377 1292 hanc
389 1265 509 1299 januant,
524 1269 628 1299 oportet
650 1265 772 1292 lntmiliet
786 1273 826 1296 se,
840 1270 868 1292 ut

89 1318 143 1338 sano
154 1312 236 1344 capite
252 1311 336 1346 possit
350 1311 458 1337 intrare.
470 1310 519 1343 Qui
531 1315 619 1338 autent
629 1318 658 1338 se
671 1319 723 1338 non
734 1311 865 1344 lmmiliat,

89 1358 126 1385 sed
139 1357 248 1389 extollit,
264 1365 311 1392 per
327 1356 468 1384 maceriam
481 1357 707 1384 vultasceudcre:
722 1357 766 1392 qui
778 1362 866 1385 autent

89 1411 128 1438 per
141 1404 236 1431 maceri
245 1412 279 1430 Im
291 1403 420 1435 ascendit,
437 1403 496 1430 ideo
507 1403 639 1430 exaltatur
653 1408 680 1430 ιιι
690 1403 776 1430 cadat.

117 1449 139 1476 6.
150 1449 227 1477 chte
239 1454 327 1477 tanton
342 1449 429 1476 adhuc
441 1449 558 1483 loquitur
570 1449 697 1476 Dontious
709 1449 796 1483 .lesus,
805 1457 867 1477 non-

88 1494 140 1522 dum
153 1495 304 1529 intelligitur
318 1503 325 1521 :
340 1495 458 1521 nominat
472 1495 579 1524 ostium.
596 1495 713 1521 nominat
725 1496 804 1526 ovile,
820 1503 867 1522 no-

87 1540 158 1568 minat
177 1549 256 1571 oves:
283 1540 453 1568 commendat
477 1540 535 1567 hare
556 1541 655 1572 omnia,
676 1541 724 1568 sed
750 1542 866 1569 nondum

87 1585 192 1620 exponit.
212 1585 343 1621 Legamus
359 1593 382 1613 e:
390 1592 434 1621 go,
448 1586 510 1621 quia
522 1591 650 1613 venturus
659 1591 701 1613 est
714 1586 746 1613 ad
760 1594 791 1614 et
805 1595 865 1614 ver-

88 1631 118 1658 ba
126 1632 150 1658 iu
157 1632 243 1666 quibtts
254 1632 331 1659 nobis
341 1632 428 1666 aliqua
438 1639 497 1666 qua:
508 1631 573 1658 dixit
582 1631 707 1666 dignetur
714 1640 848 1667 exponere
858 1642 865 1660 :

88 1684 116 1705 ex
126 1685 226 1713 quorum
245 1678 414 1713 expositione
424 1678 495 1705 dabit
516 1678 592 1705 nobis
606 1678 718 1706 fortasse
730 1679 810 1706 etiatn
824 1680 867 1707 illa

86 1732 137 1759 qtttc
149 1732 197 1752 non
207 1725 339 1760 exposuit,
353 1724 510 1759 intelligere;
526 1724 690 1751 Pascitcuim
701 1725 848 1752 manifestis
858 1746 865 1757 ,

86 1777 180 1798 exercet
192 1771 321 1798 obscuris.
338 1770 388 1803 Qui
412 1779 463 1797 nou
485 1771 561 1796 iutrut
578 1779 622 1805 per
644 1770 736 1797 ostium
761 1771 787 1797 in
803 1771 868 1798 ovile

87 1817 167 1847 arium,
180 1817 222 1844 sed
234 1817 346 1844 ascemlit
358 1817 469 1843 aliunde.
494 1816 538 1844 Va:
550 1817 659 1849 misero,
674 1817 734 1852 quia
757 1825 868 1846 casurus

86 1863 135 1889 ext!
148 1862 186 1890 Sit
198 1871 261 1898 ergo
273 1862 388 1895 humilis,
406 1869 451 1897 per
472 1862 568 1889 ostitmt
585 1863 683 1890 intret:
701 1864 779 1898 plano
798 1864 867 1900 pede

85 1909 172 1943 veniat,
185 1915 211 1937 et
229 1918 282 1937 non
297 1910 422 1937 ull'endet.
440 1909 499 1942 Ille,
527 1909 621 1944 inquit,
644 1913 686 1946 fur
704 1916 771 1938 ellt'l
791 1912 864 1939 Iutro.

85 1953 145 1982 Ores
157 1963 215 1982 suas
237 1955 292 1982 xnlt
313 1954 401 1982 dicere
425 1963 488 1982 ores
509 1955 608 1982 alienas
622 1965 627 1982 :
644 1957 677 1983 ad
691 1956 741 1983 hoc
756 1965 827 1989 sua<,
841 1958 866 1985 id

85 2003 130 2032 est,
142 2001 207 2028 furto
219 2001 332 2032 ablatas,
353 2008 404 2027 non
418 2005 446 2027 ut
459 2001 552 2029 Salt‘ct.
569 2002 616 2028 sed
629 2007 657 2028 ut
669 2003 867 2038 occidataErgo

86 2043 122 2072 fttr
134 2051 182 2077 est,
200 2047 260 2081 quia
279 2046 349 2080 quod
373 2046 487 2073 alienum
514 2052 563 2078 est,
590 2056 665 2073 suum
688 2048 749 2073 dicit
766 2070 770 2073 .
787 2048 863 2079 latro,

86 2091 139 2127 quia
147 2096 172 2120 et
180 2093 247 2128 quod
259 2096 301 2120 Cal
311 2092 422 2121 furatus.
439 2093 544 2119 (H‘Citill.
563 2093 610 2125 Qui
626 2099 707 2119 IlIl/L’tll
730 2095 804 2119 intra!
822 2104 865 2127 per

86 2139 176 2170 utinm,
201 2146 287 2175 pastor
312 2145 348 2166 est
375 2140 477 2166 orium:
494 2141 550 2166 lmir
573 2141 691 2167 ostiarius
714 2143 803 2175 aperit.
831 2143 866 2169 In:

87 2186 186 2214 ostiario
196 2187 246 2214 isto
260 2192 322 2213 tunc
333 2195 494 2221 qua-rantu‘,
511 2188 616 2221 quando
632 2188 664 2213 ab
680 2189 736 2221 ipSo
756 2189 866 2214 Domino

86 2231 234 2263 audierimus
245 2232 314 2268 quod
329 2232 362 2259 sit
378 2233 485 2265 ostiutn,
498 2238 523 2260 et
537 2234 579 2267 qui
602 2239 632 2260 sit
650 2239 747 2267 [‘2tsltlt‘.
766 2234 798 2260 Et
811 2243 866 2260 oves

84 2278 214 2314 luemcjtu
226 2279 342 2309 audiunt,
357 2283 379 2304 el
394 2279 511 2312 proprius
539 2287 594 2305 oves
616 2285 685 2305 vocnt
705 2281 863 2305 llOlllllll‘lIllll.

86 2321 161 2351 nubet
173 2324 240 2352 enint
253 2325 359 2351 nomina
371 2332 460 2351 earum
476 2325 571 2359 scripta
588 2326 612 2350 in
631 2325 696 2351 libro
713 2326 781 2351 Viue.
798 2325 864 2351 Pro-

89 2370 148 2403 ριὶαι
158 2379 210 2398 ore:
223 2376 292 2398 t'ocrtl
307 2371 467 2397 noutiuulint.
482 2371 547 2397 llinc
558 2371 621 2397 dicit
636 2372 777 2404 Apostolus
793 2380 797 2396 ξ
816 2371 866 2397 Νο-

86 2414 116 2442 ttit
129 2415 241 2451 Dominus
260 2418 302 2453 qui
318 2423 376 2444 sunt
397 2418 471 2451 cius(
486 2416 508 2443 ll
525 2416 587 2443 Tint.
603 2425 630 2449 II,
646 2417 677 2443 19
692 2416 701 2451 )
730 2416 761 2442 Et
784 2417 866 2443 educit

85 2461 234 2490 αιειειιιη
249 2464 366 2498 proprius
385 2472 442 2490 ores
466 2464 583 2495 emiserit,
601 2469 659 2489 ante
682 2472 723 2489 cus
738 2463 804 2488 rudit
819 2472 826 2488 :
843 2468 865 2489 ot

86 2514 136 2536 ora
151 2509 217 2546 illum
234 2516 383 2546 sequuntur,
400 2510 459 2545 quia
473 2511 553 2535 sciunt
568 2518 650 2536 rorem
670 2511 734 2544 ejus.
750 2510 865 2535 Alirumn

86 2547 369 2592 Mmuonvseqmmtur,
385 2556 429 2583 sed
442 2557 540 2591 fugiunt
551 2556 581 2581 ab
596 2565 624 2582 eo
640 2564 647 2584 :
664 2557 723 2590 quia
734 2564 781 2581 uon
793 2564 866 2581 nore-

87 2605 137 2629 ηιιι
147 2609 224 2629 mem
237 2603 386 2630 alienarunt.
396 2601 477 2629 Tecla
494 2606 555 2627 sunt
566 2601 635 2633 ἢπερ,
649 2601 725 2635 plena
738 2601 865 2634 qttarstio~

89 2645 161 2679 nibus,
174 2648 277 2684 gravida
288 2647 473 2676 sacramentis.
497 2647 645 2681 Sequuntur
658 2654 721 2680 ergo
735 2652 761 2673 et
776 2646 866 2672 audia-

89 2697 137 2719 Ιηῑιε
153 2694 301 2729 magistrum
317 2701 348 2720 ex
365 2693 406 2719 Itis
419 2693 539 2720 obscuris
555 2692 653 2726 aliquid
673 2693 837 2725 aperientem
851 2700 857 2722 ;

87 2739 192 2773 etperid
206 2739 274 2774 quod
290 2740 386 2774 aperit,
399 2746 448 2765 nos
463 2738 531 2765 forte
543 2739 641 2765 intrare
655 2738 807 2764 facientem.

116 2783 140 2812 7.
152 2784 206 2814 Hoc
218 2786 374 2821 prouerbium
387 2786 451 2812 dixit
474 2786 525 2812 illis
549 2784 622 2811 Jcsus
635 2792 643 2815 ;
658 2784 697 2810 illi
712 2789 794 2810 (ιίιιωιι
816 2793 864 2811 non

87 2833 309 2871 mumrunlquid
329 2834 470 2868 loqueretur
486 2833 529 2860 eis.
556 2832 633 2858 Forte
654 2839 702 2858 nec
719 2839 776 2857 nos.
797 2830 864 2863 Quid

89 2883 145 2915 ergo
158 2878 266 2909 interest.
280 2880 348 2909 inter
363 2881 420 2909 illos
435 2885 462 2909 ct
485 2887 543 2913 nos,
556 2884 696 2915 antequam
721 2877 769 2907 ista
786 2878 863 2907 verba

72 2930 250 2965 ~Wu§
260 2931 289 2958 et
300 2929 370 2958 nos!
384 2928 451 2965 Quin
466 2936 514 2958 nos
527 2928 663 2970 pulsaitius
679 2931 706 2956 ut
729 2928 863 2965 aperiatur

646 183 847 215 TRACTATUS
865 185 946 215 XLV.
966 186 1080 217 CAPUT
1099 188 1133 218 Χ.

1658 195 1729 226 1722

933 245 1029 278 nobis;
1046 247 1080 274 illi
1092 252 1181 276 autem
1202 247 1336 277 Christum
1363 251 1487 285 negando
1500 252 1626 281 nolebant
1642 255 1727 283 iatra-

931 298 960 318 re
972 293 1105 323 servandi,
1119 294 1165 321 sed
1181 295 1244 322 foris
1259 303 1399 324 remanere
1415 297 1553 332 perdendi.
1570 299 1645 333 Quod
1664 309 1728 338 ergo

930 344 979 364 nos
991 338 1112 366 audimus
1126 339 1182 367 hec
1203 341 1256 376 pie,
1272 343 1342 377 qttod
1364 349 1507 378 antequam
1524 345 1565 372 illa
1591 346 1724 382 intelliga-

930 390 999 415 mus,
1014 384 1147 413 credinius
1159 394 1219 413 vera
1231 395 1290 414 esse
1305 393 1384 423 atque
1397 389 1496 421 divina,
1509 398 1603 426 magna
1619 392 1653 419 ab
1668 393 1727 421 istis

928 428 1082 458 diversitate
1099 431 1238 459 distamus.
1264 432 1330 460 Cant
1352 434 1422 462 cuiut
1446 435 1500 462 duo
1511 436 1623 465 audiunt
1643 439 1724 467 verba

928 476 1073 512 Evangelii,
1087 487 1154 505 unus
1169 480 1275 514 impius.
1286 481 1431 516 alterpins.
1446 488 1472 510 et
1484 483 1533 510 alia
1555 489 1617 512 sunt
1632 490 1656 512 ιιι
1673 485 1726 514 for-

929 526 954 550 te
966 523 1046 550 antbo
1060 533 1111 551 non
1127 525 1284 561 intelligant,
1299 534 1367 555 unus
1379 527 1533 560 dieit,Nihil
1545 530 1631 562 dixit;
1655 531 1725 559 alius

926 568 1000 603 dicit,
1015 569 1112 597 Verum
1128 571 1204 603 dixit,
1219 577 1246 599 et
1260 573 1358 600 Iunium
1377 579 1417 601 est
1431 574 1502 609 quod
1526 575 1602 609 dixit,
1615 577 1661 603 ενι]
1676 585 1725 605 nos

927 617 1158 652 nonintelligimus
1170 627 1175 645 :
1193 619 1244 646 istc
1256 620 1316 654 quia
1327 620 1473 655 crcditjam
1486 622 1582 656 pulsat,
1591 628 1616 650 et
1628 623 1724 660 dignus

927 666 967 689 est
982 663 1022 690 cui
1038 664 1181 698 aperiatur,
1195 666 1215 692 si
1233 666 1336 699 pulsare
1351 667 1491 700 persistat;
1509 667 1552 695 ille
1565 668 1724 697 vetoadhuc

926 708 1009 740 audit,
1034 709 1093 736 Nisi
1108 712 1276 743 rretlirleritis,
1293 721 1343 739 non
1363 713 1600 748 intelligetisUmi.
1624 723 1670 747 \‘II,
1693 715 1721 748 9,

925 764 975 783 sec.
994 757 1091 793 LXX).
1113 758 1201 791 Quare
1217 759 1265 786 ista
1280 761 1460 787 commendo?
1479 761 1544 795 Quia
1560 762 1640 789 etiam
1658 769 1720 789 cum

925 802 1005 830 verba
1018 804 1075 830 It:l'C
1087 804 1209 837 obSt-ura,
1220 806 1284 832 sicut
1300 814 1419 840 possunt,
1435 815 1594 842 exposuero,
1604 813 1649 834 aut
1659 808 1719 841 qttia

925 848 1000 876 valde
1009 855 1067 876 sunt
1082 850 1181 882 abdita,
1198 851 1237 878 vel
1260 859 1309 886 ego
1332 859 1425 878 eorum
1442 860 1493 879 non
1517 852 1720 887 apprehendi-ro

925 894 1136 930 intelligentiam,
1160 897 1200 924 vel
1216 898 1364 932 explicandi
1379 898 1449 932 quod
1473 898 1590 934 intelligo
1604 907 1655 926 non
1671 898 1720 927 ba-

924 939 1007 967 ltucro
1030 942 1192 975 facultatem,
1208 943 1248 969 \‘t'i
1271 948 1323 970 l:Illl
1347 943 1425 970 fuerit
1448 944 1559 979 quisque
1573 944 1674 975 tardus.
1690 948 1720 972 ut

922 987 1001 1014 etiam
1010 992 1187 1022 exponentem
1198 997 1249 1015 non
1265 993 1391 1023 Sequatur
1403 997 1410 1020 ς
1427 997 1478 1016 non
1491 988 1524 1015 de
1537 996 1566 1016 se
1578 989 1717 1023 desperet:

923 1038 1029 1060 maneat
1042 1034 1066 1060 iu
1082 1034 1143 1064 lidc,
1158 1034 1275 1061 ambulet
1296 1035 1321 1061 in
1336 1035 1388 1066 via,
1402 1035 1495 1062 audiat
1509 1035 1665 1069 Apostolutu
1676 1034 1719 1061 di-

922 1083 1037 1109 centent,
1054 1078 1086 1106 Et
1100 1079 1122 1106 si
1136 1080 1196 1114 quid
1207 1080 1280 1106 aliter
1287 1081 1386 1115 sapitis,
1399 1080 1446 1107 ltoc
1459 1089 1557 1116 quoque
1569 1079 1637 1107 vobis
1648 1079 1717 1107 Deus

921 1125 1038 1151 reuelabit
1055 1132 1063 1151 :
1078 1126 1277 1152 verumtunteuin
1291 1126 1358 1161 quod
1368 1126 1536 1161 pervenimus,
1548 1126 1573 1152 iu
1585 1134 1614 1152 eo
1626 1125 1716 1153 ambu-

921 1170 1001 1197 lemus
1014 1171 1023 1206 (
1038 1170 1150 1206 Philipp.
1163 1179 1201 1203 III,
1214 1171 1272 1201 l5).

956 1216 982 1243 8.
998 1216 1157 1251 Incipiamus
1167 1224 1231 1251 ergo
1242 1216 1333 1244 audire
1347 1220 1536 1251 cxponentetn,
1551 1224 1629 1252 quem
1640 1217 1716 1244 audi-

921 1263 1009 1289 vimus
1034 1267 1240 1296 proponeulcm.
1271 1261 1343 1288 Diait
1369 1271 1429 1297 ergo
1452 1263 1541 1288 iterum
1563 1263 1597 1289 (is
1621 1262 1717 1290 Iesus:

921 1309 1164 1338 Amemuntt'ntlico
1186 1309 1265 1339 vobis,
1282 1309 1340 1344 quia
1364 1317 1411 1344 rgo
1432 1317 1487 1335 sum
1509 1309 1600 1336 ouium
1621 1310 1714 1337 arium.

921 1355 990 1382 Ecce
1006 1356 1089 1390 ipsnut
1115 1356 1212 1383 ostium
1227 1356 1297 1390 quod
1313 1356 1435 1383 clausum
1452 1361 1586 1390 posuerat.
1600 1357 1714 1390 aperuit.

920 1401 978 1436 Ipse
990 1406 1031 1428 est
1043 1402 1149 1428 ostium.
1162 1402 1335 1437 Aguovuuns,
1353 1401 1492 1433 intremus,
1504 1407 1606 1429 autuos
1621 1402 1717 1429 intras-

920 1455 949 1474 se
962 1447 1135 1482 gaudeamus.
1152 1447 1244 1475 Ouum
1256 1453 1377 1483 quotquot
1400 1452 1525 1480 reueruut,
1542 1449 1609 1483 {ures
1624 1453 1717 1476 suntet

920 1495 1039 1521 latrones.
1051 1493 1118 1528 Quid
1133 1498 1174 1521 est
1187 1494 1248 1526 hoc,
1267 1494 1386 1526 Domine,
1406 1494 1497 1521 Uumes
1509 1499 1626 1529 quotquot
1641 1503 1715 1522 reue-

920 1541 995 1566 ruut?
1007 1540 1076 1573 Quid
1103 1540 1198 1566 enim?
1227 1544 1254 1566 ιιι
1277 1548 1329 1566 non
1359 1539 1471 1568 \‘cnisti?
1497 1540 1549 1567 Sed
1575 1540 1715 1574 iutellige:

922 1584 1014 1613 Omnes
1026 1591 1146 1621 quotquot
1163 1591 1282 1613 venerunt
1293 1586 1358 1618 dixi,
1374 1586 1464 1621 utique
1481 1590 1578 1621 pra-ter
1593 1595 1645 1613 me.
1667 1586 1718 1614 Re-

919 1633 1038 1659 colantus
1048 1640 1122 1667 ergo.
1133 1634 1200 1659 Ante
1207 1633 1350 1660 adventum
1364 1633 1380 1667 ιλ
1391 1633 1445 1660 sius
1454 1637 1583 1661 venerunt
1597 1632 1717 1667 Prophe-

920 1684 970 1712 ta:;
987 1679 1112 1714 numquid
1132 1679 1204 1707 fures
1230 1685 1256 1706 et
1281 1680 1397 1707 latrones
1413 1679 1539 1707 fuerunt?
1553 1679 1638 1707 Absit.
1658 1679 1716 1707 Non

920 1730 1018 1761 pra-ter
1032 1726 1104 1753 illunt
1125 1731 1267 1758 \‘cuerunl,
1281 1727 1342 1761 quia
1356 1734 1415 1753 cum
1428 1726 1473 1753 illo
1487 1731 1627 1753 \cucrunt.
1646 1725 1717 1753 Ven-

921 1779 995 1802 Inrus
1006 1782 1143 1809 pra-mnes
1159 1774 1290 1805 mittebat,
1312 1773 1358 1801 sed
1372 1781 1463 1800 eorum
1480 1773 1560 1800 corda
1575 1780 1643 1807 quos
1663 1772 1714 1800 mi-

920 1825 1000 1852 serat,
1013 1820 1174 1855 poSsideliat.
1186 1819 1271 1847 Vultis
1283 1827 1361 1846 nesse
1372 1820 1432 1854 quia
1441 1827 1500 1845 eum
1515 1819 1560 1845 illo
1573 1822 1714 1850 venerunt,

920 1867 964 1900 qui
978 1871 1019 1893 cst
1031 1866 1087 1900 ipse.
1098 1874 1204 1900 semper
1216 1866 1227 1891 ‘!
1251 1867 1365 1893 Carnem
1375 1865 1471 1900 quippe
1486 1865 1587 1899 aeeepit
1601 1873 1632 1892 ex
1645 1869 1712 1892 lem-

921 1919 995 1945 pore.
1010 1911 1079 1944 Quid
1090 1916 1206 1945 estergo
1221 1911 1345 1945 semper?
1360 1909 1392 1937 lu
1403 1910 1527 1946 principio
1539 1915 1592 1936 erat
1610 1909 1718 1937 Verbum

922 1958 1005 1994 (Joan
1030 1966 1048 1990 ι,
1067 1959 1077 1985 1
1098 1959 1116 1991 ).
1136 1958 1203 1985 Cum
1219 1958 1266 1984 illo
1281 1965 1346 1992 ergo
1362 1962 1500 1988 venerunt,
1522 1957 1566 1992 qui
1581 1965 1641 1984 eum
1656 1964 1718 1984 vcr-

920 2005 954 2032 bo
968 2005 1013 2031 Dei
1029 2008 1167 2031 venerunt.
1188 2003 1245 2039 Ego
1255 2012 1320 2035 sttui,
1336 2003 1430 2038 inquit,
1445 2005 1484 2030 ria
1492 2009 1515 2030 et
1529 2004 1619 2029 teritur
1631 2008 1653 2029 rt
1668 2003 1719 2030 vita

923 2052 931 2087 (
947 2050 989 2077 ιιι.
1006 2058 1059 2082 xw,
1073 2050 1089 2076 6
1104 2050 1124 2084 ).
1137 2050 1165 2075 Si
1185 2049 1241 2084 ipse
1254 2054 1296 2076 est
1310 2049 1417 2081 veritas,
1438 2056 1499 2075 cum
1527 2049 1571 2075 illo
1587 2052 1717 2076 venerunt

924 2098 968 2132 qui
998 2104 1106 2124 \craces
1135 2097 1250 2123 fuerunt.
1273 2096 1408 2130 Quotquot
1427 2102 1491 2130 ergo
1515 2099 1611 2129 praeter
1632 2094 1716 2129 illum,

920 2145 989 2178 fures
1007 2148 1030 2169 et
1042 2143 1167 2171 latrones;
1181 2141 1205 2168 id
1219 2146 1270 2172 est.
1278 2141 1309 2168 ad
1324 2140 1462 2168 furandum
1473 2145 1500 2167 et
1512 2140 1697 2168 occidendum.

955 2189 982 2216 9.
999 2189 1052 2216 Sed
1066 2197 1116 2215 non
1131 2188 1267 2216 audierunt
1284 2196 1325 2214 eos
1350 2195 1416 2214 Ores.
1433 2187 1515 2220 Major
1529 2187 1585 2213 ha-c
1604 2186 1718 2221 quatslio

919 2240 970 2265 est.
979 2243 1028 2262 non
1039 2235 1175 2262 mulierunt
1187 2243 1228 2261 eos
1241 2242 1307 2261 oves.
1323 2235 1390 2261 Ante
1398 2233 1543 2261 adventura
1555 2233 1656 2261 Domini
1669 2241 1717 2261 nov

920 2281 968 2308 slri
984 2281 1048 2308 .lesu
1063 2279 1176 2311 Christi,
1191 2288 1244 2314 quo
1257 2280 1364 2307 humilis
1382 2280 1453 2307 venit
1466 2280 1491 2306 in
1502 2287 1591 2312 carne,
1602 2287 1717 2317 pneees-

920 2332 1012 2354 serunt
1023 2327 1095 2362 iusti.
1111 2327 1150 2354 sic
1163 2326 1191 2353 in
1209 2334 1269 2353 eum
1285 2326 1425 2353 credentes
1440 2330 1591 2358 venturum,
1606 2332 1718 2361 quomo—
1749 2350 1752 2352 _

919 2372 955 2399 do
968 2380 1017 2399 nos
1027 2372 1163 2399 credimus
1178 2372 1204 2398 in
1228 2379 1288 2398 etim
1302 2371 1346 2406 qui
1370 2371 1451 2398 venit.
1467 2371 1598 2406 Tempora
1619 2371 1717 2399 variata

919 2423 992 2448 sunt,
1004 2425 1056 2445 nott
1067 2418 1142 2445 ﬁdes.
1156 2418 1221 2451 Quia
1232 2422 1258 2444 et
1272 2418 1327 2451 ipsa
1335 2417 1415 2444 verba
1425 2424 1472 2451 pro
1485 2421 1604 2451 tempore
1615 2417 1719 2444 variati-

921 2468 973 2497 tur,
987 2472 1047 2491 eum
1059 2464 1131 2491 varie
1143 2463 1327 2491 declinantur:
1338 2463 1418 2490 alium
1434 2470 1528 2490 sonum
1546 2463 1634 2495 habet,
1646 2462 1716 2490 Ven-

920 2515 995 2538 turus
1015 2516 1069 2539 est:
1085 2510 1166 2537 alium
1189 2517 1284 2537 sonum
1312 2509 1400 2541 habet,
1428 2509 1522 2536 Venit:
1538 2514 1655 2537 mutatus
1675 2514 1717 2538 est

920 2563 1012 2589 sonus,
1037 2560 1165 2583 venturus
1190 2559 1241 2587 est,
1264 2559 1293 2583 et
1316 2555 1409 2582 vertit:
1426 2554 1518 2582 eadem
1538 2559 1626 2583 tamen
1652 2555 1718 2583 fides

919 2606 1047 2636 utrosque
1062 2601 1208 2636 coniungit,
1226 2605 1254 2628 et
1266 2608 1314 2628 eos
1328 2600 1372 2636 qui
1386 2605 1527 2629 venturum
1542 2609 1612 2633 esse.
1627 2606 1654 2629 et
1668 2607 1716 2629 eos

919 2647 964 2683 qui
977 2655 1037 2674 eum
1050 2647 1155 2674 venisse
1166 2646 1348 2674 crediderunt.
1361 2647 1478 2679 Diversis
1495 2647 1602 2682 quidem
1614 2651 1718 2682 tempo-

919 2693 1004 2726 ribus,
1018 2692 1065 2719 sed
1076 2697 1202 2726 utrosque
1225 2700 1273 2727 per
1296 2700 1378 2720 unttm
1396 2692 1456 2720 lidei
1480 2693 1588 2725 ostium,
1605 2692 1657 2720 hoc
1677 2698 1718 2722 est

919 2746 968 2774 per
985 2737 1131 2770 Christum,
1146 2739 1266 2766 videmus
1280 2740 1424 2775 ingressos.
1439 2738 1495 2768 Nos
1509 2739 1644 2767 credimus
1657 2739 1713 2767 Do-

920 2786 1021 2812 minum
1035 2785 1126 2812 Jesnm
1136 2785 1270 2813 Christum
1287 2791 1376 2812 natum
1390 2793 1422 2812 ex
1435 2785 1552 2820 Virgine,
1566 2785 1673 2813 venisse
1688 2786 1716 2814 in

920 2838 1010 2863 carne,
1029 2838 1134 2865 passum
1149 2837 1218 2863 esse,
1230 2830 1420 2862 resurrexisse,
1432 2830 1458 2857 in
1470 2830 1566 2858 malum
1579 2831 1714 2862 ascendis-

919 2885 949 2907 se
963 2886 969 2905 :
986 2881 1069 2907 totum
1086 2878 1145 2910 hoc,
1156 2877 1310 2905 sicntvcrba
1322 2875 1419 2906 auditis
1433 2877 1560 2912 pr;t:lerili
1570 2879 1708 2916 temporis.

921 2926 1058 2967 impletum
1071 2932 1130 2959 otto
1144 2924 1200 2966 jam
1212 2923 1353 2956 credimus.
1366 2923 1394 2956 [ιι
1403 2925 1461 2966 olus
1475 2930 1537 2958 sunt
1550 2926 1612 2960 lidt-l
1625 2927 1712 2961 socie.
