3926 6374
567 325 709 385 i723

567 446 676 495 tate
703 436 977 492 uobiscum
1007 441 1062 489 et
1086 432 1160 487 illi
1215 440 1415 502 patres,
1446 429 1535 499 qui
1562 424 1900 483 crediderunt
1926 422 1993 477 de
2029 419 2149 474 Vir-

566 535 691 606 gine
734 536 1084 599 nasciturum,
1132 541 1432 611 passurum,
1479 529 1919 580 resurrecturum,
1949 516 2003 570 in
2046 518 2156 568 cm-

568 604 678 693 Ϊιιιιι
710 636 1049 695 ascensurnm
1080 636 1094 671 :
1130 604 1255 695 illos
1283 616 1427 673 enim
1469 613 1699 666 ostendit
1750 609 2031 679 Apostolus
2061 604 2152 659 tibi

693 696 945 785 [labentes
979 708 1145 763 autem
1166 688 1392 785 e‘uiudcm
1442 690 1672 777 spiritum
1712 703 1850 773 ﬁdei,
1884 705 2009 755 sicut
2031 702 2155 752 scri-

569 780 826 874 ptuntest,
850 780 1075 867 Credidi,
1097 780 1298 872 propter
1321 787 1453 868 quod
1480 799 1672 851 locutus
1687 812 1836 859 sum;
1866 803 1909 846 et
1936 808 2025 846 nos
2046 804 2157 844 cre-

566 886 756 969 dimus,
789 903 989 967 praptcr
1017 882 1151 964 quod
1177 903 1222 945 et
1245 876 1492 969 loquimur
1514 887 1583 959 (ll
1616 887 1732 941 Cor.
1764 902 1834 951 tv,
1864 886 1926 939 13
1961 885 1999 955 ).
2028 883 2155 936 Pro-

574 984 728 1061 pheta
757 966 910 1051 dixit,
937 984 1157 1045 Credidi,
1191 970 1393 1053 propter
1421 966 1558 1055 quod
1591 980 1787 1033 locutas
1814 993 1927 1031 sum
1956 975 1974 1045 (
2007 974 2150 1028 Psal.

573 1094 695 1140 cxv,
732 1077 878 1149 l0):
908 1075 1190 1147 Apostolus
1234 1074 1378 1135 dicit,
1414 1072 1475 1125 Et
1525 1086 1613 1125 nos
1640 1069 1908 1131 credimus,
1957 1073 2158 1136 prapter

574 1148 709 1243 quod
749 1168 793 1222 e't
822 1148 1112 1241 loquimur.
1152 1166 1221 1223 Ut
1250 1166 1385 1219 scias
1416 1172 1589 1218 autem
1618 1160 1757 1233 quod
1786 1175 1885 1215 una
1913 1160 1980 1213 sit
2005 1158 2154 1221 fides,

575 1261 697 1339 audi
728 1259 1009 1339 dicentem,
1043 1257 1290 1311 Habentes
1315 1257 1541 1333 eumdem
1570 1255 1801 1324 spiritum
1828 1252 1968 1321 ﬁdei,
2001 1259 2045 1302 et
2068 1265 2159 1301 nos

562 1338 843 1413 credinnts.
874 1351 959 1409 SEc
987 1360 1035 1404 et
1057 1351 1161 1403 alio
1191 1350 1327 1413 loco,
1368 1347 1499 1401 Nolo
1522 1348 1654 1401 enim
1673 1362 1757 1399 vos
1773 1346 2025 1416 ignorare,
2051 1346 2159 1413 fra-

570 1441 697 1519 tres,
726 1434 842 1513 quia
872 1453 1036 1511 patres
1060 1442 1217 1495 nostri
1238 1458 1406 1494 omnes
1424 1439 1510 1493 sub
1539 1439 1664 1492 nube
1684 1440 1906 1505 [uc-runt,
1931 1445 2160 1490 etomncs

564 1532 665 1609 per
682 1534 815 1589 mare
835 1538 1159 1598 trtntsierunt,
1191 1546 1235 1588 et
1262 1550 1431 1587 omnes
1457 1534 1506 1585 in
1540 1530 1745 1600 Moysen
1767 1530 2002 1600 baptizati
2020 1539 2155 1592 sunt,

576 1616 631 1701 in,
652 1626 780 1679 nube
806 1636 850 1677 et
880 1628 929 1678 in
962 1626 1107 1687 mari,
1143 1632 1186 1677 el
1216 1639 1385 1677 onnies
1409 1622 1631 1674 eamdem
1654 1637 1817 1673 escam
1844 1618 2157 1689 spiritualem

582 1702 1042 1793 manducavcrunt,
1081 1726 1129 1768 et
1159 1732 1327 1768 ontncs
1363 1715 1587 1768 eumdem
1635 1722 1800 1781 potum
1851 1711 2160 1783 spiritttalt’m

575 1802 818 1861 biberunt.
854 1805 996 1859 Mare
1040 1806 1275 1858 Rubrum
1328 1802 1587 1874 signiﬁcat
1618 1803 1941 1870 Baptismum
1968 1816 1982 1865 ;
2013 1800 2157 1871 Moy-

580 1902 669 1953 ses
701 1898 889 1951 ductor
940 1912 1032 1966 per
1073 1911 1218 1949 mare
1264 1894 1500 1948 Rubrum
1554 1893 1812 1963 signiﬁcat
1855 1892 2155 1955 Christum;

574 1990 811 2065 IpOpuJus
857 1988 1116 2043 transiens
1149 1987 1408 2057 signiﬁcat
1457 1985 1670 2045 ﬁdeles;
1698 2000 1841 2037 mors
1886 1983 2160 2053 Egyptia-

573 2072 694 2149 Διλιιιιι
723 2080 981 2150 signiﬁcat
1021 2080 1362 2134 abolitionem
1395 2085 1751 2147 peccatorum.
1785 2076 1839 2137 lu
1870 2075 2032 2141 signis
2075 2074 2160 2128 di-

578 2172 748 2253 versis
796 2172 980 2226 eadem
1033 2171 1161 2225 lides
1188 2189 1201 2223 :
1233 2171 1309 2223 sic
1354 2169 1405 2223 in
1432 2170 1595 2237 signis
1623 2154 1867 2234 diversis,
1896 2166 2160 2236 quomodo

572 2236 630 2322 in
655 2265 827 2321 verbis
852 2266 1076 2319 diversis
1104 2282 1119 2329 ;
1149 2266 1268 2334 quia
1301 2264 1459 2317 verba
1488 2277 1646 2316 sonos
1676 2270 1880 2314 mutant
1906 2276 2001 2330 per
2022 2268 2156 2314 tem-

520 2429 532 2437 δ
568 2375 728 2431 pora,
763 2369 811 2413 et
840 2360 1018 2430 utique
1065 2357 1195 2412 nihil
1242 2356 1381 2410 aliud
1429 2365 1550 2409 sunt
1597 2354 1756 2408 verba
1785 2368 1940 2423 quam
1991 2353 2156 2422 signa.

578 2444 934 2525 ﬁigniﬁcaiiilii
970 2452 1109 2503 enim
1156 2449 1312 2501 verba
1364 2455 1518 2500 sunt:
1552 2446 1675 2499 tolle
1722 2444 2157 2513 signiticatiooem

577 2534 760 2621 verbo,
776 2543 1028 2612 strepitus
1053 2540 1224 2594 inanis
1246 2549 1345 2593 cst.
1366 2538 1666 2607 Significatu
1684 2550 1811 2605 ergo
1823 2544 1945 2589 sunt
1960 2536 2155 2588 omnia.

575 2608 835 2705 Numquid
865 2650 969 2687 non
1001 2633 1186 2687 eadem
1229 2632 1535 2693 credebant,
1571 2644 1662 2698 per
1690 2643 1822 2698 quos
1852 2629 1967 2681 hrec
2010 2626 2157 2695 signa

512 2722 519 2729 ”
577 2725 1037 2799 ministrabantur,
1072 2738 1165 2790 per
1204 2738 1335 2791 quos
1368 2722 1548 2773 eadem
1577 2735 1694 2788 quae
1718 2719 2002 2776 credimus.
2039 2732 2156 2786 pro-

575 2815 785 2889 phetata
816 2814 1346 2886 praenuntiabantur?
1379 2812 1571 2881 Utique
1620 2811 1938 2865 credebant:
1964 2811 2065 2879 sed.
2085 2810 2156 2863 illi

500 2906 507 2913 “
573 2904 795 2964 ventura
824 2924 961 2971 esse,
991 2921 1086 2961 nos
1116 2914 1289 2959 autem
1318 2906 1546 2959 venisse.
1572 2903 1758 2956 ldcoet
1779 2905 1853 2956 sic
1873 2904 1964 2964 ait,
1998 2902 2157 2955 Eum-

574 2999 686 3053 dem
715 3008 884 3070 potum
926 2997 1237 3066 spiritualem
1259 2996 1501 3048 biberunt.
1526 2994 1858 3061 Spiritualem
1886 2993 2153 3056 eumdem,

508 3092 514 3097 ⁷
573 3090 1051 3159 nameorporalem
1072 3102 1173 3140 non
1216 3085 1484 3140 eumdem.
1523 3082 1655 3150 Quid
1704 3083 1845 3136 enim
1892 3083 1964 3135 illi
2011 3082 2156 3135 bibe-

571 3178 740 3232 bant?
777 3177 1022 3231 Bibcbuut
1050 3179 1179 3230 enim
1198 3178 1256 3230 de
1280 3175 1533 3245 spirituali
1557 3184 1783 3243 sequmte
1800 3184 1938 3243 petra
1968 3190 1985 3226 :
2015 3185 2157 3242 petra

573 3278 741 3343 autem
772 3277 878 3320 erat
902 3266 1129 3322 Christus
1148 3266 1200 3337 (Ι
1227 3266 1344 3320 Cor.
1368 3281 1421 3330 ιι,
1470 3265 1566 3318 1-4
1595 3264 1631 3333 ).
1665 3263 1853 3318 Videte
1879 3279 2027 3332 ergo,
2050 3265 2155 3320 ﬁde

572 3368 837 3423 manente.
860 3358 1005 3426 signa
1030 3358 1246 3409 variata.
1274 3356 1346 3410 lbi
1381 3364 1525 3424 petra
1541 3354 1803 3417 Christus,
1826 3354 1978 3408 nobis
2002 3354 2157 3409 Chri-

573 3452 686 3503 ειυς
716 3448 854 3517 quod
888 3448 939 3500 in
965 3448 1115 3500 altari
1142 3447 1231 3499 Dei
1260 3447 1489 3514 ponitur.
1521 3446 1584 3498 Et
1616 3445 1690 3498 illi
1723 3461 1817 3511 pro
1848 3461 2038 3513 magno
2066 3462 2155 3499 sa-

571 3548 848 3598 cramento
877 3540 1114 3610 ejusdem
1143 3540 1339 3593 Christi
1368 3539 1613 3591 biberunt
1638 3553 1833 3604 aquam
1882 3536 2149 3604 proﬂuen-

518 3680 524 3685 .
566 3624 676 3690 tem
708 3634 774 3688 de
805 3642 950 3702 petra
978 3649 991 3693 ;
1023 3648 1117 3685 nos
1147 3630 1270 3700 quid
1321 3630 1562 3683 bibamus
1610 3637 1806 3680 norunt
1851 3627 2052 3682 ﬁdeles.
2094 3628 2149 3683 Si

569 3714 800 3800 spdcient
844 3723 1102 3776 visibilem
1157 3720 1419 3779 intendas,
1448 3718 1589 3772 aliud
1617 3728 1737 3771 est:
1768 3718 1813 3770 si
1846 3719 2153 3787 intelligibi-

562 3814 672 3871 ‘lem
718 3817 1174 3885 signiﬁcationem,
1228 3812 1471 3867 eumdem
1503 3821 1681 3880 potum
1724 3812 2049 3880 spiritualein
2077 3813 2156 3866 bi-

565 3908 779 3966 berunt.
812 3908 1081 3978 Quotquot
1109 3922 1237 3978 ergo
1286 3907 1376 3961 illo
1406 3910 1648 3972 tempore
1688 3904 2027 3965 crediderunt
2069 3906 2152 3959 vel

567 3990 815 4067 :Ah'rahm,
844 4000 922 4055 vel
955 3988 1117 4064 lsaae,
1152 3999 1235 4052 vel
1259 3997 1441 4060 Jaeoli,
1470 3996 1548 4049 vel
1592 3994 1780 4065 Moysi,
1804 3994 1890 4048 vel
1906 3994 2023 4049 aliis
2054 3995 2153 4048 Pa-

565 4086 831 4169 triarchis,
864 4093 1090 4161 aliisque
1138 4090 1416 4160 Prophctis
1441 4088 1708 4142 Christum
1752 4086 2154 4156 pra-nuntianti-

562 4186 687 4252 bus,
712 4198 839 4242 oves
858 4194 1029 4247 erant,
1063 4183 1400 4239 et'Christum
1434 4181 1747 4233 audierunt:
1773 4194 1876 4231 non
1921 4178 2149 4235 alienam

560 4270 768 4345 vocem,
793 4278 885 4331 sed
914 4277 1077 4345 ipsius
1097 4274 1395 4328 audierunt.
1416 4270 1585 4325 Jndex
1612 4268 1786 4322 fuerat
1807 4269 1857 4322 in
1882 4283 2148 4338 prascone.

558 4366 693 4439 ’Quia
725 4382 776 4425 et
804 4369 1016 4437 quando
1036 4367 1194 4435 jndex
1221 4366 1455 4433 loquitur
1498 4376 1591 4430 per
1629 4376 1956 4431 praeconem,
1984 4376 2148 4416 exce-

560 4464 688 4533 p'tor
721 4478 826 4516 non
857 4463 998 4523 facit,
1043 4459 1233 4513 Prtcco
1278 4457 1440 4518 dixit;
1475 4454 1588 4518 sed,
1633 4454 1800 4507 Judex
1844 4453 1995 4508 dixit.
2046 4454 2149 4507 Alii

564 4556 689 4609 s‘unt
707 4568 834 4621 ergo
850 4565 985 4620 quos
1005 4566 1111 4603 non
1140 4546 1420 4602 audierunt
1445 4562 1594 4609 oves,
1627 4545 1675 4597 in
1693 4545 1884 4613 quibus
1902 4560 2006 4598 non
2033 4553 2149 4600 erat

566 4636 668 4698 v‘o'x
712 4642 929 4704 Christi,
959 4648 1218 4701 errantes,
1259 4638 1385 4691 falsa
1417 4636 1673 4699 dicentes,
1705 4636 1874 4688 inania
1902 4636 2144 4705 garrien-

560 4726 663 4799 tes,
698 4748 828 4785 vana
854 4732 1132 4802 tingentes,
1164 4731 1386 4783 miseros
1413 4726 1748 4781 seducentes.
1836 4762 1841 4773 .

566 4894 597 4897 γλ
633 4826 661 4880 i
667 4824 718 4881 0.
744 4823 877 4891 Quid
899 4832 980 4880 est
1003 4835 1131 4890 ergo
1154 4818 1294 4889 quod
1315 4818 1444 4883 dixi,
1469 4817 1629 4881 Maior
1653 4817 1766 4871 haec
1790 4818 2145 4886 estquaestio?

468 4923 472 4929 ν
559 4894 692 4988 ριιιιι
718 4918 874 4972 habet
898 4918 1178 4971 obscurum
1228 4922 1281 4968 et
1330 4913 1407 4967 ad
1452 4912 1846 4981 intelligendum
1891 4911 2145 4967 difﬁcile?

559 5005 772 5076 A'udite,
796 5011 1039 5065 obsecro.
1092 5010 1233 5063 licce
1263 5008 1518 5062 Dominus
1550 5007 1662 5075 ipse
1708 5004 1862 5061 Jesns
1903 5004 2144 5058 Christus

558 5103 724 5168 venit,
754 5101 1310 5172 praedicavitmtique
1338 5099 1509 5154 multo
1556 5096 1723 5165 magis
1769 5112 1868 5150 vox
1918 5094 2142 5166 pastoris

558 5201 693 5256 erat,
724 5205 972 5259 expressa
1003 5192 1120 5262 ipso
1144 5206 1236 5244 ore
1258 5175 1510 5262 pastoris.
1542 5188 1596 5243 Si
1622 5189 1762 5242 enim
1791 5203 1883 5256 per
1904 5187 2141 5255 Prophe-

539 5288 642 5341 tas
677 5296 776 5338 vox
796 5284 1031 5353 pastoris
1061 5293 1194 5347 erat,
1220 5292 1418 5352 quanto
1468 5282 1634 5350 magis
1686 5295 1867 5334 vocem
1918 5279 2141 5345 pastoris

557 5378 852 5449 proferebat
874 5376 1049 5443 lingua
1074 5376 1182 5444 ipsa
1203 5376 1466 5444 pastoris?
1491 5374 1604 5427 Non
1632 5388 1817 5426 omnes
1838 5370 2135 5423 audierunt.

555 5469 660 5525 Sed
690 5468 817 5539 quid
849 5468 1137 5536 putamus?
1163 5468 1251 5537 qui
1298 5466 1597 5528 audierunt,
1621 5480 1748 5519 oves
1774 5470 1926 5517 erant
1951 5460 1972 5514 ?
2002 5462 2139 5516 Ecce

555 5560 755 5613 audivit
798 5557 983 5623 ludas,
1027 5565 1081 5612 et
1116 5558 1269 5626 lupus
1313 5566 1460 5611 erat:
1487 5555 1825 5625 sequebatur,
1875 5551 1968 5606 sed
2000 5552 2138 5622 pelle

556 5652 711 5705 ovina‘
739 5657 910 5703 tectus
940 5650 1137 5718 pastori
1188 5649 1555 5703 insidiabatur.
1593 5646 1764 5711 Aliqui
1798 5660 1926 5697 vero
1950 5660 2133 5699 eorum

466 5764 475 5773 ε
559 5742 649 5812 qui
688 5742 955 5797 Christum
1003 5744 1397 5805 crucitlxerunt,
1439 5755 1542 5794 non
1583 5739 1885 5803 audiebant,
1922 5748 1972 5792 et
2005 5750 2133 5792 oves

1512 315 1573 371 IN
1607 308 1884 370 JOANNIS
1921 303 2384 393 EVANJELIUM,
2424 306 2477 359 S.
2520 305 2885 366 AUGUSTINI

2267 196 2374 213 ...η

2353 222 2364 233 \

3624 313 3727 373 illi

2262 408 2414 473 erant
2444 436 2457 472 :
2493 418 2636 489 ipsos
2661 421 2800 474 enim
2830 421 3041 477 videbat
3064 421 3119 478 in
3148 424 3315 490 turba,
3341 426 3532 494 quando
3567 414 3744 497 dicebat,

2259 509 2387 564 Cum
2412 511 2744 566 exaltareritis
2767 511 2957 566 Filium
2980 513 3211 579 hominis,
3238 524 3351 569 tunc
3370 522 3636 588 eoum
3656 529 3744 595 quia

2260 610 2351 674 e‘go
2369 616 2480 657 sum
2499 605 2519 672 (
2541 602 2696 657 Ioan.
2718 620 2828 669 vni,
2854 604 2925 660 28
2953 604 2993 676 ).
3014 598 3288 672 Quomodo
3311 608 3445 662 enim
3466 612 3744 675 ιειιιςσινιιυτ

2261 696 2483 764 quarstio
2505 694 2531 748 ?
2557 688 2789 750 Audiunt
2812 712 2916 751 non
2944 712 3089 759 oves,
3110 706 3289 753 etnon
3314 700 3666 772 audiuntmes;
3688 724 3749 764 se.

2261 791 2496 873 quttnt‘ur
2522 802 2702 843 vocem
2733 790 2960 858 pastoris
2982 786 3194 859 quidam
3242 791 3371 860 lupi,
3410 795 3526 847 etei
3563 799 3745 866 quam;

2261 880 2631 934 contradicunt
2648 895 2810 945 oves;
2847 892 3115 951 postremo
3135 890 3392 952 pastorem
3417 886 3749 948 occiduﬂoves.

2263 970 2497 1025 Solvitur
2545 972 2811 1042 quaestio:
2847 974 3132 1042 respondet
3178 977 3323 1030 enim
3369 976 3751 1053 aliquis,etdicit,

2261 1059 2365 1115 Sed
2382 1061 2593 1130 quando
2616 1077 2719 1117 non
2745 1062 3047 1128 audiebant,
3076 1078 3200 1121 oves
3228 1066 3456 1122 nondum
3485 1081 3642 1138 erant,
3666 1083 3756 1133 tunc

2264 1148 2371 1221 lupi
2412 1162 2594 1217 erant;
2622 1169 2722 1207 vox
2753 1155 2929 1209 audita
2960 1171 3056 1210 eos
3083 1158 3322 1224 mutavit,
3351 1168 3405 1215 et
3437 1163 3755 1233 exdupisoves

2264 1243 2389 1298 fecit
2414 1260 2427 1296 :
2459 1243 2671 1313 quando
2695 1261 2822 1315 ergo
2850 1246 2999 1301 facta!
3021 1256 3146 1302 sunt
3162 1264 3311 1314 oves,
3340 1250 3613 1319 audierunt,
3636 1266 3680 1311 et
3699 1275 3761 1325 pa-

2254 1345 2458 1391 storem
2489 1338 2824 1404 invenerunt,
2851 1350 3227 1412 pastoremque
3255 1354 3449 1399 secuta)
3467 1357 3607 1412 sunt;
3627 1360 3758 1419 pasto-
3773 1376 3813 1401 α,

2264 1428 2338 1483 ris
2365 1431 2620 1498 promissa
2649 1442 3018 1502 speraverant,
3042 1437 3162 1504 quia
3183 1434 3335 1505 jussa
3359 1436 3603 1495 iecerunt;

2341 1523 2421 1575 ll.
2469 1522 2647 1578 Soluto
2691 1533 2774 1580 est
2797 1534 3083 1596 utcumque
3110 1527 3212 1583 ista
3236 1529 3484 1599 quaestio,
3514 1532 3764 1603 eteuiquam

2265 1610 2400 1666 forte
2441 1611 2685 1670 sufﬁciat.
2731 1615 2811 1671 Me
2856 1625 3033 1672 autem
3068 1616 3243 1673 adhuc
3281 1630 3481 1683 movet,
3518 1624 3693 1691 etquid
3709 1641 3765 1679 me

2264 1712 2475 1756 moveat
2500 1707 2833 1761 communico
2862 1707 3133 1763 vobiscum
3151 1749 3166 1773 ,
3198 1718 3256 1765 ut
3277 1710 3640 1780 quodammodo
3661 1731 3764 1785 qua-

2264 1807 2387 1848 rens
2424 1794 2727 1864 vobiscum,
2757 1799 3023 1854 revelante
3051 1800 3143 1854 illo
3167 1800 3455 1863 vobiscum.
3466 1819 3644 1869 merear
3659 1805 3766 1873 iure—

2264 1884 2401 1940 nire.
2427 1886 2563 1953 Quid
2592 1903 2719 1957 ergo
2742 1903 2830 1945 me
2852 1900 3090 1956 moveat,
3116 1892 3365 1961 accipite.
3388 1893 3485 1949 Per
3509 1894 3766 1963 Ezechide

2264 1977 2578 2046 prophetam
2614 1980 2867 2035 Dominus
2894 1981 3137 2054 objurgat
3164 1993 3409 2053 pastores
3429 2027 3446 2051 ,
3475 1995 3526 2041 et
3546 1988 3765 2043 dicitiuter

2264 2077 2453 2123 caatera
2471 2070 2537 2125 de
2557 2071 2762 2135 ovibus.
2781 2071 3053 2129 Errantem
3073 2092 3213 2129 ovem
3235 2094 3334 2130 non
3348 2077 3757 2151 revocastis(£uch.

2268 2178 2463 2227 xxxrv,
2509 2162 2585 2234 4).
2639 2163 2705 2219 Ει
2749 2176 2997 2223 errantem
3034 2166 3193 2231 dicit,
3240 2177 3297 2222 et
3335 2184 3473 2223 ovem
3510 2170 3767 2242 appellaLSi

2262 2255 2475 2323 quando
2500 2255 2713 2312 errabat
2739 2258 2854 2312 ovis
2877 2266 3020 2324 erat,
3048 2259 3201 2329 cujus
3231 2276 3416 2316 vocem
3443 2272 3497 2317 ut
3519 2272 3685 2321 erraret
3702 2278 3767 2318 tuo

2262 2344 2480 2400 diebat?
2511 2347 2699 2430 Procul
2721 2347 2883 2405 dubio
2906 2350 3046 2406 enim
3077 2368 3183 2406 non
3213 2363 3454 2421 erraret,
3479 2356 3521 2409 si
3546 2370 3692 2411 vocem
3710 2371 3770 2425 pt-

2262 2438 2419 2490 storis
2457 2438 2664 2495 audiret
2696 2457 2708 2493 :
2739 2440 2832 2495 sed
2870 2441 2994 2498 ideo
3022 2444 3223 2498 erravit
3245 2486 3261 2507 ,
3293 2445 3413 2513 quia
3443 2461 3609 2513 vocem
3628 2446 3769 2502 audivit

2260 2528 2447 2592 alieni;
2478 2544 2659 2585 vocem
2687 2530 2814 2585 luris
2835 2540 2890 2587 et
2912 2533 3133 2599 latronis
3149 2511 3377 2589 audivit.
3400 2533 3551 2593 Certe
3566 2511 3763 2595 latronum

2262 2632 2449 2676 vocem
2497 2636 2599 2681 non
2641 2622 2861 2677 audiunt
2898 2638 3026 2678 oves
3049 2624 3209 2691 :Qui
3246 2638 3513 2691 venerunt,
3550 2628 3770 2699 inquit.et

2264 2712 2633 2783 intelligimus,
2671 2716 2869 2771 Praeter
2897 2732 3021 2782 me;
3048 2716 3102 2773 id
3129 2725 3219 2772 est.
3238 2718 3381 2785 ,.Qai
3400 2730 3616 2777 venerunt
3628 2732 3770 2788 prater

2262 2820 2346 2860 me
2371 2846 2385 2871 ,
2429 2811 2566 2877 fures
2609 2818 2727 2863 sunt
2760 2818 2806 2862 et
2832 2808 3050 2865 latrones
3072 2852 3085 2876 ,
3114 2820 3161 2866 et
3189 2829 3295 2868 non
3320 2788 3573 2869 audierunt
3593 2830 3767 2870 casam.

2261 2895 2486 2950 Domine
2509 2940 2525 2964 ,
2558 2899 2602 2951 si
2632 2913 2736 2953 non
2764 2900 3047 2955 audierunt
3073 2917 3165 2957 eos
3191 2920 3356 2970 oves,
3382 2905 3625 2975 quomodo
3644 2912 3770 2961 errauit

2261 2988 2429 3041 oves?
2471 2989 2524 3041 Si
2565 3005 2692 3044 oves
2730 3006 2835 3045 non
2864 2992 3085 3047 audiunt
3112 2995 3216 3049 nisi
3251 3004 3336 3063 te;
3371 3005 3421 3051 tu
3450 3007 3609 3055 autem
3631 2997 3768 3051 veritas

2259 3095 2320 3135 es
2362 3098 2375 3134 :
2421 3082 2663 3158 quisquis
2704 3084 2978 3141 veritatem
3013 3087 3196 3154 audit,
3238 3093 3543 3163 nonutique
3565 3099 3694 3147 errat.
3717 3076 3771 3145 llli

2259 3180 2435 3229 autem
2476 3183 2655 3229 errant
2678 3216 2694 3242 ,
2725 3184 2780 3230 et
2804 3192 2933 3237 oves
2955 3179 3315 3248 appellantur.
3348 3182 3475 3237 Nam
3500 3183 3541 3238 si
3570 3183 3613 3253 in
3639 3196 3772 3239 errore

2262 3264 2376 3334 ipso
2414 3281 2539 3322 oves
2572 3282 2676 3320 non
2706 3268 3131 3337 appellarentur,
3164 3288 3276 3328 non
3307 3274 3561 3330 diceretur
3580 3290 3664 3349 per
3680 3273 3772 3330 Eae-

2258 3354 2517 3422 chielem,
2561 3355 2832 3411 Errantem
2869 3375 3010 3414 ovem
3052 3377 3152 3417 non
3186 3366 3472 3419 revocastis.
3500 3365 3724 3433 Quomodo
3740 3371 3775 3418 et

2260 3458 2433 3514 errat,
2477 3457 2532 3503 et
2571 3450 2685 3504 ovis
2725 3449 2849 3504 est?
2891 3449 3086 3507 Vocem
3114 3454 3278 3509 alieni
3305 3450 3689 3512 audivit?Certc
3707 3471 3773 3508 non

2259 3542 2529 3594 audierunt
2568 3558 2651 3595 eos
2678 3558 2810 3596 oves.
2843 3542 3041 3598 Deinde
3070 3546 3231 3600 modo
3262 3548 3411 3602 multi
3439 3548 3710 3621 colliguntur
3732 3542 3772 3596 ad

2252 3632 2403 3687 ovile
2422 3631 2653 3698 Christi,
2677 3642 2730 3687 et
2748 3649 2812 3688 ex
2838 3632 3101 3689 lneretieis
3127 3635 3263 3691 ﬁunt
3287 3638 3525 3695 catholici
3547 3656 3560 3703 ;
3581 3636 3773 3695 afuribus

2258 3721 2518 3777 tolluntur
2538 3763 2553 3785 ,
2602 3723 2797 3789 pastori
2845 3723 3137 3777 redduntur
3169 3742 3183 3778 :
3222 3736 3283 3782 et
3307 3702 3577 3796 aliquando
3602 3702 3774 3779 murmu-

2250 3820 2404 3872 .rant,
2440 3811 2649 3867 taedium
2685 3813 2953 3881 patiuntur
2982 3814 3046 3869 ad
3073 3828 3453 3885 revocantem,
3488 3828 3539 3877 et
3559 3796 3647 3873 non
3663 3813 3773 3873 intel-

2260 3900 2429 3973 ligunt
2450 3901 2775 3972 jugulantem
2796 3920 2811 3970 ;
2834 3914 3198 3961 verumtamen
3228 3910 3391 3964 etiam
3414 3925 3527 3965 cum
3548 3892 3769 3973 renitentes

2258 3992 2503 4049 Venerint
2525 4010 2643 4063 qua:
2669 4010 2796 4051 oves
2825 4005 2968 4064 Sunt,
2990 4009 3291 4067 agnoscunt
3311 4017 3490 4057 vocem
3517 3998 3771 4071 pastore,“

2256 4097 2317 4138 se
2357 4084 2568 4140 venisse
2614 4084 2889 4157 lretantur,
2936 4096 2991 4142 et
3018 4103 3229 4155 errasse
3257 4070 3583 4150 erubescunt.
3611 4070 3773 4157 Quando

2259 4188 2389 4244 ergo
2427 4175 2477 4228 in
2511 4175 2602 4229 illo
2630 4190 2815 4231 errore
2844 4187 3092 4251 tanquam
3122 4178 3174 4232 in
3208 4181 3431 4259 veritate
3457 4179 3769 4253 gloriaiwlul'.

2258 4274 2312 4318 et
2350 4266 2530 4335 utique
2570 4282 2675 4321 non
2708 4266 2990 4323 audiebant
3019 4284 3202 4341 vocem
3237 4254 3496 4341 pastoris,
3526 4254 3575 4324 et
3596 4268 3770 4323 alienum

2258 4360 2379 4416 ideo
2419 4361 2808 4429 sequebantur,
2852 4377 2978 4417 oves
3004 4372 3156 4418 erant
3183 4379 3250 4420 an
3284 4382 3390 4423 non
3420 4363 3594 4439 erant?
3618 4342 3771 4447 Silures

2254 4460 2439 4516 erant,
2480 4452 2745 4521 quomodo
2783 4453 2985 4535 alienos
3029 4470 3157 4509 oves
3202 4472 3311 4511 non
3356 4436 3605 4525 audiunt}
3628 4436 3769 4525 sitim

2254 4559 2359 4599 non
2387 4554 2572 4609 erant,
2599 4560 2769 4613 quare
2793 4545 3137 4615 objurgantur
3165 4546 3245 4602 illi
3269 4549 3459 4618 quibus
3478 4538 3769 4627 dicitur..“E't-

2252 4646 2447 4690 mntem
2485 4652 2624 4693 ovem
2662 4652 2761 4689 non
2795 4638 3097 4692 revocastis?
3124 4636 3180 4693 In
3213 4639 3341 4710 ipsis
3369 4641 3521 4696 etiam
3545 4622 3767 4709 jamlaclis

2250 4726 2529 4782 catholicis
2551 4724 2867 4783 Christianis
2889 4770 2902 4794 ,
2931 4730 3083 4783 home
3112 4731 3224 4800 spei
3255 4731 3499 4786 fidelibus
3514 4719 3766 4805 ,aliquando

2250 4818 2389 4877 mala
2419 4819 2734 4899 contingunt
2761 4835 2776 4883 ;
2801 4818 3129 4874 seducuntur
3148 4806 3462 4903 inderrorem
3482 4862 3496 4887 ,
3523 4800 3689 4893 ei
3710 4823 3767 4863 et“

2252 4924 2429 4965 rorem
2468 4920 2784 4965 revocantur
2816 4928 2827 4963 :
2859 4910 3072 4979 quando
3096 4910 3301 4985 seducti
3330 4921 3451 4965 sunt
3479 4913 3525 4963 in
3552 4906 3763 4985 errorem.

2248 5008 2302 5055 et
2347 5000 2655 5069 rebaptizati
2699 5008 2851 5065 sunt,
2878 4978 2970 5053 aut
3001 4978 3119 5070 post
3148 5000 3300 5054 ovilis
3328 4996 3567 5053 dominici
3591 4978 3763 5047 societa-

2252 5105 2355 5148 tem
2393 5108 2578 5147 rursus
2606 5094 2657 5147 in
2687 5107 2920 5148 errorem
2952 5094 3231 5162 pristinum
3264 5090 3485 5165 revoluti
3512 5096 3647 5165 sunt,
3673 5091 3763 5135 oves

2249 5194 2398 5239 erant
2427 5199 2493 5237 an
2525 5200 2629 5238 non
2658 5184 2851 5238 erant?
2881 5182 3072 5252 Utique
3090 5162 3347 5253 catholici
3364 5170 3527 5237 erant.
3551 5162 3599 5233 Si
3624 5168 3761 5228 catho-

2248 5276 2334 5329 lici
2360 5275 2539 5330 lideles
2565 5284 2717 5328 erant
2736 5315 2750 5334 ,
2780 5290 2906 5327 oves
2926 5282 3096 5327 erant.
3120 5273 3175 5328 Si
3203 5288 3325 5343 oves
3346 5258 3495 5325 'crunt
3513 5311 3527 5336 ,
3553 5255 3760 5336 quomodo

2245 5380 2429 5419 vocem
2469 5365 2626 5420 alieni
2656 5364 2841 5418 audire
2871 5374 3184 5431 potuerunt,
3216 5380 3332 5417 cum
3366 5362 3598 5416 Dominus
3624 5352 3757 5409 (ιῑωι,

2245 5472 2344 5510 non
2370 5455 2636 5509 audierunt
2665 5472 2748 5507 eos
2775 5455 2928 5508 oves?

2316 5549 2400 5602 12.
2434 5548 2667 5603 Audistis
2688 5591 2702 5614 ,
2735 5547 2952 5614 fratres,
2982 5547 3303 5602 altitudinem
3334 5531 3752 5629 (tuaestiopis._liict>

2243 5656 2367 5709 ergo
2400 5658 2409 5692 :
2436 5639 2595 5697 Novit
2619 5639 2865 5718 Dominus
2881 5640 2966 5709 qui
2977 5647 3088 5692 sunt
3114 5639 3220 5712 ejus
3241 5635 3443 5718 (litim.
3462 5619 3754 5718 tt,i9):1§0l'll

2241 5734 2535 5803 praescitos,
2566 5733 2708 5788 novit
2735 5710 3172 5803 praedestinatos:
3203 5730 3267 5787 de
3296 5710 3386 5784 illi)
3399 5710 3578 5798 quise
3592 5710 3783 5815 didm».
