3926 6366
109 363 225 423 ms

111 496 128 532 t
156 476 284 546 Quos
321 482 491 529 autem
517 471 781 542 praescivit
802 513 817 537 ,
846 477 899 527 et
924 470 1323 544 praedestinavit
1346 474 1649 528 conformes

108 570 197 625 ﬁert
224 566 451 637 imaginis
472 562 589 618 Filii
618 565 716 629 sui,
734 573 789 618 ttt
807 564 876 618 sit
896 564 1009 633 ipse
1032 565 1415 634 primogenitns
1436 565 1487 619 in
1512 565 1651 619 ntul-

103 661 157 714 tis
183 656 431 713 fratribus.
462 655 608 724 Quos
630 666 802 709 autem
836 654 1262 726 praedestinavit,
1297 657 1441 727 ipsos
1468 666 1523 711 et
1551 674 1647 710 vo-

102 750 250 815 cavit;
295 758 345 802 et
386 762 518 817 quos
564 748 799 810 vocavit,
848 746 991 815 ipsos
1034 756 1084 801 et
1125 747 1470 816 justilicavit;
1515 763 1649 818 quos

100 853 247 895 autem
282 837 585 909 justiﬁeavit
610 881 624 905 ,
666 839 806 907 ipsos
846 847 892 892 et
936 837 1267 909 glorificavit.
1299 837 1357 893 Si
1387 837 1523 891 Deus
1551 853 1649 910 pro

76 932 255 1002 ,uobis,
301 930 413 1002 quis
454 938 639 983 contra
683 928 822 982 nos?
862 927 1010 983 Adde
1046 927 1219 983 adhuc
1248 947 1260 981 :
1291 920 1389 996 Qui
1435 929 1648 998 proprio

75 996 209 1117 gl‘ilio
235 996 333 1078 suo
349 1038 450 1075 non
476 1022 717 1093 pepercit
742 1062 756 1086 ,
786 1020 877 1075 sed
908 1036 1002 1090 pro
1025 1020 1175 1074 nobis
1209 996 1456 1075 omnibus
1484 996 1647 1075 tradi-

100 1117 157 1170 dit
182 1131 316 1181 eam,
342 1100 609 1183 quomodo
636 1126 738 1164 non
770 1119 821 1165 et
840 1126 960 1164 eum
990 1110 1079 1164 illo
1100 1111 1275 1165 omnia
1303 1111 1457 1165 nobis
1482 1109 1647 1165 dona-

100 1152 157 1170 υ..
182 1152 316 1181 ψη,
342 1152 608 1183 Ὶ.......υ..υ
636 1152 738 1164 ..νη
771 1152 821 1165 ν.
842 1152 960 1164 νη...
1101 1152 1275 1165 om...“

72 1152 192 1259 ivit?
224 1226 241 1257 ι
264 1203 359 1257 Sed
404 1204 601 1272 quibus
643 1200 835 1256 nobis?
876 1202 1173 1268 Prtescitis,
1217 1202 1643 1272 prmdestinatis,

98 1296 351 1368 justiticatis
371 1337 385 1360 ,
412 1287 764 1364 glorificatis':
795 1294 862 1348 de
887 1294 1081 1364 quibus
1111 1295 1350 1361 sequitur
1371 1337 1384 1358 ,
1413 1294 1537 1360 Quis
1560 1312 1647 1347 ac-

102 1386 253 1442 rtuabit
276 1387 505 1440 adversus
533 1387 715 1439 electos
739 1384 835 1438 Dei
863 1383 1035 1456 (Rom.
1068 1400 1156 1438 vnt
1179 1427 1192 1445 ,
1225 1384 1296 1440 29
1324 1382 1459 1457 33)?
1495 1384 1648 1439 Novit

103 1494 202 1551 ergo.
221 1478 446 1535 Dominus
462 1478 549 1547 qui
568 1487 686 1530 sunt
708 1477 815 1547 ejus
839 1495 857 1541 ;
882 1479 1008 1545 ipsa:
1032 1488 1154 1532 sunt
1174 1492 1321 1532 oves.
1352 1478 1647 1548 Aliquando

101 1589 148 1626 se
186 1560 296 1640 ipsa:
340 1570 615 1632 nesciunt,
663 1569 757 1623 sed
803 1579 983 1637 pastor
1023 1569 1168 1621 novit
1203 1583 1323 1634 eas,
1354 1568 1646 1622 secundum

106 1665 222 1716 istam
263 1659 809 1732 praedestinationem,
858 1658 1149 1714 secundum
1192 1660 1346 1713 istam
1392 1660 1484 1713 Dei
1515 1676 1647 1729 pra:-

105 1753 325 1807 scientiam
345 1795 357 1814 ,
388 1750 680 1806 secundum
710 1752 1025 1805 electionem
1057 1751 1231 1804 ovium
1255 1793 1266 1813 ,
1294 1760 1415 1805 ante
1445 1752 1647 1805 consti»

106 1845 309 1915 tationem
350 1840 528 1897 mttndi
572 1858 587 1895 :
633 1852 756 1895 nam
794 1850 845 1895 et
878 1841 977 1895 hoc
1002 1841 1131 1895 dicit
1160 1841 1478 1910 Apostolus,
1505 1841 1649 1897 Sicut

108 1916 218 2007 elegit
251 1954 332 1990 nos
363 1937 413 1988 in
434 1935 546 2003 ipso
576 1944 695 1989 ante
719 1934 1121 1988 constitutionem
1147 1934 1324 1987 mundi
1352 1933 1566 2006 (Epltes.
1594 1952 1643 2000 ι,

112 2028 167 2102 ι).
190 2028 468 2085 Secundum
500 2028 660 2080 istam
686 2040 813 2095 ergo
840 2027 1222 2096 pra-scientiam
1254 2029 1341 2082 Dei
1372 2037 1424 2082 et
1447 2030 1650 2097 prinde-

111 2123 428 2185 stinationem,
476 2135 638 2189 quam
685 2119 867 2172 multa:
911 2132 1042 2171 oves
1085 2116 1242 2181 foris,
1293 2135 1449 2189 quam
1497 2121 1648 2173 multi

108 2215 189 2287 lupi
213 2216 372 2278 intus;
401 2220 455 2267 et
479 2229 642 2281 quam
676 2211 855 2265 multa:
885 2226 1012 2265 oves
1046 2212 1208 2274 intus,
1236 2220 1289 2265 et
1315 2227 1474 2280 quam
1500 2211 1647 2265 multi

112 2308 189 2377 lupi
224 2306 362 2360 foris!
390 2306 522 2375 Quid
553 2315 639 2359 est
666 2305 803 2376 quod
831 2305 935 2358 dixi
964 2346 977 2368 ,
1012 2320 1169 2373 quam
1204 2306 1382 2357 multa:
1412 2319 1538 2359 oves
1569 2307 1647 2357 fo-

110 2400 196 2453 ris?
229 2398 379 2466 Quam
426 2398 572 2451 multi
626 2397 787 2451 modo
834 2398 1209 2460 luxuriantur,
1255 2398 1386 2451 casti
1437 2396 1643 2461 futuri;

112 2505 231 2559 quam
256 2490 387 2543 multi
415 2489 789 2558 blaSphetnant
818 2487 1110 2553 Christum,
1130 2488 1377 2541 credituri
1408 2490 1458 2541 in
1489 2487 1646 2541 Chri-

113 2588 253 2647 stum;
285 2596 427 2650 quam
466 2581 620 2634 multi
651 2594 707 2633 se
739 2578 1030 2643 inebriant,
1064 2578 1224 2632 futuri
1254 2579 1454 2643 sobrii;
1488 2594 1647 2648 quam

114 2670 229 2726 multi
266 2673 457 2740 rapiunt
499 2688 586 2725 res
634 2672 867 2734 alienas,
912 2671 1156 2725 donaturi
1194 2673 1347 2724 suas!
1383 2682 1649 2725 verumta-

114 2776 207 2815 men
241 2761 379 2816 modo
419 2777 601 2816 vocem
645 2761 872 2816 alienam
912 2761 1166 2826 audiunt,
1190 2761 1391 2815 alienos
1415 2775 1647 2829 sequun-

118 2862 195 2909 tur.
231 2855 338 2910 ltem
366 2872 512 2926 quam
545 2855 704 2909 multi
735 2854 875 2908 intus
906 2854 1123 2908 laudant
1144 2894 1157 2915 ,
1189 2852 1602 2922 blasphematuri
1633 2871 1647 2919 ;

117 2948 213 3002 casti
247 2958 384 3011 sunt,
432 2946 744 3002 fornicaturi
775 2962 788 3009 ;
835 2946 998 3001 sobrii
1041 2953 1190 3011 sunt,
1233 2961 1290 2998 se
1321 2946 1442 2999 vino
1470 2955 1648 3014 postea

122 3040 317 3109 sepulturi
342 3057 355 3106 ;
384 3049 519 3095 stant
538 3081 551 3102 ,
581 3039 762 3093 casuri
790 3039 803 3090 !
836 3052 938 3090 non
970 3046 1093 3090 sunt
1120 3052 1266 3091 oves.
1301 3036 1320 3109 (
1349 3038 1420 3090 De
1447 3037 1651 3106 praede-

121 3131 282 3184 stinatis
317 3131 442 3186 enim
482 3130 759 3200 loquimur
785 3144 800 3193 ;
844 3127 912 3182 de
944 3126 1023 3180 his
1054 3127 1317 3197 loquimur
1345 3142 1478 3196 quos
1510 3129 1653 3183 novit

120 3219 327 3275 Dominus
344 3262 357 3287 ,
382 3222 459 3292 qui
480 3234 611 3276 sunt
633 3217 793 3289 ejus.)
820 3218 885 3273 Et
909 3227 1083 3272 tamen
1111 3218 1207 3287 ipsi
1229 3218 1479 3287 quamdiu
1508 3229 1652 3273 recte

121 3311 324 3382 sapiunt,
363 3312 542 3369 Christi
591 3326 778 3366 vocem
821 3310 1062 3364 audiunt.
1099 3309 1239 3363 Et-ce
1268 3309 1491 3363 audiunt
1519 3310 1651 3379 ipsi,

122 3420 205 3459 non
241 3404 426 3460 audiunt
462 3407 534 3460 illi
591 3425 603 3457 :
652 3413 707 3458 et
752 3411 927 3457 tamen
970 3401 1261 3457 secundum
1304 3401 1655 3471 pra'destinas

125 3495 278 3550 tionem
306 3513 393 3551 non
418 3514 539 3551 oves
577 3497 704 3562 isti,
737 3509 864 3548 oves
896 3492 990 3547 illi.
1549 3486 1557 3493 ’

178 3586 246 3640 l5.
287 3586 452 3642 Adhuc
479 3594 667 3640 manet
691 3585 914 3655 quaestio
938 3626 950 3647 ,
980 3599 1096 3653 qua!
1124 3583 1253 3637 mihi
1282 3583 1492 3637 interim
1520 3600 1660 3639 nunc

125 3676 285 3731 videtur
305 3679 366 3732 ita
394 3695 539 3748 posse
565 3675 805 3731 dissolvi.
832 3675 925 3730 Est
950 3676 1122 3743 aliqua
1144 3689 1266 3731 vox.
1291 3685 1391 3739 est,
1424 3676 1656 3745 inquam,

127 3764 200 3823 vox
216 3770 360 3840 aliqua
388 3770 613 3839 pastoris
631 3812 645 3835 ,
677 3769 728 3822 in
759 3783 861 3837 qua
888 3782 1014 3821 oves
1039 3782 1143 3819 non
1175 3766 1398 3820 audiunt
1422 3767 1659 3831 alienos,

130 3860 168 3913 in
196 3878 277 3933 qua
312 3880 404 3919 non
430 3879 557 3919 oves
588 3878 696 3916 non
725 3860 943 3915 audiunt
973 3858 1261 3914 Christum.
1295 3859 1423 3926 Qum
1450 3870 1531 3915 est
1561 3862 1659 3915 ista

130 3952 232 4004 vox!
266 3952 349 4016 Qui
376 3952 754 4025 perseveraverit
786 3967 939 4019 usque
968 3950 1019 4003 in
1047 3950 1198 4018 linem
1219 3991 1232 4013 ,
1262 3949 1341 4002 Itic
1368 3949 1536 4004 salvus
1562 3953 1661 4004 erit

132 4030 297 4107 (Matth.
335 4023 391 4113 x,
430 4046 543 4119 ‘22).
570 4023 737 4100 .llanc
776 4060 957 4099 vocem
1003 4059 1107 4098 non
1139 4045 1353 4114 negligit
1382 4044 1659 4114 proprius,

134 4150 210 4190 non
244 4141 370 4194 audit
407 4142 615 4196 alienus
662 4157 675 4192 :
722 4153 842 4192 nam
888 4146 940 4190 et
972 4136 1056 4190 ille
1089 4136 1190 4189 hoc
1217 4136 1262 4189 ei
1295 4137 1543 4204 praalicat
1565 4178 1579 4201 ,
1607 4145 1665 4191 ut

135 4241 383 4296 perseveret
408 4233 543 4302 apud
574 4233 744 4301 ipsum
778 4245 942 4299 usque
969 4230 1021 4282 in
1050 4230 1207 4281 tinem
1229 4270 1243 4294 ,
1275 4228 1366 4283 sed
1397 4244 1498 4281 non
1524 4229 1662 4297 apud

136 4332 225 4374 eunt
255 4323 626 4393 perseverando
672 4337 775 4375 non
816 4320 963 4374 audit
1006 4318 1139 4373 hanc
1179 4335 1385 4373 vocem.
1420 4319 1569 4374 Venit
1596 4320 1663 4374 ad

137 4406 350 4468 Christum
369 4457 383 4479 ,
404 4416 605 4469 audivit
629 4413 729 4467 alia
760 4423 812 4468 et
832 4412 934 4465 alia
960 4412 1138 4473 verba,
1166 4411 1254 4465 illa
1282 4420 1332 4465 et
1355 4410 1459 4472 illa,
1487 4412 1661 4463 omnia

141 4512 264 4567 ven,
301 4521 416 4560 sana
444 4506 621 4560 omnia
654 4523 667 4558 :
700 4506 838 4557 inter
866 4517 983 4572 qua!
1008 4500 1185 4554 omnia
1217 4509 1299 4555 est
1327 4508 1381 4554 et
1408 4500 1493 4553 illa
1522 4515 1623 4553 vox
1645 4542 1659 4566 ,

145 4574 217 4653 Oli
238 4597 589 4663 perseveraverit
614 4610 767 4667 usque
792 4594 844 4647 in
876 4593 1049 4661 ﬁnem,
1072 4593 1153 4644 hic
1177 4592 1341 4644 salvus
1366 4592 1477 4644 erit.
1506 4590 1662 4644 Istam

145 4682 208 4751 qui
229 4686 458 4755 audierit,
488 4688 602 4743 ovis
626 4697 727 4742 est.
756 4685 861 4741 Sed
884 4683 1133 4741 audiebat
1161 4684 1299 4737 illam
1324 4685 1504 4737 nescio
1523 4682 1661 4751 quis,

149 4778 187 4851 et
212 4773 404 4849 desipuit
425 4823 439 4847 ,
482 4780 757 4850 refriguit,
786 4777 985 4832 audivit
1012 4777 1237 4831 alienam
1268 4793 1282 4828 :
1312 4774 1355 4827 si
1389 4772 1663 4843 praedesti-

151 4871 263 4921 ιιιιιε
283 4880 353 4923 est
373 4911 386 4934 ,
410 4871 474 4925 ad
503 4882 711 4941 tempus
736 4869 950 4932 erravit,
981 4868 1034 4921 in
1060 4875 1317 4923 aeternum
1347 4880 1449 4919 non
1475 4865 1662 4934 periit;

154 4953 252 5011 redit
277 4968 326 5014 ut
348 4961 516 5017 audiat
541 4963 679 5033 quod
710 4962 974 5030 neglexit,
1005 4958 1164 5012 faciat
1190 4956 1331 5026 quod
1360 4956 1579 5010 audivit.
1608 4956 1662 5010 Si

151 5044 254 5100 ειὶὶαι
287 5050 346 5106 de
379 5051 456 5107 his
495 5063 577 5109 est
615 5061 705 5125 qtti
752 5051 1110 5123 praedestinati
1150 5058 1304 5113 sunt,
1350 5059 1401 5102 et
1430 5060 1664 5103 errorem

154 5133 276 5205 ipsius
310 5144 432 5200 Deus
475 5146 766 5217 prmscivit,
811 5156 864 5199 et
892 5143 1293 5198 conversionem
1329 5141 1592 5205 futuram;
1622 5140 1667 5194 si

153 5225 396 5298 aberravit,
424 5236 553 5291 redit
578 5245 635 5291 ut
659 5235 838 5290 audiat
859 5234 997 5286 illam
1021 5247 1203 5285 vocem
1234 5231 1478 5300 pastoris,
1506 5237 1561 5284 et
1578 5246 1665 5285 se-

157 5327 304 5383 ‘luatur
334 5324 578 5383 dicentem
598 5370 613 5394 ,
659 5325 760 5393 Qui
799 5323 1180 5395 perseveraverit
1220 5336 1374 5389 usque
1400 5321 1454 5373 in
1482 5322 1631 5387 ﬁnem
1651 5360 1666 5383 ,

157 5405 225 5481 ﬁt;
246 5413 386 5471 calvus
422 5418 526 5472 erit.
570 5419 713 5475 Bona
752 5432 851 5472 vox
873 5457 886 5480 ,
915 5416 1106 5469 fratres
1125 5455 1139 5479 ,
1168 5428 1289 5467 vera
1313 5454 1325 5476 ,
1355 5412 1663 5481 pastoralis,

283 5513 354 5559 est
386 5523 482 5564 vox
520 5510 707 5568 salutis
744 5511 798 5564 in
830 5478 1182 5562 tabernaculis
1206 5478 1470 5573 justornm
1498 5502 1667 5573 (Psal-

161 5578 292 5670 οξηι,
316 5594 414 5670 15).
442 5597 565 5657 Nam
593 5600 744 5658 facile
769 5610 852 5657 eat
879 5599 1061 5655 audire
1085 5596 1352 5652 Christum
1375 5635 1389 5661 ,
1415 5592 1569 5648 facile
1594 5602 1673 5650 est

166 5662 330 5781 ’ἐξὲξ
374 5688 724 5769 Evangelium,
772 5696 931 5752 facile
969 5697 1261 5751 acclamarc
1301 5686 1614 5763 disiiutatori
1658 5710 1669 5742 :

648 5787 700 5843 in
727 5786 887 5844 (luem
907 5827 922 5855 ,
948 5786 1051 5842 hoc
1072 5793 1154 5841 est
1171 5783 1351 5841 ovium
1375 5798 1557 5839 vocem
1585 5798 1674 5851 pa-

1141 359 1552 419 TRACTATUS
1590 363 1747 419 XLV.
1788 365 2017 423 CAPUT
2054 366 2123 422 Χ.

3207 381 3341 437 17ἐῦ

1761 477 1921 530 storis
1964 477 2311 533 audientimn.
2343 480 2587 538 Tentatio
2614 486 2837 550 accidit,
2870 503 3147 557 persevera
3175 508 3343 562 usque

1761 562 1817 620 iii
1841 567 1997 621 linem
2023 586 2037 621 :
2060 571 2181 639 quia
2205 574 2424 627 tentatio
2442 589 2548 628 non
2573 586 2868 641 persevth
2889 582 3116 649 usquein
3140 582 3344 638 noema

1760 654 1940 729 Usque
1980 661 2030 714 in
2070 662 2227 732 quem
2262 664 2425 719 finem
2444 668 2853 736 perseverabis?
2882 671 3167 743 Quousque
3196 676 3347 729 tinias

1760 744 1919 808 viam.
1949 752 2208 823 Quamdiu
2231 758 2371 811 enim
2399 774 2501 812 non
2531 761 2680 814 audis
2703 762 2989 829 Cltristum,
3015 762 3348 822 adversarius

1761 852 1881 898 tuus
1924 855 2006 898 est
2042 846 2096 899 in
2126 847 2221 900 ista
2254 851 2334 901 via
2353 892 2367 914 ,
2399 849 2499 903 hoc
2524 858 2607 904 est
2635 853 2685 905 in
2715 856 2812 906 ista
2846 854 3056 908 mortali
3084 858 3215 910 vita.
3244 858 3349 913 Sed

1758 935 1882 1005 quid
1927 936 2096 991 dicit?
2147 936 2410 993 Concorda
2430 956 2543 993 cum
2569 942 2856 997 adversario
2885 953 2970 997 tuo
2993 943 3124 1010 'cito,
3154 947 3274 1001 dum
3299 965 3350 1001 es

1756 1036 1870 1081 eum
1897 1045 1952 1082 eo
1980 1029 2033 1081 in
2057 1030 2137 1083 via
2163 1029 2372 1100 (Matth.
2407 1049 2437 1085 v
2462 1075 2477 1098 ,
2501 1034 2615 1103 25).
2648 1036 2887 1101 Audisti,
2908 1037 3199 1099 credidisti,
3221 1054 3351 1095 con-

1756 1119 2010 1175 cordasti.
2040 1120 2095 1176 Si
2120 1121 2506 1191 adversabaris,
2531 1127 2814 1181 concorda.
2844 1127 2899 1183 Si
2929 1129 3024 1183 tibi
3049 1133 3345 1199 praestitum

1756 1222 1839 1270 est
1866 1216 2225 1284 concordare,
2272 1219 2378 1273 noli
2423 1221 2647 1276 ulterius
2686 1224 2910 1293 litigare.
2957 1226 3179 1293 Quando
3204 1229 3346 1283 enim

1758 1303 1971 1359 ﬁniatur
2012 1308 2090 1360 via
2129 1310 2303 1363 neseis
2325 1352 2337 1373 ,
2368 1311 2459 1365 sed
2488 1319 2662 1366 tamen
2693 1314 2794 1367 scit
2823 1314 2930 1369 ille.
2958 1316 3017 1369 Si
3042 1318 3157 1370 ovis
3181 1332 3260 1380 es,
3291 1328 3346 1372 et

1756 1392 1801 1449 si
1831 1399 2253 1464 perseveraveris
2283 1415 2449 1470 nsque
2478 1402 2528 1454 in
2561 1402 2749 1466 tinem,
2780 1405 2957 1457 salvus
2981 1407 3086 1460 eris
3116 1425 3130 1460 :
3161 1422 3223 1462 ac
3252 1423 3348 1478 per

1756 1484 1860 1539 hoc
1898 1487 2048 1538 istam
2089 1502 2271 1540 vocem
2314 1505 2416 1541 non
2458 1499 2803 1545 contemnunt
2839 1494 2954 1557 sui,
2996 1510 3100 1548 non
3127 1495 3347 1550 audiunt

1757 1576 1939 1629 alieni.
1982 1576 2049 1631 Ut
2092 1578 2233 1645 pottti
2253 1619 2268 1643 ,
2293 1588 2349 1631 ut
2374 1580 2487 1647 ipse
2505 1579 2753 1648 donavit,
2784 1582 3094 1650 profundam
3122 1586 3344 1640 multum

1757 1669 2106 1736 quaestionem
2128 1678 2218 1722 aut
2239 1672 2456 1738 exposui
2484 1672 2631 1725 vobis
2654 1713 2668 1735 ,
2697 1683 2787 1724 aut
2808 1677 3024 1728 tractavi
3047 1675 3340 1731 vobiscum.

1759 1757 1816 1813 Si
1867 1760 1954 1829 qui
1997 1760 2171 1813 minus
2198 1760 2571 1815 intellexerunt
2596 1803 2609 1825 ,
2640 1773 2848 1818 maneat
2874 1765 3040 1832 pietas
3062 1805 3077 1830 ,
3108 1775 3162 1820 et
3189 1782 3343 1821 reve-

1757 1850 1952 1905 labitur
1992 1852 2184 1907 veritas
2219 1871 2230 1905 :
2264 1854 2352 1922 qui
2382 1864 2556 1908 autem
2589 1855 2963 1909 intellexerunt
2984 1895 2999 1921 ,
3031 1872 3134 1909 non
3161 1873 3220 1913 se
3246 1873 3343 1914 ex-

1759 1942 1944 1998 tollant
1962 1944 2111 2010 quasi
2132 1944 2420 1998 celeriores
2444 1960 2604 2013 super
2632 1946 2887 2000 tardiores
2905 1986 2921 2012 ,
2950 1962 3016 2002 ne
3041 1948 3344 2002 extollendo

1756 2048 1816 2089 se
1835 2034 2135 2088 exorbitent
2154 2076 2167 2100 ,
2194 2045 2246 2089 et
2277 2036 2477 2090 facilius
2506 2038 2813 2105 perveniant
2839 2038 3116 2092 tardiores.
3146 2038 3344 2094 Omnes

1756 2135 1933 2180 autem
1972 2126 2223 2195 perducat
2246 2128 2330 2180 cui
2361 2127 2584 2180 dicimus
2618 2145 2629 2178 :
2667 2126 2841 2180 Deduc
2866 2144 2943 2181 me
2964 2169 2978 2187 .
3011 2128 3258 2194 Domine,
3286 2130 3339 2182 in

1756 2218 1837 2269 via
1871 2226 1957 2268 tua
1975 2258 1989 2280 ,
2027 2226 2072 2268 et
2097 2216 2363 2269 ambulabo
2386 2217 2437 2270 in
2462 2218 2664 2270 veritate
2687 2228 2774 2271 tua
2801 2215 2968 2287 (Psal.
2995 2234 3202 2283 Lxxxv,
3227 2219 3339 2291 Η).

1829 2310 1914 2363 14.
1940 2309 2041 2362 Per
2069 2310 2167 2361 hoc
2196 2324 2322 2378 ergo
2340 2310 2480 2378 quod
2505 2311 2748 2378 exposuit
2774 2311 3025 2365 Dominus
3043 2350 3058 2377 ,
3086 2311 3207 2380 quia
3231 2311 3342 2382 ipse

1756 2408 1838 2455 est
1865 2402 2057 2453 ostium
2077 2441 2091 2463 ,
2118 2400 2375 2454 intremus
2400 2399 2467 2454 ad
2490 2415 2550 2454 ea
2574 2416 2691 2469 qua:
2717 2402 2988 2470 proposuit
3012 2443 3027 2466 ,
3053 2418 3152 2456 nec
3172 2418 3339 2470 expo-

1757 2496 1883 2547 suit.
1910 2494 1971 2547 Et
2000 2503 2179 2561 pastor
2198 2492 2411 2561 quidem
2434 2492 2677 2561 quisnam
2699 2495 2786 2557 sit,
2811 2494 3049 2561 quamvis
3072 2510 3174 2548 non
3197 2495 3341 2550 dixe-

1755 2586 1827 2639 rit
1851 2586 1901 2637 in
1929 2584 2027 2637 ista
2048 2585 2275 2638 lectione
2295 2600 2413 2653 quae
2435 2583 2592 2638 hodie
2615 2584 2829 2637 recitata
2854 2593 2933 2637 est
2953 2624 2968 2647 ,
2999 2594 3174 2637 tamen
3203 2585 3253 2637 in
3276 2600 3337 2640 ea

1756 2692 1875 2748 quae
1904 2678 2141 2746 sequitur
2166 2678 2501 2745 apertissime
2525 2676 2681 2732 dicit:
2707 2675 2819 2747 Ego
2837 2693 2948 2730 sum
2970 2685 3140 2747 pastor
3160 2676 3337 2730 bonus.

1756 2769 1909 2834 Quod
1952 2769 2051 2822 etsi
2081 2784 2184 2820 non
2212 2769 2446 2833 diceret,
2476 2782 2633 2836 quem
2662 2768 2821 2821 alium
2850 2777 3040 2835 praeter
3067 2768 3234 2835 ipsum
3263 2767 3340 2822 in-

1758 2861 1995 2927 telligere
2028 2859 2342 2913 deberemus
2385 2859 2435 2911 in
2472 2859 2549 2912 eis
2587 2858 2792 2922 verbis,
2823 2857 2907 2912 ubi
2938 2857 3041 2911 ait:
3075 2876 3092 2907 ι
3127 2856 3225 2924 Qui
3255 2856 3341 2911 in-

1758 2958 1862 3004 trat
1893 2965 1986 3018 per
2004 2951 2229 3012 ostium,
2260 2959 2438 3017 pastor
2462 2958 2544 3002 est
2570 2949 2766 3001 ovium.
2794 2948 2922 3000 Iluic
2942 2947 3187 3001 ostiarius
3211 2962 3311 3016 ape
3335 2980 3344 2988 ο

1758 3041 1829 3095 rit
1852 3059 1865 3094 :
1895 3050 1947 3096 et
1967 3056 2094 3094 oves
2116 3056 2295 3093 vocem
2319 3040 2434 3108 ejus
2459 3040 2715 3103 audntnt;
2748 3048 2802 3093 et
2833 3039 3071 3107 proprias
3100 3053 3227 3093 oves
3251 3053 3344 3094 vo—

1760 3140 1846 3186 cat
1885 3131 2226 3194 nominatim,
2267 3140 2321 3186 et
2364 3131 2540 3185 educit
2573 3145 2683 3183 eas.
2725 3132 2785 3182 lit
2809 3145 2928 3183 cum
2958 3128 3193 3198 proprias
3218 3144 3345 3185 oves

1760 3224 2026 3285 emiserit,
2056 3232 2177 3277 ante
2199 3238 2290 3276 eas
2312 3222 2451 3275 vadit
2478 3241 2489 3276 :
2520 3232 2573 3276 et
2596 3237 2725 3277 oves
2747 3237 2869 3275 emn
2891 3231 3203 3291 sequuntur,
3226 3222 3346 3301 qpia

1763 3315 1936 3369 sciunt
1961 3330 2142 3368 vorem
2170 3313 2327 3381 ejus?
2353 3339 2369 3366 ο
2387 3314 2517 3381 Quis
2542 3314 2680 3368 enitn
2709 3314 2842 3367 alius
2861 3330 2986 3367 oves
3008 3314 3242 3383 proprias
3257 3330 3350 3366 vo-

1763 3414 1850 3459 cat
1875 3406 2183 3459 nominatim
2204 3447 2218 3465 .
2246 3414 2296 3460 et
2317 3405 2494 3458 educit
2520 3420 2610 3459 eas
2639 3405 2759 3459 hine
2786 3405 2849 3457 ad
2876 3405 3033 3457 vitam
3057 3415 3307 3457 :ctcrnam
3329 3446 3342 3467 ,

1764 3498 1867 3552 nisi
1908 3499 1994 3567 qui
2025 3499 2407 3557 novitttomina
2438 3496 2973 3565 prmdestittatorttttt?
3002 3497 3149 3551 Unde
3173 3497 3245 3550 ait
3270 3496 3350 3550 di-

1766 3588 1981 3656 scipulis
2005 3587 2138 3652 suis,
2159 3585 2388 3641 Gaudete
2399 3588 2515 3656 quia
2545 3588 2747 3639 nomina
2770 3596 2928 3640 vestra
2953 3586 3135 3655 scripta
3161 3595 3275 3638 sunt
3297 3586 3349 3638 in

1767 3677 1890 3732 cazlo
1935 3677 2087 3747 (Luc.
2125 3696 2156 3733 χ
2179 3721 2193 3744 ,
2232 3679 2325 3750 20)
2356 3698 2368 3733 ;
2411 3680 2532 3733 hinc
2556 3681 2695 3733 enim
2725 3690 2871 3732 vocat
2902 3694 2991 3730 eas
3016 3677 3349 3731 nominatim.

1771 3767 1838 3822 Et
1876 3770 1995 3835 quis
2033 3769 2165 3822 alius
2204 3785 2295 3822 eas
2321 3769 2551 3831 emittit,
2581 3770 2678 3821 nisi
2705 3768 2792 3836 qui
2820 3784 3002 3821 earum
3032 3778 3243 3836 peccata
3271 3767 3353 3820 di-

1769 3859 1968 3925 mittit,
2013 3871 2067 3913 ut
2104 3876 2223 3914 eum
2251 3862 2399 3928 sequi
2427 3861 2575 3914 duris
2602 3861 2832 3914 liberata:
2865 3860 3084 3914 vinculis
3112 3860 3311 3928 possint
3335 3862 3349 3912 Σ

1772 3949 1840 4003 Ει
1882 3950 1999 4018 quis
2037 3964 2127 4003 eas
2172 3952 2441 4018 pra-cessit
2477 3967 2582 4020 quo
2629 3966 2747 4003 cum
2790 3961 3104 4018 sequantur,
3136 3950 3233 4003 nisi
3264 3954 3352 4019 qui

1770 4056 1992 4111 surgens
2020 4057 2050 4094 a
2077 4043 2301 4094 mortuis
2326 4042 2432 4107 jam
2462 4055 2564 4093 non
2588 4042 2810 4094 moritur
2832 4082 2847 4107 ,
2879 4053 2931 4095 et
2961 4058 3102 4093 mors
3122 4042 3169 4094 ei
3218 4042 3352 4093 ttltra

1768 4147 1874 4186 nou
1900 4129 2254 4185 dominabitur
2282 4128 2457 4196 (Rom.
2485 4145 2555 4192 VI,
2580 4127 2634 4199 9)
2665 4147 2676 4182 :
2709 4138 2758 4180 et
2786 4145 2903 4182 cum
2936 4129 3017 4182 hic
3037 4128 3352 4196 conspicuus

1770 4232 1911 4277 esset
1953 4224 2006 4276 in
2050 4237 2211 4277 carne
2249 4222 2351 4287 ait,
2390 4239 2406 4270 ι
2447 4221 2633 4285 Pater,
2661 4235 2795 4289 quos
2819 4219 3008 4273 dedisti
3040 4219 3201 4281 mihi,
3231 4219 3352 4273 volo

1772 4326 1826 4369 ut
1852 4317 1939 4369 ubi
1967 4331 2065 4384 ego
2092 4330 2233 4379 sum,
2259 4324 2309 4366 et
2338 4315 2433 4382 ipsi
2464 4316 2567 4368 sint
2593 4329 2796 4369 mecum
2830 4332 2848 4365 ι
2872 4312 3024 4383 (Joau
3054 4329 3157 4366 xvu
3180 4354 3194 4375 ,
3217 4310 3352 4381 2i)?

1769 4406 1920 4462 Unde
1943 4406 2066 4460 illud
2092 4418 2174 4459 est
2195 4407 2334 4475 quod
2363 4407 2464 4459 ait:
2492 4426 2509 4456 ι
2546 4406 2657 4475 Ego
2683 4420 2798 4459 sum
2825 4407 3015 4460 ostium
3046 4424 3058 4459 :
3091 4421 3183 4474 per
3208 4421 3291 4459 mc
3308 4406 3351 4460 si

1768 4499 1889 4569 quis
1910 4497 2187 4563 introierit,
2209 4497 2513 4562 salvabitur;
2536 4508 2591 4551 et
2608 4496 2947 4565 ingredietur,
2965 4505 3015 4551 et
3033 4495 3350 4564 egredietur;

1772 4602 1826 4648 et
1863 4606 2054 4660 pascua
2102 4590 2351 4644 inveniet.
2392 4609 2409 4639 ι
2448 4590 2501 4642 ln
2532 4589 2631 4643 hoc
2654 4588 2926 4643 evidenter
2951 4586 3215 4652 ostendit,
3245 4602 3352 4642 non

1772 4681 1943 4734 solum
1978 4689 2239 4747 pastorem
2263 4721 2276 4743 ,
2321 4679 2413 4733 sed
2443 4679 2603 4733 etiam
2634 4693 2761 4732 oves
2788 4680 2986 4732 intrare
3014 4693 3109 4747 per
3136 4676 3350 4731 ostium.

1845 4771 1928 4825 15.
1977 4770 2080 4824 Sed
2111 4769 2233 4838 quid
2267 4779 2380 4833 est,
2414 4768 2718 4839 ingredietur
2742 4810 2755 4833 ,
2784 4779 2830 4822 et
2854 4761 3162 4839 egredietur,
3186 4777 3230 4821 et
3259 4786 3355 4839 pa-

1771 4877 1895 4916 scua
1918 4860 2129 4913 inveniet
2154 4860 2172 4911 .'
2201 4858 2404 4927 lngredi
2426 4860 2619 4927 quippe
2645 4859 2693 4911 in
2718 4858 3011 4911 Ecclesiam
3042 4846 3136 4925 per
3162 4858 3355 4911 ostium

1772 4940 2071 5010 Christum,
2098 4950 2247 5003 valde
2272 4949 2464 5001 bonum
2492 4958 2570 5001 est
2602 4966 2612 5001 :
2638 4950 2782 5001 exire
2808 4957 2981 5000 autem
3006 4947 3072 5001 (le
3097 4947 3352 5014 Ecclesia,

1773 5042 1910 5095 sicut
1934 5040 2007 5094 ait
2030 5040 2127 5093 iste
2158 5040 2267 5108 ipse
2292 5038 2526 5093 Joannes
2551 5040 2870 5108 evangelista
2900 5038 2949 5091 in
2977 5038 3211 5107 Epistula
3238 5053 3353 5102 sua,

1776 5120 1857 5186 Ex
1886 5132 2024 5186 nobis
2050 5134 2293 5196 exierunt,
2322 5131 2409 5183 sed
2433 5135 2530 5184 non
2550 5141 2687 5184 erant
2708 5148 2769 5184 ea:
2794 5132 2932 5183 nobis
2954 5130 3135 5199 (.Ioan.
3164 5146 3219 5189 tt.
3245 5130 3356 5204 l9);

1776 5238 1881 5277 non
1909 5232 1991 5277 est
2017 5223 2196 5291 utique
2221 5223 2436 5276 bonum.
2461 5219 2605 5274 Talis
2633 5236 2758 5291 ergo
2779 5236 3029 5291 egressus
3052 5238 3155 5275 ttun
3181 5231 3358 5291 posset

1777 5334 1805 5370 a
1843 5319 1982 5372 bono
2018 5326 2226 5386 pastore
2270 5316 2509 5379 laudari;
2542 5326 2594 5369 ut
2631 5316 2851 5380 diceret,
2872 5326 2917 5369 et
2943 5317 3278 5386 ingredietur,
3312 5325 3359 5367 et
3440 5312 3445 5317 ’

1778 5410 2085 5481 egredietur,
2114 5418 2158 5461 et
2183 5426 2367 5478 pascua
2396 5410 2627 5461 inveniet.
2654 5407 2750 5462 Est
2771 5416 2897 5479 ergo
2922 5409 3112 5476 aliquis
3144 5422 3245 5459 non
3271 5420 3358 5458 so-

1779 5499 1885 5553 lum
1911 5500 2197 5568 ingressus,
2224 5514 2403 5552 verum
2427 5502 2584 5552 etiam
2607 5513 2850 5568 egressus
2872 5499 3036 5550 bonus
3055 5512 3147 5566 per
3164 5497 3357 5551 ostium

1780 5593 1976 5647 bonum
2000 5634 2013 5657 ,
2046 5590 2183 5659 quod
2206 5601 2288 5645 est
2309 5589 2566 5644 Christus.
2593 5590 2696 5644 Sed
2719 5590 2834 5659 quis
2857 5598 2938 5642 est
2962 5588 3058 5642 iste
3082 5585 3361 5643 laudabilis

1843 5731 1857 5760 ί
1885 5728 2051 5783 lethaeo
2072 5728 2330 5788 sententia,
2364 5725 2474 5788 quia
2495 5721 2689 5773 tentatio
2717 5734 2812 5770 non
2848 5723 3116 5781 perseuerat
3136 5730 3284 5782 unus
3303 5729 3359 5772 ιη

1778 5788 1940 5855 ﬁnem,
1964 5790 2102 5837 abest
2124 5802 2149 5833 a
2176 5803 2186 5847 ι
2206 5785 2419 5849 lorisque
2443 5793 2545 5833 Mss.
