3926 6398
619 445 759 504 1727

548 596 565 633 ι
611 570 670 618 et
686 562 872 619 beatus
887 571 1140 630 egressus
1156 560 1171 615 l
1197 556 1421 615 Possem
1433 553 1645 627 quidem
1667 551 1844 609 dicere
1861 546 2063 621 ingredi
2076 558 2203 623 nos,

612 650 825 725 quando
870 650 1095 706 interius
1139 649 1335 719 aliquid
1372 640 1938 718 cogitanius;.rgredi
1983 647 2161 711 autem
2187 676 2203 703 ,

610 742 825 816 quando
850 741 1088 799 exterius
1106 741 1303 810 aliquid
1333 755 1620 810 cperamur
1646 757 1657 791 :
1684 734 2044 808 etquoniam,
2071 730 2207 809 sicut

611 836 735 898 dicit
758 835 1063 906 Apostolus,
1091 850 1186 905 per
1212 833 1372 895 iidem
1401 832 1602 887 habitat
1628 828 1935 898 Christusin
1958 824 2206 881 cordibus

613 928 811 983 nostris
852 925 1071 1000 (Ep/tes.
1100 941 1207 989 .ut.
1240 923 1362 995 ¹7),
1398 923 1599 994 ingredi
1629 937 1723 992 per
1770 920 2040 989 Christum
2085 929 2206 970 esse

612 1021 903 1078 secundum
922 1021 1087 1090 ijisam
1105 1019 1260 1075 (idem
1270 1019 1531 1089 cogitare;
1545 1016 1729 1088 egredi
1743 1024 1919 1069 autem
1945 1028 2036 1082 per
2057 1008 2206 1063 Chri-

610 1113 1090 1181 stum,secnndnin
1119 1113 1284 1183 ipsam
1308 1112 1466 1169 [idem
1481 1112 1640 1167 etiam
1667 1108 1881 1169 foris.id
1901 1116 2003 1171 est,
2022 1119 2204 1162 coram

613 1205 917 1265 hominibus
942 1205 1174 1277 operari.
1210 1204 1362 1260 Unde
1392 1213 1447 1259 et
1476 1204 1528 1258 in
1563 1203 1773 1258 Psalmo
1801 1200 1993 1272 legitur
2012 1240 2028 1262 ,
2056 1196 2206 1255 Exiet

612 1298 763 1353 Iwmo
794 1297 1014 1367 adeptis
1037 1313 1187 1352 suum
1212 1295 1382 1367 (Paul.
1409 1312 1529 1361 cru,
1556 1295 1648 1364 25)
1679 1312 1694 1347 :
1726 1303 1780 1348 et
1809 1293 1922 1361 ipse
1952 1289 2207 1344 Dominus

610 1388 763 1453 dicit,
796 1387 1019 1443 Laecam
1040 1405 1193 1457 opera
1216 1397 1377 1443 uestro
1402 1403 1572 1440 coram
1600 1384 1883 1438 hominibus
1913 1379 2120 1452 (Matth.
2148 1395 2201 1445 v,

614 1482 728 1552 16).
773 1481 877 1536 Sed
911 1481 1033 1552 plus
1058 1497 1144 1536 me
1169 1480 1399 1535 delectat
1425 1478 1567 1549 quod
1594 1478 1706 1547 ipsa
1732 1476 1928 1531 veritas
1954 1483 2203 1541 tanquam

610 1580 791 1645 pastor
810 1573 1013 1640 bonus,
1038 1583 1095 1628 et
1116 1573 1237 1628 ideo
1257 1574 1428 1627 hamis
1453 1571 1666 1635 doctor,
1690 1567 2085 1640 quodaminodo
2104 1580 2205 1621 nos

607 1664 915 1731 admonuit,
946 1664 1398 1733 quemadmodum
1429 1662 1723 1731 intelligere
1748 1661 2037 1717 debeamus
2063 1656 2203 1729 quod

606 1757 702 1823 ait,
726 1776 745 1807 ι
775 1756 1121 1827 ingredietur,
1145 1767 1199 1810 et
1222 1756 1531 1824 egredietur
1550 1797 1564 1821 ,
1593 1766 1647 1810 et
1678 1770 1870 1823 pascua
1900 1754 2196 1817 invenietp

609 1862 733 1902 eum
751 1856 968 1901 secutus
996 1846 1261 1916 adjunxit,
1295 1865 1312 1897 ι
1338 1845 1444 1899 Fur
1468 1860 1571 1899 non
1594 1847 1735 1900 venit
1758 1845 1855 1899 nisi
1883 1854 1939 1898 ut
1965 1843 2199 1909 ﬂaretur,

609 1947 666 1994 et
710 1947 944 2003 mactet,
986 1948 1043 1993 et
1066 1938 1287 2008 perdat:
1320 1954 1419 2008 ego
1449 1938 1560 1992 veni
1592 1948 1645 1992 ut
1678 1939 1837 1993 vitam
1866 1937 2126 2000 habeant.
2147 1944 2206 1992 et

611 2028 972 2095 abundantius
993 2031 1241 2085 habeant.
1266 2050 1283 2081 ι
1318 2032 1534 2086 Videtur
1559 2032 1703 2086 enim
1732 2032 1859 2087 mihi
1887 2030 2107 2096 dixisse,
2135 2028 2204 2086 Ut

611 2122 773 2177 vitam
822 2123 1051 2178 habeant
1096 2123 1452 2204 ingredientes
1475 2164 1490 2189 ,
1520 2134 1573 2178 et
1597 2124 1951 2178 abundantius
1977 2123 2206 2179 habeant

610 2215 967 2288 egredientes.
996 2217 1109 2271 Non
1138 2227 1312 2271 autem
1346 2226 1520 2287 potest
1546 2217 1769 2288 quisque
1797 2232 1890 2285 per
1907 2216 2126 2283 ostium,
2151 2214 2201 2270 id

608 2321 692 2366 est
716 2323 809 2379 per
827 2309 1098 2364 Christum
1123 2351 1137 2373 ,
1170 2311 1350 2381 egredi
1377 2310 1442 2364 ad
1475 2311 1632 2364 viuun
1658 2320 1934 2375 aiternam,
1959 2326 2078 2380 qua:
2102 2309 2204 2365 erit

608 2404 662 2459 in
689 2405 887 2474 specie,
921 2404 1021 2457 nisi
1052 2419 1147 2473 per
1174 2405 1346 2473 ipsum
1370 2406 1586 2466 ostium,
1610 2404 1712 2459 hoc
1734 2412 1817 2459 est
1840 2421 1931 2473 per
1953 2403 2200 2458 eumdem

607 2496 880 2553 Christum
912 2497 963 2551 in
994 2497 1289 2553 Erclesiam
1317 2499 1433 2565 ejus
1452 2539 1466 2563 ,
1495 2498 1635 2568 quod
1665 2507 1747 2551 est
1775 2497 1912 2550 ovile
1942 2496 2086 2565 ejus,
2121 2497 2203 2551 in-

605 2591 827 2644 traverit
862 2588 928 2643 ad
969 2590 1127 2644 vitam
1175 2592 1519 2661 temporaiem
1542 2630 1557 2654 ,
1592 2605 1713 2658 qua:
1738 2597 1821 2643 est
1846 2589 1895 2641 iu
1927 2588 2048 2642 title.
2081 2586 2203 2643 Ideo

568 2676 698 2747 init,
728 2680 835 2753 Ego
852 2682 987 2746 reni,
1011 2683 1236 2736 invitam
1257 2682 1493 2745 habeant,
1517 2681 1618 2735 hoc
1646 2690 1723 2735 est
1749 2681 1929 2744 ﬁdem,
1962 2697 2080 2750 qua:
2106 2694 2203 2749 per

603 2774 940 2831 dilectionem
994 2786 1245 2847 operatur
1286 2774 1479 2844 (Galat.
1499 2791 1551 2841 v,
1573 2774 1650 2845 6);
1677 2789 1946 2843 perquam
1973 2771 2199 2825 lidemin

604 2869 745 2924 ovile
784 2869 1156 2939 ingrediuntur
1180 2880 1236 2923 ut
1256 2870 1435 2923 vivant
1459 2911 1472 2935 τ
1503 2868 1623 2928 quia
1647 2868 1822 2937 justus
1846 2884 1909 2922 ex
1935 2867 2039 2922 lide
2069 2867 2201 2920 vivit

560 3026 569 3035 ‘
609 2961 783 3033 (Rom.
804 2970 850 3020 ‘t.
881 2963 966 3032 l7)
984 2982 996 3015 ε
1014 2971 1061 3016 et
1089 2961 1426 3015 abundantius
1444 2960 1677 3025 Italicam,
1696 2960 1789 3029 qui
1810 2958 2200 3029 perseverando

556 3046 569 3065 "
605 3050 1047 3125 usqne'iulincm,
1072 3070 1166 3125 per
1193 3055 1319 3108 illud
1338 3056 1554 3118 ostium,
1571 3053 1619 3107 id
1636 3062 1735 3108 est.
1757 3069 1854 3124 pér
1873 3052 2028 3106 iidem
2045 3052 2201 3107 Chri-

560 3136 575 3179 ’ῖ
605 3138 679 3193 sti
730 3140 1079 3207 egrediuntur
1103 3182 1117 3202 ,
1164 3141 1413 3210 quoniam
1436 3141 1546 3195 veri
1575 3139 1760 3195 ﬁdeles
1781 3140 2081 3194 moriuntur
2103 3156 2117 3203 ;
2143 3147 2197 3194 et

605 3229 966 3288 abundantius
987 3232 1262 3287 habebunt
1286 3233 1471 3295 vitam,
1495 3232 1758 3287 veniendo
1777 3247 1886 3301 quo
1909 3245 2085 3301 pastor
2110 3232 2198 3288 ille

602 3324 880 3395 prateessit
915 3364 930 3388 ,
978 3323 1069 3378 ubi
1097 3340 1363 3394 nunquam
1390 3324 1583 3380 deinde
1606 3324 1919 3380 moriantur.
1946 3325 2199 3391 Quanwis

600 3422 801 3484 ergoet
820 3413 907 3469 hic
924 3415 977 3469 in
1000 3414 1116 3484 ipso
1136 3415 1257 3469 ovili
1281 3430 1387 3469 non
1411 3415 1604 3469 desunt
1625 3429 1838 3485 pascua,
1859 3416 2110 3485 quoniam
2130 3415 2198 3470 ad

601 3514 888 3575 utrumque
927 3520 1209 3576 possumus
1250 3507 1547 3576 intelligere
1583 3507 1725 3577 quod
1769 3507 1968 3561 dictum
2005 3516 2120 3570 est,
2150 3517 2199 3563 et

603 3613 796 3671 pascua
831 3599 1079 3663 inveniet,
1119 3598 1168 3652 id
1199 3608 1314 3663 est,
1344 3607 1399 3653 et
1427 3600 1491 3653 ad
1520 3601 1817 3669 ingressam
1846 3610 1901 3653 et
1924 3600 2197 3669 all-egres-

605 3704 723 3745 sum
755 3710 768 3746 :
801 3700 977 3745 tamen
1002 3698 1126 3747 tunc
1153 3707 1272 3746 vera
1298 3706 1490 3762 pascua
1515 3693 1815 3755 invenient,
1846 3694 1935 3747 ubi
1955 3704 2199 3749 saturen-

603 3793 689 3839 tur
724 3785 813 3854 qui
853 3785 1092 3839 esuriunt
1134 3794 1188 3840 et
1228 3786 1412 3841 sitiunt
1444 3786 1700 3855 justitiam
1743 3786 1952 3857 (Matth.
1986 3804 2059 3852 ν,
2099 3788 2193 3858 ϐ);

606 3875 781 3946 qualia
807 3890 997 3944 pascua
1024 3878 1224 3933 invenit
1240 3880 1332 3933 'eui
1354 3880 1550 3934 diutum
1572 3887 1676 3943 est,
1705 3880 1874 3934 Hodie
1890 3897 2082 3934 mecum
2099 3883 2197 3934 eris

600 3969 656 4023 in
697 3969 936 4040 paradiso
977 3970 1129 4041 (Luc.
1160 3982 1317 4040 xxiii,
1344 3971 1457 4046 ἠδ).
1484 3974 1760 4041 Quomodo
1785 3982 1963 4028 autem
1991 3975 2198 4044 ipsesit

601 4064 829 4130 ostium,
880 4066 992 4135 ipse
1032 4077 1239 4137 pastor,
1295 4078 1353 4123 ut
1394 4084 1490 4139 per
1529 4071 1762 4140 Sei'psum
1802 4069 2196 4139 quodammodo

596 4158 757 4213 etiam
782 4158 893 4227 ipse
915 4158 1119 4230 ingredi
1142 4168 1197 4215 et
1216 4160 1397 4231 egredi
1422 4162 1763 4234 intelligatur,
1788 4174 1839 4218 et
1863 4162 2111 4232 quisnam
2126 4163 2197 4217 sit

595 4249 875 4315 ostiarius,
926 4250 1140 4321 longum
1186 4261 1268 4307 est
1310 4252 1469 4309 hodie
1509 4270 1781 4323 quaerere,
1810 4263 1862 4309 et
1884 4254 2194 4310 disserendo

584 4340 734 4421 sicut
758 4341 871 4412 ipse
890 4341 1170 4399 donaverit
1193 4346 1481 4413 explicare.

978 4428 979 4437 “
1083 4436 1495 4493 TBACTA'I'US
1534 4437 1714 4493 XLVI.

598 4528 674 4582 Ab
707 4544 764 4582 eo
789 4529 924 4598 quod
948 4526 1192 4598 scriptum
1222 4536 1313 4591 est,
1348 4527 1458 4594 Ego
1488 4542 1606 4582 sum
1644 4536 1825 4597 pastor
1854 4530 2189 4599 bon'us,'ctc.,

642 4638 824 4693 ‘usque
851 4618 918 4675 ad
943 4621 1015 4703 id,
1049 4610 1406 4677 Mercenarius
1433 4630 1613 4676 autem
1642 4621 1805 4692 fugit,
1836 4625 1958 4693 quia
1983 4638 2192 4682 merce-

641 4708 644 4712 ’
676 4702 856 4769 uarius
882 4710 983 4778 est.
1014 4724 1068 4769 et
1095 4728 1199 4768 non
1234 4712 1463 4785 pertinet
1483 4710 1550 4770 ad
1576 4722 1700 4771 eum
1726 4712 1794 4770 de
1822 4714 2188 4788 ovibus.'Cap.

578 4806 1060 4887 μκνῩοίΗδτ
1206 4804 1213 4808 ν
1556 4804 1559 4813 ’
1774 4810 1777 4815 ’
1908 4816 1989 4821 Ἢ

673 4902 724 4956 1.
756 4884 1001 4977 Loquens
1038 4884 1295 4979 Dominus
1318 4892 1683 4956 Jcsus'ovibus
1710 4901 1839 4969 suis,
1869 4909 1926 4958 et
1944 4900 2191 4974 'przesen-

596 4993 757 5060 tibus,
802 4982 858 5049 et
900 4978 1089 5048 futuris
1131 5008 1250 5064 quae
1294 5004 1417 5049 tunc
1456 4994 1719 5061 aderant,
1753 4996 1875 5067 quia
1908 5004 2061 5054 erant
2098 4997 2191 5054 ubi

590 5086 701 5156 jam
728 5078 857 5140 oves
894 5070 1218 5155 ejus‘eraut,
1250 5072 1373 5156 (μιτιέ
1402 5084 1592 5140 futura:
1632 5096 1787 5141 erant
1824 5086 1941 5158 ejus
1977 5086 2107 5144 Oves
2128 5089 2183 5142 ιε

594 5178 722 5234 item
751 5178 1102 5246 prmsentibus
1129 5186 1182 5232 et
1211 5174 1420 5241 futuris,
1450 5186 1502 5232 et
1534 5176 1637 5231 illis
1666 5187 1718 5231 et
1747 5177 1919 5240 nobis,
1952 5185 2005 5234 et
2034 5186 2194 5250 quot-

591 5278 718 5341 quot
749 5268 908 5324 etiam
949 5278 1070 5338 post
1109 5283 1205 5323 nos
1246 5268 1441 5323 fuerint
1487 5283 1614 5325 oves
1658 5269 1804 5338 ejus,
1846 5268 1964 5339 quis
2005 5270 2071 5323 ad
2099 5285 2191 5326 eas

591 5360 789 5417 missus
827 5368 1004 5426 esset,
1048 5359 1298 5414 ostendit.
1330 5360 1530 5416 Omnes
1575 5376 1701 5430 ergo
1744 5358 1967 5415 audiunt
2005 5376 2190 5417 vocem

593 5453 822 5524 pastoris
851 5453 929 5508 sui
958 5451 1203 5513 dicentis.
1237 5449 1351 5524 Ego
1380 5468 1491 5507 sum
1533 5462 1705 5523 paslor
1729 5452 1905 5508 bonus.
1933 5452 2051 5507 Non
2091 5452 2188 5508 ad-

591 5544 778 5612 deret,
808 5543 997 5613 bonus,
1029 5543 1129 5600 nisi
1164 5555 1347 5601 essent
1371 5552 1612 5615 pastores
1637 5543 1784 5603 mall.
1818 5544 1924 5601 Sed
1953 5548 2191 5616 pastores

594 5638 751 5703 mali,
789 5636 888 5705 ipsi
917 5645 1043 5693 sunt
1072 5637 1215 5693 fures
1241 5646 1296 5693 et
1331 5637 1601 5692 latrones:
1634 5647 1723 5692 aut
1749 5646 1923 5704 certe,
1967 5647 2023 5691 ut
2054 5636 2191 5691 mul-

542 5722 563 5780 ".
595 5736 734 5791 tum,
772 5729 1107 5785 mercenarii.
1130 5731 1330 5785 Omnes
1357 5729 1500 5784 enim
1533 5728 1619 5784 hic
1646 5745 1901 5800 personas
1924 5745 2057 5801 quas
2090 5746 2186 5802 po-

663 5840 779 5914 ter.
800 5841 947 5904 Lugd.
974 5850 1092 5914 ven.
1119 5848 1171 5896 et
1192 5848 1303 5914 Iov.
1326 5842 1529 5914 habent,
1552 5848 1689 5914 erant
1710 5841 1776 5896 ibi
1788 5840 1897 5905 jam
1929 5855 2036 5899 ore:
2064 5841 2185 5914 ejus,

599 5907 826 5970 ﬂictuque
846 5914 956 5971 quia
968 5904 1146 5970 ratum
1166 5909 1303 5962 erant
1325 5904 1429 5977 «jus
1448 5916 1573 5965 ovet.
1638 5910 1695 5964 ιι.

1510 510 1513 517 _
1546 439 1611 497 IN
1648 434 1929 496 JOANNIS
1970 408 2438 493 evauceuun,
2481 424 2541 482 s.
2582 418 2958 519 Ancusruvt

3676 434 3770 495 1758

2312 538 2419 593 suit
2437 579 2451 601 ,
2482 528 2773 609 reqtiirere,
2792 516 3152 611 |diStirigiicre,
3180 526 3331 596 nosse
3348 526 3595 600 'débemus.
3616 545 3771 616 Apsum

2309 629 2453 685 enim
2476 629 2585 701 jam
2610 622 2742 711 duas
2770 646 2856 685 res
2881 616 3157 711 Dominus,
3182 628 3660 704 'quas'quodainmod'o
3674 640 3771 697 clau-

2310 738 2399 779 sas
2436 708 2822 807 preposuc'rat:
2850 708 2959 794 jam
3007 728 3205 781 scimus
3239 727 3354 797 quia
3392 725 3558 782 osﬁum
3592 731 3769 802 ipseest.

2311 816 2509 870 scimus
2534 815 2657 886 quia
2685 814 2866 885 pastor
2888 817 3001 888 ipse
3020 824 3120 895 est.
3146 814 3311 873 Fures
3324 828 3374 873 et
3393 820 3592 878 latrones
3605 823 3674 893 qui
3689 826 3771 893 sint,

2311 910 2364 966 in
2392 909 2901 989 liesterna'lcctionc
2930 912 3243 981 patefactum
3273 921 3381 977 est;
3409 912 3549 969 hodie
3568 924 3775 974 autemau-

2311 1001 2540 1057 divinnts
2571 1003 2983 1067 mercenarium,
3011 1004 3306 1059 audivimus
3330 1015 3381 1060 ct
3404 1005 3559 1075 lupum
3583 1012 3594 1061 ἑ
3620 1008 3701 1065 heri
3719 1026 3777 1067 oo-

2313 1096 2549 1152 minatus
2577 1105 2659 1175 est
2698 1107 2753 1152 et
2789 1097 3062 1152 ostiarius.
3108 1098 3163 1152 in
3209 1098 3354 1153 bonis
3389 1106 3505 1170 ergo
3532 1099 3778 1169 ostiumest.

2313 1190 2590 1256 ostiarius,
2624 1199 2806 1260 pastor
2831 1199 2884 1245 ct
2911 1205 3040 1245 oves
3067 1208 3079 1245 :
3114 1190 3165 1245 in
3206 1190 3355 1245 malis
3380 1188 3508 1245 fures
3530 1199 3576 1247 et
3597 1191 3781 1257 latrones,

2312 1283 2627 1340 mercenarii
2645 1324 2658 1349 ,
2695 1274 2870 1353 lupus.
3572 1283 3577 1288 ’

2381 1374 2435 1430 2.
2465 1375 2670 1430 Ostium
2700 1375 2979 1431 Dominum
3001 1375 3271 1449 Christum
3292 1376 3577 1445 accipimus,
3599 1386 3785 1443 pastorem

2309 1467 2521 1538 ipsum:
2553 1467 2828 1521 ostiarium
2870 1468 3063 1535 quem?
3093 1454 3218 1522 Hice
3254 1468 3394 1523 enim
3437 1466 3530 1521 duo
3566 1468 3656 1538 ipse
3677 1485 3786 1540 expri-

2311 1560 2417 1615 suit
2434 1576 2447 1621 ;
2466 1559 2745 1614 ostiarium
2772 1558 2926 1615 nobis
2953 1559 3161 1635 reliquit
3193 1559 3536 1628 quaerendum.
3562 1558 3614 1614 Et
3636 1561 3789 1631 quidsit

2309 1648 2378 1705 de
2408 1650 2665 1717 ostiario?
2695 1648 2856 1716 Huic,
2886 1649 3079 1721 inquit,
3109 1642 3532 1720 ostiariusaperit.
3551 1649 3631 1704 Cui
3651 1651 3788 1719 aperit?

2310 1739 2538 1794 Pastori.
2560 1740 2696 1807 Quid
2715 1742 2885 1810 aperit
2905 1726 3143 1810 pastori?
3160 1741 3382 1796 Ostium.
3407 1741 3464 1794 Et
3481 1741 3585 1811 quis
3600 1752 3663 1796 est
3676 1742 3788 1811 ipsum

2309 1831 2545 1886 ostium?
2576 1831 2692 1900 Ipse
2723 1841 2924 1900 pastor.
2956 1822 3224 1900 Numquid
3246 1872 3261 1898 ,
3290 1831 3333 1885 si
3379 1831 3606 1885 Dominus
3623 1829 3789 1887 Christus

2309 1936 2416 1977 non
2444 1924 2779 1991 exposuisset
2798 1962 2813 1985 ,
2848 1936 2951 1976 non
2980 1922 3097 1991 ipse
3130 1921 3383 1987 dixisset,
3428 1920 3531 1994 Ego
3550 1939 3642 1976 sum
3664 1932 3788 1990 pastor,

2308 2022 2383 2077 et,
2420 2012 2528 2083 Ego
2554 2030 2665 2067 sum
2692 2014 2874 2067 ostium
2903 2013 3085 2083 (Joan.
3114 2030 3167 2077 κ,
3198 2015 3253 2079 5,
3280 2013 3359 2085 9),
3380 2014 3580 2070 auderet
3598 2015 3790 2084 quisquam

2310 2118 2548 2163 nostrum
2593 2108 2773 2167 dicere
2811 2108 2951 2180 quod
2998 2110 3111 2179 ipse
3146 2110 3391 2164 Christus
3426 2110 3490 2164 sit
3522 2118 3570 2165 et
3603 2119 3734 2180 Itasi'tl'
3759 2120 3792 2165 et

2309 2200 2537 2254 ostium?
2567 2198 2622 2253 Si
2652 2201 2793 2256 enim
2824 2200 3055 2265 diceret,
3091 2199 3203 2272 Ego
3234 2218 3344 2255 sum
3379 2210 3555 2272 pastor,
3582 2210 3626 2255 et
3648 2198 3790 2253 nouili-

2308 2300 2487 2356 ceret,
2526 2289 2639 2362 Ego
2671 2308 2783 2345 suin
2809 2292 3023 2357 ostium;
3049 2276 3327 2361 quasiluri
3357 2306 3556 2347 eramus
3577 2289 3676 2361 quid
3703 2298 3793 2345 esset

2308 2381 2536 2441 ostium.
2571 2391 2622 2436 et
2664 2383 2798 2436 forte
2838 2382 2979 2436 aliud
3027 2390 3278 2453 putantes
3317 2368 3445 2436 ante
3463 2381 3631 2438 ostium
3656 2394 3793 2435 reman-

2309 2473 2440 2526 suri.
2484 2471 2662 2528 Gratia
2693 2473 2833 2527 illius
2868 2482 2923 2528 ct
2952 2473 3319 2529 misericordia
3350 2462 3495 2528 nobis
3525 2471 3718 2543 exposuit
3736 2485 3793 2541 pa-

2309 2572 2543 2629 storent,
2599 2566 2833 2633 seipsnm
2880 2566 3047 2630 dixit;
3100 2568 3351 2637 exposuit
3394 2566 3598 2628 ostium,
3637 2564 3794 2633 scipsun

2308 2657 2441 2711 dixit
2481 2676 2493 2712 :
2541 2659 2817 2737 ostiariutn
2863 2660 3210 2719 quaeri-inluni
3262 2660 3412 2716 nobis
3458 2656 3793 2730 reliquit.'QuetI

2309 2765 2406 2806 nos;
2427 2750 2621 2807 dicturi
2652 2767 2837 2808 sumus
2861 2753 3175 2808 ostiarinm?
3200 2753 3497 2820 Queinlibet
3516 2750 3790 2810 invenerimus.

2307 2844 2600 2897 cavendum
2659 2853 2741 2898 est
2792 2860 2858 2899 ne
2912 2846 3083 2913 major
3133 2847 3467 2901 existimetur
3511 2860 3644 2915 quam
3683 2844 3794 2911 ipsum

2307 2935 2533 2999 ostium;
2576 2936 2695 3006 quia
2741 2937 2990 3015 ostiarius
3034 2938 3087 2992 in
3133 2937 3384 2993 domibus
3428 2938 3663 2993 hominum
3685 2931 3794 3003 major

2306 3039 2389 3081 est
2424 3029 2580 3084 ostio.
2617 3028 2879 3083 Ostiarius
2909 3031 3051 3086 enim
3080 3014 3247 3096 ostio,
3280 3047 3383 3088 non
3412 3031 3590 3084 ostium
3613 3023 3793 3099 pratpnni-

2308 3129 2394 3175 tur
2409 3122 2627 3175 Osliﬂl'iﬂ
2645 3137 2666 3183 ;,
2685 3122 2804 3191 quia
2828 3122 3075 3199 ostiarius
3092 3106 3315 3184 ostium,
3336 3138 3437 3177 non
3458 3122 3627 3177 ostium
3644 3114 3796 3173 custodit

2306 3213 2601 3273 ostiarinni.
2633 3212 2746 3285 Non
2777 3213 2948 3269 audeo
2977 3212 3157 3268 dicere
3185 3214 3417 3285 aliquem
3445 3212 3571 3268 ostio
3593 3208 3794 3280 majorem;

2305 3303 2481 3357 audivi
2509 3304 2650 3358 enim
2678 3304 2785 3369 jam
2815 3304 2945 3377 quid
2982 3304 3050 3358 sit
3075 3305 3277 3360 Ostium
3304 3323 3317 3359 :
3349 3322 3451 3359 non
3489 3321 3566 3359 me
3589 3302 3709 3365 latet,
3731 3311 3797 3352 non

2308 3409 2424 3448 sunt
2452 3395 2705 3449 dimissus
2735 3394 3056 3465 conjectura:
3079 3411 3238 3464 mem,
3269 3412 3373 3451 non
3404 3395 3523 3450 mihi
3551 3394 3729 3449 humana
3748 3395 3798 3442 ρει

2307 3486 2541 3539 relaxata
2571 3486 2833 3555 suspicio;
2884 3486 3020 3541 Deus
3060 3487 3226 3552 dixit,
3268 3488 3465 3543 veritas
3500 3482 3637 3550 dixit,
3672 3478 3799 3538 mutari

2307 3593 2411 3632 nrm
2446 3588 2618 3648 pnte~t
2646 3578 2787 3648 quod
2814 3580 3158 3633 immutabilis
3191 3579 3346 3636 dixit.

2377 3670 2428 3724 5.
2455 3670 2631 3725 Dicam
2654 3688 2781 3740 ergo
2804 3672 2853 3725 in
2879 3671 3036 3739 hujus
3059 3673 3421 3742 profunditate
3442 3668 3705 3743 quarstionis
3718 3660 3799 3734 quid

2305 3760 2431 3814 mihi
2464 3761 2732 3817 videatur:
2762 3764 2921 3834 eligat
2947 3765 3313 3839 uinisquisque
3333 3766 3469 3838 quod
3493 3760 3798 3836 placetwiela-

2304 3868 2424 3919 men
2446 3853 2662 3917 sentiat,
2700 3855 2838 3909 Sit'lll
2864 3856 3121 3924 scriptum
3147 3867 3231 3912 cst
3253 3900 3267 3923 ,
3298 3858 3489 3913 Semita
3513 3856 3569 3910 de
3594 3847 3799 3907 Damionis

2304 3942 2541 4009 bonitate,
2573 3953 2618 3996 et
2641 3944 2691 3996 in
2719 3943 3043 4013 simplicitate
3066 3946 3237 3999 cordis
3261 3950 3468 4018 qna-rite
3494 3946 3624 4000 illum
3649 3940 3756 4013 (ευρ.
3773 3951 3798 3999 ιο

2306 4032 2377 4105 1).
2412 4032 2699 4088 Ostiarium
2738 4034 2878 4093 forte
2920 4037 3089 4104 ipsum
3138 4038 3422 4093 Domia'um
3460 4039 3680 4094 debemus
3709 4028 3800 4085 acti'

2305 4142 2449 4196 pere.
2486 4126 2647 4185 Multo
2682 4140 2804 4183 sunt
2845 4130 2985 4185 enim
3015 4129 3153 4185 inter
3177 4146 3239 4187 sc
3275 4120 3484 4187 diversa
3516 4118 3562 4185 in
3591 4120 3714 4184 rebus
3733 4121 3798 4176 hu-

2304 4220 2476 4274 manis
2504 4230 2683 4289 pastor
2705 4229 2758 4276 et
2784 4221 3001 4284 ostium,
3036 4238 3194 4293 quam
3226 4226 3478 4280 ostiarius
3503 4206 3552 4279 et
3575 4220 3747 4279 ostium;
3767 4220 3800 4267 α

2304 4318 2480 4364 tamen
2507 4310 2764 4365 Dominus
2792 4322 2845 4365 et
2878 4321 3141 4381 pastorem
3168 4329 3228 4369 se
3258 4298 3391 4370 dixit
3410 4357 3425 4381 ,
3466 4323 3515 4369 et
3539 4304 3799 4368 ostium.Cm‘

2300 4418 2429 4472 ergo
2458 4419 2562 4457 non
2608 4403 2967 4479 intelligamus
3008 4405 3181 4474 ipsum
3225 4417 3281 4461 et
3319 4388 3799 4463 ostiariumYSicaim

2300 4498 2701 4554 consideremus
2756 4499 3144 4571 proprietates,
3200 4500 3457 4557 Dominus
3501 4499 3704 4554 Christus
3739 4502 3799 4544 nec

2302 4600 2482 4659 pastor
2519 4600 2601 4644 Cal
2620 4633 2636 4654 ,
2662 4591 2799 4646 sicut
2826 4592 3203 4647 consuevimus
3232 4580 3404 4665 nosse
3433 4604 3483 4649 et
3505 4592 3661 4648 videre
3680 4592 3799 4656 [3500‘

2302 4697 2421 4747 res;
2456 4697 2553 4737 nec
2579 4682 2770 4739 ostium
2816 4691 2927 4749 est,
2970 4698 3077 4738 non
3121 4682 3264 4761 enim
3295 4699 3416 4749 eum
3461 4684 3598 4738 faber
3630 4666 3799 4734 ΐειίίιεεί

2299 4782 2478 4828 autem
2509 4773 2801 4831 secundum
2832 4774 3063 4845 aliquam
3088 4775 3512 4841 similitudinem,
3541 4783 3588 4828 et
3608 4768 3752 4826 ostium
3765 4766 3800 4814 cl

2300 4874 2482 4937 pastor
2506 4875 2615 4932 est;
2643 4865 2814 4920 audeo
2837 4865 3038 4931 dicere,
3063 4877 3115 4921 et
3136 4867 3248 4922 ovis
3281 4876 3366 4922 est
3393 4886 3405 4923 :
3428 4850 3543 4951 pris
3567 4850 3800 4951 aenipef'lb

2298 4967 2512 5029 pastore
2534 4970 2638 5021 est.
2668 4967 2846 5013 tamen
2875 4959 2964 5027 ille
3004 4968 3059 5014 et
3103 4969 3287 5029 pastor
3317 4969 3400 5015 est
3424 4944 3629 5043 ietovis.
3657 4944 3729 5009 libi
3748 4950 3802 5000 est

2296 5051 2514 5122 pastor?
2541 5051 2681 5106 Ecce
2710 5051 2797 5108 hic
2826 5051 3022 5114 habes,
3062 5052 3176 5123 lege
3213 5034 3584 5133 Evangeliupi:
3624 5043 3799 5133 Egost

2294 5151 2470 5212 pastor
2484 5140 2675 5205 ,bonus.
2695 5141 2793 5198 Ubi
2813 5152 2891 5197 est
2920 5143 3066 5198 ovis?
3099 5144 3372 5215 Interroga
3401 5129 3707 5213 proprietati):
3734 5129 3803 5186 Sic-

2295 5244 2351 5290 ut
2378 5235 2482 5291 ovis
2519 5238 2587 5290 ad
2641 5235 3009 5291 immolandum
3039 5237 3218 5292 ductus
3253 5246 3326 5290 est
3367 5222 3515 5319 (Iw.
3536 5247 3637 5317 tut,
3660 5224 3720 5295 7)·
3747 5222 3803 5319 "ff

2295 5335 2507 5398 terroga
2527 5326 2758 5385 amicum
2789 5327 2970 5395 sponsi
2994 5345 3005 5379 :
3039 5326 3170 5383 Ert‘e
3187 5342 3352 5398 agnus
3377 5308 3492 5389 Dei.
3518 5308 3617 5381 erce
3629 5318 3701 5391 qui
3717 5311 3809 5369 tollit

2298 5426 2555 5488 peccatum
2585 5417 2761 5471 oriundi
2802 5413 2979 5484 (Joau.
3008 5431 3050 5481 ι,
3084 5410 3201 5485 29)ζ
3236 5398 3425 5495 Adhuc
3463 5398 3640 5485 aliquid

2296 5509 2421 5564 dum
2454 5508 2581 5562 istas
2610 5505 2988 5563 similitudines
3030 5488 3322 5562 mirabilius
3360 5522 3475 5565 sum
3514 5504 3727 5560 dicturus.
3759 5488 3811 5543 [ι’

2295 5614 2463 5672 agnus
2493 5599 2632 5654 enim
2678 5607 2732 5653 et
2761 5599 2875 5653 ovis
2922 5609 2973 5654 et
3019 5609 3199 5669 pastor
3238 5600 3376 5653 inter
3413 5584 3471 5654 se
3510 5595 3659 5651 amica
3689 5590 3800 5643 διίηῑὶ

2295 5703 2477 5748 contra
2520 5693 2701 5746 leones
2738 5700 2914 5745 autem
2939 5706 2967 5745 a
3008 5691 3306 5761 pastoribus
3344 5706 3473 5747 oves
3493 5679 3712 5745 custodiri
3734 5689 3799 5731 £0-

2298 5785 2442 5844 lcnt:
2479 5792 2535 5843 et
2560 5792 2735 5851 tamen
2772 5780 2841 5849 de
2864 5781 3237 5861 (diristoneum
3270 5780 3339 5861 sit
3356 5780 3478 5859 ovis
3500 5787 3551 5835 et
3566 5765 3806 5861 pastioni?“

2297 5877 2470 5963 ginius
2499 5846 2697 5941 dictum
2710 5918 2730 5963 Ι
2774 5846 2919 5943 Viuit
2960 5874 3038 5943 (eo
3169 5854 3313 5935 tribu
3333 5852 3472 5937 inde
3684 5874 3731 5945 Vi
3753 5846 3814 5931 sit
