3926 6376
548 323 578 382 ﬂ
589 323 686 380 731

544 447 689 493 ctum
711 480 725 504 ,
758 438 959 494 laceres
985 450 1198 491 manum
1224 452 1237 489 :
1268 445 1318 491 et
1349 450 1468 489 cum
1495 434 1645 490 audis
1676 437 1811 489 bona
1839 434 2127 499 dicentem,

544 549 614 589 ne
645 532 867 585 imiteris
898 531 1035 584 mala
1059 528 1360 585 facientem.
1396 528 1522 594 Qua:
1548 530 1721 582 dicunt
1751 529 1935 600 facite,
1971 528 2132 597 legite

546 639 676 679 uvas
705 639 717 675 :
744 638 856 693 qua:
881 632 1047 675 autem
1070 622 1260 699 fugiunt
1280 661 1295 687 ,
1320 624 1486 692 facere
1519 622 1691 682 nolite,
1724 629 1906 674 cavete
1930 620 2130 687 spinas.

545 714 719 770 Etiam
767 729 860 783 per
902 700 1261 766 mercennarios
1304 728 1485 765 vocem
1534 711 1757 781 pastoris
1797 710 2007 769 audite.
2040 709 2135 764 sed

545 790 706 858 inelite
734 818 852 857 esse
889 800 1239 875 mercenarii,
1285 816 1404 854 cum
1455 786 1569 853 sitis
1609 800 1846 855 membra
1887 786 2135 868 pastoris.

547 896 659 958 [3.56
690 904 865 946 autem
896 872 1333 963 i’aulussanctns
1360 890 1651 959 apostolus,
1685 890 1769 960 qui
1797 890 1949 952 dixit,
1986 887 2133 943 (Ne-

547 970 743 1037 tnineni
793 968 963 1037 habeo
1012 974 1100 1052 qui
1144 964 1397 1055 germane
1439 980 1505 1035 dc
1548 982 1695 1035 vobis
1740 980 1997 1057 sollicitus
2027 980 2133 1044 sit;

544 1088 730 1125 nonres
761 1072 899 1125 enim
933 1088 1022 1126 sua
1055 1062 1299 1142 quierunt
1321 1113 1334 1136 ,
1370 1089 1473 1125 non
1519 1088 1638 1141 qua:
1677 1070 1801 1125 Jesu
1845 1070 2075 1133 Christi;
2107 1089 2126 1123 ι

546 1164 648 1214 alio
683 1163 801 1216 loco
846 1163 983 1215 inter
1022 1163 1379 1215 mercenarius
1412 1161 1650 1231 filiosque
1679 1162 2029 1231 distinguens,
2055 1159 2131 1214 vi-

545 1253 666 1308 dete
705 1252 828 1324 quid
874 1254 1064 1307 dixerit
1092 1272 1103 1306 :
1137 1273 1155 1305 ‹
1179 1246 1401 1320 Quidam
1435 1269 1528 1322 per
1554 1250 1803 1306 imidiam
1834 1238 1889 1305 et
1913 1263 2135 1306 conten-

548 1345 778 1408 tioiiem;
809 1345 1018 1414 quidam
1046 1360 1170 1399 vero
1196 1353 1250 1399 et
1285 1361 1377 1415 per
1404 1344 1596 1398 bonam
1627 1344 1956 1399 voluntatem
1978 1343 2135 1399 Chri-

546 1444 685 1489 stum
730 1437 1013 1505 prardicant
1040 1454 1050 1486 :
1078 1436 1290 1505 quidam
1318 1452 1383 1511 ex
1410 1435 1666 1489 cliaritate
1686 1475 1700 1500 ,
1740 1437 1970 1489 scientes
2013 1436 2137 1504 quia

545 1525 601 1580 in
636 1525 1000 1581 defensioaem
1034 1527 1299 1595 Evangelii
1329 1527 1533 1596 positus
1572 1540 1723 1589 sum;
1751 1525 1964 1595 quidam
2010 1540 2139 1589 vero

545 1628 598 1671 et
627 1632 721 1685 per
745 1606 1135 1671 contmnaciam
1162 1618 1431 1672 Christum
1460 1619 1802 1680 annuntiant,
1836 1632 1941 1672 non
1968 1630 2135 1683 caste,

544 1708 914 1761 existimantes
933 1706 1324 1760 tribulationem
1342 1707 1588 1760 suscitari
1603 1707 1823 1761 vinculis
1835 1711 1984 1761 meis.
2003 1729 2020 1759 ι
2041 1706 2132 1763 Isti

544 1799 855 1850 mercenarii
878 1789 1814 1866 erant,Pauloaposloloinvidebant.
1849 1803 2022 1866 Quare
2069 1802 2142 1855 in-

542 1887 813 1953 videbant,
833 1888 928 1941 nisi
944 1890 1062 1956 quia
1079 1891 1384 1956 temporalia
1400 1890 1767 1959 requirebant?
1785 1890 1886 1963 Sed
1904 1893 2025 1963 quid
2048 1891 2139 1946 ad-

540 1978 746 2048 jungat.
764 1979 1017 2033 attendite
1040 1997 1050 2030 :
1072 1980 1206 2044 Quid
1219 1983 1378 2034 enim?
1395 1982 1526 2035 Dum
1543 1984 1678 2036 omni
1698 1984 1866 2049 modo,
1884 1984 1983 2037 sive
1996 1974 2139 2037 occa-

543 2070 701 2135 sione,
721 2071 820 2123 sive
851 2071 1051 2124 veritate
1066 2070 1289 2125 Christus
1311 2074 1657 2137 annmitietur;
1675 2084 1719 2126 et
1740 2074 1791 2125 iu
1815 2078 1906 2125 hoc
1923 2074 2133 2143 gaudeo,

544 2159 632 2215 sed
656 2171 701 2214 et
728 2161 959 2231 gaudebo
1001 2161 1254 2233 (Philipp.
1288 2179 1333 2227 ι,
1370 2164 1574 2235 1518).
1610 2163 1815 2220 Veritas
1858 2176 1940 2219 est
1981 2166 2138 2220 Chri-

544 2260 698 2307 stus:
733 2254 930 2308 Veritas
971 2271 997 2307 a
1042 2256 1382 2311 mercenariis
1429 2258 1715 2311 occasione
1765 2258 2135 2323 annuntietur,

543 2348 739 2403 veritas
766 2363 793 2399 a
821 2349 942 2401 Iiliis
969 2350 1187 2402 veritate
1215 2351 1558 2404 :mnuutietur
1589 2369 1600 2403 :
1632 2349 1724 2404 lilii
1751 2366 2004 2405 aeternam
2038 2351 2139 2415 luc-

544 2437 823 2491 reditatem
878 2437 1047 2493 Patris
1097 2441 1358 2509 patienter
1416 2448 1763 2508 exspectant,
1821 2441 2136 2496 mercenarii

544 2531 886 2597 temporalem
927 2531 1224 2584 mercedem
1274 2530 1621 2585 conducentis
1660 2532 1971 2586 festinanter
2008 2548 2136 2585 exo-

542 2626 693 2688 ptant
723 2637 735 2673 :
767 2622 894 2675 mihi
924 2622 1153 2675 humana
1185 2622 1376 2691 gloria,
1406 2624 1489 2676 cui
1522 2625 1878 2677 mercenarius
1902 2625 2136 2678 invidere

545 2708 719 2774 video,
753 2711 1054 2778 minuatur;
1087 2722 1139 2766 et
1184 2723 1357 2767 tamen
1408 2730 1501 2783 per
1546 2715 1751 2780 linguas
1776 2726 1827 2768 et
1860 2732 2136 2771 mercena-

542 2800 745 2856 riorum
794 2814 847 2857 et
892 2804 1117 2857 filiorum
1164 2805 1341 2858 divina
1386 2805 1579 2859 Christi
1610 2807 1775 2875 gloria
1812 2807 2134 2875 diii'ametur,

540 2905 659 2944 cum
691 2909 789 2946 sive
814 2894 1105 2959 occasione,
1146 2897 1247 2948 sive
1292 2896 1497 2963 veritate
1528 2895 1757 2949 Christus
1788 2899 2132 2952 (mmmticlur.

614 2983 665 3035 7.
687 2983 922 3037 Vidimus
948 2985 1036 3054 qui
1060 2986 1125 3038 sit
1144 2986 1300 3038 etiam
1317 2988 1693 3039 mercenarius.
1713 2986 1843 3054 Quis
1863 2999 1942 3042 est
1963 2989 2133 3057 lupus,

542 3074 642 3128 nisi
666 3076 943 3129 diabolus?
975 3078 1035 3131 Et
1067 3079 1191 3148 quid
1223 3079 1419 3133 dictum
1444 3080 1610 3133 estde
1639 3082 2137 3137 mercenario?Cum

541 3165 720 3217 viderit
740 3166 932 3235 -lupum
956 3170 1225 3221 venientem
1247 3212 1261 3235 ,
1286 3171 1414 3240 fugit
1429 3188 1443 3232 ;
1475 3173 1590 3239 quia
1616 3188 1715 3225 non
1751 3183 1866 3225 sunt
1893 3174 2000 3243 ejus
2027 3190 2139 3229 ουεε

541 3256 889 3326 ρνορνὶεὲξηεε
915 3260 957 3311 ei
995 3275 1117 3311 cura
1147 3270 1221 3313 est
1248 3261 1310 3312 de
1340 3260 1529 3314 oribus.
1565 3261 1833 3331 Numquid
1866 3264 1985 3317 talis
2025 3275 2138 3319 crat

541 3347 812 3415 apostolus
890 3348 1132 3403 Paulus!
1184 3350 1357 3404 Aosit.
1398 3350 1663 3420 Numquid
1724 3354 1841 3407 talis
1900 3354 2138 3409 Petrus?

541 3438 713 3491 Absit.
769 3437 1032 3509 Numquid
1088 3441 1219 3496 tales
1271 3445 1447 3497 cmtcri
1504 3446 1775 3513 Apustoli,
1808 3446 2137 3516 exceptoJu-

545 3526 612 3582 da
657 3527 762 3584 filio
796 3532 1129 3599 perditionis?
1189 3533 1358 3586 Absit.
1400 3534 1642 3588 Pastores
1687 3551 1813 3604 ergo
1868 3537 1979 3591 illi?
2014 3538 2136 3590 Pla-

542 3634 612 3675 ne
655 3632 911 3690 pastores.
960 3623 1024 3675 Et
1058 3624 1195 3678 unde
1250 3638 1384 3677 unus
1415 3627 1624 3694 pastor?
1658 3626 1771 3679 Jam
1798 3628 1927 3692 dixi,
1959 3639 2137 3698 pasto-

548 3727 654 3776 res,
686 3715 804 3782 quia
837 3714 1072 3767 membra
1098 3720 1341 3785 pastoris.
1384 3716 1473 3768 illo
1496 3721 1666 3785 Capite
1697 3718 2135 3788 gandebant,sub

542 3806 633 3861 illo
654 3809 825 3877 capite
847 3809 1271 3873 concordabant,
1302 3825 1406 3864 uno
1427 3811 1613 3879 Spll‘flll
1643 3812 1692 3864 in
1724 3811 1872 3865 unius
1899 3814 2134 3882 corporis

543 3911 796 3967 compage
822 3898 1068 3952 vivebant
1096 3916 1109 3951 :
1137 3913 1198 3952 ac
1248 3914 1342 3969 per
1366 3900 1467 3954 hoc
1498 3916 1684 3955 omnes
1713 3901 1778 3955 ad
1834 3918 1992 3956 unum
2038 3918 2131 3973 pa-

543 4001 740 4046 storem
766 3992 1130 4063 'pertineltant.
1154 3993 1209 4047 Si
1233 4007 1357 4063 ergo
1382 4002 1639 4063 pastores,
1663 3997 2128 4064 non'merccnarii,

544 4098 707 4154 quare
748 4085 1013 4154 fugiebant
1041 4085 1251 4157 quando
1288 4082 1711 4155 persecutionem
1758 4088 2133 4156 patiebantur?

542 4176 658 4245 Exp
681 4191 761 4229 me
790 4176 941 4230 nobis
961 4219 975 4240 ,
1003 4194 1035 4229 ο
1072 4175 1311 4232 Domine.
1341 4176 1454 4229 Vidi
1488 4178 1537 4230 in
1567 4177 1797 4246 EpiStola
1844 4177 2128 4249 fugientem

542 4265 761 4322 Paulum
792 4286 804 4320 :
836 4284 930 4337 per
957 4284 1162 4322 murum
1196 4268 1246 4321 in
1277 4278 1453 4338 sporta
1478 4270 1773 4323 submissus
1794 4279 1908 4331 est,
1941 4281 1995 4323 nt
2022 4287 2129 4325 nia-

543 4376 644 4413 nus
671 4361 1031 4430 persequentis
1059 4362 1307 4414 evaderet
1334 4362 1406 4431 (ll
1437 4358 1553 4414 Cor.
1587 4378 1639 4415 χι
1661 4404 1674 4426 ,
1705 4362 1817 4431 ³55).
1850 4363 1962 4417 Non
2003 4380 2128 4433 ergo

543 4452 614 4504 illi
644 4467 767 4504 cura
798 4452 890 4503 fuit
917 4452 983 4505 de
1005 4453 1211 4515 ovibus,
1242 4467 1373 4520 quas
1401 4454 1523 4520 lupo
1546 4455 1791 4508 veniente
1813 4454 2129 4510 deserebat?

542 4542 664 4597 Fuit
710 4542 879 4611 plane,
914 4544 1005 4595 sed
1043 4556 1134 4596 eas
1180 4544 1373 4611 pastori
1407 4544 1623 4600 in‘tozlo
1649 4546 1850 4599 sedenti
1879 4550 2128 4604 orationi-

543 4632 642 4686 bus
667 4631 1073 4685 commodabat
1098 4651 1109 4684 :
1138 4627 1195 4685 ἢ
1223 4645 1397 4685 autem
1429 4635 1637 4688 utilitati
1665 4650 1844 4689 earum
1880 4638 2127 4706 fugiendo

542 4721 814 4785 servabat,
843 4722 976 4774 sicut
1002 4722 1233 4790 quodam
1262 4722 1377 4775 loco
1415 4725 1521 4789 ait,
1552 4723 1760 4780 Manere
1783 4728 1833 4779 iu
1865 4745 2015 4783 carne
2038 4749 2124 4785 ηερ

541 4812 807 4867 cessarium
838 4824 1040 4883 propter
1062 4830 1145 4867 vos
1169 4811 1426 4887 (Philipp.
1454 4832 1489 4884 ι,
1514 4816 1629 4881 24).
1661 4819 1739 4871 ΑΙ)
1766 4820 1879 4889 ipso
1903 4838 2127 4893 namque

543 4914 754 4976 pastore
778 4921 965 4961 onlnes
987 4907 1297 4973 audierant,
1346 4908 1405 4961 Si
1449 4924 1534 4962 vos
1573 4913 1813 4979 persecuti
1853 4915 2036 4984 fuerint
2074 4920 2126 4973 in

544 5013 644 5049 una
668 4998 881 5064 civitate,
911 4999 1068 5068 fugite
1088 5000 1137 5051 in
1162 4999 1314 5052 aliam
1340 4998 1551 5069 (Matth.
1580 5017 1640 5066 ι,
1664 5002 1778 5073 23).
1807 5005 1948 5058 lianc.
1974 5007 2125 5063 nobis

543 5088 890 5155 qmestimteni
934 5090 1184 5143 Dominus
1212 5088 1459 5160 dignetur
1483 5108 1772 5162 exponere.
1804 5096 2043 5165 Domine,
2071 5107 2123 5153 tu

543 5176 716 5229 dixisti
748 5180 827 5231 eis
858 5194 990 5246 quos
1030 5181 1211 5235 lideles
1258 5194 1498 5250 pastores
1527 5200 1646 5239 esse
1674 5187 1855 5255 utique
1885 5190 2119 5255 volebas,

541 5281 674 5336 quos
704 5275 788 5320 tua
819 5270 1056 5322 membra
1088 5285 1208 5325 esse
1238 5270 1522 5338 formabas,
1557 5275 1620 5329 Si
1637 5290 1722 5328 vos
1748 5281 1991 5346 persecuti
2014 5281 2123 5351 fue-

541 5361 658 5424 rint,
676 5361 847 5431 fugite.
882 5360 1126 5428 lujuriam
1148 5378 1275 5433 ergo
1302 5364 1405 5417 illis
1432 5365 1578 5432 facis,
1603 5370 1812 5436 quando
1840 5374 2123 5441 reprelien-

540 5452 622 5507 dis
669 5455 1042 5519 mercenarius,
1069 5455 1155 5523 qui
1197 5455 1378 5509 vident
1420 5457 1595 5527 lupum
1640 5461 1933 5517 venientem
1962 5472 2017 5519 et
2046 5464 2123 5519 fu-

539 5548 704 5615 giunt.
756 5548 1023 5617 ltogantus
1063 5547 1264 5603 indices
1307 5551 1457 5603 nobis
1499 5553 1627 5621 quid
1670 5554 1859 5609 habeat
1900 5556 2121 5614 altitudo

538 5642 844 5708 quiestiunis
872 5655 884 5691 :
915 5641 1182 5709 pulsemus
1201 5682 1215 5705 ,
1243 5641 1413 5696 aderit
1437 5645 1524 5712 qui
1565 5646 1765 5714 aperiat
1791 5661 1849 5701 se
1873 5649 2121 5706 ostiarius

538 5731 696 5796 ostii,
727 5735 865 5803 quod
892 5734 1134 5804 estipse.
1466 5756 1469 5759 ·
1554 5726 1581 5747 ³
1628 5730 1634 5739 ’
2050 5724 2062 5744 ί

1483 321 1546 376 ΙΝ
1582 320 1864 391 JOANNIS
1904 316 2369 388 EVANGELIUM,
2407 319 2463 378 S.
2506 316 2872 387 ΑυθυδτιΝι

3684 330 3801 403 iiii

2308 432 2362 490 8.
2403 433 2532 503 Quis
2569 443 2652 491 est
2676 434 3073 505 mercenarius,
3102 434 3194 507 qui
3215 436 3357 513 videt
3382 436 3573 515 lupum
3604 443 3799 500 venien-

2240 536 2346 583 tem
2387 537 2445 583 et
2480 528 2647 598 fugit?
2670 528 2771 597 Qui
2797 545 2892 584 sua
2921 530 3130 599 quaerit,
3160 547 3264 585 non
3290 546 3411 601 qua:
3433 531 3566 589 Iesu
3591 531 3801 592 Christi:

2239 630 2551 688 peccantem
2591 633 2694 673 non
2743 620 2912 675 libere
2951 619 3113 676 audet
3143 636 3366 692 arguere
3394 621 3439 697 (Ι
3473 622 3607 691 Tim.
3631 642 3683 690 v,
3704 627 3802 695 20).

2240 709 2376 765 Ecce
2420 712 2597 766 nescio
2637 712 2756 781 quis
2801 713 3068 781 peccavit,
3097 714 3332 784 graviter
3359 702 3639 787 peccarit;
3664 718 3807 774 inire.

2240 802 2443 871 pandas
2482 811 2561 855 est
2581 842 2595 868 ,
2625 803 3163 858 excommunicandus
3191 814 3275 859 est
3299 822 3311 859 :
3338 806 3434 865 sed
3464 810 3812 879 eawmntuni-

2239 901 2410 961 catus,
2436 892 2681 947 inimicus
2709 895 2831 958 erit,
2866 894 3225 963 insidiabitur,
3257 888 3473 957 nocebit
3503 913 3629 971 cum
3654 911 3807 969 potue-

2245 980 2332 1037 rit.
2359 981 2478 1037 Jam
2502 984 2590 1037 ille
2616 984 2705 1053 qui
2734 998 2828 1036 sua
2854 986 3061 1055 quaerit,
3093 1001 3197 1041 non
3223 1003 3341 1056 qum
3366 987 3499 1061 Iesu
3516 987 3731 1063 Christi,
3753 1009 3808 1047 ne

2242 1071 2429 1143 perdat
2475 1073 2613 1142 quod
2658 1083 2911 1135 sectatur,
2941 1073 3184 1131 humana:
3211 1078 3461 1142 amicitia:
3488 1083 3810 1149 commoditao

2243 1168 2373 1228 tem,
2397 1171 2449 1216 et
2471 1162 2865 1219 inimicitiarum
2889 1164 3234 1221 humanarum
3254 1167 3495 1222 incurrat
3516 1148 3806 1237 inolestiam,

2245 1262 2400 1317 tacet,
2421 1269 2523 1310 non
2544 1255 2779 1324 corripit.
2805 1256 2937 1311 Ecce
2956 1257 3112 1326 lupus
3135 1259 3221 1313 ovi
3242 1271 3426 1328 guttur
3452 1242 3808 1331 apprehendit:

2242 1336 2484 1398 diabolus
2504 1344 2643 1399 fideli
2655 1347 2967 1403 adulterium
2983 1350 3245 1417 persuasit
3261 1366 3277 1414 ;
3296 1358 3352 1404 tu
3367 1336 3535 1419 taces,
3552 1368 3653 1411 non
3666 1338 3810 1415 iacre-

2244 1450 2337 1504 pas
2364 1453 2376 1487 :
2399 1452 2433 1490 ο
2463 1438 2808 1503 mercenarie,
2829 1440 3007 1507 lupum
3030 1440 3333 1496 venientem
3359 1428 3564 1511 vidisti,
3581 1446 3808 1519 etl‘ugisti.

2246 1527 2761 1601 ltcspondetforteet
2784 1530 2938 1584 dicit:
2964 1531 3100 1588 Ecce
3130 1533 3214 1588 hic
3231 1548 3371 1600 sum,
3394 1551 3501 1589 non
3529 1535 3653 1606 fugi.
3683 1537 3811 1619 Fugi-

2242 1619 2339 1695 sti,
2373 1620 2490 1689 quia
2514 1620 2761 1685 tacuisti;
2798 1622 3160 1692 tacuisti,quia
3193 1626 3434 1701 timuisti.
3469 1626 3611 1697 Fuga
3640 1631 3807 1701 animi,

2244 1709 2401 1765 timor
2441 1719 2540 1765 est.
2583 1711 2820 1781 Corpore
2849 1704 3076 1777 stetisti;
3107 1698 3515 1787 Spirituﬂfugisti
3543 1735 3555 1770 :
3582 1722 3712 1789 quod
3739 1698 3807 1776 ille

2243 1815 2350 1855 non
2374 1799 2597 1855 faciebat
2622 1805 2710 1873 qui
2740 1804 2950 1885 diccbat
2967 1847 2980 1869 ,
3004 1804 3116 1860 Etsi
3139 1824 3350 1878 corpore
3374 1810 3559 1865 absens
3580 1829 3706 1879 sum,
3722 1816 3807 1889 cpi;

2241 1894 2345 1946 ritu
2373 1893 2627 1949 vobiscum
2656 1912 2768 1961 sum
2803 1882 3019 1971 (Coloss.
3047 1916 3113 1963 ιι,
3138 1900 3214 1967 5).
3244 1890 3532 1969 Quomodo
3563 1886 3697 1960 enim

2244 1984 2347 2061 ritu
2383 1983 2615 2054 fugiebat
2638 2028 2653 2053 ,
2676 1988 2763 2057 qui
2791 1990 2948 2047 etiam
2978 2004 3202 2058 corpore
3228 1992 3423 2047 absms
3447 2037 3461 2058 ,
3493 1994 3806 2063 fornicatores

2244 2074 2432 2155 litteris
2457 2079 2747 2146 arguebat?
2769 2081 3093 2137 Alfectiones
3125 2096 3319 2139 nostrae
3344 2072 3525 2143 motus
3546 2090 3806 2149 animorum

2243 2179 2383 2224 sunt.
2416 2170 2621 2224 Lmtitia
2641 2213 2655 2236 ,
2687 2174 2847 2226 animi
2875 2174 3120 2240 ditiusio;
3152 2178 3389 2239 tristitia,
3421 2182 3589 2236 animi
3623 2195 3803 2240 comra-

2241 2264 2347 2337 ctio
2372 2282 2384 2317 :
2410 2265 2671 2335 cupiditas
2692 2308 2707 2331 ,
2741 2268 2900 2320 animi
2945 2273 3274 2339 progressio;
3307 2275 3485 2339 timor,
3517 2278 3675 2332 animi
3710 2262 3802 2353 fuga

2241 2363 2343 2409 est.
2376 2354 2695 2412 Diiiundcris
2721 2358 2864 2414 enini
2897 2361 3096 2427 animo,
3128 2377 3248 2417 cum
3277 2362 3593 2433 delectaris;
3623 2381 3801 2425 contm-

2242 2447 2386 2503 heris
2434 2451 2609 2504 animo
2636 2493 2648 2514 ,
2697 2467 2818 2505 cum
2865 2453 3204 2510 molestaris:
3234 2458 3575 2527 progredcris
3616 2438 3799 2529 animo,

2240 2553 2359 2592 cum
2391 2542 2632 2607 appetis;
2677 2540 2812 2611 fugis
2852 2545 3067 2611 animo,
3106 2561 3225 2600 cum
3271 2550 3482 2629 metuis.
3523 2532 3655 2607 Ecce
3681 2530 3796 2637 and?

2242 2626 2329 2683 ille
2355 2631 2714 2684 mercenarius
2737 2633 2847 2687 viso
2875 2634 2996 2701 lupo
3020 2634 3212 2689 dicitur
3233 2626 3435 2706 fugere;
3461 2638 3669 2706 Quare?
3692 2626 3796 2711 υαέἇ

2242 2735 2341 2772 non
2367 2729 2437 2773 est
2464 2720 2506 2772 ei
2536 2736 2661 2774 cura
2687 2721 2749 2775 de
2768 2723 2959 2777 ovibus.
2986 2712 3161 2791 Quare
3191 2744 3291 2780 non
3317 2740 3391 2782 est
3420 2734 3461 2783 ei
3484 2728 3610 2785 cura
3634 2736 3690 2787 de
3706 2721 3797 2788 iis-

2240 2810 2373 2864 bus?
2403 2811 2534 2876 Quia
2565 2816 2902 2868 mercenarius
2939 2825 3031 2868 est.
3064 2817 3197 2887 Quid
3218 2830 3329 2885 est,
3362 2828 3695 2881 mercenarius
3713 2806 3798 2881 esi?

2241 2900 2606 2971 Tcmporaletn
2640 2903 2936 2959 mercedem
2959 2922 3229 2976 quau-ens,
3259 2918 3313 2963 et
3337 2912 3388 2965 in
3409 2912 3573 2968 domo
3601 2914 3645 2969 in
3675 2927 3796 2971 :etcr-

2241 3009 2365 3047 num
2405 3010 2507 3047 non
2538 2992 2796 3048 habitabit
2828 2997 2865 3047 ί.
2895 2996 3027 3050 Sunt
3069 2998 3155 3053 hic
3197 3000 3371 3055 adhuc
3411 3007 3719 3075 quaerenda,
3754 3017 3794 3063 et

2240 3083 2568 3139 discutienda
2613 3085 2882 3163 vobiscum
2902 3129 2918 3153 ,
2948 3086 3043 3142 sed
3083 3104 3306 3146 onerare
3338 3110 3432 3148 vos
3461 3114 3564 3151 non
3594 3109 3669 3152 est
3690 3115 3793 3152 con-

2240 3177 2362 3232 silii.
2400 3176 2671 3231 Dominica
2699 3179 2840 3231 enim
2870 3179 3067 3233 cibaria
3108 3186 3382 3239 conservis
3428 3180 3790 3253 ministrainus;

2240 3268 2292 3322 in
2324 3267 2531 3338 pascuis
2557 3268 2839 3324 dominicis
2866 3285 2993 3323 oves
3020 3276 3317 3342 pascimus,
3361 3287 3415 3330 et
3458 3280 3610 3333 simul
3651 3282 3791 3352 pasci

2239 3376 2376 3415 mur.
2408 3361 2556 3415 Sicut
2587 3378 2689 3416 non
2721 3371 2803 3415 est
2827 3364 3124 3432 negandum
3155 3364 3293 3434 quod
3327 3375 3676 3426 necessarium
3704 3378 3790 3437 est,

2240 3450 2317 3504 sic
2344 3467 2447 3504 non
2474 3460 2555 3505 est
2578 3452 2676 3505 'cor
2704 3453 2971 3509 inlirmmn
3003 3456 3178 3524 pabuli
3226 3458 3558 3517 multitudine
3598 3464 3793 3537 prwgi‘a-

2243 3545 2490 3599 vandum.
2528 3544 2643 3600 Non
2689 3547 2758 3600 sit
2800 3564 2925 3617 ergo
2965 3549 3250 3603 molestum
3298 3552 3552 3608 Cbaritati
3598 3558 3789 3620 vestrae,

2239 3635 2359 3705 quia
2391 3635 2565 3688 omnia
2589 3652 2704 3705 qua:
2729 3638 2813 3691 hic
2834 3639 3006 3692 adhuc
3030 3640 3361 3698 discutienda
3392 3646 3639 3714 arbitror,
3659 3632 3789 3704 hadie

2238 3742 2341 3780 non
2382 3727 2644 3781 discntio:
2677 3728 2769 3783 sed
2802 3731 2987 3784 iterum
3035 3735 3185 3788 nobis
3215 3737 3234 3766 ²
3264 3737 3317 3789 in
3359 3736 3571 3793 nomine
3612 3726 3789 3794 Dumiiti

2235 3814 2424 3872 diebus
2470 3818 2723 3873 reddendi
2768 3823 3031 3877 sermonis
3060 3827 3245 3881 eadem
3292 3828 3450 3884 lectio
3495 3814 3784 3895 recitabiiiii;

2235 3919 2289 3965 et
2315 3911 2636 3982 diligentius,
2666 3913 2757 3968 illo
2785 3916 3086 3983 adjuvante,
3117 3921 3445 3977 tractabitur.
3480 3926 3485 3931 ’
3602 3920 3609 3933 ⁸
3698 3906 3751 3949 ⁶τ¹⁵

2712 4026 3118 4088 THACTATL‘S
3159 4008 3359 4089 XLVII.

2234 4140 2308 4194 Ab
2333 4155 2388 4194 eo
2409 4146 2544 4211 quod
2565 4141 2809 4210 scriptum
2829 4152 2920 4205 est,
2952 4143 3066 4213 Ego
3088 4160 3202 4200 sum
3233 4160 3411 4216 pastor
3436 4151 3615 4221 bonus,
3644 4162 3689 4209 et
3707 4167 3785 4211 eo-

2301 4246 2500 4300 gnosco
2524 4246 2656 4286 oves
2681 4247 2853 4299 meas,
2880 4244 3001 4298 elc.,
3028 4252 3187 4306 usque
3205 4240 3271 4292 ad
3294 4242 3348 4295 id
3368 4283 3382 4307 ,
3410 4242 3663 4315 Numquid
3687 4242 3780 4303 dae-

2301 4323 2536 4378 monium
2587 4332 2757 4392 potest
2804 4338 3066 4381 cazcorum
3109 4331 3292 4387 oculos
3315 4335 3559 4402 aperire?
3595 4333 3779 4404 Cap..x,

2318 4412 2390 4481 ᾖ.
2422 4412 2606 4467 14-21.

2302 4526 2353 4577 1.
2393 4522 2494 4589 Qui
2524 4540 2827 4581 sermonem
2872 4528 2965 4585 Dei
3015 4531 3180 4586 nostri
3223 4547 3326 4587 non
3365 4536 3536 4591 solum
3562 4536 3773 4603 libetttttr,

2230 4613 2324 4668 sed
2345 4616 2502 4668 etiam
2533 4616 2817 4686 diligenter
2842 4620 3057 4687 auditis,
3088 4624 3455 4689 promissionis
3480 4640 3662 4683 nostra:
3682 4643 3774 4697 pro

2228 4708 2310 4761 cul
2354 4708 2514 4762 dubio
2558 4710 2891 4766 meministis.
2927 4713 3039 4782 Ipsa
3068 4717 3263 4785 quippe
3306 4719 3462 4774 lectio
3511 4721 3775 4792 evangelia

2228 4812 2282 4855 ot
2313 4802 2470 4856 hodie
2500 4803 2633 4857 lecta
2663 4814 2744 4861 est
2764 4846 2779 4871 ,
2811 4821 2929 4874 qua:
2964 4808 3101 4861 lecta
3141 4809 3315 4865 fuerat
3358 4816 3596 4881 proximo
3636 4813 3778 4871 domi—

2228 4894 2348 4947 nico
2374 4893 2457 4947 die
2484 4910 2498 4945 :
2528 4906 2802 4964 propterea
2828 4901 3080 4967 quoniam
3109 4902 3158 4956 in
3188 4905 3501 4973 quibusdam
3529 4908 3777 4964 necessita-

2230 4983 2367 5038 tibus
2393 4986 2692 5053 immorati,
2726 5003 2833 5042 non
2866 4992 3133 5058 potuimus
3159 4996 3336 5048 onniia
3378 4995 3644 5054 discutere
3680 5012 3775 5068 quc

2230 5076 2416 5129 vestris
2441 5077 2682 5132 sensibus
2708 5078 3055 5135 debebamus.
3082 5083 3312 5141 Proinde
3360 5104 3479 5157 qua:
3518 5091 3625 5159 iam
3662 5089 3774 5144 dicta

2228 5176 2385 5235 atque
2412 5177 2626 5220 tractata
2674 5180 2828 5235 sunt,
2863 5171 3021 5226 hodie
3049 5188 3153 5227 non
3183 5177 3473 5244 quierimus
3493 5195 3513 5245 °,
3537 5195 3602 5234 ne
3630 5178 3777 5234 adhuc

2228 5258 2411 5311 eadem
2440 5260 2743 5327 repetendo,
2775 5261 2841 5315 ad
2870 5263 2957 5317 illa
2978 5280 3097 5333 qua:
3128 5268 3359 5333 nondum
3381 5270 3523 5326 dicta
3548 5281 3662 5328 sunt
3682 5285 3775 5341 pero

2231 5350 2412 5405 venire
2440 5352 2655 5406 minime
2700 5355 3087 5422 permittamur.
3129 5357 3307 5414 Nostis
3341 5361 3456 5431 jam
3500 5363 3550 5418 in
3590 5374 3774 5419 ιιυιωο

2230 5442 2432 5497 Domini
2457 5444 2545 5514 qui
2570 5445 2640 5498 sit
2659 5445 2830 5500 bonus
2858 5458 3056 5516 pastor,
3075 5458 3129 5504 et
3154 5454 3601 5520 quemadmodum
3626 5460 3756 5524 [nam

2228 5549 2312 5589 res
2340 5534 2464 5590 boni
2486 5537 2721 5591 membra
2749 5538 2858 5593 sint
2881 5538 2996 5608 ejus
3016 5582 3030 5605 ,
3066 5551 3121 5597 et
3163 5542 3283 5598 ideo
3310 5556 3493 5615 pastor
3520 5546 3588 5607 sit
3610 5556 3773 5601 ωηιξη.

2256 5670 2265 5673 -
2287 5651 2304 5681 ι
2324 5655 2397 5698 tta
2418 5656 2491 5699 Er.
2518 5652 2662 5723 Lugd.
2688 5660 2806 5703 Ven.
2835 5663 2887 5704 et
2908 5663 3036 5716 min,
3060 5661 3249 5723 amarit,
3268 5671 3322 5717 et
3340 5663 3401 5717 in
3421 5663 3772 5720 ὕωιξνοιᾶθν

2225 5713 2680 5789 meaemeae
2747 5723 2801 5769 δι·
3024 5713 3083 5723 ”
3217 5713 3439 5723 ”
3513 5713 3545 5718 ”
3585 5713 3755 5789 7'31?-

2290 5770 2310 5805 ¹
2334 5778 2463 5828 ωδε..
2480 5770 2649 5830 ὐὀὺίιῼ
3606 5780 3613 5789 ·
