3926 6370
559 331 697 391 I735

553 449 812 511 dicentes,
843 443 950 505 alii,
990 442 1098 513 Ego
1124 458 1233 495 sum
1266 439 1458 503 Pauli;
1501 441 1609 504 alii,
1638 438 1750 510 Ego
1778 454 1889 492 sum
1916 435 2141 504 Ceplue;

550 542 661 601 alii,
697 539 804 606 Ego
832 536 1190 606 Apollo;-alii,
1235 532 1344 605 Ego
1385 531 1572 587 Citrisu'
1611 549 1628 585 :
1671 543 2030 602 expavescens
2073 525 2139 579 ad

550 649 642 686 eos
667 632 756 701 qui
785 631 1050 692 dixerunt,
1088 626 1194 698 Ego
1232 644 1342 680 smn
1389 624 1578 686 Pauli,
1612 633 1698 677 tan
1721 639 1859 688 tuam
1904 622 2140 675 clamans

551 726 614 778 ad
646 740 802 788 oves,
835 723 1036 776 Misera:
1058 763 1072 782 ,
1104 736 1206 790 qua
1239 719 1360 773 itis?
1390 734 1494 771 non
1536 733 1652 770 sum
1693 717 1886 769 ostium
1920 733 1931 767 :
1969 711 2139 766 Num-

548 822 666 889 quit
701 817 916 878 Paulus,
947 816 1133 884 inquit,
1158 831 1250 881 pro
1273 814 1406 866 vobis
1433 811 1709 878 cruci/iras
1734 810 1846 862 est?
1869 817 1955 860 aut
1980 808 2030 859 iu
2052 822 2145 858 no-

554 914 682 964 mine
716 908 866 963 Pauli
896 907 1135 975 baptizuti
1162 907 1280 959 estis
1306 903 1356 973 (Ι
1381 903 1497 958 Cor.
1531 919 1567 967 l,
1601 903 1684 962 1'2.
1713 901 1780 954 15
1799 903 1857 970 )‘!
1885 898 1984 966 Qtti
2014 910 2142 952 vero

553 1006 818 1062 dicebant,
857 1001 964 1069 Ego
990 1017 1098 1053 sum
1124 999 1329 1060 Christi,
1363 1000 1673 1050 invenerant
1699 994 1913 1048 os:iutn.

624 1097 677 1149 4.
715 1096 786 1147 De
814 1109 918 1146 ttnt)
947 1105 1122 1146 auem
1151 1090 1276 1144 ovili
1304 1101 1354 1143 et
1387 1103 1489 1142 uno
1522 1097 1751 1156 pastore,
1777 1086 1885 1154 jam
1926 1081 2138 1154 quidem

553 1187 766 1241 assidue
787 1186 968 1240 Soletis
989 1184 1173 1238 audire
1203 1202 1216 1236 :
1243 1182 1463 1236 multum
1491 1181 1631 1235 enim
1654 1177 2141 1233 commendavimus

557 1296 721 1334 unum
765 1279 926 1339 ovile,
971 1278 1320 1344 praedicantes
1350 1278 1633 1337 unitatem,
1664 1277 1725 1328 ’ut
1757 1288 1848 1341 per
1873 1270 2142 1324 Christum

556 1387 744 1426 ontues
771 1385 897 1426 oves
937 1369 1354 1440 ingrederentur,
1399 1376 1453 1421 et
1485 1367 1741 1418 Donatum
1771 1362 1911 1416 nulla
1951 1374 2141 1429 seque-

557 1479 718 1520 retur;
750 1464 1119 1517 Vernmtmnen
1145 1461 1281 1514 unde.
1306 1461 1404 1512 hoe.
1428 1457 1637 1528 pr0prie
1656 1456 1846 1508 dixerit
1873 1453 2141 1515 "ominus,

556 1559 686 1610 satis
706 1565 945 1624 apparet.
976 1553 1316 1623 Loquebatnr
1341 1551 1481 1603 enim
1510 1548 1648 1619 apud
1686 1546 1920 1610 Jutlatoe,
1951 1544 2146 1597 missus

557 1658 731 1703 autem
764 1647 934 1702 fuerat
970 1646 1034 1697 ad
1067 1659 1207 1713 ινδος
1230 1642 1463 1704 .ludams,
1509 1655 1615 1693 non
1651 1649 1863 1706 tropter
1885 1634 2142 1705 quiisdam

558 1742 772 1796 immani
801 1739 925 1791 odio
955 1739 1248 1804 pertinaces
1281 1745 1335 1789 et
1376 1741 1773 1801 perseverantes
1800 1733 1848 1783 in
1891 1727 2142 1792 tenebris,

557 1836 650 1890 sed
692 1846 904 1904 prOpter
938 1833 1195 1902 quosdam
1239 1832 1289 1882 in
1336 1829 1446 1896 ipsa
1491 1835 1647 1895 gente
1685 1835 1816 1890 quas
1853 1821 1982 1874 dicit
2019 1833 2147 1873 oves

557 1941 718 1980 suas:
751 1924 818 1978 de
841 1924 1033 1993 quibus
1057 1923 1146 1984 ait,
1185 1919 1298 1972 Non
1327 1935 1437 1972 sum
1465 1916 1645 1969 missus
1684 1913 1782 1966 nisi
1807 1913 1874 1964 ad
1900 1927 2010 1964 oves
2035 1925 2148 1980 qua:

560 2017 813 2087 perierunt
837 2016 1012 2066 domus
1038 2012 1198 2065 Israel
1219 2015 1233 2079 (
1251 2010 1435 2063 Mattlt.
1470 2023 1560 2068 xv,
1582 2005 1651 2059 24
1669 2007 1705 2075 ).
1731 2003 1961 2057 Navcrat
1988 2001 2146 2054 etiatn

560 2124 655 2164 eos
683 2109 733 2162 in
759 2108 907 2161 turba
939 2107 1243 2166 furentium,
1268 2113 1320 2158 et
1349 2100 1667 2171 lil‘iCtitieiMl
1700 2098 1749 2149 in
1778 2110 1906 2165 pace
1935 2093 2148 2148 creden-

559 2201 709 2255 tium.
740 2199 874 2266 Qnid
903 2210 982 2250 est
1013 2212 1158 2266 ergo,
1195 2195 1312 2248 Non
1339 2210 1448 2246 sum
1478 2192 1659 2244 missus
1687 2189 1784 2241 nisi
1813 2187 1880 2239 ad
1902 2203 2014 2240 oves
2037 2200 2150 2253 qua:

561 2291 812 2361 periei-unt
850 2289 1025 2341 domus
1065 2285 1264 2346 Israel;
1305 2283 1405 2337 nisi
1450 2284 1573 2352 quia
1613 2282 1950 2350 prmscntiam
1998 2291 2147 2329 suam

558 2384 890 2454 corporalem
921 2399 1024 2434 nnn
1049 2380 1288 2435 exhibuit
1312 2378 1409 2431 nisi
1445 2374 1638 2445 populo
1668 2373 1867 2426 Israel?
1899 2369 1976 2424 Ad
2002 2369 2148 2424 Gen-

561 2485 643 2532 tes
687 2490 790 2528 non
835 2472 1067 2542 perrexit.
1099 2472 1229 2540 ipse,
1272 2469 1362 2522 sed
1405 2466 1548 2520 misit
1579 2484 1589 2519 :
1621 2463 1687 2518 ad
1728 2462 1976 2533 popnltnn
2025 2475 2150 2514 vero

561 2566 721 2621 Israel
751 2575 804 2618 et
848 2563 1021 2626 misit,
1044 2571 1104 2616 et
1131 2563 1273 2615 venit
1317 2560 1462 2628 ipse;
1494 2565 1550 2609 ut
1578 2559 1665 2625 qni
1698 2553 2110 2607 contemnelmnt
2131 2593 2146 2615 ,

559 2659 731 2728 majus
750 2656 1007 2725 jtldieium
1043 2662 1344 2714 sumerent,
1375 2651 1494 2719 quia
1531 2659 1582 2703 et
1626 2647 1905 2716 pt'u'Setttia
1942 2655 2022 2697 est
2051 2643 2151 2696 illis

558 2751 812 2807 exhibita.
865 2747 980 2816 Ipse
1013 2746 1268 2800 Dominus
1299 2745 1366 2796 ibi
1401 2743 1523 2802 l'uit,
1576 2741 1643 2792 ibi
1696 2749 1918 2792 matrem
1949 2736 2147 2803 elegit;

561 2844 630 2898 ibi
658 2841 887 2910 concipi,
908 2839 1002 2893 'ibi
1045 2839 1211 2903 nasci,
1261 2836 1332 2888 ibi
1363 2851 1437 2886 sai
1460 2834 1672 2902 guinem
1707 2831 1928 2885 fundere
1955 2829 2146 2892 voluit;

559 2934 628 2990 ibi
655 2945 776 2990 Sunt
803 2935 820 2965 ¹
871 2932 1085 3000 vestigia
1114 2931 1250 2998 ejus,
1281 2928 1436 2980 modo
1463 2926 1526 2979 ad
1569 2935 1768 2989 rantur,
1795 2924 1881 2977 ubi
1927 2922 2152 2976 novissi-

563 3043 649 3082 me
678 3028 842 3090 stetit,
873 3024 1012 3078 unde
1045 3021 1283 3077 ascendit
1312 3023 1362 3074 in
1393 3021 1586 3074 etelum
1618 3036 1630 3070 :
1661 3019 1725 3072 ad
1754 3016 1952 3072 Gentes
1974 3026 2150 3070 autem

560 3117 723 3171 misit.
769 3139 772 3146 -

631 3211 685 3266 5.
707 3209 810 3266 Sed
838 3208 975 3265 i'orte
1000 3209 1190 3278 aliquis
1216 3207 1518 3270 arbitratur,
1547 3205 1793 3275 quoniam
1819 3219 1922 3257 non
1950 3203 2061 3271 ipse
2087 3200 2153 3255 ad

561 3317 661 3357 nos
687 3302 850 3366 venit,
893 3302 984 3355 sed
1019 3302 1162 3355 misit
1190 3293 1262 3353 ad‘
1286 3311 1382 3352 nos
1404 3340 1416 3361 ,
1452 3317 1554 3351 non
1603 3313 1698 3350 nos
1728 3295 1939 3351 audisse
1969 3310 2151 3350 vocem

561 3396 750 3467 ipsius,
783 3394 875 3448 sed
916 3409 1098 3448 vocem
1130 3407 1314 3447 comm
1347 3407 1480 3460 quos
1521 3390 1681 3444 misit.
1715 3390 1899 3453 Absit;
1931 3390 2156 3459 pellatur

564 3489 662 3542 ista
689 3486 940 3558 cogitatio
965 3486 1033 3541 de
1057 3485 1306 3540 cordibus
1327 3483 1518 3538 vestris
1549 3501 1560 3536 :
1593 3492 1644 3537 ct
1671 3483 1720 3535 itt
1753 3482 1832 3535 liis
1859 3496 1992 3552 quos
2015 3481 2156 3535 misit

565 3577 678 3648 ipse
698 3590 832 3633 erat.
852 3578 1045 3647 ipsum
1071 3575 1292 3630 Paulum
1323 3575 1443 3628 audi
1470 3590 1626 3643 quem
1659 3573 1834 3639 misit;
1868 3573 1931 3625 ad
1956 3571 2154 3627 Gentes

563 3671 704 3725 enim
741 3670 1007 3740 Ρνίνείρυθ
1052 3668 1271 3722 rauim“
1313 3667 1457 3721 '"iSil
1494 3676 1791 3736 :Ipostoum
1829 3677 1912 3719 :et
1945 3665 2012 3717 ait
2045 3665 2155 3732 iitse

565 3763 760 3817 Paulus
782 3773 986 3816 terrens
1009 3760 1198 3814 nonde
1219 3774 1297 3818 se.
1322 3759 1416 3814 Sed
1438 3759 1503 3812 de
1526 3759 1636 3822 illo,
1661 3757 1736 3810 Au
1762 3759 1907 3809 ruitis
1932 3756 2157 3824 accipere

563 3854 966 3923 experitttentum'
1003 3856 1112 3922 ejus
1146 3853 1233 3924 qui
1263 3854 1312 3905 in
1354 3861 1430 3904 me
1468 3850 1684 3920 loquitur
1724 3847 1908 3904 Clu-isti
1932 3851 1948 3917 (
1970 3847 2009 3900 ll
2039 3849 2152 3900 (lor.

565 3960 679 4004 xm.
703 3944 810 4015 5)?
838 3944 1030 3999 Audite
1057 3954 1108 3997 et
1135 3944 1304 4013 ipsum
1333 3944 1632 3997 Dominum.
1678 3941 1743 3994 lit
1773 3943 1900 3995 alias
1927 3956 2038 3994 oves
2065 3940 2156 3994 Ita-

565 4037 675 4099 beo,
709 4036 760 4090 id
785 4048 887 4099 est,
923 4037 972 4089 itt
1005 4035 1261 4091 Gentibus
1287 4054 1298 4088 :
1329 4051 1441 4104 (μίαν
1462 4053 1560 4088 non
1592 4047 1706 4089 sunt
1727 4035 1789 4087 de
1819 4035 1912 4086 hoc
1939 4033 2077 4097 ovili,
2106 4032 2155 4087 id

564 4137 646 4183 est
669 4127 737 4182 de
763 4128 957 4197 populo
979 4127 1143 4180 Israel
1169 4145 1180 4179 :
1207 4137 1401 4195 Oportet
1423 4142 1500 4179 nte
1519 4136 1564 4180 et
1589 4126 1704 4180 illas
1723 4126 1989 4178 adducere.
2018 4123 2158 4193 Ergo

565 4229 620 4275 ct
659 4234 757 4290 per
785 4235 910 4275 suos
956 4237 1059 4273 non
1090 4220 1227 4273 alter
1266 4219 1496 4273 adducit.
1535 4219 1720 4272 Adhuc
1758 4219 1877 4271 andi
1919 4233 1933 4271 :
1975 4215 2158 4269 Vocem

570 4327 730 4364 meam
750 4311 971 4364 audient.
1001 4311 1138 4364 Ecce
1168 4319 1220 4364 et
1258 4327 1350 4378 per
1378 4325 1505 4362 suos
1532 4309 1642 4376 ipse
1686 4309 1917 4377 loquitur
1938 4349 1952 4372 ,
1982 4319 2030 4360 et
2067 4322 2159 4374 per

568 4420 662 4459 eos
689 4421 822 4474 quos
861 4405 1019 4458 mittit
1043 4420 1144 4456 vox
1173 4406 1286 4468 eius
1317 4404 1547 4455 auditur.
1597 4401 1662 4456 Ut
1689 4403 1751 4454 sit
1785 4419 1937 4455 unum
1964 4405 2090 4456 ovile
2114 4415 2158 4458 et

569 4512 700 4549 unus
741 4505 926 4564 pastor.
965 4495 1177 4547 Duobus
1221 4495 1334 4547 istis
1378 4493 1627 4563 gregibus
1668 4504 1913 4564 tanquam
1956 4494 2159 4552 duobus

572 4587 862 4654 parietibus
881 4629 895 4652 ,
931 4587 1100 4640 laetus
1127 4595 1208 4639 est
1250 4586 1384 4654 lapis
1410 4587 1676 4654 angularis
1702 4589 1719 4657 (
1744 4585 1932 4656 Epltes.
1964 4604 2015 4654 tt,
2064 4591 2159 4644 H-

569 4679 699 4746 22).
736 4679 872 4746 Ergo
907 4688 960 4732 et
1002 4679 1194 4731 ostium
1235 4687 1316 4732 e~t
1341 4721 1354 4741 ,
1391 4689 1440 4732 tt
1478 4679 1609 4748 lapis
1636 4682 1900 4749 angularis
1938 4700 1950 4736 :
1983 4686 2158 4738 omnia

573 4786 667 4843 per
705 4769 1292 4830 similitudinem.'nihil
1322 4771 1507 4824 horum
1540 4773 1767 4842 μείονι-ξιξ.
1827 4783 1830 4786 ’

642 4866 695 4919 6.
725 4864 840 4919 iam
877 4865 1018 4919 enim
1055 4865 1198 4927 dixi,
1236 4875 1290 4919 rt
1312 4867 1676 4920 commendavi
1705 4868 2064 4939 vehementer,
2107 4882 2160 4928 et

571 4958 660 5026 qui
701 4957 918 5026 capiunt
944 4958 1183 5027 sapiunt,
1226 4959 1331 5012 into
1357 4964 1444 5029 qtti
1475 4944 1684 5029 sapiuni
1712 4963 1956 5030 capiunt;
1989 4976 2040 5019 et
2070 4967 2160 5037 qui

575 5049 805 5101 nondum
840 5050 1108 5105 intellectu
1149 5055 1378 5121 sapiunt,
1414 5052 1516 5108 lide
1546 5065 1753 5110 teneruit
1797 5058 1933 5126 quod
1962 5061 2158 5114 intcili-

572 5153 699 5210 gere
748 5145 979 5197 tumtum
1034 5155 1271 5213 possunt.
1321 5145 1424 5201 Per
1480 5147 1876 5205 similitudinem
1921 5151 2161 5209 Christus

575 5237 739 5288 multa
766 5244 846 5287 est
871 5229 989 5304 qum
1018 5253 1108 5304 per
1137 5233 1509 5306 proprietatem
1541 5257 1643 5294 non
1667 5251 1766 5296 est.
1795 5243 1895 5298 Per
1920 5246 2161 5300 similitu-

573 5326 753 5381 dinem
789 5337 840 5382 et
873 5327 1023 5381 l’etm
1053 5338 1132 5382 est
1170 5327 1444 5397 Christus,
1473 5342 1526 5386 et
1566 5335 1756 5387 ostium
1788 5345 1868 5389 est
1896 5336 2155 5403 Chrisms,

638 5488 652 5518 ί
695 5487 1016 5558 novatis-uses
1052 5495 1253 5558 monent
1289 5491 1460 5558 omitti,
1503 5491 1597 5558 hic
1630 5501 1770 5550 sunt,
1814 5496 1860 5543 in
1905 5497 2093 5549 duobus
2132 5517 2161 5553 ρ

572 5563 672 5620 suis
696 5556 820 5620 Mssz;
841 5556 893 5620 at
923 5553 975 5620 iu
1003 5563 1090 5620 nos
1113 5553 1338 5620 risoomi:
1359 5567 1416 5600 ns
1434 5555 1698 5620 reperitur.
1748 5565 1888 5608 I-‘orro
1929 5561 1993 5609 de
2031 5564 2161 5613 (Ἀπί-

572 5613 638 5679 sti
679 5611 896 5679 \‘t-est'i;.;iis
941 5613 992 5679 i.t_
1019 5624 1033 5660 t
1057 5611 1187 5679 liveti
1229 5611 1574 5679 monteiznino
1624 5619 2069 5679 il’llﬂ‘t’SSiSltt'clllio
2095 5611 2164 5678 itit

575 5675 716 5746 etiam
820 5674 942 5746 tiro
963 5675 1028 5746 tle
1053 5678 1181 5746 Locis
1203 5677 1446 5746 tit-braicis
1469 5677 1601 5746 inter
1627 5674 1894 5746 Ilieronytni
1920 5699 2086 5746 t'pera,
2111 5674 2164 5738 ei

573 5735 697 5808 apud
721 5737 1010 5808 ⁸Βυώξίιε
1045 5739 1314 5808 nuntiaims
1332 5801 1342 5808 _
1359 5737 1639 5808 locorumiu
1663 5747 1784 5808 sctis
1802 5735 2159 5808 'Apostblortiui;

574 5800 698 5848 item
719 5795 768 5845 in
788 5799 968 5864 sulpitii
989 5802 1157 5864 severi
1179 5800 1375 5853 historia
1395 5813 1548 5866 sacra,
1567 5801 1657 5870 litt.
1680 5805 1726 5859 2.

1500 321 1569 381 ΙΝ
1604 319 1883 380 JOANNIS
1923 305 2396 376 EVANGELIUM.
2440 320 2498 376 S.
2540 313 2905 380 AUGUSTINI

3649 317 3754 393 uio

2257 444 2309 488 et
2336 434 2469 504 lapis
2497 436 2766 506 angularis
2792 446 2874 491 est
2897 435 3159 500 Christus,
3191 442 3243 489 et
3267 443 3438 505 pastor
3457 445 3530 492 est
3546 437 3749 511 Christus,

2251 535 2303 579 et
2325 541 2490 595 agnus
2517 539 2594 581 est
2619 526 2879 586 Christus,
2910 537 2962 580 et
2984 527 3068 580 leo
3095 535 3175 590 est
3193 527 3444 580 Christus.
3467 528 3611 596 Quam
3632 535 3753 591 multa

2251 631 2345 686 per
2376 619 2768 682 similitudines,
2802 630 2850 673 et
2880 620 3002 682 alia,
3033 635 3150 688 qum
3177 634 3572 676 commemorare
3594 624 3754 695 longum

2250 715 2360 768 est!
2390 713 2442 769 Si
2468 725 2642 768 autem
2668 714 2896 784 proprict
2916 728 3013 767 nes
3035 713 3287 768 diseutias
3308 729 3474 770 rerum
3500 731 3614 786 quas
3626 720 3758 778 videre

2249 807 2548 868 consuesti;
2579 822 2676 860 nec
2703 814 2849 876 petra
2873 819 2972 863 est.
2997 807 3117 875 quia
3144 807 3308 860 durus
3330 818 3383 862 et
3406 809 3512 864 sine
3537 826 3666 866 ευιιευ
3683 830 3757 870 non

2249 907 2368 960 est;
2403 914 2499 953 nec
2525 900 2718 952 ostium
2751 908 2860 961 est,
2891 899 3013 969 quia
3055 898 3206 952 laber
3243 916 3361 953 cum
3401 917 3496 954 nou
3539 901 3760 968 iecit;nec

2249 989 2384 1057 lapis
2408 990 2675 1058 angularis
2705 1000 2810 1052 est,
2843 991 2965 1060 quia
2999 1006 3104 1044 non
3134 1000 3216 1045 est
3243 991 3309 1045 ab
3333 1000 3575 1047 strnctore
3597 994 3767 1064 onagro-1‘

2249 1081 2545 1166 situs;_nec
2590 1092 2770 1152 pastor
2807 1092 2912 1145 est.
2943 1083 3066 1152 quia
3113 1093 3298 1138 custos
3325 1085 3496 1143 ovium
3529 1050 3772 1162 (1%anpr

2249 1172 2373 1228 dum
2416 1163 2521 1228 non
2558 1183 2668 1240 cst;
2705 1190 2801 1229 nec
2846 1176 2928 1230 leo
2973 1185 3084 1239 est,
3138 1176 3260 1245 quia
3298 1175 3404 1229 fera
3445 1188 3664 1244 nonest;

2250 1280 2415 1296 ..η-...ρ
2447 1275 2522 1296 ..οι
2580 1267 2695 1296 "ubi
2740 1282 2898 1296 mm...-
2943 1283 3046 1296 ..ηη
3095 1278 3171 1296 ιιι-ι
3230 1269 3414 1296 ιι.....;..
3452 1284 3563 1296 ...αλ
3598 1271 3675 1296 2...-
3700 1287 3765 1296 ..--

2249 1280 2416 1335 agnus
2446 1275 2545 1328 est,
2579 1267 2698 1336 quia
2740 1282 2900 1336 pecus
2943 1283 3046 1321 non
3094 1278 3195 1322 est.
3230 1269 3415 1322 Omnia
3450 1284 3566 1340 ergo
3598 1271 3676 1325 ista
3700 1287 3765 1343 per

2249 1359 2672 1414 similitudinem.
2723 1361 2860 1428 Quid
2903 1377 3030 1430 ergo
3077 1362 3333 1430 proprie?
3366 1360 3426 1415 In
3455 1363 3670 1433 principio
3691 1375 3767 1418 erat

2259 1449 2497 1511 Verbum.
2527 1463 2572 1506 et
2603 1451 2818 1506 Verbum
2847 1465 2954 1508 erat
2976 1456 3114 1523 apud
3141 1454 3324 1521 Deum,
3352 1467 3397 1508 et
3421 1454 3548 1511 Deus
3569 1468 3657 1511 erat
3681 1457 3767 1512 Ver-

2250 1541 2383 1594 bum.
2418 1541 2553 1610 Qnid
2584 1543 2650 1598 de
2680 1545 2892 1600 homine
2935 1548 3024 1614 qui
3055 1547 3332 1615 apparuit?
3363 1545 3427 1600 Et
3477 1546 3664 1602 Verbum
3687 1566 3767 1603 cato

2251 1633 2440 1701 factum
2463 1645 2556 1698 est,
2589 1645 2634 1687 et
2661 1633 2898 1689 habitavit
2930 1637 2980 1690 in
3008 1637 3148 1691 nobis
3180 1636 3253 1708 (Ι
3256 1656 3373 1691 ortu.
3397 1654 3433 1695 ι.
3458 1640 3505 1696 i.
3533 1639 3639 1709 N).

2323 1731 2376 1784 7.
2402 1730 2534 1784 Audi
2557 1743 2609 1785 et
2631 1741 2841 1786 ca-lera.
2872 1730 3147 1802 Pr0pterea
3173 1751 3251 1787 me
3269 1717 3425 1787 Pater
3441 1734 3605 1804 diligit,
3619 1734 3768 1804 inquit;

2251 1823 2370 1893 quia
2397 1840 2487 1892 ego
2521 1840 2650 1887 pono
2689 1827 2911 1877 animam
2953 1842 3142 1890 nteant,
3175 1836 3230 1879 ut
3269 1827 3446 1879 iterum
3479 1844 3646 1880 sumam
3676 1843 3768 1882 eam.

2251 1915 2388 1980 Quid
2434 1914 2546 1968 ait?
2579 1914 2854 1984 Propterea
2883 1933 2960 1969 me
2995 1916 3149 1970 Pater
3177 1918 3341 1988 di.’igit
3371 1919 3522 1988 :quia
3551 1921 3712 1974 morior
3730 1929 3770 1974 ut

2253 2020 2523 2075 resurgam
2557 2004 2653 2077 (a).
2696 2008 2824 2061 Cum
2856 2023 3047 2077 magno
3075 2007 3217 2062 enim
3252 2009 3482 2076 pondere
3509 2009 3676 2062 dit-tum
3694 2016 3767 2075 est,

2251 2114 2341 2168 ego
2365 2114 2382 2150 :
2407 2099 2536 2162 Quia
2565 2116 2655 2170 ego
2682 2115 2817 2170 pono
2841 2141 2855 2162 ,
2891 2097 3092 2169 inquit,
3119 2117 3254 2170 pono
3286 2100 3498 2153 animum
3526 2118 3660 2154 nteant
3678 2140 3690 2166 ,
3708 2116 3770 2171 ego

2255 2185 2405 2257 pono.
2432 2189 2565 2256 Quid
2598 2183 2713 2254 est,
2735 2203 2824 2261 ego
2856 2209 2986 2260 pono
3010 2192 3033 2242 ἵ)
3063 2192 3172 2260 Ego
3214 2191 3355 2246 illam
3389 2206 3519 2262 pono
3545 2211 3555 2245 :
3583 2209 3667 2246 non
3689 2192 3770 2262 glo-

2252 2280 2459 2334 rientnr
2486 2281 2652 2335 .luda-i
2677 2299 2690 2348 ;
2720 2283 2909 2338 sievire
2951 2294 3237 2353 petueruut
3262 2327 3276 2349 ,
3308 2295 3600 2355 potestatem
3628 2286 3770 2340 habere

2254 2388 2360 2426 non
2389 2383 2674 2442 potnt-runt
2697 2391 2708 2426 :
2735 2376 2954 2429 szeviant
2978 2386 3236 2446 quantmn
3270 2388 3518 2446 possunt;
3546 2378 3584 2432 si
3607 2391 3683 2447 ego
3705 2391 3770 2430 ao-

2255 2463 2405 2518 lncro
2435 2467 2665 2518 animam
2712 2482 2881 2520 meam
2915 2482 3112 2535 ponere
3133 2509 3150 2533 ,
3177 2468 3304 2538 quid
3347 2466 3598 2522 satviendo
3633 2466 3769 2520 facturi

2255 2555 2421 2608 sunt?
2463 2555 2573 2610 Una
2627 2559 2977 2626 responsione
3022 2561 3274 2627 prostrati
3324 2558 3682 2630 snntzquando
3713 2558 3769 2612 eis

2253 2646 2450 2702 dictum
2477 2657 2578 2713 est,
2614 2646 2772 2712 Quem
2815 2649 3081 2718 quwritis?
3109 2649 3392 2712 dixerunt,
3431 2649 3622 2712 Jestnn;
3656 2659 3696 2704 et
3721 2648 3771 2702 ait

2255 2740 2352 2802 eis,
2387 2738 2499 2809 Ego
2526 2757 2635 2793 sum
2658 2758 2675 2795 :
2700 2742 2955 2795 redierunt
2983 2753 3114 2796 retro
3135 2785 3151 2808 ,
3174 2753 3227 2797 et
3254 2745 3530 2798 ceciderunt
3550 2743 3642 2817 (Id.
3664 2757 3772 2807 mu,

2256 2833 2400 2903 4-6).
2429 2834 2526 2900 Qui
2555 2834 2863 2890 ceciderunt
2883 2835 2945 2890 ad
2971 2854 3126 2890 unam
3150 2854 3344 2894 vocem
3370 2839 3550 2894 Christi
3571 2835 3771 2899 morituri,

2256 2925 2380 2993 quid
2413 2927 2604 2979 t'aeient
2646 2927 2742 2981 sub
2775 2925 2904 2984 voce
2941 2928 3280 2997 judicaturi?
3313 2930 3445 3001 ligo,
3472 2930 3770 3000 ego,inqttam,

2258 3029 2390 3085 pene
2418 3019 2638 3070 anintum
2667 3035 2828 3072 meum
2849 3060 2862 3084 ,
2892 3028 2943 3071 ut
2984 3021 3160 3073 iterum
3203 3039 3407 3076 sumam
3435 3039 3555 3076 eam.
3582 3020 3673 3075 Non
3694 3020 3772 3090 διο·

2258 3110 2464 3163 rientur
2478 3109 2669 3175 Juda-i,
2688 3112 2838 3180 quasi
2860 3113 3210 3181 pra-valuerin
3225 3125 3272 3172 t:
3301 3115 3408 3184 ipse
3429 3114 3586 3184 posuit
3604 3114 3772 3166 animam

2259 3215 2429 3258 suam.
2463 3201 2574 3272 Ego
2604 3203 2844 3267 dormivi,
2873 3203 3020 3257 dicit.
3054 3204 3238 3259 Nostis
3265 3206 3523 3260 Psimnm
3549 3223 3558 3258 :
3581 3203 3670 3276 Ego
3687 3204 3773 3256 dor-

2258 3295 2376 3346 mivi
2395 3337 2408 3359 ,
2434 3304 2476 3346 et
2503 3311 2730 3348 somnum
2757 3297 2899 3365 cepi;
2926 3305 2971 3348 et
3003 3298 3302 3363 exsurrexi,
3335 3301 3556 3368 quoniam
3595 3294 3774 3348 Dentium

2258 3387 2494 3455 suscipiet
2523 3403 2600 3439 me
2622 3383 2792 3455 (Psat.
2821 3403 2874 3440 nt
2901 3429 2913 3451 ,
2939 3385 3016 3456 6).
3068 3387 3229 3441 Modo
3267 3377 3500 3443 Psalmus
3525 3388 3623 3457 ipse.
3658 3385 3775 3440 lectus

2261 3489 2361 3543 est,
2396 3480 2554 3534 modo
2581 3481 2877 3535 audivimus
2903 3499 2915 3536 :
2946 3479 3058 3551 Ego
3083 3473 3332 3545 dormivi,
3369 3492 3414 3536 et
3441 3497 3643 3536 somnum
3673 3477 3776 3546 cepi;

2259 3584 2307 3627 et
2335 3574 2630 3640 exsurrexi,
2663 3576 2900 3643 quoniam
2936 3575 3178 3629 Dominus
3203 3579 3441 3646 suscipiet
3472 3593 3554 3630 me.
3577 3572 3692 3650 Quid
3705 3579 3774 3628 est.

2260 3664 2373 3736 Ego
2399 3666 2605 3719 dormiet
2630 3669 2654 3720 Ρ
2690 3668 2822 3735 Quia
2851 3668 3009 3731 volui,
3043 3667 3295 3723 dormivi.
3324 3669 3453 3738 Quid
3481 3678 3568 3729 est,
3589 3661 3776 3720 dormivi?

2264 3761 2500 3814 Mortuus
2526 3777 2663 3815 suun.
2699 3761 2884 3815 Nonne
2912 3761 3183 3826 dormivit,
3217 3764 3309 3832 qui
3341 3763 3541 3833 quando
3568 3753 3775 3821 “deinde

2263 3854 2506 3922 sepulcro
2538 3861 2784 3921 tanquam
2824 3852 2891 3908 de
2943 3853 3080 3906 lecto
3117 3855 3394 3908 surrexit?
3429 3853 3524 3910 Sed
3549 3859 3667 3905 autat
3687 3847 3774 3901 dare
3827 3861 3850 3882 ε·

2262 3944 2482 4012 gloriam
2513 3944 2675 4006 Patri,
2710 3956 2763 3997 nt
2787 3960 2882 3998 nos
2919 3943 3146 3999 :‘rdiiieet
3169 3946 3396 4015 gloriam
3426 3947 3544 4002 dare
3580 3937 3773 3998 (Imitari.

2263 4035 2392 4091 Nam
2424 4037 2565 4108 quod
2597 4036 2833 4102 addidit,
2880 4038 3166 4105 exsurrexi,
3199 4041 3436 4109 quoniam
3459 4036 3669 4092 Dominus
3697 4045 3774 4085 nu-

2263 4130 2411 4197 ripict
2467 4145 2582 4194 me;
2613 4129 2810 4199 putatis
2847 4128 2931 4182 hic
2968 4131 3116 4200 quasi
3147 4132 3395 4186 virtutem
3427 4131 3534 4200 ejus
3559 4124 3772 4200 deiecisse,

2267 4230 2323 4274 nt
2350 4237 2440 4290 per
2469 4231 2786 4291 potestatem
2810 4237 2958 4275 suam
2985 4224 3116 4276 mori
3140 4226 3390 4292 potuerit.
3417 4239 3504 4292 per
3528 4225 3772 4291 potestatem

2265 4327 2412 4366 suam
2438 4328 2713 4381 resurgere
2735 4329 2836 4366 non
2859 4315 3116 4381 potuerit?
3138 4321 3163 4366 ξ
3178 4317 3224 4370 ic
3241 4318 3382 4371 enim
3401 4317 3621 4386 videntur
3635 4320 3774 4366 sonare

2269 4403 2426 4455 verba
2458 4420 2560 4456 non
2594 4404 2846 4458 intentius
2879 4405 3142 4459 intellecm
3169 4449 3183 4473 ,
3218 4405 3330 4479 Ego
3360 4407 3590 4472 dormivi;
3627 4395 3665 4458 id
3690 4407 3772 4461 est.

2265 4504 2385 4571 quia
2415 4503 2574 4564 volui,
2597 4501 2844 4557 dormivi.
2879 4501 2945 4556 Et
2971 4506 3227 4558 exsurrexi
3244 4523 3262 4558 .·
3281 4504 3481 4574 quare?
3508 4502 3622 4569 Quid
3644 4492 3772 4568 Dolﬂi‘

2267 4613 2360 4648 nus
2385 4596 2615 4663 suscipiet
2638 4611 2730 4648 me.
2762 4595 2895 4662 Quid
2918 4595 3081 4659 enim,
3103 4605 3154 4652 tu
3181 4615 3208 4648 a
3242 4598 3411 4666 teipso
3440 4605 3678 4662 resurgere
3699 4599 3770 4642 n0I‘

2266 4689 2518 4744 valeres?
2549 4689 2602 4744 Si
2632 4707 2734 4742 non
2767 4689 2992 4753 valeres,
3026 4706 3127 4742 nun
3159 4691 3398 4756 diceres,
3431 4679 3690 4743 Potrstatetu
3711 4678 3773 4730 Ita-

2269 4783 2355 4835 beo
2385 4781 2604 4850 ponendi
2627 4782 2846 4834 animam
2875 4798 3068 4845 meam,
3102 4793 3144 4834 et
3176 4793 3461 4850 potestatem
3483 4770 3622 4833 [iubeo
3645 4773 3772 4826 iterum

2267 4875 2496 4927 sumendi
2534 4891 2664 4928 eum.
2698 4873 2830 4926 Audi
2861 4873 2964 4926 alio
3009 4875 3122 4927 loco
3150 4874 3198 4927 in
3231 4873 3506 4942 Evangelia
3573 4866 3773 4942 QtliIUW“

2268 4965 2437 5018 Solum
2472 4965 2626 5018 Pater
2651 4964 2922 5018 suscilmit
2951 4964 3171 5022 Filium.
3201 4965 3292 5020 sed
3324 4968 3476 5020 etiam
3509 4943 3650 5016 Filius
3672 4945 3774 5019 sua

2269 5070 2405 5108 sunt.
2435 5055 2645 5122 Solrite,
2672 5056 2857 5125 inquit,
2883 5058 3115 5126 templum
3141 5057 3251 5118 Itoc,
3277 5069 3320 5110 rt
3343 5059 3391 5110 in
3413 5057 3566 5108 triduo
3587 5037 3774 5122 sustilto'l’o

2267 5147 2414 5200 illutl.
2458 5147 2523 5201 Et
2555 5149 2882 5220 livangelista
2910 5168 2920 5200 :
2955 5147 3064 5204 Hoc
3107 5163 3271 5220 autem
3296 5193 3310 5216 ,
3343 5149 3522 5218 inquit,
3549 5137 3704 5210 dic.th
3733 5133 3775 5185 de

2270 5242 2454 5308 templo
2480 5242 2702 5312 corporis
2725 5243 2805 5294 sui
2836 5240 3014 5310 (Joau.
3046 5259 3078 5296 n
3106 5284 3117 5302 .
3145 5243 3210 5297 i9
3229 5219 3378 5311 ΑΙ).
3400 5240 3524 5303 Hoc
3550 5219 3774 5304 enim'sus-

2269 5333 2528 5387 citabatnr
2548 5335 2686 5404 quod
2707 5336 3045 5390 moriebatur.
3066 5335 3194 5390 Nam
3221 5335 3442 5391 Verbum
3465 5345 3557 5385 neu
3584 5331 3773 5404 est'nmr-

2272 5433 2436 5487 tuum,
2470 5426 2643 5479 anima
2677 5427 2760 5480 illa
2796 5444 2900 5482 non
2925 5436 3008 5483 est
3032 5437 3254 5482 mortua.
3284 5425 3338 5481 Si
3364 5440 3459 5484 nec
3481 5434 3559 5498 tua
3584 5415 3771 5476 moriar.

2273 5519 2475 5572 Dtuniui
2507 5521 2844 5574 moreretur?
3385 5573 3388 5578 .
3419 5571 3423 5580 .
3461 5569 3466 5576 .

2340 5609 2393 5664 8.
2437 5609 2583 5666 Unde
2610 5612 2717 5666 scio
2739 5653 2754 5676 ,
2786 5612 2960 5683 inquis
2983 5654 2997 5678 ,
3027 5613 3068 5668 si
3103 5629 3215 5668 mea
3263 5627 3364 5666 non
3399 5589 3701 5676 moritur?!
3737 5598 3774 5642 ¹⁰

2271 5717 2373 5755 non
2396 5703 2687 5766 occidatur,
2713 5714 2764 5757 et
2791 5721 2894 5757 non
2918 5705 3158 5758 moritur.
3185 5702 3481 5772 Quomodo,
3503 5694 3670 5766 inqniS.
3699 5695 3771 5755 ιἰο

2332 5811 2405 5880 (a)
2423 5822 2560 5868 Forte
2584 5819 2661 5870 hic
2683 5825 2766 5870 aut
2789 5826 3014 5886 superest
3035 5827 3118 5871 aut
3139 5819 3275 5870 deest
3295 5811 3514 5868 nonnihil.
