3926 6376
64 3361 78 3488 ἔ

258 328 376 386 i737
1345 325 1753 384 TRACTAI'LS
1794 324 1999 383 XLVII.
2039 326 2270 384 CAPUT
2308 324 2378 384 X.

257 457 450 518 possum
477 440 720 498 occidere
741 443 970 496 animam
1001 442 1205 497 meam?
1243 441 1314 498 Ut
1355 443 1454 496 alia
1482 451 1695 512 peccata
1727 443 1810 497 ἰη-

257 538 389 594 terim
420 547 643 600 taceam,
675 535 746 590 Os
774 537 908 605 quod
929 536 1181 599 mentitur,
1213 535 1390 590 occidit
1418 537 1636 588 animam
1659 533 1814 604 (Sap.

256 645 285 694 ι,
306 629 407 696 ll).
434 626 730 696 Quomodo,
760 627 953 698 inquis,
982 642 1201 682 securus
1227 642 1344 682 sum
1366 669 1380 692 ,
1408 627 1532 698 quia
1561 643 1669 682 non
1697 641 1815 682 mo-

255 720 410 776 ritur?
431 718 607 789 Ipsum
639 718 922 774 Dominum
961 719 1083 774 audi
1118 719 1330 798 dantem
1371 734 1528 774 servo
1555 710 1815 775 securita-

257 822 381 868 tem:
408 809 580 866 Nolite
608 812 778 866 timere
816 828 899 867 eos
928 812 1014 882 qui
1042 811 1275 866 occidunt
1315 828 1496 882 corpus
1516 853 1529 876 ,
1557 819 1604 865 et
1647 820 1818 882 postea

259 918 342 958 non
363 901 535 956 habent
557 902 681 974 quid
705 903 916 971 faciant.
946 901 1051 958 Sed
1076 903 1235 972 plane
1269 901 1394 972 quid
1433 902 1552 955 ait?
1580 900 1716 955 Eum
1755 901 1819 954 ti-

258 1003 364 1050 mete
384 994 464 1064 qui
489 993 633 1047 habet
651 1002 944 1064 potestatem
968 1004 1017 1049 et
1045 1009 1228 1064 corpus
1257 1003 1302 1046 et
1339 993 1563 1046 animam
1589 992 1815 1047 occidere

259 1087 302 1142 in
331 1085 540 1157 gehenna
577 1082 792 1154 (Matth.
814 1101 878 1147 x,
895 1084 987 1151 ‘28,
1010 1093 1057 1138 et
1075 1083 1204 1138 Luc.
1227 1099 1322 1148 xu,
1341 1085 1395 1147 4,
1417 1085 1492 1153 5).
1527 1084 1666 1138 Ecce
1694 1083 1816 1154 quia

264 1178 478 1244 moritur,
502 1191 625 1234 ecce
645 1179 768 1248 quia
796 1193 901 1232 non
931 1178 1173 1232 moritur.
1191 1177 1324 1245 Quid
1343 1186 1423 1232 est
1461 1178 1592 1233 mori
1616 1177 1817 1247 ipsius“?

262 1269 365 1341 quid
386 1277 459 1324 est
477 1267 610 1324 mori
635 1268 783 1323 carni
808 1268 950 1322 tute?
989 1268 1118 1322 Mori
1141 1269 1285 1323 carni
1317 1275 1443 1334 tute,
1467 1275 1548 1322 est
1572 1267 1816 1323 amittere

259 1360 396 1415 vitam
433 1374 626 1415 suam:
657 1359 793 1414 mori
836 1358 1028 1413 anima:
1066 1369 1168 1413 tuae
1192 1400 1208 1426 ,
1243 1367 1327 1414 est
1367 1357 1611 1414 amittere
1652 1361 1813 1413 vitam

258 1465 404 1507 suam.
441 1449 554 1505 Vita
578 1449 756 1505 carnis
782 1457 913 1516 tuae,
946 1449 1122 1503 anima
1166 1449 1414 1504 tuazvita
1457 1448 1650 1503 anima:
1687 1457 1811 1516 ture,

261 1540 378 1598 Deus
395 1550 528 1598 tuus.
552 1541 832 1610 Quomodo
850 1540 1078 1597 moritur
1098 1555 1225 1596 caro
1244 1541 1439 1595 amissa
1465 1540 1638 1596 anima
1659 1582 1674 1609 ,
1696 1557 1816 1612 quae

263 1639 354 1693 vita
375 1646 450 1694 est
479 1638 636 1707 ejus;
667 1637 745 1692 sic
768 1636 994 1692 moritur
1022 1637 1195 1690 anima
1225 1637 1420 1690 amisso
1448 1635 1579 1702 Deo,
1600 1635 1689 1708 qui
1709 1636 1816 1690 vita

257 1740 324 1787 est
345 1731 464 1800 ejus.
486 1728 644 1785 Certe
673 1745 800 1801 ergo
828 1729 1144 1785 immortalis
1171 1739 1256 1786 est
1281 1730 1476 1784 anima.
1518 1728 1681 1784 Plane
1712 1729 1813 1784 im-

257 1824 490 1889 mortalis,
520 1825 644 1896 quia
667 1825 793 1880 vivit
819 1831 874 1880 et
897 1833 1131 1880 mortua.
1172 1823 1328 1890 Quod
1357 1824 1498 1879 enim
1546 1822 1615 1879 de
1658 1823 1813 1878 vidua

259 1916 479 1973 deliciosa
505 1917 639 1973 dixit
677 1919 962 1989 Apostolus
986 1960 1001 1984 ,
1027 1919 1188 1974 etiam
1218 1919 1284 1975 de
1319 1919 1493 1973 anima
1511 1959 1524 1983 ,
1552 1918 1597 1973 si
1643 1918 1812 1973 Deum

257 2022 389 2063 suum
413 2007 662 2075 amiserit,
680 2008 784 2065 dici
816 2017 1024 2079 potest,
1066 2007 1248 2064 Vivens
1273 2017 1473 2062 mortua
1501 2017 1573 2063 est
1603 2007 1809 2081 (lTim.

255 2099 407 2173 v.6).

313 2191 360 2248 9.
395 2191 666 2260 Quomodo
711 2208 840 2264 ergo
868 2193 1018 2264 ponit
1053 2194 1284 2248 animam
1316 2207 1467 2248 suam
1513 2193 1813 2248 Dominus?

251 2285 460 2354 Fratres,
481 2303 783 2359 quaramus
811 2287 912 2344 hoc
936 2288 1094 2358 paulo
1121 2286 1395 2342 attentius.
1435 2286 1551 2341 Non
1586 2301 1684 2342 nos
1720 2301 1812 2341 ar-

253 2386 346 2433 ctat
364 2378 484 2434 hora
509 2394 632 2448 qua
660 2377 797 2434 solet
824 2378 910 2435 die
934 2378 1201 2434 dominico
1230 2379 1282 2431 ¹ε
1311 2387 1462 2434 vacat
1489 2377 1642 2433 nobis
1665 2419 1680 2444 ,
1710 2378 1813 2432 hoc

254 2467 493 2526 luerentur
515 2471 603 2540 qui
631 2469 700 2524 ad
725 2469 945 2525 verbum
976 2470 1068 2524 Dei
1095 2468 1255 2524 etiam
1280 2467 1368 2524 die
1394 2469 1652 2524 hodierna
1681 2483 1811 2523 con-

252 2561 460 2616 veniunt.
501 2559 685 2627 Pono,
736 2560 937 2630 inquit,
967 2561 1188 2614 animam
1219 2575 1401 2613 meam.
1443 2556 1574 2626 Quis
1620 2559 1812 2628 ponit?

253 2667 394 2723 quam
422 2653 562 2724 ponit
587 2653 652 2706 ’ἲ
678 2651 818 2718 Quid
844 2661 927 2706 est
951 2650 1195 2707 Christus
1219 2650 1243 2703 ?
1281 2649 1515 2705 Verbum
1546 2660 1600 2704 et
1626 2649 1808 2705 homo.

253 2742 348 2800 Nec
368 2745 437 2800 sic
461 2746 617 2800 homo
639 2753 695 2799 ut
723 2744 834 2800 sola
859 2759 987 2799 caro
1009 2761 1024 2797 :
1047 2742 1142 2798 sed
1167 2743 1290 2812 quia
1315 2742 1494 2806 homo,
1517 2750 1724 2798 constat
1743 2757 1812 2796 ex

257 2849 394 2891 carne
417 2844 468 2891 et
491 2837 660 2891 anima
685 2877 702 2903 ,
735 2843 878 2891 totus
905 2844 1082 2890 autem
1121 2833 1282 2889 homo
1328 2833 1381 2888 in
1422 2832 1654 2888 Christo.
1695 2833 1810 2889 Non

256 2925 378 2980 enim
403 2936 591 2997 partem
614 2927 936 2982 deteriorem
966 2925 1308 2994 suscepisset,
1326 2933 1380 2979 et
1400 2933 1602 2994 partem
1625 2925 1812 2980 melio-

255 2997 352 3070 rem
375 3015 681 3074 deseruisset
705 3036 720 3072 :
747 3033 870 3088 pars
898 3017 1095 3088 quippe
1119 3015 1350 3071 hominis
1380 3016 1570 3072 melior
1591 3026 1672 3072 est
1697 3018 1809 3072 ani-

255 3121 328 3162 ma
352 3125 493 3179 quam
520 3125 731 3180 corpus.
772 3108 906 3176 Quia
937 3124 1066 3180 ergo
1101 3117 1241 3164 totus
1280 3107 1442 3163 homo
1479 3110 1531 3163 in
1572 3108 1805 3176 Christo,

252 3199 366 3270 quid
392 3211 468 3258 est
487 3202 769 3259 Christus?
803 3201 1055 3268 Verbum,
1088 3201 1299 3272 inquam
1324 3243 1340 3267 ,
1369 3209 1423 3256 et
1448 3200 1628 3256 homo.
1671 3202 1809 3270 Quid

250 3297 333 3345 est
353 3289 556 3348 Verbum
583 3301 637 3348 et
662 3291 864 3347 homo?
885 3290 1138 3357 Verbum,
1159 3291 1334 3345 anima
1359 3300 1413 3346 et
1432 3304 1579 3346 caro.
1607 3290 1809 3346 Tenete

248 3377 366 3444 hoc,
393 3379 498 3450 quia
525 3397 631 3437 non
661 3380 946 3437 defuerunt
973 3381 1207 3436 lueretici
1233 3389 1289 3436 et
1315 3381 1366 3435 in
1396 3382 1497 3436 ista
1523 3380 1805 3447 sententia,

245 3469 372 3539 pulsi
395 3471 593 3542 quidem
615 3473 726 3541 jam
748 3473 876 3528 olim
896 3489 927 3528 a
949 3472 1170 3528 veritate
1189 3473 1446 3528 catholica
1471 3491 1486 3527 ε
1511 3472 1604 3528 sed
1632 3483 1807 3529 tamen

246 3572 298 3616 ut
323 3564 450 3620 fures
466 3575 520 3622 et
540 3566 774 3622 latrones
795 3581 899 3620 non
922 3567 1179 3621 intrantes
1207 3580 1303 3635 per
1326 3566 1540 3632 ostium,
1567 3565 1806 3621 insidiari

245 3653 358 3709 ovili
383 3670 479 3712 non
502 3655 769 3713 desinunt.
797 3655 1190 3726 Apollinarista:
1231 3656 1466 3711 haeretici
1500 3656 1627 3710 dicti
1660 3664 1803 3725 sunt,

241 3745 327 3815 qui
351 3747 453 3803 ausi
478 3757 602 3804 sunt
624 3748 985 3820 dogmatizare
1013 3746 1154 3818 quod
1179 3745 1423 3802 Christus
1453 3762 1556 3802 non
1599 3748 1668 3802 sit
1702 3747 1805 3802 nisi

239 3832 454 3893 Verbum
487 3848 541 3894 et
582 3853 753 3894 caro:
784 3837 1015 3893 animam
1067 3836 1353 3892 humanam
1396 3852 1503 3892 non
1548 3852 1669 3892 eum
1713 3851 1804 3892 as-

241 3928 511 4000 socipsisse
537 3928 879 3986 conitendum.
919 3927 1050 3983 Nam
1079 3937 1132 3984 et
1154 3927 1313 3998 aliqui
1352 3943 1536 3982 eorum
1563 3925 1726 3982 fuisse
1751 3928 1804 3982 in

241 4018 438 4079 Christo
459 4025 688 4080 animam
707 4065 722 4090 ,
741 4039 932 4095 negare
948 4039 1054 4079 non
1070 4031 1376 4095 potuerunt.
1407 4022 1594 4078 Videte
1618 4022 1806 4078 absur-

239 4109 440 4171 ditatem
477 4125 530 4172 et
563 4117 822 4171 insaniam
852 4131 956 4171 non
986 4113 1278 4171 ferendam.
1321 4115 1565 4170 Animam
1595 4115 1805 4170 irratio-

240 4205 400 4263 nalem
420 4224 537 4264 eum
566 4208 766 4265 habere
794 4210 1094 4274 voluerunt,
1116 4207 1427 4264 rationalem
1443 4216 1798 4278 negaverunt:

237 4299 481 4359 dederunt
522 4303 572 4360 ei
601 4303 830 4359 animam
861 4302 1102 4373 pecoris,
1135 4301 1511 4357 subtraxerunt
1547 4301 1791 4356 hominis.

237 4389 334 4448 Sed
359 4393 428 4449 illi
450 4395 780 4451 abstulerunt
799 4393 1009 4450 Christo
1035 4393 1315 4458 rationem,
1338 4408 1444 4448 non
1467 4392 1695 4450 tenendo
1716 4409 1804 4448 ra-

239 4479 442 4539 tionem.
480 4485 634 4540 Absit
659 4483 760 4541 hoc
801 4502 832 4540 a
867 4484 1019 4540 nobis
1043 4525 1059 4549 ,
1085 4486 1137 4540 in
1169 4485 1273 4540 lide
1300 4484 1559 4541 catholica
1590 4484 1801 4541 nutritis

239 4577 383 4642 atque
409 4573 653 4630 fundatis.
698 4574 778 4630 Ex
819 4575 919 4631 hac
956 4589 1084 4645 ergo
1127 4574 1406 4630 occasione
1431 4575 1799 4631 admonuerim

240 4657 543 4722 Charitatem
569 4673 822 4731 vestram,
852 4676 913 4721 ut
937 4666 1204 4736 quomodo
1228 4666 1590 4737 superioribus
1618 4666 1804 4723 lectio-

244 4748 384 4810 nibus
408 4755 529 4813 satis
557 4771 651 4811 vos
693 4755 1041 4811 instruximus
1082 4754 1338 4812 adversus
1380 4755 1710 4813 Sabellianos
1746 4767 1802 4814 et

247 4839 482 4914 Arianos;
511 4847 838 4905 Sabellianos
865 4849 956 4918 qui
983 4847 1204 4916 dicunt,
1237 4847 1355 4919 Ipse
1394 4857 1476 4904 est
1509 4850 1666 4905 Pater
1709 4851 1800 4922 qui

247 4931 422 5006 Filius;
460 4942 685 4997 Arianos
708 4941 798 5013 qui
820 4940 1022 5006 dicunt,
1051 4939 1210 4996 Aliud
1235 4949 1318 4996 est
1343 4940 1500 4996 Pater
1517 4983 1530 5006 ,
1557 4940 1697 4996 aliud
1718 4951 1802 4998 est

247 5021 407 5094 Filius,
434 5031 580 5100 quasi
609 5046 715 5086 non
744 5030 850 5085 sint
873 5028 1113 5099 ejusdem
1133 5029 1442 5086 substantiae
1471 5030 1626 5086 Pater
1643 5038 1695 5085 et
1711 5030 1797 5086 Fi-

250 5111 334 5172 lius
352 5135 366 5172 :
385 5119 725 5178 instruximus
750 5123 931 5187 etiam,
959 5131 1213 5194 quantum
1242 5122 1579 5188 meministis,
1608 5132 1664 5179 et
1686 5139 1801 5180 me-

248 5207 436 5271 minisse
478 5214 724 5284 debetis,
754 5223 942 5276 contra
981 5213 1262 5271 haereticos
1297 5214 1640 5272 Photinianos
1662 5256 1678 5283 ,
1707 5216 1799 5287 qui

295 5433 312 5466 ⁸
332 5437 550 5504 ApudEr.
574 5439 722 5504 Lugd.
743 5445 796 5504 et
806 5439 1028 5504 vembic
1045 5439 1254 5501 additur,
1271 5437 1519 5492 Christus:
1537 5438 1667 5503 Apud
1684 5446 1796 5492 Lov.

243 5502 336 5559 τοι,
354 5496 580 5559 i‘ltn'stus,
602 5496 740 5552 uncis
768 5499 1040 5552 includitur.
1226 5496 1282 5553 tit.

291 5558 311 5589 ³
327 5559 392 5610 Sic
411 5565 557 5612 verba
568 5558 923 5627 interpungere
937 5577 1090 5627 visum
1112 5570 1212 5627 est:
1225 5565 1408 5627 nonuti
1424 5564 1473 5614 in
1487 5563 1622 5627 prius
1633 5563 1800 5627 editis,

241 5622 602 5688 lj'atﬁosarctat
631 5622 750 5688 hora
769 5622 880 5688 qua:
921 5624 1065 5688 solet,
1089 5625 1170 5688 die
1204 5624 1442 5677 dominico
1467 5622 1604 5688 uacat
1643 5622 1796 5688 nobis;

362 5683 493 5754 enim
513 5687 734 5754 proxime
754 5680 1136 5754 subjicitur,_hoc
1151 5687 1399 5754 lucremur
1415 5687 1500 5752 qui
1518 5687 1584 5738 ad
1602 5685 1800 5739 verbm

332 5743 470 5796 etiam
493 5743 576 5798 die
593 5746 825 5798 hodierna
842 5743 1144 5809 'converiizmt,
1166 5751 1284 5800 satis
1306 5743 1484 5804 iudicat
1516 5761 1801 5804 sermonem

243 5797 319 5854 Ilio
337 5797 506 5869 praeter
832 5797 1330 5864 metuisse

533 5891 758 5954 Sancr.
789 5895 1060 5956 Aususr.
1098 5894 1206 5957 III.

3373 343 3395 396 i
3409 343 3513 400 738

1926 441 2094 498 solum
2122 442 2393 497 hominem
2419 441 2688 498 Christum
2721 443 2838 501 sine
2864 445 2976 501 Deo
3015 461 3136 505 esse
3163 449 3416 509 dixerunt
3446 458 3462 488 ί
3494 474 3510 523 ;

1925 541 2111 589 contra
2134 533 2473 601 Manichzeos,
2499 533 2591 606 qui
2618 535 2792 592 solum
2824 538 2941 593 sine
2970 538 3185 596 homine
3214 542 3382 599 Deum
3408 564 3420 598 :
3445 563 3513 603 ex

1925 623 2026 678 bac
2072 623 2351 680 occasione
2393 623 2462 679 de
2507 625 2683 681 anima
2733 627 3058 685 instruamus
3096 645 3192 686 vos
3229 642 3284 688 et
3327 646 3510 691 contra

1925 715 2360 785 Apollinaristas,
2388 715 2479 786 qui
2523 715 2706 772 dicunt
2729 717 3012 774 Dominum
3047 730 3291 779 nostrum
3328 725 3513 783 Jesum

1877 817 1883 822 '
1924 806 2192 863 Christum
2223 825 2326 864 non
2352 808 2602 868 habuisse
2626 812 2857 867 animam
2888 813 3193 881 humanam.
3215 816 3266 872 id
3293 829 3374 874 est
3399 823 3514 878 ani-

1924 915 2065 955 mam
2095 902 2428 970 rationalem,
2460 903 2691 959 animam
2717 905 3120 978 intelligentem,
3150 910 3404 980 animam,
3434 914 3515 969 in-

1924 1006 2102 1062 quam,
2124 996 2178 1048 in
2197 1009 2300 1065 qua
2321 995 2578 1050 distamus
2600 1011 2631 1050 a
2651 1011 2864 1067 pecore,
2885 998 3024 1068 quod
3047 999 3290 1057 homines
3306 1019 3512 1060 sumus.

1996 1083 2083 1138 10.
2124 1084 2402 1152 Quomodo
2430 1098 2558 1157 ergo
2585 1086 2672 1142 hic
2712 1087 2845 1143 dixit
2887 1089 3140 1146 Dominus
3164 1133 3180 1160 ,
3204 1091 3515 1152 Potestatem

1926 1174 2082 1229 habeo
2108 1178 2327 1246 ponendi
2350 1179 2572 1232 animam
2603 1196 2763 1234 meam
2783 1183 2809 1234 ?
2835 1180 2965 1248 Quis
2993 1185 3141 1253 ponit
3163 1188 3395 1245 animam
3415 1233 3430 1257 ,
3459 1202 3516 1247 et

1923 1263 2114 1320 iterum
2144 1269 2305 1322 sumit
2332 1284 2450 1324 eam
2476 1271 2500 1323 ?
2535 1269 2778 1327 Christus
2807 1289 2870 1329 ex
2897 1288 2964 1330 eo
2988 1276 3128 1346 quod
3154 1278 3384 1336 Verbum
3405 1291 3513 1350 est,

1922 1357 2070 1426 ponit
2095 1359 2346 1425 animam,
2376 1368 2429 1416 et
2454 1363 2614 1416 sumit
2643 1378 2759 1418 eam
2791 1364 2981 1421 iterum
3002 1368 3025 1420 ?
3050 1370 3132 1423 An
3172 1386 3238 1426 ex
3276 1387 3342 1428 eo
3369 1376 3511 1446 quod

1921 1446 2098 1502 anima
2124 1447 2356 1505 humana
2381 1459 2461 1506 est
2484 1491 2498 1516 ,
2530 1453 2640 1522 ipsa
2680 1469 2740 1510 se
2766 1456 2952 1524 ponit,
2983 1466 3038 1513 et
3080 1459 3268 1516 iterum
3309 1463 3420 1534 ipsa
3451 1482 3514 1524 se

1921 1541 2124 1594 sumit?
2152 1543 2232 1595 An
2261 1558 2329 1597 ex
2354 1557 2418 1598 eo
2445 1545 2590 1615 quod
2619 1560 2744 1601 caro
2773 1557 2855 1603 est
2875 1591 2889 1614 ,
2925 1564 3052 1605 caro
3077 1553 3307 1610 animam
3338 1558 3508 1627 ponit,

1920 1641 1977 1688 et
2003 1633 2192 1688 iterum
2217 1635 2421 1690 sumit?
2460 1636 2583 1692 Tria
2607 1641 2877 1709 proposui,
2897 1645 3073 1699 omnia
3101 1658 3508 1722 pertractemus,

1920 1734 1976 1780 et
1999 1725 2102 1780 hoc
2137 1727 2393 1799 eligamus
2419 1729 2562 1799 quod
2606 1733 2888 1788 conveniat
2931 1738 3127 1806 regulae
3155 1741 3410 1800 veritatis.
3452 1746 3510 1801 Si

1921 1817 2064 1871 enim
2111 1817 2442 1889 dixerimus,
2474 1821 2595 1892 quia
2637 1821 2871 1879 Verbum
2921 1825 3018 1881 Dei
3071 1831 3242 1897 posuit
3278 1835 3508 1892 animam

1921 1899 2092 1973 suam,
2114 1917 2170 1964 et
2188 1909 2380 1965 iterum
2399 1911 2628 1982 sumpsit
2650 1927 2804 1980 eam;
2830 1917 3170 1974 metuendum
3192 1933 3273 1977 est
3301 1939 3365 1979 ne
3385 1932 3507 1980 sun-

1918 1999 2082 2056 intret
2098 2015 2258 2070 prava
2277 2003 2550 2073 cogitatio,
2567 2013 2623 2061 et
2641 2004 2849 2062 dicatur
2868 2009 3021 2064 nobis
3039 2029 3052 2060 :
3070 2011 3208 2084 Ergo
3229 2015 3436 2088 aliqum:
3453 2019 3512 2076 lo

1918 2093 2094 2147 anima
2122 2093 2208 2148 illa
2237 2103 2481 2165 separata
2507 2103 2593 2151 est
2617 2111 2649 2151 a
2670 2096 2867 2166 Verbo,
2893 2108 2945 2156 et
2973 2102 3257 2174 aliquando
3274 2107 3505 2166 Verbum

1919 2181 2072 2251 illud,
2102 2200 2167 2239 ex
2201 2199 2307 2256 quo
2331 2186 2566 2256 suscepit
2589 2188 2821 2244 animam
2849 2190 2990 2246 illam
3009 2235 3024 2261 ,
3048 2193 3148 2250 fuit
3170 2197 3286 2253 sine
3310 2201 3508 2258 anima.

1919 2273 2088 2331 Video
2116 2276 2258 2331 enim
2303 2275 2468 2333 fuisse
2511 2278 2629 2335 sine
2654 2281 2830 2338 anima
2857 2281 3089 2341 humana
3125 2287 3386 2360 Verbum,
3414 2293 3510 2352 sed

1917 2381 2039 2422 cum
2070 2367 2122 2421 in
2152 2368 2412 2437 principio
2435 2379 2551 2425 erat
2581 2369 2814 2427 Verbum
2835 2416 2850 2440 ,
2879 2383 2933 2430 et
2967 2376 3200 2434 Verbum
3230 2393 3346 2439 erat
3369 2385 3506 2457 apud

1917 2459 2109 2525 Deum,
2140 2469 2194 2515 et
2218 2461 2359 2516 Deus
2388 2471 2504 2517 erat
2546 2462 2797 2520 Verbum.
2840 2467 2918 2522 Ex
2946 2485 3053 2539 quo
3099 2473 3239 2528 enim
3281 2476 3507 2535 Verbum

1919 2565 2044 2605 caro
2075 2551 2269 2607 factum
2293 2561 2396 2620 est,
2427 2562 2484 2608 ut
2512 2553 2776 2610 habitaret
2801 2556 2854 2611 in
2882 2559 3037 2615 nobis
3061 2560 3240 2630 (Joan.
3262 2568 3372 2634 1,1,
3394 2569 3505 2642 it),

1917 2648 1976 2695 et
2000 2651 2280 2713 susceptus
2307 2653 2390 2699 est
2428 2659 2458 2698 a
2485 2644 2663 2701 Verbo
2699 2644 2860 2702 homo
2883 2691 2899 2716 ,
2929 2649 2982 2704 id
3026 2661 3108 2707 est
3147 2662 3290 2712 totus
3321 2657 3504 2727 homo,

1918 2733 2092 2787 anima
2121 2743 2176 2788 et
2202 2749 2359 2798 caro;
2391 2735 2518 2806 quid
2538 2735 2660 2791 fecit
2681 2740 2878 2808 passio,
2909 2741 3035 2811 quid
3065 2743 3187 2800 fecit
3213 2763 3379 2815 mors,
3405 2750 3508 2808 nisi

1917 2839 2112 2895 corpus
2150 2826 2218 2881 ab
2260 2826 2438 2882 anima
2477 2830 2787 2897 separavit?
2830 2832 3072 2888 Animam
3119 2852 3244 2894 vero
3272 2853 3303 2893 a
3335 2839 3511 2898 Verbo

1917 2932 2026 2974 non
2044 2919 2328 2989 separavit.
2349 2919 2405 2976 Si
2428 2921 2572 2976 enim
2593 2931 2835 2978 mortuus
2858 2933 2942 2980 est
2961 2925 3236 2997 Dominus,
3256 2930 3364 2986 im0
3384 2933 3506 3004 quia

1916 3019 2159 3065 mortuus
2187 3020 2272 3066 est
2293 3010 2592 3078 Dominus;
2638 3022 2880 3070 mortuus
2913 3024 2996 3072 est
3037 3018 3178 3074 enim
3213 3035 3310 3092 pro
3353 3023 3509 3081 nobis

1916 3099 1970 3155 in
2010 3116 2202 3168 cruce;
2230 3101 2347 3158 sine
2382 3101 2547 3158 dubio
2573 3119 2701 3159 caro
2729 3106 2895 3175 ipsius
2921 3109 3210 3178 exspiravit
3234 3112 3464 3170 animam
3490 3133 3504 3166 :

1915 3193 1983 3248 ad
2011 3203 2218 3265 tempus
2244 3195 2494 3267 exiguum
2520 3195 2696 3252 anima
2726 3197 2964 3254 deseruit
2999 3215 3214 3258 carnem
3233 3245 3247 3268 .
3288 3206 3383 3262 sed
3422 3223 3509 3264 re-

1914 3285 2114 3343 deunte
2131 3288 2309 3342 anima
2333 3297 2777 3345 resurrecturum.
2803 3291 2847 3346 A
2871 3291 3048 3348 Verbo
3074 3304 3252 3351 autem
3275 3299 3510 3360 animam

1913 3387 2211 3448 separatam
2235 3394 2354 3435 esse
2373 3395 2478 3436 non
2498 3380 2639 3436 dico.
2663 3381 2907 3438 Latronis
2927 3385 3119 3441 animae
3141 3387 3274 3444 dixit
3297 3409 3312 3446 :
3339 3390 3510 3451 Hodie

1912 3486 2109 3524 mecum
2146 3470 2242 3524 eris
2279 3471 2332 3525 in
2371 3472 2610 3543 paradiso
2650 3471 2802 3544 (Luc.
2829 3491 2991 3542 xxtlt,
3015 3476 3128 3549 45).
3159 3479 3398 3538 Fidelem
3425 3485 3506 3541 la-

1913 3561 2084 3616 tronis
2120 3561 2352 3618 animam
2398 3578 2506 3618 non
2551 3563 2861 3634 deserebat,
2892 3577 2946 3623 et
2986 3568 3265 3628 deserebat
3306 3589 3456 3632 suam
3481 3578 3508 3631 ?

1913 3652 2067 3707 Absit
2096 3670 2109 3707 :
2141 3653 2234 3709 sed
2263 3653 2405 3708 illius
2446 3663 2506 3709 ut
2543 3655 2800 3711 Dominus
2828 3657 3143 3726 custodivit,
3189 3676 3339 3718 suam
3376 3681 3505 3723 vero

1913 3744 2337 3814 inseparabiliter
2372 3745 2574 3802 habuit.
2616 3749 2671 3805 Si
2709 3758 2886 3805 autem
2916 3750 3208 3810 dixerimus
3234 3757 3353 3828 quia
3389 3759 3507 3832 ipsa

1913 3853 1971 3893 se
1992 3839 2166 3892 anima
2187 3839 2381 3908 posuit,
2407 3850 2462 3895 et
2488 3842 2676 3897 iterum
2701 3843 2810 3913 ipsa
2833 3859 2892 3900 se
2913 3848 3158 3918 sumpsit,
3184 3849 3507 3912 absurdissi—

1913 3946 2033 3986 mus
2075 3947 2263 3987 sensus
2304 3941 2388 3988 est
2431 3951 2444 3986 :
2490 3949 2596 3990 non
2625 3936 2772 3990 enim
2799 3954 2917 4007 quae
2947 3955 2977 3994 a
3005 3940 3184 3999 Verbo
3239 3960 3347 4001 non
3387 3961 3506 4006 erat

1911 4031 2188 4094 separata,
2230 4038 2262 4078 a
2309 4025 2484 4094 seipsa
2525 4034 2735 4095 poterat
2771 4031 3026 4098 separari.

1984 4116 2072 4172 ii.
2101 4115 2348 4171 Dicamus
2369 4129 2496 4186 ergo
2521 4125 2577 4172 et
2600 4117 2740 4187 quod
2768 4134 2949 4174 verum
2977 4131 3080 4191 est,
3107 4133 3161 4181 et
3183 4126 3324 4195 quod
3345 4128 3503 4189 facile

1911 4207 2132 4278 intelligi
2164 4215 2355 4278 potest.
2397 4207 2534 4262 Ecce
2570 4207 2729 4262 homo
2757 4209 2979 4278 quilibet
3019 4226 3123 4268 non
3153 4226 3404 4275 constans
3431 4236 3501 4278 ex

1909 4297 2090 4354 Verbo
2113 4306 2166 4352 et
2194 4297 2370 4353 anima
2399 4306 2453 4353 et
2475 4313 2658 4363 carne,
2688 4299 2783 4355 sed
2812 4315 2877 4355 ex
2901 4301 3078 4358 anima
3119 4314 3173 4360 et
3197 4322 3357 4366 carne
3386 4329 3401 4367 :
3427 4313 3502 4372 de

1910 4391 2014 4448 isto
2067 4390 2282 4446 homine
2331 4391 2718 4462 interrogemus
2756 4393 3024 4462 quomodo
3061 4407 3222 4466 ponat
3262 4402 3497 4462 animam

1909 4497 2059 4538 suam
2089 4483 2404 4555 quicumque
2434 4481 2613 4538 homo.
2655 4484 2737 4537 An
2776 4484 2912 4540 forte
2958 4487 3135 4544 nullus
3160 4489 3322 4549 homo
3349 4509 3500 4566 pom.

1907 4575 2142 4632 animam
2171 4591 2319 4631 suam
2345 4575 2370 4630 ?
2408 4576 2568 4632 Potes
2597 4577 2726 4632 mihi
2751 4577 2929 4636 dicere
2955 4595 2972 4636 :
2995 4580 3183 4640 Nullus
3210 4586 3371 4644 homo
3399 4591 3496 4647 ha-

1908 4667 2000 4722 bet
2033 4658 2366 4738 'potestatem
2418 4682 2617 4738 ponere
2665 4669 2895 4725 animam
2953 4686 3142 4741 suam,
3199 4685 3255 4732 et
3301 4679 3497 4738 iterum

1909 4773 2120 4815 sumere
2146 4773 2287 4814 eam.
2309 4757 2516 4814 Ponere
2540 4760 2770 4815 animam
2792 4777 2941 4817 suam
2969 4764 3068 4820 nisi
3103 4778 3284 4836 posset
3310 4770 3491 4842 homo,

1910 4865 2016 4904 non
2044 4849 2246 4906 diceret
2267 4849 2501 4906 Joannes
2524 4851 2797 4920 apostolus
2814 4893 2830 4919 ,
2856 4853 3003 4908 Sicut
3029 4854 3258 4915 Christus
3280 4878 3372 4930 pro
3397 4881 3490 4920 no-
3524 4890 3526 4892 τ

1909 4939 1985 4995 bis
2007 4943 2229 4994 animam
2259 4956 2406 4994 suam
2436 4943 2620 5011 posuit,
2647 4943 2719 4997 sic
2738 4952 2786 4998 et
2811 4960 2901 4998 nos
2927 4944 3160 5002 debemus
3179 4951 3378 5012 animas
3403 4972 3498 5024 pro

1909 5034 2150 5106 fratribus
2175 5050 2360 5104 ponere
2386 5034 2431 5106 (l
2449 5034 2605 5089 Joan.
2630 5051 2705 5101 ιιι,
2727 5037 2838 5108 16).
2867 5037 3006 5109 Ergo
3029 5048 3084 5096 et
3102 5042 3258 5101 nobis
3276 5046 3398 5106 licet
3421 5050 3502 5124 (si

1909 5136 1964 5183 et
1992 5142 2092 5183 nos
2119 5127 2436 5198 impleamur
2455 5127 2648 5183 virtute
2672 5127 2860 5198 ipsius,
2878 5131 3001 5201 quia
3015 5133 3133 5191 sine
3151 5134 3244 5194 illo
3264 5138 3394 5196 nihil
3417 5141 3498 5196 fa»

1907 5233 2031 5275 cere
2061 5218 2366 5293 possumus)
2405 5233 2601 5291 ponere
2626 5234 2722 5290 pro
2760 5217 3012 5279 fratnbus
3033 5231 3237 5285 animas
3260 5239 3491 5288 nostras.

1907 5310 2132 5379 Quando
2159 5320 2362 5384 martyr
2401 5311 2623 5383 quilibet
2649 5319 2865 5369 sanctus
2896 5317 3076 5386 posui:
3100 5333 3196 5389 pro
3241 5324 3492 5382 fratribus

1906 5403 2142 5459 animam
2166 5418 2347 5470 suam,
2375 5404 2494 5475 quis
2522 5407 2727 5474 posuit,
2755 5412 2811 5461 et
2850 5421 3007 5476 quam
3037 5409 3254 5477 posuit?
3295 5408 3407 5466 Hoc
3443 5414 3492 5468 si

1907 5491 2350 5562 intellexerimus,
2371 5493 2440 5550 ibi
2455 5493 2752 5550 videbimus
2765 5495 3211 5566 quemadmodum
3231 5512 3262 5553 a
3281 5500 3492 5556 Christo

1907 5586 2108 5646 dictum
2130 5589 2229 5655 sit,
2261 5587 2570 5644 Potestatem
2611 5588 2769 5645 habeo
2797 5589 3017 5661 ponendi
3037 5589 3258 5644 animam
3300 5607 3486 5649 meam.

1907 5752 2192 5868 Μὶθιιιιιεε
2209 5755 2338 5814 Mss,
2356 5747 2599 5802 Christum
2619 5761 2720 5800 esse
2745 5747 2974 5799 dixerim
3001 5757 3021 5797 :
3051 5758 3145 5797 nec
3165 5747 3368 5810 habent,
3390 5751 3494 5809 stne

2633 5889 3252 5981 (’Cinquante-cinq.)
