3926 6414
209 439 308 501 mi

212 557 434 638 gignendo
452 554 614 622 dedit.
635 553 720 607 «ita
741 550 820 606 illi
845 548 990 604 dedit
1022 560 1171 600 suam
1193 542 1566 613 aequalitatem,
1592 551 1748 608 quem

215 633 294 714 non
315 650 488 725 genuit
529 646 867 718 inmqnalem.
915 640 1019 697 Sed
1061 640 1177 693 hinc
1210 638 1460 706 loquente
1491 633 1748 696 Domino,

216 746 422 820 quoniam
451 742 536 798 lux
569 739 779 793 lucebat
797 737 856 790 in
883 732 1132 794 tenebris,
1161 739 1213 783 ct
1243 728 1476 782 tenebrae
1502 739 1620 778 eam
1646 739 1754 777 non

216 817 918 905 comprehendebant(.loan.l,
938 821 1289 894 5),Dissensio
1315 821 1495 873 iterum
1526 817 1658 885 facta
1685 823 1758 868 est

215 903 530 985 interVJttda’os
544 932 748 994 propter
768 933 1016 974 sermones
1034 917 1144 968 hos.
1168 910 1410 964 Dicebant
1425 916 1590 960 autem
1612 903 1758 958 multi

215 1041 261 1078 ex
280 1022 385 1093 ipsis
402 1035 422 1075 :
440 1011 945 1093 Demetriumhabet,
958 1019 1004 1062 et
1026 1006 1232 1065 insanit;
1252 1002 1374 1075 quid
1396 1017 1510 1054 eum
1533 999 1718 1052 auditis
1736 996 1761 1050 ?

216 1086 310 1169 lslte
343 1111 542 1167 fuerunt
564 1091 900 1162 densissima:
932 1098 1183 1155 tenebrat.
1215 1093 1316 1149 Atii
1337 1089 1563 1145 dicebant
1589 1104 1606 1141 :
1636 1086 1762 1141 Hcce

215 1207 333 1263 verba
351 1221 445 1258 non
461 1197 897 1258 suntdwmonium
916 1192 1140 1248 habentis
1163 1207 1180 1253 ;
1197 1185 1443 1258 numquid
1459 1181 1764 1238 dwmonium

215 1304 346 1369 potest
367 1309 605 1358 amcorum
632 1287 806 1344 oculos
825 1283 1021 1355 aperire
1039 1281 1066 1337 .9
1087 1280 1204 1336 Jam
1231 1279 1455 1332 istorum
1479 1273 1615 1328 oculi
1657 1284 1766 1325 cce-

215 1394 376 1459 perant
396 1381 608 1453 aperiri.

639 1485 1050 1548 TRACTATUS
1087 1482 1316 1539 XLVlll.

216 1616 280 1670 Ab
307 1613 509 1674 colono,
528 1601 838 1664 Faciasunt
859 1601 1104 1659 Encrenia
1133 1600 1184 1653 in
1206 1593 1582 1666 Jerosolymis;
1614 1605 1773 1660 usque

271 1702 427 1766 adid,
464 1699 652 1756 Omnia
686 1706 862 1752 autem
901 1703 1249 1763 quaecumque
1290 1686 1420 1741 dixit
1447 1684 1680 1738 Joannes
1705 1679 1773 1733 de

279 1795 386 1860 tam,
408 1805 530 1848 sera
547 1797 710 1846 erant
731 1806 744 1840 :
767 1795 822 1843 et
848 1785 999 1841 multi
1023 1780 1362 1838 crediderunt
1388 1777 1440 1830 in
1467 1787 1610 1830 eum.
1643 1771 1771 1840 Cap.

275 1904 332 1956 ι,
355 1887 397 1958 ’ψ
419 1883 643 1941 ..ειμι

279 2002 331 2056 'i.
353 1997 514 2066 Quod
539 1997 648 2066 jam
678 1989 1045 2048 commendavi
1069 1985 1345 2043 Dilectioni
1374 1971 1778 2066 vestramstabi-

222 2095 330 2149 liter
363 2087 660 2146 meminisse
705 2083 934 2149 debetis,
980 2087 1220 2136 sanctum
1259 2055 1776 2138 Joaiinem'evaiige-

223 2186 380 2240 listam
406 2180 544 2236 nolle
577 2189 678 2233 nos
703 2189 915 2244 semper
941 2173 1074 2226 lacte
1105 2168 1313 2234 nutriri,
1345 2165 1438 2219 sed
1465 2162 1634 2217 solido
1660 2159 1780 2214 cibo

226 2266 643 2341 vesci'.‘Qn’isquis
670 2276 847 2323 autem
875 2263 940 2318 ad
979 2259 1296 2318 sumendum
1336 2255 1563 2313 solidum
1603 2251 1779 2306 cibum

227 2363 358 2421 verbi
377 2347 660 2419 Dei'itdhuc
681 2360 858 2413 minus
889 2355 1112 2410 idoneus
1138 2363 1238 2415 est,
1265 2351 1402 2403 lacte
1434 2345 1552 2400 ﬁdei
1583 2342 1780 2398 nutria-

225 2465 321 2523 tur,
339 2453 610 2510 simam
627 2449 768 2522 Quod
795 2447 1089 2516 intelligere
1103 2459 1206 2497 non
1227 2448 1419 2511 potest,
1439 2436 1657 2492 credere
1675 2449 1782 2487 non

225 2551 495 2602 cunctetur.
527 2531 704 2598 Fides
730 2540 870 2596 enim
911 2538 1156 2592 meritum
1185 2539 1282 2596 est,
1327 2529 1622 2586 intellectus
1646 2541 1784 2594 pra:-

229 2639 396 2694 mium.
415 2637 480 2693 in
507 2639 620 2707 ipso
648 2635 830 2690 labore
851 2628 1160 2685 intentionis
1183 2624 1407 2680 desudat
1427 2621 1567 2675 acies
1592 2615 1787 2671 mentis

231 2735 426 2795 ausu-te,
445 2738 508 2783 ut
532 2734 690 2797 ponat
718 2722 1011 2779 sordiculas
1038 2717 1244 2773 nebulae
1271 2717 1538 2777 humanae,
1567 2717 1621 2764 et
1644 2721 1789 2762 scre-

234 2819 456 2877 netur'a'd
483 2817 716 2875 'Verb'u'm
748 2815 860 2870 Dei.
890 2811 1006 2867 Non
1055 2824 1181 2879 ergo
1213 2813 1487 2871 recusetur
1527 2801 1696 2865 labor,
1744 2797 1790 2852 si

236 2911 568 2969 sdesta'fnor':
595 2909 766 2964 nostis
805 2907 946 2960 enim
984 2902 1235 2974 quoniam
1280 2897 1370 2968 qui
1399 2904 1542 2950 amat
1582 2908 1685 2947 non
1714 2889 1791 2942 la-

237 3002 391 3058 borat.
421 2999 778 3057 “Omnisenim
823 2996 970 3050 labor
1011 3009 1116 3048 non
1156 2989 1454 3045 amantibus
1493 2987 1663 3057 gravis
1689 2992 1788 3038 est.

240 3093 292 3148 Si
321 3089 721 3149 "tantos'labores
743 3101 865 3143 cum
891 3086 1067 3139 avaris
1098 3090 1269 3153 portat
1294 3079 1576 3150 cupiditas,
1608 3075 1792 3131 nobis-

241 3199 352 3240 cum
373 3193 479 3239 aen
509 3187 681 3255 portat
708 3177 982 3236 charitas?

307 3273 361 3330 ἓ.
381 3274 720 3347 Έτιιιιςεῖἱιιηι
745 3271 1002 3327 intendite
1036 3287 1048 3322 :
1082 3266 1239 3321 Facta
1269 3275 1382 3320 sunt
1420 3273 1587 3316 utilem
1615 3261 1794 3315 Eucte-

250 3372 332 3425 nia
347 3373 391 3424 in
410 3369 743 3441 Jerosolymis.
773 3364 1018 3420 Encaenia
1046 3361 1299 3416 festivitas
1320 3366 1433 3413 erat
1453 3354 1797 3412 dedicationis

248 3463 427 3535 templi.
442 3463 614 3520 Graec
625 3461 769 3516 enim
783 3465 936 3513 καινὸν
947 3453 1140 3509 dicitur
1155 3466 1346 3506 novum
1361 3447 1798 3519 quandocumque

247 3559 422 3612 norum
459 3549 659 3626 aliquid
714 3549 878 3607 fuerit
924 3547 1223 3603 dedicatum
1250 3587 1264 3610 ,
1307 3539 1556 3596 Encaznia
1606 3551 1800 3592 vocan-

251 3654 374 3706 tur‘.
393 3647 500 3707 iam
527 3651 576 3705 et
605 3662 736 3702 usus
753 3644 910 3699 habet
934 3641 1037 3695 hoc
1055 3639 1274 3693 verbum
1311 3654 1322 3687 :
1352 3635 1396 3688 si
1422 3632 1540 3703 quis
1565 3646 1698 3686 nova
1727 3638 1803 3683 tu-

249 3741 617 3804 nicai'ndnatur,
643 3737 938 3793 encasniare
959 3733 1168 3788 dicitur.
1197 3730 1346 3783 illum
1366 3726 1506 3781 enim
1532 3725 1670 3778 diem
1699 3735 1803 3790 quo

249 3831 476 3905 “emplum
520 3829 817 3887 dedicatum
851 3836 951 3888 est,
1002 3822 1168 3878 Judzci
1213 3817 1519 3873 solemniter
1565 3811 1803 3868 celebra-

250 3903 402 3979 bant':
429 3923 554 3994 ipse
585 3921 700 3975 dies
744 3917 910 3972 festus
941 3912 1225 3984 agebatur,
1268 3921 1388 3961 cum
1426 3920 1487 3959 ca
1517 3920 1634 3974 quae
1672 3903 1805 3956 lecta

251 4023 378 4082 Sunt,
417 4017 622 4068 locatus
649 4017 734 4064 est
761 4007 1034 4062 Dominus.
1324 4057 1332 4064 ,

313 4109 360 4162 3.
397 4102 576 4160 Hirtus
619 4110 745 4157 erat.
794 4099 860 4153 Et
906 4095 1190 4151 ambulabat
1229 4093 1378 4146 Jesus
1423 4091 1476 4142 in
1525 4087 1710 4158 templo
1758 4086 1809 4138 in

253 4199 427 4267 porticu
449 4193 762 4251 Salomonis.
783 4190 1242 4245 'Circumdederunt
1267 4199 1386 4253 ergo
1411 4197 1524 4234 eum
1554 4178 1746 4244 Judt'ci,
1765 4185 1811 4230 et

255 4291 460 4348 dicebant
481 4290 526 4344 ei
557 4304 575 4340 :
603 4287 872 4354 Quousque
893 4282 1111 4334 animam
1132 4289 1353 4332 nostram
1383 4272 1560 4327 tollis?
1589 4271 1649 4327 Si
1689 4282 1741 4324 tu
1762 4286 1813 4324 es

258 4379 485 4444 Christus,
509 4379 594 4432 die
621 4377 760 4430 nobis
774 4374 967 4446 palam.
994 4370 1109 4426 Non
1132 4370 1404 4426 veritatem
1421 4361 1812 4428 desiderabant,

259 4471 341 4526 sed
381 4468 699 4527 calumniam
745 4467 1131 4537 purpurabant.
1167 4457 1340 4515 Hiems
1388 4466 1513 4522 erat,
1546 4463 1599 4511 et
1641 4453 1816 4524 frigidi

262 4563 442 4618 erant“:
469 4561 537 4616 ad
566 4559 712 4614 ilium
754 4557 895 4611 enim
934 4555 1170 4609 divinum
1199 4551 1373 4620 ignem
1402 4546 1651 4602 accedere
1681 4543 1817 4615 pigri

265 4662 418 4708 erant.
447 4651 555 4708 Sed
581 4648 832 4704 accedere
860 4655 941 4701 est
973 4643 1190 4699 credere
1215 4657 1231 4696 :
1252 4640 1338 4712 qui
1364 4639 1552 4706 credit,
1581 4637 1817 4702 accedit;

269 4744 348 4815 qui
371 4755 544 4816 negat,
585 4739 804 4797 recedit.
833 4735 947 4793 Non
975 4746 1216 4791 movetur
1242 4734 1417 4788 anima
1453 4732 1695 4802 pedibus,
1727 4727 1822 4785 sed

271 4836 546 4892 aliectibus.
587 4831 953 4904 Frigneranta
985 4828 1233 4899 diligendi
1267 4827 1542 4892 charitate,
1573 4836 1625 4880 et
1667 4823 1824 4879 arde-

235 4965 247 5014 ,
273 4927 382 4983 bant
405 4925 628 4984 nocendi
645 4923 956 4994 cupiditate.
979 4921 1163 4991 Longe
1193 4921 1430 4983 aberant,
1455 4927 1510 4973 et
1538 4918 1608 4972 ibi
1639 4924 1821 4972 erant:

243 5005 248 5040 ἱ
274 5030 366 5072 non
391 5017 710 5074 accedebant
725 5012 1008 5076 credendo,
1037 5021 1090 5066 et
1110 5009 1418 5080 premebant
1439 5005 1826 5078 persequendo.

276 5107 574 5178 Quaerebam
619 5106 810 5161 audire
837 5111 866 5158 ti
893 5101 1136 5167 Domino,
1163 5099 1277 5170 Ego
1321 5117 1434 5154 sum
1463 5099 1705 5155 Christus
1734 5115 1747 5150 :
1778 5107 1833 5152 et

279 5195 480 5254 fortasse
524 5200 595 5255 de
635 5196 848 5253 Chi-imo
893 5193 1182 5250 secundum
1221 5192 1490 5246 hominem
1533 5191 1828 5261 sapiebant.

280 5283 685 5347 ’rtedicaverunt
713 5288 998 5358 'Prophetze
1033 5285 1298 5341 Christum
1330 5304 1343 5340 :
1370 5285 1461 5339 sed
1497 5284 1823 5338 divinitatem

283 5381 458 5440 αἰτίεῆ
480 5393 537 5439 et
560 5383 616 5437 in
637 5380 926 5451 Prophetis
951 5379 1076 5435 etin
1101 5379 1216 5448 ipso
1240 5376 1522 5448 Evangelio
1545 5392 1645 5431 nec
1670 5375 1838 5431 barre-

283 5473 364 5529 ω
385 5475 721 5546 intelligunt;
750 5475 948 5543 quanto
985 5471 1160 5526 minus
1185 5469 1376 5537 Judzni,
1419 5467 1669 5540 quamdiu
1695 5468 1840 5522 vela-

289 5577 399 5622 tam
440 5576 522 5622 est
544 5575 706 5635 super
731 5575 830 5619 eor
874 5575 1058 5618 eorum
1107 5561 1333 5632 (II'Cor.
1366 5575 1442 5626 ιιι,
1491 5555 1646 5629 15)?
1678 5557 1840 5612 Deni-

293 5663 384 5728 que
433 5657 660 5729 quodam
719 5657 838 5712 ioco
899 5655 1070 5712 edens
1116 5654 1376 5710 Dominus
1433 5651 1588 5709 Jesus
1637 5666 1732 5708 eos
1775 5651 1844 5708 de

295 5745 802 5806 Museum
839 5749 1109 5804 hominem
1150 5753 1359 5819 sapere,
1414 5763 1516 5802 non
1557 5744 1845 5803 secundum

311 5877 316 5884 '
355 5856 511 5925 ειη,
536 5860 755 5914 mania
772 5868 988 5915 iocatur.

1293 413 1703 478 TRACTATUS
1741 410 1971 469 XLVIII.
2013 409 2233 466 CAPUT
2274 405 2338 464 Χ.

3295 410 3433 465 me

1862 529 2048 594 Deum,
2076 526 2363 582 secundum
2387 523 2438 578 id
2469 516 2606 594 quod
2648 521 2810 578 homo
2835 530 2969 589 erat,
3010 537 3114 578 non
3140 524 3427 584 secundum

1860 618 1913 672 id
1937 616 2077 688 quod
2110 617 2249 671 Deus
2291 615 2449 670 etiam
2481 622 2754 686 assumpto
2797 612 3012 668 homine
3049 614 3447 683 permanebat,

1859 710 1935 766 ait
1980 709 2083 764 illis
2115 727 2129 763 :
2165 707 2300 773 Quid
2329 706 2464 762 vobis
2508 705 2704 760 videtur
2749 705 2811 759 de
2838 703 3080 760 Christo?
3121 707 3266 776 cujus
3304 706 3444 775 .ﬁiius

1862 803 1976 858 est?
2000 798 2409 870 Responderunt
2427 796 2717 853 secundum
2741 797 3096 866 opinationem
3123 811 3271 851 suam
3298 813 3310 847 :
3338 795 3442 849 Da-

1865 893 1966 947 vid.
1999 892 2087 948 Sic
2113 891 2254 946 enim
2281 891 2536 960 legerant,
2577 898 2632 944 et
2667 888 2770 944 hoc
2806 886 2977 943 solum
3006 885 3294 942 tenebant:
3322 889 3445 958 quia

1866 985 2195 1040 divinitatem
2221 984 2337 1055 ejus
2366 983 2630 1053 legebant,
2671 979 2766 1038 sed
2795 995 2900 1034 non
2933 978 3310 1049 intelligebant.
3341 979 3448 1036 Do—

1867 1077 2042 1131 minus
2072 1083 2247 1130 autem
2271 1084 2329 1129 ut
2355 1088 2448 1128 eos
2479 1071 2828 1141 suspenderat
2855 1068 2922 1125 ad
2965 1070 3304 1140 quaerendam
3332 1069 3450 1139 ejus

1869 1168 2219 1232 divinitatem,
2272 1167 2425 1234 cujus
2478 1163 2888 1219 contemnebant
2929 1161 3312 1228 inﬁrmitatem,
3359 1147 3448 1218 re;

1876 1258 2088 1328 spondit
2114 1257 2191 1312 eis
2219 1276 2232 1310 :
2264 1255 2525 1323 Quomodo
2552 1271 2668 1326 ergo
2707 1253 2872 1308 David
2901 1254 2954 1306 in
2977 1253 3158 1321 spiritu
3182 1252 3304 1308 dicit
3340 1270 3454 1308 eum

1871 1348 2165 1415 Dominum,
2197 1348 2385 1413 dicens,
2413 1345 2555 1399 Dixit
2583 1343 2826 1398 Dominus
2853 1341 3075 1398 Domino
3098 1360 3226 1410 meo,
3270 1343 3400 1400 Sede
3421 1361 3455 1397 a

1875 1439 2064 1493 dextris
2105 1440 2249 1504 meis,
2286 1439 2442 1490 donec
2486 1452 2669 1507 ponam
2707 1435 2935 1490 inimicos
2981 1445 3091 1488 tuos
3131 1433 3220 1490 sub
3247 1435 3457 1506 pedibus

1876 1532 2010 1584 tuis?
2028 1530 2088 1584 Si
2112 1546 2228 1600 ergo
2249 1528 2412 1582 David
2435 1530 2488 1581 in
2509 1527 2686 1598 spiritu
2711 1527 2830 1580 dicit
2855 1543 2968 1580 eum
2997 1526 3285 1594 Dominum,
3327 1543 3456 1596 quo-

1878 1621 2026 1675 modo
2057 1621 2192 1690 ﬁlius
2217 1621 2325 1689 ejus
2349 1629 2420 1672 est
2451 1617 2660 1690 (Matth.
2690 1632 2822 1680 xxn,
2838 1615 3026 1687 42-45)
3044 1617 3068 1671 ?
3087 1616 3204 1670 Non
3226 1617 3455 1686 negavit,

1879 1715 1974 1768 sed
2000 1710 2361 1779 interrogavit.
2393 1708 2468 1763 Ne
2491 1709 2608 1778 quis
2623 1707 2723 1762 hoc
2744 1721 2865 1760 cum
2886 1706 3129 1772 audierit,
3153 1714 3302 1775 putet
3316 1706 3459 1779 quod

1881 1802 2136 1856 Dominus
2158 1801 2315 1857 Jesus
2343 1801 2615 1869 negaverit
2637 1813 2695 1853 se
2719 1796 2886 1851 ﬁlium
2913 1809 3032 1850 esse
3053 1795 3237 1849 David.
3267 1795 3461 1850 Filium

1881 1893 2046 1949 David
2068 1893 2320 1947 Dominus
2346 1891 2591 1945 Christus
2619 1890 2666 1944 si
2693 1904 2750 1943 se
2781 1897 3021 1956 negaret,
3049 1901 3220 1941 caecos
3241 1885 3317 1948 sic
3339 1901 3462 1941 eum

1883 1989 2185 2045 invocantes
2203 2002 2309 2040 non
2331 1985 2672 2040 illuminaret.
2700 1981 2985 2038 Transibat
3004 1980 3144 2034 enim
3159 1978 3462 2050 aliquando,

1883 2090 1937 2136 et
1963 2081 2069 2135 duo
2095 2081 2219 2134 croci
2247 2077 2492 2133 sedentes
2511 2077 2661 2146 juxta
2697 2077 2838 2130 viam
2870 2073 3232 2128 clamaverunt
3263 2089 3278 2127 :
3306 2070 3467 2125 Mise-

1883 2191 1992 2230 rere
2015 2174 2190 2238 nostri,
2234 2173 2308 2240 ﬁli
2339 2171 2521 2225 David.
2552 2169 2666 2236 Qua
2691 2184 2819 2224 voce
2842 2166 3043 2230 audita,
3071 2167 3318 2222 misertus
3345 2173 3428 2220 est
3451 2182 3466 2231 ;

1885 2269 2050 2333 stetit,
2075 2266 2300 2331 sanavit,
2326 2265 2502 2319 lumen
2523 2263 2667 2319 dedit
2701 2261 2811 2335 (Id.
2842 2276 2938 2323 xx,
2968 2257 3198 2330 50-54);
3229 2259 3350 2328 quia
3376 2273 3472 2312 no-

1886 2378 2011 2418 men
2036 2360 2266 2430 agnovit.
2300 2359 2437 2413 Dicit
2459 2365 2512 2413 et
2533 2355 2804 2426 apostolus
2827 2352 3046 2418 Paulus,
3077 2352 3176 2416 Qui
3215 2354 3376 2423 factus
3399 2357 3473 2404 est

1889 2456 1934 2509 ei
1970 2471 2032 2508 ea:
2069 2453 2255 2507 semine
2280 2450 2447 2503 David
2488 2446 2764 2502 secundum
2787 2459 2991 2500 carnem
3016 2441 3191 2509 (Rom.
3218 2455 3259 2507 I,
3285 2437 3342 2510 5)
3375 2457 3387 2492 :
3419 2447 3476 2495 ct

1889 2547 1956 2603 ad
1982 2545 2338 2607 Timotheum,
2369 2541 2566 2596 Memor
2601 2548 2703 2594 esto
2740 2537 2916 2592 Jesum
2959 2532 3212 2588 Christum
3246 2546 3474 2586 resurre-

1889 2641 2022 2695 xisse
2046 2656 2078 2692 a
2105 2636 2314 2690 mortuis
2347 2650 2410 2688 ea;
2435 2633 2619 2687 sentina
2641 2628 2808 2685 David
2842 2624 3120 2684 secundum
3149 2621 3477 2694 Evangelia»;

1893 2747 2057 2786 meum
2083 2729 2166 2800 (ll
2184 2726 2320 2782 Tim.
2348 2742 2404 2790 ιι,
2433 2723 2526 2794 8).
2554 2722 2685 2791 Quia
2705 2720 2772 2776 de
2796 2719 3004 2776 semine
3032 2714 3191 2769 David
3216 2714 3474 2785 originem

1893 2823 2054 2888 Maria
2081 2824 2226 2891 virgo
2252 2818 2500 2882 ducebat,
2523 2815 2645 2870 inde
2670 2813 2926 2868 Dominus
2946 2809 3018 2866 de
3049 2804 3254 2863 semine
3281 2803 3469 2867 David.

1963 2916 2017 2970 4.
2059 2913 2171 2968 Hoc
2200 2926 2294 2981 pro
2319 2921 2512 2978 magno
2552 2904 2720 2961 Judtei
2749 2919 2780 2958 a
2807 2901 3024 2958 Christo
3049 2903 3380 2973 qumrebant,
3412 2911 3470 2957 ut

1897 3010 1942 3064 si
1968 3009 2188 3070 diceret,
2214 3005 2327 3074 Ego
2350 3017 2466 3058 sum
2486 2999 2754 3065 Christus,
2783 2993 3078 3052 secundum
3105 2995 3246 3064 quod
3283 2995 3359 3050 illi
3387 3009 3478 3048 so-

1899 3103 2008 3158 lum
2037 3099 2312 3170 sepiebant
2338 3096 2405 3151 de
2433 3093 2636 3150 semine
2660 3089 2849 3154 David,
2868 3089 3320 3146 calumniarentur
3338 3086 3481 3156 quod

1901 3194 2002 3250 sibi
2027 3199 2301 3260 arrogaret
2327 3188 2523 3258 regiam
2567 3190 2910 3255 potestatem.
2951 3181 3079 3236 Plus
3116 3188 3197 3235 est
3236 3177 3379 3248 quod
3404 3177 3482 3232 eis

1901 3283 2178 3354 respondit
2218 3299 2230 3334 :
2263 3280 2340 3335 illi
2361 3279 2428 3334 de
2451 3278 2560 3332 ﬁlio
2583 3273 2748 3330 David
2761 3272 3012 3330 volebant
3041 3270 3373 3332 calumniari,
3399 3268 3484 3323 ille

1902 3378 2097 3433 Filium
2125 3375 2215 3428 Dei
2245 3388 2305 3428 se
2332 3386 2450 3427 esse
2477 3368 2767 3439 respondit.
2803 3366 2875 3422 Et
2907 3363 3212 3436 quomodo?
3237 3361 3430 3418 Audite
3462 3378 3475 3413 :

1906 3467 2183 3540 Respondit
2230 3465 2302 3518 eis
2342 3463 2492 3518 Iesus
2524 3478 2542 3516 :
2580 3461 2782 3530 Loquor
2821 3457 2980 3524 vobis,
3023 3467 3070 3511 et
3103 3473 3207 3511 non
3249 3454 3484 3517 creditis;

1906 3579 2060 3633 opera
2102 3575 2212 3630 qua
2240 3575 2330 3628 ego
2365 3556 2497 3628 facio
2531 3555 2583 3607 in
2627 3552 2826 3607 nomine
2854 3549 3025 3603 Patris
3063 3549 3179 3612 mei,
3213 3547 3318 3600 haec
3343 3546 3486 3600 testi-

1907 3653 2132 3706 monium
2183 3647 2438 3719 perhibent
2483 3646 2546 3699 de
2591 3660 2670 3696 me
2697 3659 2712 3697 .'
2736 3641 2827 3696 sed
2853 3656 2934 3693 vos
2964 3655 3063 3692 non
3103 3636 3323 3701 creditis,
3367 3635 3488 3706 quia

1909 3763 2008 3800 non
2028 3745 2145 3798 estis
2171 3758 2234 3796 ex
2257 3741 2428 3795 ovibus
2451 3738 2594 3793 meis.
2614 3736 2733 3792 Jam
2759 3749 2920 3803 supra
2943 3734 3020 3800 (in
3046 3731 3216 3786 Tract.
3236 3730 3330 3800 45)
3351 3729 3490 3784 didi-

1875 3871 1882 3878 -
1911 3835 2057 3891 cistis
2078 3848 2197 3904 quae
2223 3833 2329 3887 sint
2347 3846 2474 3887 oves
2499 3835 2702 3885 :estote
2717 3842 2865 3884 oves.
2883 3825 3024 3879 Oves
3052 3822 3318 3880 credendo
3343 3833 3487 3889 sunt,

1911 3941 2037 3982 oves
2065 3932 2330 3993 pastorem
2354 3919 2625 3990 sequendo
2645 3929 2786 3980 sunt,
2815 3931 2943 3970 oves
2968 3915 3358 3984 redemptorem
3382 3931 3485 3970 non

1912 4011 2301 4072 contemnendo
2344 4019 2489 4077 sunt,
2535 4023 2663 4062 oves
2692 4022 2790 4077 per
2831 4007 3026 4062 ostium
3056 4003 3303 4062 intrando
3339 4013 3486 4069 sunt,

1915 4122 2041 4164 oves
2064 4103 2308 4160 exeundo
2354 4109 2409 4158 et
2457 4114 2649 4171 pascua
2696 4099 3016 4154 inveniendo
3057 4107 3201 4164 sunt,
3231 4112 3360 4153 oves
3384 4099 3486 4152 vita

1917 4208 2110 4254 aeterna
2154 4193 2473 4266 perfruendo
2515 4197 2657 4244 sunt.
2700 4188 2979 4257 Quomodo
3014 4203 3142 4260 ergo
3187 4188 3302 4242 istis
3329 4189 3488 4254 dixit,

1921 4290 2041 4344 Non
2065 4288 2180 4342 estis
2208 4302 2270 4341 ea:
2298 4285 2468 4339 ovibus
2497 4281 2659 4335 meis?
2681 4280 2814 4349 Quia
2842 4279 3053 4335 videbat
3076 4294 3172 4336 eos
3195 4279 3262 4334 ad
3281 4279 3492 4349 sempi-

1923 4394 2127 4438 ternum
2156 4379 2423 4435 interitum
2459 4374 2883 4446 praedestinatos,
2918 4387 3027 4429 non
3054 4372 3122 4428 ad
3146 4371 3306 4430 vitam
3333 4379 3493 4430 atter-

1923 4490 2046 4529 nam
2076 4473 2158 4527 sui
2185 4470 2457 4540 sanguinis
2484 4466 2655 4538 pretio
2675 4473 3028 4535 comparatos.

1995 4569 2048 4624 Β.
2093 4566 2219 4621 Oves
2246 4579 2371 4618 mea:
2397 4577 2564 4617 vocem
2589 4575 2752 4642 meam
2783 4559 3015 4624 audiunt,
3043 4567 3102 4613 et
3127 4573 3368 4629 cognosco
3391 4575 3498 4627 eas,

1927 4667 2264 4731 etsequuntur
2287 4673 2364 4710 me
2401 4670 2421 4709 :
2459 4664 2506 4709 et
2542 4668 2633 4726 ego
2670 4653 2822 4706 vitam
2857 4660 3103 4706 mensam
3139 4649 3504 4708 dicit-Ecce

1928 4763 2052 4809 sunt
2076 4765 2288 4821 pascua.
2329 4749 2382 4803 Si
2409 4744 2668 4812 recolitis,
2686 4743 2937 4815 superius
2959 4742 3193 4809 dixerat,
3225 4741 3290 4795 Et
3323 4742 3504 4813 ingre-

1935 4843 2119 4909 dietur,
2148 4851 2193 4895 et
2217 4837 2514 4911 egredietur,
2531 4843 2582 4891 et
2603 4850 2796 4907 pascua
2810 4833 3044 4890 inveniet.
3070 4832 3295 4902 ingrcssi
3316 4847 3504 4889 sumus

1932 4933 2231 4997 credendo,
2285 4928 2589 5000 egredimur
2636 4923 2932 4983 moriendo.
2976 4923 3082 4982 Sed
3118 4923 3383 4995 quomodo
3411 4941 3508 4995 per

1934 5025 2132 5082 ostium
2175 5024 2294 5078 ﬁdei
2324 5019 2544 5092 ingressi
2592 5017 2893 5082 sumus,sic
2941 5016 3124 5072 ﬁdeles
3169 5015 3238 5070 de
3282 5031 3509 5087 corpore

1937 5129 2189 5171 exeamus
2217 5130 2232 5165 :
2259 5112 2337 5168 sic
2360 5110 2502 5167 enim
2531 5124 2626 5180 per
2648 5109 2821 5179 ipsum
2859 5105 3055 5164 ostium
3094 5107 3419 5178 egredimur,
3452 5120 3511 5165 ut

1939 5221 2135 5279 pascua
2174 5203 2410 5260 invenire
2436 5202 2719 5274 possimus.
2753 5199 2897 5255 Bona
2932 5214 3146 5270 pascua,
3173 5200 3279 5255 vita
3310 5210 3512 5255 interna

1942 5301 2177 5356 dicitur:
2220 5297 2291 5352 ibi
2320 5296 2464 5350 nulla
2499 5293 2664 5349 herba
2690 5291 2921 5359 arescit,
2957 5299 3125 5348 totum
3159 5292 3314 5358 vicet,
3347 5299 3512 5345 totum

1944 5395 2103 5466 viget.
2136 5391 2285 5448 Solet
2311 5388 2549 5460 quaidam
2588 5386 2752 5443 herba
2791 5385 2893 5440 dici
2932 5400 3148 5455 semper
3193 5384 3348 5437 viva‘
3392 5399 3405 5434 :
3441 5381 3515 5436 ibi

1947 5487 2120 5543 solum
2144 5484 2320 5539 vivere
2360 5480 2643 5536 invenitur.
2675 5476 2843 5532 Vitam
2881 5486 3136 5538 teter-mm,
3165 5473 3354 5544 inquit,
3385 5471 3518 5526 dabo

1929 5569 2040 5651 eis,
2069 5576 2256 5630 ovibus
2294 5574 2447 5629 meis.
2489 5569 2599 5626 Vos
2625 5568 2921 5626 calumnias
2948 5573 3224 5636 propterea
3262 5563 3518 5632 quieritis,

1951 5669 2073 5740 quia
2099 5667 2168 5723 de
2188 5669 2290 5722 vita
2320 5664 2565 5738 prmsenti
2595 5660 2857 5732 cogitatis.

1956 5803 2149 5913 abigi"
2167 5806 2297 5860 Mss"
2341 5809 2525 5862 senum
2549 5794 2658 5848 vivit
2697 5805 2712 5842 :
2758 5790 2932 5840 dicitur
2959 5787 3160 5848 Graecis,
3195 5785 3377 5849 αείιόπ,
3421 5788 3526 5843 sive
