3926 6378
485 421 627 484 ινιτ,

555 540 610 593 6.
651 533 723 589 Et
741 549 843 589 non
871 530 1100 604 peribunt
1125 531 1179 586 in
1205 539 1446 586 retentum
1471 546 1489 584 :
1515 529 1790 594 subaudis,
1814 537 2060 598 tanquam

482 628 561 684 eis
591 624 805 690 dixerit,
837 622 946 679 Vos
984 623 1220 694 peribitts
1248 622 1300 678 in
1334 631 1612 688 internum,
1649 621 1772 691 quia
1802 635 1904 675 non
1935 618 2065 673 estis

482 736 550 777 ex
569 718 756 774 ovibus
778 716 930 772 meis.
956 715 1076 770 Non
1105 716 1268 784 rapiet
1292 731 1376 770 eas
1390 716 1652 784 quisquam
1670 712 1731 766 de
1750 727 1903 765 manu
1927 725 2058 763 mea.

481 809 737 867 lntentius
761 806 984 876 accipite
1017 825 1028 860 :
1054 804 1211 859 Pater
1231 822 1370 860 meus
1398 806 1531 875 quod
1562 802 1697 858 dedit
1725 801 1868 865 mihi,
1896 800 2062 870 majus

480 913 553 958 est
582 900 829 956 omnibus.
853 899 989 968 Quid
1019 908 1194 970 potest
1223 898 1416 968 lupus?
1454 895 1577 968 quid
1605 903 1776 966 potest
1808 893 1966 948 fur-et
1988 893 2058 945 la-

481 993 597 1048 tro?
623 991 737 1047 Non
762 990 991 1063 perdunt
1026 988 1126 1044 nisi
1161 987 1226 1042 ad
1249 988 1518 1042 interitum
1541 985 1962 1057 prmdestinatos.
1987 982 2064 1036 De

482 1084 587 1139 illis
614 1091 793 1138 autem
831 1081 1038 1147 ovibus,
1086 1079 1153 1135 de
1182 1079 1372 1150 quibus
1408 1078 1536 1156 dicit
1573 1076 1877 1146 Apostolus,
1909 1073 2064 1127 Novit

482 1172 733 1228 Dominus
758 1172 843 1240 qui
873 1180 990 1227 sunt
1025 1172 1136 1241 ejus
1157 1169 1224 1240 (ll
1255 1168 1389 1223 Tim.
1421 1185 1478 1232 tt,
1501 1161 1594 1238 l9)
1614 1185 1628 1233 ;
1651 1177 1723 1231 et,
1763 1165 1901 1232 Quos
1927 1179 2060 1236 prce-

481 1265 643 1332 scivit,
664 1266 804 1336 ipsos
828 1272 874 1317 et
902 1261 1271 1333 praedestinavit
1288 1277 1308 1326 ;
1325 1276 1450 1331 quos
1473 1269 1640 1312 autem
1665 1255 2058 1328 prcedestinavit,

481 1356 617 1426 ipsos
650 1365 699 1410 et
738 1354 963 1419 vocarit;
989 1369 1113 1426 quos
1159 1360 1324 1405 autem
1363 1350 1587 1416 vocavit,
1625 1348 1740 1402 illos
1786 1355 1831 1400 et
1861 1345 2061 1416 justi/i-

479 1447 607 1500 eavit
623 1465 643 1513 ;
666 1462 790 1517 quos
817 1455 980 1499 autem
988 1443 1308 1514 justiﬁcavit,
1330 1443 1465 1512 ipsos
1485 1450 1529 1495 et
1559 1438 1857 1511 gloriﬁcavit
1880 1435 2057 1508 (Rom.

479 1553 593 1600 vni.
622 1536 711 1604 29,
740 1533 868 1608 50):
900 1535 967 1590 de
992 1535 1180 1590 ovibus
1209 1534 1325 1588 istis
1355 1549 1454 1588 nec
1487 1533 1642 1602 lupus
1671 1533 1829 1600 rapit,
1861 1544 1959 1584 nec
1975 1527 2060 1584 fur

480 1627 631 1695 t'ollit,
682 1643 782 1684 nec
831 1628 966 1682 latro
1011 1626 1277 1682 interﬁcit.
1323 1625 1554 1682 Securus
1603 1632 1684 1679 est
1728 1623 1796 1678 de
1839 1636 2060 1677 numero

476 1736 681 1784 earum,
713 1719 802 1790 qui
833 1733 929 1788 pro
957 1719 1034 1773 eis
1061 1718 1208 1773 novit
1232 1716 1372 1788 quod
1402 1715 1568 1771 dedit.
1600 1715 1786 1770 Ethoc
1813 1722 1895 1769 est
1917 1711 2060 1784 quod

475 1813 570 1878 ait,
602 1809 724 1866 Non
753 1810 916 1881 rapiet
942 1826 1026 1864 eas
1051 1808 1314 1879 quisquam
1344 1807 1406 1860 de
1431 1823 1582 1860 manu
1609 1821 1717 1860 mea
1736 1821 1754 1859 :
1775 1805 1970 1860 etitem
1992 1802 2060 1858 ad

477 1905 708 1966 Patrem,
741 1901 899 1956 Pater
926 1917 1063 1954 meus
1095 1899 1229 1970 quod
1263 1899 1399 1954 dedit
1431 1897 1573 1963 mihi,
1606 1898 1771 1968 majus
1800 1905 1871 1951 est
1894 1895 2059 1950 omni-

477 1995 586 2048 bus.
610 1991 748 2059 Quid
786 1990 933 2046 dedit
959 1991 1094 2046 Filio
1134 1991 1290 2044 Pater
1321 1989 1493 2059 majus
1531 1988 1815 2043 omnibus?
1853 1986 1921 2042 Ut
1947 1987 2060 2056 ipse

476 2084 550 2139 illi
578 2092 722 2139 esset
748 2081 1049 2153 unigenitus
1076 2081 1259 2135 Filius.
1291 2079 1426 2147 Quid
1464 2088 1546 2135 est
1573 2093 1718 2150 ergo,
1750 2077 2059 2147 deditijam

476 2176 702 2232 eratcui
743 2175 913 2240 daret,
964 2190 1030 2230 an
1070 2173 1334 2245 gignendo
1355 2173 1541 2230 dedit?
1577 2172 1710 2228 Nam
1750 2173 1794 2227 si
1832 2171 2056 2226 eratcui

474 2266 628 2322 daret
655 2275 714 2321 ut
753 2264 919 2321 Filius
955 2273 1116 2329 esset,
1161 2262 1447 2334 aliquando
1476 2271 1611 2329 erat,
1655 2271 1711 2318 et
1754 2261 1921 2315 Filius
1950 2275 2056 2314 non

473 2367 588 2413 erat
619 2375 631 2411 :
665 2355 817 2412 Absit
841 2364 900 2411 ut
922 2354 1206 2426 aliquando
1235 2354 1491 2410 Dominus
1524 2353 1769 2410 Christus
1797 2353 1972 2419 fuerit,
2003 2359 2058 2408 et

474 2449 639 2504 Filius
667 2463 773 2504 non
801 2447 979 2503 fuerit.
1007 2447 1082 2504 De
1105 2446 1380 2503 nobishoc
1405 2446 1508 2502 dici
1531 2453 1705 2518 potest
1735 2463 1748 2504 :
1771 2445 2057 2516 aliquando

475 2542 568 2597 lilii
590 2541 864 2597 hominum
889 2555 1123 2607 eramus,
1153 2539 1243 2594 lilii
1274 2539 1367 2594 Dei
1395 2555 1500 2595 non
1531 2553 1764 2594 eramus.
1781 2537 1890 2593 Nos
1913 2538 2057 2593 enim

473 2634 609 2690 lilios
637 2634 729 2688 Dei
754 2633 920 2705 gratia
947 2621 1093 2696 fecit,
1125 2631 1273 2687 illum
1297 2639 1504 2698 natura,
1536 2632 1657 2702 quia
1681 2632 1748 2685 ita
1776 2639 1928 2686 natus
1950 2639 2052 2685 est.

471 2728 536 2783 Et
555 2743 659 2783 non
675 2735 760 2783 est
775 2736 832 2782 ut
847 2725 1013 2794 dicas,
1031 2723 1145 2779 Non
1161 2733 1276 2780 erat
1290 2727 1571 2795 antequam
1590 2733 1744 2778 natus
1758 2731 1872 2778 erat
1890 2739 1903 2776 :
1920 2738 2058 2777 nun—

470 2834 630 2890 quam
659 2817 801 2875 enim
825 2832 932 2873 non
959 2824 1115 2872 natus
1159 2825 1295 2884 erat,
1321 2817 1412 2886 qui
1438 2815 1579 2871 Patri
1600 2823 1896 2872 coaeternus
1919 2823 2053 2870 erat.

470 2910 570 2978 Qui
588 2910 726 2981 sapit
739 2909 930 2980 capiat;
949 2906 1038 2979 qui
1055 2921 1159 2963 non
1182 2906 1324 2977 capit
1339 2905 1566 2974 credat‘,
1585 2906 1872 2972 nutriatur,
1901 2914 1954 2962 et
1967 2921 2056 2962 ca-

469 3002 595 3071 piet.
614 3000 843 3058 Verbum
858 2999 947 3055 Dei
961 3013 1170 3070 semper
1180 3013 1300 3054 cum
1315 2997 1485 3063 Patre,
1502 3007 1776 3069 etsemper
1785 2996 2017 3052 Verbum
2037 3013 2051 3051 :

469 3107 525 3152 et
564 3095 685 3167 quia
716 3095 946 3151 Verbum
966 3135 984 3162 ,
1013 3093 1134 3151 ideo
1161 3092 1348 3148 Filius.
1378 3092 1604 3164 Semper
1631 3107 1757 3163 ergo
1771 3091 1957 3157 Filius,
2001 3100 2058 3147 et

471 3202 685 3257 semper
711 3186 952 3257 :equalis.
986 3184 1101 3240 Non
1132 3185 1275 3241 enim
1304 3183 1618 3252 crescendo,
1662 3183 1757 3239 sed
1786 3183 2054 3238 nascendo

470 3275 690 3348 aequalis
715 3284 817 3343 est,
841 3275 932 3347 qui
960 3290 1175 3346 semper
1198 3284 1354 3330 natus
1378 3283 1459 3332 est
1485 3274 1553 3330 de
1583 3274 1737 3329 Patre
1767 3273 1956 3342 Filius,
1984 3275 2052 3331 de

467 3369 580 3425 Deo
606 3369 766 3434 Deus,
793 3368 862 3423 de
888 3376 1088 3423 aeterno
1117 3375 1435 3422 coaeternus.
1466 3367 1622 3423 Pater
1650 3376 1826 3421 autem
1857 3382 1962 3422 non
1985 3367 2052 3424 de

467 3459 606 3516 Filio
639 3459 780 3516 Deus
814 3476 827 3512 :
860 3457 1029 3513 Filius
1067 3457 1134 3513 de
1177 3457 1335 3512 Patre
1378 3458 1547 3522 Deus;
1577 3456 1700 3512 ideo
1735 3457 1891 3512 Pater
1916 3457 2053 3514 Filio

467 3550 730 3624 gignendo
775 3548 922 3605 dedit
951 3558 1008 3604 ut
1035 3549 1176 3604 Deus
1204 3556 1367 3616 esset,
1394 3547 1657 3619 gignendo
1681 3547 1827 3604 dedit
1864 3558 1919 3604 ut
1952 3549 2053 3605 sibi

469 3650 768 3698 coazteruus
788 3649 952 3708 esset,
975 3639 1241 3712 gignendo
1266 3639 1413 3695 dedit
1435 3647 1492 3695 ut
1511 3640 1731 3711 aequalis
1757 3651 1916 3697 esset.
1940 3641 2054 3698 Hoc

469 3741 553 3788 est
571 3731 713 3802 quod
738 3730 911 3801 majus
945 3741 1028 3787 est
1058 3731 1323 3787 omnibus.
1354 3731 1632 3801 Quomodo
1657 3733 1760 3788 vita
1787 3733 1972 3801 Filius,
1999 3742 2052 3789 et

470 3824 672 3880 habens
699 3825 860 3878 vitam
905 3822 1108 3879 Filius?
1143 3823 1294 3891 Quod
1331 3824 1490 3880 habet
1519 3825 1622 3882 hoc
1660 3835 1742 3882 est
1775 3845 1787 3881 :
1818 3836 1873 3882 tu
1908 3827 2051 3883 aliud

469 3929 550 3982 es,
599 3913 742 3970 aliud
795 3913 977 3971 habes.
1035 3914 1194 3970 Verbi
1244 3917 1433 3986 gratia,
1481 3915 1646 3973 habes
1699 3917 2049 3988 sapientiam;

468 4005 726 4078 numquid
754 4014 812 4061 tu
838 4020 896 4062 es
921 4006 1034 4078 ipsa
1054 4007 1347 4076 sapientia?
1373 4007 1608 4080 Denique
1634 4010 1754 4081 quia
1783 4026 1888 4065 non
1917 4026 1975 4066 es
1997 4021 2052 4066 tu

468 4099 583 4171 ipse
602 4096 744 4170 quod
771 4096 956 4160 habes.
976 4097 1020 4152 si
1037 4098 1280 4154 amiseris
1297 4099 1437 4170 quod
1459 4099 1642 4168 habes,
1667 4102 1809 4158 redis
1833 4104 1853 4134 ’
1876 4111 1928 4158 ut
1945 4119 2052 4158 non

463 4191 667 4249 habeas
704 4208 719 4247 :
763 4200 819 4248 ct
870 4191 1156 4263 aliquando
1195 4193 1456 4259 resumis,
1503 4195 1788 4265 aliquando
1828 4197 2047 4251 amittis.

468 4285 751 4358 Quomodo
776 4285 962 4342 oculus
978 4294 1162 4342 noster
1187 4302 1292 4343 non
1313 4287 1368 4342 in
1393 4288 1571 4360 seipso
1597 4287 1758 4345 habet
1782 4291 2050 4361 insepara-

466 4379 649 4436 biliter
673 4379 878 4444 lucem;
910 4380 1146 4449 aperitur
1179 4386 1232 4433 et
1257 4378 1418 4450 capit,
1452 4379 1714 4436 clauditur
1741 4389 1793 4436 et
1835 4382 2046 4437 amittit.

465 4471 584 4528 Non
612 4471 689 4526 sic
718 4479 802 4526 est
832 4470 974 4526 Deus
1001 4469 1094 4524 Dei
1122 4468 1309 4536 Filius,
1348 4485 1453 4526 non
1475 4471 1552 4526 sic
1579 4482 1660 4527 est
1687 4473 1919 4529 Verbum
1946 4475 2049 4530 Pa-

473 4566 573 4624 tris
603 4581 618 4621 :
645 4577 753 4620 non
777 4565 856 4620 sic
882 4572 966 4619 est
998 4553 1230 4620 Verbum
1256 4565 1396 4634 quod
1427 4581 1532 4620 non
1559 4567 1799 4623 sonando
1839 4569 2046 4636 transit,

477 4658 572 4716 sed
598 4656 865 4715 nascendo
887 4665 1084 4712 manet.
1112 4656 1201 4713 Sic
1219 4656 1382 4714 habet
1405 4659 1742 4729 sapientiam,
1771 4671 1828 4717 ut
1849 4663 1961 4734 ipse
1982 4663 2051 4718 sit

472 4747 754 4819 sapientia,
787 4746 1048 4818 faciatque
1071 4745 1371 4818 sapientes;
1405 4749 1482 4805 sic
1507 4750 1666 4807 habet
1698 4751 1881 4820 vitam,
1910 4759 1968 4808 ut
1983 4755 2052 4810 sit

472 4841 589 4914 ipse
617 4839 745 4906 vita,
773 4838 1035 4911 iaciatque
1061 4839 1322 4896 viventes.
1352 4841 1464 4897 Hoc
1500 4851 1582 4898 est
1609 4844 1748 4915 quod
1775 4847 1945 4918 majus
1968 4855 2052 4904 est

467 4932 738 4989 omnibus.
764 4931 1008 4990 Attendit
1031 4931 1265 4990 Joannes
1295 4933 1408 5005 ipse
1433 4937 1753 5008 evangelista
1776 4940 1968 4997 caelum
1995 4951 2052 4999 et

467 5037 693 5097 terram,
720 5029 906 5086 volens
929 5028 1108 5086 dicere
1135 5028 1203 5084 de
1232 5027 1368 5086 Filio
1392 5029 1520 5097 Dei;
1549 5032 1792 5100 attendit,
1821 5044 1876 5090 et
1901 5045 2046 5092 tran-

469 5120 698 5178 scendit.
737 5120 1000 5192 Cogitavit
1037 5137 1195 5194 supra
1221 5122 1416 5178 ccelum
1445 5122 1605 5179 millia
1635 5127 1899 5183 exercitus
1932 5130 2046 5183 An-

467 5215 734 5286 gelorum,
775 5213 1023 5284 cogitavit
1067 5222 1122 5270 et
1161 5215 1489 5272 transcendit
1535 5218 1858 5287 universam,
1914 5221 2051 5278 sicut

469 5303 648 5376 aquila
689 5303 877 5370 nubes,
909 5304 986 5359 sic
1021 5319 1114 5359 sua
1141 5317 1320 5364 mente
1348 5318 1647 5365 creaturam
1680 5329 1694 5367 :
1721 5313 2049 5370 transcendit

468 5413 661 5468 magna
689 5396 888 5464 omnia,
928 5397 1170 5467 pervenit
1194 5397 1262 5453 ad
1291 5398 1416 5454 illud
1447 5400 1588 5471 quod
1624 5402 1794 5474 majus
1818 5412 1900 5460 est
1928 5419 2048 5461 om-

469 5492 657 5557 nibus;
690 5499 744 5546 et
780 5490 932 5558 dixit,
960 5488 1028 5545 1η
1046 5491 1292 5564 principio
1321 5502 1426 5547 erat
1462 5494 1674 5551 Verbum
1695 5494 1872 5570 (Joan.
1909 5498 2047 5572 1,1).

467 5580 575 5638 Sed
604 5582 726 5654 quia
772 5581 863 5638 ille
891 5582 1042 5654 cujus
1082 5592 1162 5639 est
1190 5582 1426 5641 Verbum
1465 5603 1571 5644 non
1617 5599 1698 5644 est
1739 5589 1806 5645 de
1847 5590 2044 5660 Verbo,

467 5673 707 5732 Verbum
737 5685 915 5733 autem
939 5677 1006 5732 de
1027 5677 1118 5733 illo
1138 5685 1221 5734 est
1243 5678 1394 5749 cujus
1423 5687 1505 5735 est
1517 5678 1782 5747 Verbum;
1811 5682 1932 5739 ideo
1949 5684 2043 5755 ait,

576 5815 753 5856 omnes
774 5815 900 5868 Mss,
994 5807 1007 5820 '
1026 5821 1119 5860 non
1140 5809 1265 5872 sopit
1287 5811 1470 5862 credat.

576 5867 646 5917 sic
665 5872 771 5920 Mss.
795 5877 851 5922 At
1040 5869 1222 5922 reddis.

539 5867 560 5900 ²
574 5867 646 5917 sic
665 5872 771 5920 uss.
785 5877 851 5935 ,Αι
881 5867 1016 5934 editi,
1040 5867 1222 5927 reddis.

1410 414 1476 471 ΙΝ
1513 413 1788 472 JOANNIS
1826 401 2291 478 EVANGELIUM,
2332 412 2388 468 S.
2431 406 2792 474 AUGUSTIN!
3594 430 3708 491 nu

2180 524 2328 592 Quod
2347 528 2481 582 dedit
2510 530 2633 583 milii
2655 529 2830 598 Pater,
2859 529 2911 586 id
2936 541 3037 596 est,
3068 543 3125 602 ut
3150 533 3251 589 sim
3281 533 3505 595 Verbum
3523 542 3641 612 ejus,
3661 556 3710 606 ut

2177 620 2275 675 sim
2307 621 2606 692 unigenitus
2621 621 2786 676 Filius
2810 622 2946 691 ejus,
2965 632 3026 678 ut
3045 625 3142 680 sim
3165 627 3420 696 splendor
3445 630 3567 688 lucis
3590 637 3703 708 ejus,

2174 713 2339 780 maius
2382 721 2453 767 est
2505 712 2750 768 omnibus.
2805 713 2949 782 Ideo,
2985 713 3150 770 Nemo
3194 719 3349 789 rapit,
3397 719 3575 793 inquit,
3617 743 3706 786 om

2175 821 2310 859 meas
2347 809 2409 859 de
2437 821 2590 860 manu
2617 823 2745 861 mea.
2778 805 2942 862 Nemo
2972 817 3129 879 potest
3161 828 3341 881 rapere
3367 812 3430 869 de
3458 832 3597 872 manu
3624 819 3708 874 Pa-

2177 898 2265 952 tris
2287 898 2402 952 mei.

2249 985 2300 1038 7.
2344 985 2423 1040 De
2451 1003 2604 1042 manu
2634 1007 2763 1056 mea,
2793 1000 2846 1046 et
2869 993 2932 1046 de
2970 1010 3122 1048 manu
3151 993 3330 1052 Patris
3354 999 3450 1054 mei
3473 1016 3492 1054 .'
3513 1002 3620 1072 quid
3645 1016 3709 1062 est

2175 1075 2297 1143 hoc,
2352 1075 2517 1133 Nemo
2561 1080 2694 1150 rapit
2744 1083 2806 1135 de
2856 1100 3011 1138 manu
3059 1102 3188 1151 mea,
3241 1096 3316 1155 et,
3347 1087 3506 1145 Nemo
3527 1095 3642 1164 rapit
3662 1097 3711 1152 de

2175 1185 2327 1221 manu
2350 1167 2523 1225 Patris
2548 1173 2644 1225 mei
2659 1174 2684 1226 .9
2705 1172 2891 1229 Utrum
2913 1192 3013 1231 una
3034 1193 3223 1234 manus
3243 1189 3326 1235 est
3347 1181 3512 1237 Patris
3531 1194 3579 1240 et
3596 1185 3706 1254 Filii,

2173 1273 2239 1313 an
2268 1259 2402 1316 forte
2439 1261 2550 1330 ipse
2577 1261 2742 1319 Filius
2771 1280 2959 1322 manus
2985 1277 3067 1323 est
3098 1269 3275 1325 Patris
3317 1272 3432 1326 sui?
3458 1272 3510 1329 Si
3531 1291 3708 1335 manum

2175 1349 2530 1422 intelligamus
2559 1363 2892 1423 potestatem,
2921 1374 3025 1414 una
3057 1370 3140 1415 est
3168 1361 3345 1418 Patris
3371 1373 3426 1419 et
3449 1363 3559 1422 Filii
3585 1381 3708 1438 pote-

2173 1449 2316 1507 stas;
2342 1443 2463 1513 quia
2485 1461 2585 1500 una
2606 1453 2688 1500 est
2707 1446 2955 1505 divinitas
2985 1470 2998 1505 :
3026 1451 3069 1506 si
3099 1462 3279 1508 autem
3309 1471 3518 1512 manum
3549 1460 3708 1519 intelli-

2171 1548 2377 1602 gamus,
2408 1537 2542 1591 sicut
2568 1537 2768 1593 dictum
2797 1550 2879 1596 est
2910 1537 3003 1611 per
3027 1545 3367 1615 prophetam,
3399 1547 3465 1602 Et
3486 1550 3710 1610 brachium

2173 1625 2386 1682 Domini
2401 1631 2484 1683 cui
2505 1632 2773 1686 revelatum
2789 1644 2858 1690 est
2875 1634 2925 1705 (1
2932 1654 3126 1702 summ,
3148 1641 3168 1693 l
3185 1640 3230 1709 )?
3249 1656 3438 1698 manus
3453 1644 3606 1702 Patris
3619 1648 3708 1720 ipse

2172 1730 2255 1774 est
2284 1721 2471 1777 Filius.
2493 1722 2643 1791 Quod
2667 1741 2772 1780 non
2796 1727 2864 1781 ita
2886 1728 3085 1784 dictum
3107 1741 3208 1798 est,
3231 1741 3476 1805 tanquam
3493 1738 3616 1796 Deus
3632 1741 3706 1797 ba-

2173 1811 2295 1865 beat
2317 1810 2597 1868 humanam
2627 1815 2871 1883 formam,
2889 1828 2942 1874 et
2958 1821 3109 1891 quasi
3126 1825 3370 1894 corporis
3383 1830 3620 1898 membra;
3634 1834 3706 1890 sed

2170 1903 2311 1972 quod
2342 1919 2437 1974 per
2461 1904 2635 1975 ipsum
2668 1908 2805 1964 facta
2831 1921 2955 1966 sunt
2986 1914 3183 1970 omnia.
3216 1916 3350 1975 Nam
3380 1921 3606 1979 solentct
3628 1923 3705 1981 ho-

2170 1994 2539 2052 mines'ﬂicere
2559 2013 2747 2054 manus
2772 2014 2896 2057 snas
2919 2018 3038 2060 esse
3058 2007 3194 2062 alios
3215 2007 3480 2078 homines,
3500 2030 3587 2084 per
3601 2031 3706 2086 quos

2170 2086 2366 2143 faciunt
2392 2089 2534 2160 quod
2559 2092 2759 2150 volunt.
2788 2095 3084 2166 Aliquando
3112 2107 3167 2154 et
3210 2101 3385 2172 ipsum
3412 2120 3540 2176 opus
3560 2106 3702 2163 homi-

2169 2181 2270 2244 nis,
2296 2197 2482 2238 manus
2504 2183 2735 2241 hominis
2759 2186 2952 2242 dicitur
2975 2190 3117 2259 quod
3139 2191 3201 2246 ﬁt
3223 2209 3319 2262 per
3335 2211 3542 2251 manum
3567 2198 3706 2254 :sicut

2169 2271 2364 2328 dicitur
2389 2275 2614 2346 quisque
2637 2292 2928 2350 agnoscere
2948 2297 3163 2339 manum
3196 2301 3373 2355 suam,
3393 2305 3508 2346 cum
3529 2290 3577 2347 id
3595 2291 3704 2362 quod

2169 2366 2380 2435 scripsit
2406 2370 2663 2436 agnoscit.
2707 2371 2839 2426 Cum
2883 2388 3010 2445 ergo
3036 2376 3220 2432 multis
3269 2379 3443 2435 modis
3468 2381 3611 2437 etiam
3632 2380 3707 2438 bo-

2168 2458 2326 2512 minis
2355 2457 2560 2514 dicatur
2580 2477 2789 2526 manus,
2812 2465 2900 2534 qui
2929 2468 3140 2537 proprie
3165 2485 3388 2526 manum
3413 2471 3561 2528 habet
3578 2473 3622 2528 in
3639 2473 3702 2529 sui

2168 2549 2406 2618 corporis
2432 2550 2714 2618 membris;
2756 2565 2952 2624 quanto
2979 2557 3146 2629 magis
3191 2576 3300 2616 non
3343 2577 3449 2617 uno
3472 2562 3614 2618 modo
3637 2563 3702 2618 in-

2170 2639 2507 2710 telligendum
2538 2653 2621 2698 est
2661 2659 2782 2699 cum
2829 2646 3020 2717 legitur
3064 2665 3259 2706 manus
3305 2653 3416 2720 Dei,
3445 2654 3524 2710 cui
3569 2654 3703 2709 forma

2166 2732 2409 2800 corporis
2430 2733 2571 2789 nulla
2589 2737 2702 2790 est?
2725 2736 2801 2791 Ac
2823 2753 2917 2808 per
2937 2739 3038 2794 hoc
3059 2741 3256 2799 melius
3277 2742 3380 2799 hoc
3396 2745 3506 2800 loco
3529 2760 3702 2800 manum

2167 2822 2338 2879 Patris
2362 2834 2417 2882 et
2453 2826 2570 2882 Filii
2598 2829 2938 2900 intelligimus
2973 2843 3298 2902 potestatem
3324 2835 3488 2892 Patris
3510 2846 3558 2893 et
3579 2837 3698 2901 Filii;

2167 2929 2233 2968 ne
2256 2914 2391 2970 forte
2421 2931 2541 2971 cum
2570 2917 2656 2973 hic
2681 2935 2892 2975 manum
2925 2922 3100 2979 Patris
3127 2923 3305 2994 ipsum
3336 2925 3521 2982 Filium
3541 2927 3700 2982 dictum

2165 3007 2547 3076 acceperimus,
2592 3010 2807 3082 incipiat
2831 3013 3060 3069 carnalis
3095 3017 3354 3086 cogitatio
3390 3018 3538 3074 etiam
3568 3018 3699 3089 ipsius

2167 3095 2285 3151 Filii
2327 3115 2568 3169 quaerere
2605 3100 2820 3171 Filium,
2861 3120 3021 3175 quem
3051 3107 3303 3165 similiter
3344 3109 3518 3165 credat
3539 3107 3697 3164 Christi

2164 3206 2400 3249 manum.
2439 3192 2610 3266 Ergo,
2644 3194 2810 3250 Nemo
2839 3199 2974 3267 rapit
3002 3198 3064 3252 de
3085 3216 3246 3255 manu
3275 3200 3447 3259 Patris
3477 3203 3596 3267 mei;
3622 3200 3699 3256 hoc

2164 3295 2265 3354 est,
2288 3286 2456 3342 Nemo
2478 3289 2613 3359 rapit
2636 3289 2783 3344 mihi.

2239 3384 2294 3436 8.
2322 3381 2425 3437 Sed
2458 3398 2525 3438 ne
2555 3383 2692 3440 forte
2717 3384 2892 3442 adhuc
2918 3387 3134 3456 titubes,
3162 3390 3290 3447 audi
3318 3390 3440 3462 quid
3464 3389 3696 3461 sequitur:

2164 3471 2275 3544 Ego
2303 3482 2351 3527 et
2377 3471 2536 3528 Pater
2561 3492 2715 3528 unum
2754 3494 2944 3533 sumus.
2981 3479 3092 3535 lluc
3121 3496 3295 3552 usque
3321 3482 3485 3538 Judtei
3512 3481 3699 3536 tolerare

2164 3573 2490 3633 potuerunt:
2519 3564 2821 3633 audierunt,
2851 3567 2963 3638 Ego
3003 3579 3050 3624 et
3097 3569 3258 3626 Pater
3298 3589 3446 3627 unum
3469 3586 3637 3637 sumus,
3659 3575 3698 3624 et

2163 3669 2270 3709 non
2294 3656 2656 3725 pertulerunt;
2686 3668 2740 3713 et
2765 3674 2911 3714 more
2941 3675 3038 3714 suo
3063 3661 3208 3729 duri,
3238 3663 3305 3719 ad
3333 3663 3525 3734 lapides
3543 3675 3696 3717 cucur-

2161 3756 2364 3801 rerunt.
2394 3745 2640 3802 Tulerunt
2667 3750 2883 3820 lapides,
2913 3759 2966 3804 ut
3005 3751 3297 3822 tapidarent
3317 3771 3448 3809 eum.
3485 3750 3695 3807 Dominus

2161 3838 2283 3908 quia
2331 3853 2435 3893 non
2479 3841 2774 3910 patiebatur
2812 3843 2953 3913 quod
2995 3845 3212 3900 nolebat
3259 3847 3386 3918 pati,
3416 3856 3466 3903 et
3509 3860 3598 3900 non
3631 3848 3695 3898 est

2162 3944 2348 3998 passus
2384 3929 2484 3984 uisi
2521 3931 2663 4001 quod
2691 3933 2859 3988 voluit
2888 3935 3014 4004 pati,
3042 3934 3219 3992 adhuc
3247 3953 3340 3994 eos
3379 3936 3590 4010 lapidare
3618 3948 3694 3986 cu-

2164 4022 2370 4090 pientes
2398 4022 2704 4093 alloquitur.
2749 4043 2767 4075 ι
2813 4026 3156 4082 Sustulerunt
3204 4029 3408 4102 lapides
3449 4027 3615 4093 JUdJL‘l,
3647 4031 3692 4079 ut

2163 4113 2457 4184 lapidareut
2502 4115 2667 4171 illum.
2708 4117 3002 4190 Respondit
3040 4120 3118 4176 eis
3159 4121 3320 4179 Jesus
3358 4142 3372 4179 :
3410 4122 3554 4178 Multa
3581 4119 3691 4175 bona

2160 4220 2321 4275 opera
2372 4206 2580 4263 ostendi
2637 4207 2787 4264 vobis
2831 4224 2894 4266 ex
2940 4210 3098 4267 Patre
3143 4228 3297 4279 meo,
3339 4223 3544 4284 propter
3577 4205 3688 4281 quod

2161 4313 2345 4354 eorum
2385 4314 2521 4370 opus
2567 4316 2654 4357 me
2690 4301 2970 4372 lapidatis?
3004 4303 3073 4359 Et
3097 4303 3173 4360 illi
3201 4304 3605 4377 responderunt:
3630 4299 3690 4353 De

2155 4390 2299 4446 bono
2327 4407 2488 4461 opere
2527 4409 2634 4448 non
2665 4393 2960 4464 lapidamus
2987 4404 3058 4460 te,
3093 4395 3190 4452 sed
3217 4397 3285 4452 de
3308 4393 3623 4468 blasphemia,
3645 4394 3688 4443 et

2159 4484 2278 4555 quia
2305 4492 2358 4539 tu
2381 4485 2541 4541 homo
2569 4501 2688 4541 cum
2710 4485 2804 4549 sis,
2828 4484 2960 4542 facis
2987 4488 3213 4558 teipsum
3231 4489 3415 4546 Deum.
3445 4506 3463 4540 ι
3487 4485 3560 4543 Ad
3586 4478 3684 4538 illud

2158 4573 2260 4630 hoc
2288 4577 2676 4646 responderunt
2704 4576 2845 4649 quod
2885 4577 3110 4646 dixerat,
3150 4578 3266 4651 Ego
3303 4590 3348 4635 et
3375 4578 3526 4634 Pater
3562 4585 3686 4629 unum

2159 4686 2350 4724 sumus.
2372 4670 2508 4724 Ecce
2536 4669 2704 4725 Judaei
2737 4669 3116 4727 intellexerunt
3133 4672 3275 4743 quod
3303 4687 3409 4729 non
3434 4666 3686 4736 intelligunt

2157 4761 2362 4817 Ariani.
2388 4760 2514 4816 ldeo
2544 4761 2686 4815 enim
2722 4760 2841 4816 irati
2868 4771 3011 4828 sunt,
3041 4762 3293 4834 quoniam
3321 4767 3580 4819 senserunt
3599 4767 3682 4810 non

2160 4869 2316 4926 posse
2339 4853 2466 4921 dici,
2497 4853 2610 4925 Ego
2643 4862 2688 4907 et
2717 4853 2874 4909 Pater
2902 4871 3058 4911 unum
3079 4873 3274 4926 sumus,
3307 4855 3406 4913 nisi
3433 4853 3516 4911 ubi
3535 4861 3682 4920 aqua.

2157 4947 2278 5004 litas
2301 4956 2382 5004 est
2401 4947 2573 5003 Patris
2597 4955 2650 5003 et
2673 4947 2815 5003 Filii.

2225 5039 2280 5096 9.
2322 5039 2578 5095 Dominus
2606 5048 2782 5095 autem
2821 5040 2999 5099 videte
3032 5043 3162 5114 quid
3187 5041 3508 5114 reaponderit
3528 5034 3676 5093 tardis.

2156 5133 2302 5189 Vidit
2325 5149 2419 5190 eos
2445 5148 2550 5190 non
2580 5133 2720 5191 l‘erre
2739 5135 3076 5206 splendorem
3096 5137 3352 5204 veritatis,
3369 5142 3420 5191 et
3440 5146 3548 5190 eum
3567 5138 3677 5183 temo

2155 5226 2362 5299 perarit
2390 5226 2443 5281 in
2461 5227 2655 5284 verbis.
2685 5226 2872 5283 Nonne
2889 5229 3129 5300 scriptum
3155 5240 3225 5285 est
3245 5229 3299 5283 in
3314 5228 3439 5298 Lege
3454 5233 3610 5286 uestra,
3635 5213 3676 5270 id

2155 5327 2260 5386 est,
2288 5318 2440 5374 vobis
2453 5319 2597 5386 data,
2626 5321 2744 5388 quia
2771 5337 2862 5392 ego
2885 5321 3014 5387 dixi,
3029 5319 3114 5374 Dii
3144 5321 3256 5376 estis
3272 5321 3298 5374 .9
3313 5320 3444 5374 Deus
3469 5313 3576 5370 dicit
3601 5320 3676 5379 per

2154 5410 2470 5482 Prophetam
2499 5411 2552 5466 in
2580 5411 2792 5467 Psalmo
2821 5410 3124 5468 hominibus
3153 5429 3168 5466 :
3197 5410 3308 5482 Ego
3346 5407 3465 5474 dixi,
3486 5401 3569 5458 Dii
3584 5394 3676 5453 estis

2159 5504 2328 5579 (Psat.
2349 5519 2526 5571 1.1m,
2549 5505 2627 5578 6).
2649 5505 2716 5560 Et
2732 5505 2925 5576 Legem
2942 5502 3476 5577 appellavitDominus
3487 5501 3672 5568 genera-

2155 5599 2274 5658 liter
2299 5615 2485 5656 omnes
2507 5599 2622 5655 illas
2651 5597 2991 5669 Scripturas:
3024 5597 3261 5671 quamvis
3279 5594 3397 5652 alibi
3419 5582 3670 5662 specialiter

2155 5692 2295 5748 dicat
2315 5692 2532 5763 Legem,
2559 5707 2588 5746 a
2613 5690 2894 5762 Prophetis
2914 5707 3032 5748 eam
3059 5692 3404 5762 distinguens;
3432 5677 3568 5740 sicuti
3582 5679 3663 5733 εδει

2155 5783 2262 5838 Lex
2278 5793 2324 5838 et
2343 5783 2612 5855 Propheta:
2635 5800 2790 5855 usque
2815 5784 2886 5839 ad
2905 5781 3155 5839 Joannem
3178 5781 3322 5855 (Luc.
3355 5791 3458 5841 xw,
3481 5768 3583 5840 l6);
3607 5772 3665 5825 ει.

2154 5876 2221 5936 ιη
2247 5877 2324 5935 his
2366 5877 2555 5938 duobus
2595 5879 2856 5951 prteceptis
2891 5887 2995 5938 tota
3015 5876 3122 5938 Lex
3165 5873 3336 5952 pendet
3359 5878 3402 5930 et
3439 5858 3667 5936 ΡτορΙιαω
