3926 6370
64 1696 73 1779 i

272 373 402 433 i745
1364 362 1774 423 TRACTATUS
1811 362 2000 421 XLIX.
2041 363 2271 422 CAPUT
2313 362 2405 421 XI.

273 487 482 563 (latus.
513 501 645 554 nu,
684 485 797 558 ιο).
830 481 1131 559 Aliquando
1163 480 1428 539 autem'in
1457 481 1555 537 tria
1583 479 1854 571 distribuit

270 582 481 641 easdem
514 581 819 654 Scripturas
835 621 853 649 ,
882 579 974 636 ubi
998 580 1072 635 ait
1105 596 1119 634 :
1153 575 1431 649 Oportebat
1457 575 1658 648 impleri
1685 574 1856 630 omnia

272 694 381 751 quae
393 678 589 749 scripta
608 684 725 733 sunt
744 675 797 730 in
812 672 966 747 Lege,
983 681 1031 727 et
1052 669 1324 743 Prophetis
1338 713 1356 738 ,
1374 679 1420 726 et
1438 667 1660 724 Psalmis
1684 668 1748 723 de
1776 683 1854 722 me

275 765 415 841 (Luc.
444 781 595 834 sxtv,
619 764 735 837 Li).
770 763 925 820 Nune
960 775 1091 819 vero
1114 760 1356 817 Psalmos
1374 760 1536 817 etiam
1562 758 1719 831 Legis
1748 772 1850 813 nou

274 860 412 916 mine
439 856 787 929 nuncupavit,
837 854 927 911 ubi
953 853 1213 925 scriptum
1259 860 1342 908 est
1393 869 1408 907 :
1447 850 1559 922 Ego
1607 850 1737 916 dixi,
1772 847 1855 903 Dii

284 952 411 1008 estis.
438 950 503 1006 Si
523 951 643 1006 illos
679 948 808 1004 dixit
848 948 969 1003 deos
991 945 1059 1000 ad
1081 961 1209 1017 quos
1231 960 1394 999 sermo
1436 942 1530 999 Dei
1554 943 1717 1013 [actus
1752 949 1848 1007 est,

279 1052 432 1097 etnon
461 1048 622 1112 potest
651 1038 780 1093 solvi
804 1036 1074 1110 Scriptura
1102 1051 1123 1091 :
1150 1051 1299 1106 quem
1325 1032 1487 1089 Pater
1512 1049 1570 1090 sa
1581 1032 1852 1103 nctiﬁcavit

279 1142 322 1189 et
340 1131 467 1188 Inicit
494 1136 550 1186 in
574 1128 840 1194 mundum,
870 1144 956 1183 vos
975 1127 1160 1195 dicitis,
1192 1125 1326 1192 Quia
1344 1124 1700 1198 blasphemas;
1723 1124 1843 1196 quia

283 1225 397 1287 dixi,
428 1220 594 1278 Filius
622 1219 721 1275 Dei
768 1220 922 1276 sum?
942 1218 998 1277 Si
1032 1232 1210 1275 sermo
1244 1217 1340 1274 Dei
1376 1216 1546 1273 factus
1578 1224 1661 1272 est
1673 1214 1741 1272 ad
1757 1214 1865 1271 ho—'

284 1316 439 1373 mines
462 1322 520 1369 ut
543 1311 850 1369 dicerentur
886 1310 985 1378 dii,
1011 1310 1185 1382 ipsum
1217 1307 1451 1365 Verbum
1473 1307 1568 1365 Dei
1594 1307 1735 1379 quod
1770 1316 1855 1365 est

285 1408 407 1481 apud
424 1407 608 1472 Deum,
630 1402 900 1476 quomodo
923 1417 1033 1459 non
1054 1410 1139 1458 est
1158 1401 1335 1457 Deus?
1350 1398 1407 1456 Si
1431 1415 1525 1471 per
1546 1413 1851 1455 sermonem

286 1501 368 1558 Dei
394 1502 519 1557 ﬁunt
545 1497 794 1555 homines
831 1496 926 1562 dii,
955 1497 1003 1553 si
1029 1493 1394 1566 participando
1423 1492 1554 1548 ﬁunt
1582 1491 1678 1559 dii,
1710 1490 1851 1548 unde

286 1592 583 1665 participant
618 1604 727 1646 non
758 1596 843 1646 est
887 1587 1070 1644 Deus?
1112 1586 1170 1644 Si
1198 1586 1399 1643 lumina
1445 1585 1740 1641 illuminata
1768 1584 1844 1640 dii

285 1692 413 1751 sunt,
439 1683 610 1739 lumen
650 1680 797 1753 quod
838 1679 1104 1737 illuminat
1141 1692 1249 1735 non
1278 1686 1363 1735 est
1389 1676 1568 1733 Deus?
1606 1674 1663 1732 Si
1702 1675 1849 1732 cale-

284 1776 392 1833 facti
416 1773 808 1849 quodammodo
845 1773 969 1845 igne
995 1772 1215 1828 salutari
1241 1771 1314 1828 dii
1353 1769 1679 1836 efﬁciuntur,
1709 1767 1849 1825 unde

282 1866 512 1923 caleﬁunt
536 1880 645 1923 non
673 1873 759 1922 est
786 1865 964 1922 Deus?
992 1862 1220 1920 Accedis
1244 1861 1314 1918 ad
1355 1862 1535 1917 lumen
1560 1869 1615 1916 et
1647 1860 1849 1917 illumi-

282 1960 433 2027 naris,
462 1968 515 2016 et
546 1952 689 2015 inter
722 1957 862 2014 ﬁlios
899 1956 996 2014 Dei
1034 1956 1363 2021 numeraris;
1393 1954 1438 2011 si
1467 1954 1675 2010 recedis
1706 1969 1737 2010 a
1761 1954 1848 2009 lu-

282 2053 431 2120 mine,
451 2052 772 2118 obscuraris,
819 2059 874 2106 et
920 2050 974 2106 in
1019 2048 1260 2106 tenebris
1289 2048 1616 2118 eomputaris
1658 2065 1673 2102 :
1716 2045 1847 2102 illud

281 2153 441 2201 tamen
466 2144 644 2200 lumen
666 2156 765 2199 nec
788 2140 995 2199 accedit
1011 2139 1081 2197 ad
1104 2155 1183 2206 se,
1207 2140 1332 2213 quia
1356 2154 1461 2195 non
1486 2138 1687 2194 recedit
1712 2152 1744 2193 a
1764 2154 1844 2194 se.

276 2234 328 2293 Si
351 2251 471 2308 ergo
498 2250 597 2292 vos
620 2233 753 2292 deos
791 2234 917 2291 facit
942 2248 1121 2291 sermo
1161 2232 1278 2298 Dei,
1317 2229 1588 2302 quomodo
1614 2246 1723 2286 non
1763 2237 1846 2287 est

272 2327 407 2385 Deus
444 2328 679 2386 Verbum
707 2329 839 2386 Dei?
883 2328 1044 2384 Pater
1073 2341 1203 2399 ergo
1252 2325 1602 2382 sanetiﬁcavit
1649 2324 1847 2382 Filium

268 2436 435 2487 suum,
464 2430 518 2477 et
562 2420 708 2477 misit
747 2420 800 2476 in
847 2418 1129 2476 mundum.
1174 2419 1335 2475 Forte
1361 2417 1551 2491 aliquis
1585 2418 1728 2475 dicat
1751 2435 1764 2471 :
1787 2416 1846 2476 Si

265 2511 418 2569 Pater
434 2527 556 2568 eum
585 2510 957 2578 sanctiﬁcavit,
988 2525 1118 2583 ergo
1146 2508 1431 2581 aliquando
1456 2525 1561 2565 non
1585 2519 1701 2566 erat
1719 2524 1847 2566 san-

263 2606 416 2663 ctus?
463 2605 554 2663 Sic
600 2604 973 2670 sanctiﬁcavit,
1028 2603 1299 2676 quomodo
1342 2603 1547 2675 genuit.
1580 2603 1651 2660 Ut
1699 2603 1842 2659 enim

261 2706 471 2754 sanctus
495 2705 660 2765 esset,
702 2696 968 2770 gignendo
994 2695 1046 2752 ei
1084 2694 1249 2762 dedit,
1291 2695 1416 2766 quia
1450 2703 1693 2751 sanctum
1720 2710 1843 2752 eum

255 2794 455 2863 genuit.
509 2790 645 2847 Nam
692 2790 739 2846 si
784 2790 928 2862 quod
976 2789 1364 2853 sanctiﬁcatur,
1406 2797 1531 2845 ante
1575 2803 1683 2844 non
1729 2796 1845 2844 erat

254 2894 534 2950 sanctum;
576 2881 848 2956 quomodo
875 2880 1105 2938 dicimus
1145 2880 1259 2938 Deo
1294 2880 1459 2947 Patri,
1486 2880 1844 2952 Sanctiﬁcetur

251 2992 437 3033 nomen
461 2985 606 3031 tuum
635 2974 847 3048 (Matth.
873 2991 950 3043 γι,
981 2973 1059 3047 9).

330 3070 416 3126 10.
444 3069 632 3127 Si‘non
666 3070 801 3142 [acia
830 3086 985 3140 opera
1011 3067 1183 3123 Patris
1222 3069 1351 3136 mei,
1385 3068 1539 3124 nolite
1578 3069 1703 3124 mihi
1734 3084 1843 3124 cre-

252 3165 377 3220 dere
401 3180 420 3219 :
444 3165 491 3219 si
511 3172 679 3219 autem
704 3163 857 3234 facio,
882 3171 927 3217 et
946 3162 992 3217 si
1020 3162 1146 3217 mihi
1176 3178 1278 3218 non
1301 3162 1449 3218 vultis
1476 3163 1698 3229 credere,
1720 3177 1843 3233 ope-

256 3256 404 3311 ribus
423 3257 625 3325 credite,
668 3265 727 3311 ut
753 3256 1067 3329 cognoscatis
1094 3265 1142 3310 et
1181 3255 1395 3310 credatis
1425 3255 1543 3327 quia
1570 3256 1625 3309 in
1651 3272 1732 3308 me
1768 3265 1844 3310 est

260 3348 443 3418 Pater,
464 3360 513 3405 et
530 3366 621 3423 ego
641 3350 696 3405 in
717 3347 831 3405 illo.
861 3347 977 3404 Non
998 3347 1077 3405 sic
1097 3347 1228 3404 dicit
1254 3346 1440 3412 Filius,
1458 3347 1511 3402 in
1536 3363 1616 3402 me
1640 3357 1714 3402 est
1736 3345 1843 3402 Pa-

258 3451 356 3508 ter,
386 3451 433 3497 et
454 3457 545 3514 ego
572 3443 626 3496 in
649 3441 762 3509 illo,
812 3439 1082 3512 quomodo
1112 3446 1338 3511 possunt
1362 3438 1606 3495 homines
1635 3437 1836 3496 dicere.

261 3530 321 3589 Si
348 3532 487 3601 enim
529 3533 664 3589 bene
703 3532 1017 3603 cogitemus,
1055 3531 1110 3587 in
1148 3531 1259 3586 Deo
1304 3544 1522 3599 sumus;
1551 3538 1608 3586 et
1633 3528 1678 3587 si
1705 3530 1842 3587 bene

262 3623 518 3692 vivamus,
546 3622 687 3679 Deus
713 3623 766 3677 in
793 3622 948 3678 nobis
972 3628 1057 3678 est
1083 3638 1097 3675 :
1125 3620 1310 3676 fideles
1333 3619 1709 3691 participantes
1725 3620 1842 3691 ejus

273 3715 500 3786 gratiam,
531 3713 810 3770 illuminati
839 3712 907 3769 ab
931 3712 1068 3784 ipso,
1112 3711 1165 3767 in
1209 3711 1300 3766 illo
1333 3726 1536 3777 sumus,
1567 3721 1621 3767 et
1648 3711 1841 3783 ipsein

160 3872 175 3887 ⁸
278 3807 436 3862 nobis.
460 3806 562 3863 Sed
587 3820 695 3862 non
724 3806 802 3861 sic
831 3803 1132 3876 unigenitus
1161 3802 1329 3857 Filius
1354 3819 1366 3856 :
1394 3801 1482 3857 ille
1503 3802 1556 3857 in
1584 3801 1760 3867 Patre,
1787 3809 1843 3858 et

283 3897 424 3957 Pater
446 3902 497 3957 in
525 3900 637 3967 illo,
667 3909 921 3971 tanquam
962 3897 1182 3969 aequalis
1209 3897 1261 3951 iu
1290 3911 1358 3952 eo
1380 3895 1469 3951 cui
1495 3903 1578 3951 est
1600 3894 1839 3967 aequalis.

286 3990 501 4065 Denique
524 4008 622 4050 nos
658 3991 947 4064 aliquando
973 4003 1261 4063 possumus
1289 3987 1491 4052 dicere,
1525 3987 1582 4042 ln
1609 3987 1719 4044 Deo
1746 4002 1842 4042 su-

286 4098 408 4152 mus,
434 4097 486 4143 et
513 4087 653 4144 Deus
688 4087 744 4142 in
782 4085 973 4141 nobis:
1014 4083 1128 4155 Ego
1168 4090 1225 4138 et
1250 4082 1394 4137 Deus
1433 4096 1592 4136 unum
1634 4094 1840 4147 sumus,

293 4177 520 4249 numquid
546 4190 831 4250 possumus
866 4174 1080 4231 dicere?
1118 4172 1176 4228 In
1207 4172 1318 4228 Deo
1360 4186 1441 4236 es,
1470 4170 1591 4242 quia
1622 4169 1763 4225 Deus
1791 4179 1843 4226 te

287 4272 521 4338 continet;
552 4272 694 4329 Deus
724 4279 809 4326 est
853 4269 906 4325 in
935 4275 1025 4333 te,
1073 4267 1197 4338 quia
1238 4264 1495 4336 templum
1540 4264 1634 4320 Dei
1672 4263 1842 4318 factus

285 4376 336 4419 es
358 4380 371 4417 :
394 4364 483 4421 sed
502 4360 760 4435 numquid
788 4361 910 4433 quia
939 4360 993 4416 in
1026 4358 1135 4415 Deo
1163 4372 1243 4425 es,
1288 4366 1343 4412 et
1390 4356 1531 4412 Deus
1554 4365 1638 4411 est
1668 4354 1722 4409 in
1751 4363 1802 4409 te
1826 4395 1841 4421 ,

283 4464 415 4525 potes
440 4455 639 4520 dicere,
671 4452 772 4521 Qui
802 4466 889 4507 me
927 4449 1108 4515 videt,
1148 4447 1319 4504 Deum
1366 4445 1545 4501 videt:
1575 4443 1844 4516 quomodo

281 4542 570 4620 Unigenitus
591 4544 749 4612 dixit,
774 4541 876 4610 Qui
902 4557 985 4597 me
1011 4538 1153 4606 vidit,
1184 4538 1307 4594 uidit
1332 4544 1378 4592 et
1421 4535 1632 4591 Patrem
1660 4535 1842 4607 (Joan.

280 4651 374 4705 xxv,
399 4638 482 4711 9);
513 4646 589 4701 et,
623 4635 735 4708 Ego
763 4641 811 4689 et
841 4631 999 4688 Pater
1026 4646 1183 4685 unum
1209 4629 1419 4685 sumus?
1447 4628 1693 4699 Agnosce
1722 4640 1845 4697 pro‘

279 4728 432 4800 prium
460 4727 697 4793 Domini,
744 4735 800 4781 et
843 4737 1037 4779 munus
1071 4721 1238 4777 servi.
1284 4719 1564 4791 Proprium
1607 4717 1841 4786 Domini,

276 4829 346 4878 est
389 4820 665 4892 mqualitas
711 4817 889 4874 Patris
921 4834 935 4871 :
966 4827 1162 4870 munus
1191 4811 1352 4880 servi,
1382 4821 1464 4869 est
1514 4809 1847 4883 participatio

273 4910 571 4970 Salvatoris.

332 5008 413 5064 il.
445 5004 755 5075 Quarebant
787 5018 907 5075 ergo
926 5017 1041 5056 eum
1077 4999 1473 5073 apprehendere.
1501 4996 1715 5054 Utinam
1747 5010 1844 5067 ap-

270 5099 671 5173 prehendereut,
735 5095 832 5153 sed
892 5092 1162 5150 credendo
1215 5100 1272 5148 et
1321 5088 1688 5162 intelligendo,
1736 5101 1843 5143 non

269 5193 527 5253 saeviendo
540 5199 597 5248 et
609 5189 926 5247 occidendo.
944 5187 1074 5243 Nam
1092 5184 1271 5249 modo,
1290 5183 1483 5239 fratres
1503 5179 1847 5253 mei,quando

269 5285 376 5342 talia
403 5286 620 5356 loquor,
652 5280 897 5338 inﬁrmus
935 5279 1113 5346 fortia,
1145 5291 1341 5348 parvus
1381 5288 1588 5345 magna,
1646 5270 1847 5343 fragilis

267 5376 445 5445 solida,
472 5383 536 5433 et
564 5387 659 5430 vos
708 5381 962 5444 tanquam
1012 5385 1077 5426 es
1120 5368 1308 5425 eadem
1335 5380 1511 5421 massa
1559 5363 1704 5419 unde
1727 5377 1846 5418 sum

265 5478 451 5542 «ego,
482 5475 545 5525 et
586 5479 688 5539 ego
712 5467 732 5498 ¹
763 5465 881 5536 ipse
921 5463 1012 5537 qui
1039 5461 1191 5517 vobis
1220 5461 1429 5531 loquor,
1461 5456 1621 5512 simul
1659 5468 1848 5510 omnes

263 5560 664 5643 apprehendere
682 5561 928 5616 volumus
955 5555 1245 5613 Christum.
1276 5550 1412 5622 Quid
1434 5561 1516 5606 est
1544 5545 1845 5643 appr-eheu.

265 5637 426 5717 dere?
447 5652 783 5718 Intellexisti,
814 5646 1237 5723 apprehendisti.
1264 5643 1372 5701 Sed
1398 5657 1502 5698 non
1534 5640 1612 5696 sic
1630 5637 1799 5695 Judaei
1831 5655 1845 5693 :

268 5761 318 5809 tu
340 5745 743 5824 apprehendisti
755 5754 812 5802 ut
831 5743 1050 5808 habeas,
1074 5740 1149 5796 illi
1174 5733 1578 5810 apprehendere
1598 5729 1846 5787 volebant

332 5867 349 5899 ³
370 5868 444 5916 ετ.
467 5859 619 5925 Lugd.
641 5865 754 5914 ven.
779 5854 926 5909 semel
950 5856 1128 5912 femnt,
1147 5859 1194 5904 et
1218 5863 1321 5916 ego.
1387 5854 1441 5899 Μ.

3404 369 3548 433 1⁸168

1961 489 2023 537 ιιι
2045 495 2153 537 nou
2180 478 2462 539 haberent.
2490 481 2561 540 Et
2588 483 2712 555 quia
2740 483 2821 541 sic
2843 485 3092 543 volebant
3119 488 3551 563 apprehendere,

1959 573 2090 645 quid
2116 575 2197 631 eis
2218 573 2383 631 fecit?
2409 573 2556 632 Exiit
2574 574 2641 633 de
2674 576 2905 635 manibus
2940 596 3133 637 eorum.
3161 580 3279 639 Non
3306 599 3431 640 eum
3446 600 3547 658 ap-

1960 664 2398 737 prehenderunt,
2463 668 2590 740 quia
2634 683 2825 727 manus
2871 669 2995 729 ﬁdei
3061 687 3168 729 non
3223 673 3558 735 habuerunt.

1960 757 2194 817 Verbum
2209 775 2337 817 caro
2361 762 2559 819 factum
2576 770 2660 820 est
2678 782 2693 819 :
2713 763 2810 821 sed
2830 778 2934 821 non
2953 773 3069 822 erat
3081 766 3257 825 Verbo
3272 783 3542 841 magnum,

1959 852 2154 923 ejicere
2167 869 2386 911 carnem
2402 870 2554 913 suam
2570 856 2637 913 de
2653 857 2897 914 manibus
2913 859 3103 918 carnis.
3124 859 3298 918 Mente
3310 861 3547 921 Verbum

1958 945 2385 1017 apprehendere,
2408 946 2511 1004 hoc
2534 956 2619 1006 est
2637 947 2907 1007 Christum
2940 963 3088 1009 recte
3112 952 3539 1024 apprehendere.
3584 1002 3591 1028 δ

2030 1037 2117 1095 12.
2134 1037 2203 1093 Et
2226 1040 2347 1095 abiit
2369 1041 2550 1096 iterum
2563 1041 3012 1109 transJordanem,
3029 1045 3082 1100 in
3121 1062 3236 1101 eum
3275 1047 3441 1121 locum
3462 1046 3548 1103 ubi

1957 1129 2184 1188 Joannes
2210 1133 2477 1205 baptizans
2504 1135 2750 1207 primunt,
2777 1145 2824 1192 et
2849 1138 3032 1195 mansit
3055 1138 3144 1193 ibi.
3173 1136 3247 1194 Et
3270 1140 3419 1195 multi
3459 1156 3548 1195 ue-

1958 1234 2141 1281 nerunt
2165 1228 2234 1281 ad
2271 1244 2404 1292 eum,
2451 1238 2498 1284 et
2527 1218 2757 1285 dicebant
2774 1247 2793 1285 :
2818 1231 2949 1298 Quia
2988 1230 3214 1289 Joannes
3240 1234 3439 1305 quidem
3468 1235 3546 1290 si-

1957 1335 2113 1390 gnum
2132 1319 2247 1393 fecit
2264 1320 2480 1376 nullum.
2504 1321 2820 1379 Meministis
2844 1322 2996 1379 vobis
3012 1324 3211 1381 dictum
3228 1325 3297 1381 de
3314 1326 3546 1393 Joanne,

1956 1413 2078 1482 quia
2095 1413 2308 1470 lucerna
2320 1424 2456 1483 erat,
2468 1424 2523 1472 et
2538 1416 2641 1473 diei
2656 1418 3014 1474 testimonium
3032 1418 3345 1490 perhibebat
3363 1418 3542 1492 (Joan.

1956 1521 2009 1573 ν,
2039 1506 2128 1571 55,
2155 1505 2271 1578 53).
2292 1506 2427 1576 Quid
2448 1523 2576 1580 ergo
2602 1510 2688 1565 isti
2737 1510 2877 1582 apud
2915 1525 2975 1567 se
3017 1510 3286 1577 dixerunt,
3311 1511 3542 1570 Joannes

1954 1596 2155 1668 signum
2189 1598 2307 1670 fecit
2348 1598 2582 1655 nullum?
2624 1600 2856 1669 Nullum,
2906 1601 3170 1674 inquiunt,
3225 1603 3541 1660 miraculum

1956 1686 2192 1744 ostendit
2216 1687 2451 1746 Joannes
2484 1708 2498 1745 :
2526 1704 2631 1746 nou
2661 1690 2926 1748 daemonia
2954 1692 3172 1764 fugavit,
3202 1708 3309 1748 non
3339 1695 3545 1768 expulit

1954 1781 2181 1847 febrem,
2210 1798 2315 1839 non
2343 1798 2515 1840 caecos
2541 1784 2881 1852 illuminavit,
2904 1801 3011 1842 non
3037 1787 3279 1843 mortuos
3307 1789 3537 1845 suscita-

1956 1874 2048 1939 sit,
2086 1890 2193 1930 non
2224 1884 2303 1930 tot
2340 1875 2505 1932 millia
2536 1874 2810 1932 hominum
2839 1876 2908 1933 de
2935 1877 3169 1950 quinque
3210 1878 3291 1933 vel
3333 1889 3540 1950 septem

1953 1964 2179 2036 panibus
2207 1966 2371 2036 pavit,
2402 1981 2511 2022 non
2534 1983 2694 2041 supra
2725 1982 2872 2025 mare
2894 1969 3204 2037 ambulavit,
3236 1985 3345 2025 non
3368 1971 3545 2030 ventis

1949 2066 2009 2114 et
2032 2057 2279 2114 ﬂuctibus
2307 2059 2622 2131 imperavit;
2652 2061 2785 2117 nihil
2805 2062 2995 2118 horum
3035 2062 3159 2120 fecit
3181 2061 3419 2121 Joannes
3444 2083 3458 2121 :
3485 2074 3543 2124 et

1952 2156 2123 2204 totum
2147 2149 2399 2221 quidquid
2420 2150 2647 2231 dicebat,
2670 2151 2794 2209 huic
2818 2152 3179 2210 testimonium
3205 2155 3540 2227 perhibebat.

1952 2238 2055 2295 Per
2080 2239 2352 2297 lucernam
2375 2242 2651 2298 veniamus
2680 2241 2747 2298 ad
2771 2237 2932 2299 diem.
2977 2242 3205 2301 Joannes
3246 2246 3445 2301 nultum
3470 2249 3543 2302 si-

1950 2348 2105 2404 gnum
2127 2334 2265 2405 fecit.
2299 2333 2484 2389 Omnia
2524 2345 2691 2390 autem
2727 2352 3051 2408 quantumque
3072 2336 3200 2393 dixit
3226 2334 3455 2395 Joannes
3477 2339 3544 2394 de

1951 2423 2065 2491 hoc,
2093 2440 2209 2479 vera
2236 2435 2396 2480 erant.
2426 2425 2564 2482 Ecce
2591 2427 2681 2497 qui
2706 2426 3199 2497 apprchenderunt,
3256 2444 3362 2486 non
3402 2445 3540 2501 quo-

1950 2517 2110 2572 modo
2155 2516 2347 2574 Judaei.
2390 2516 2560 2573 Judaei
2617 2518 2867 2575 volebant
2904 2518 3308 2589 apprehendere
3362 2520 3542 2576 disce-

1950 2607 2185 2673 dentem,
2215 2608 2684 2680 appreheuderunt
2711 2610 2795 2664 isti
2822 2618 3247 2681 permanentem.
3296 2611 3535 2684 Denique

1948 2701 2075 2775 quid
2112 2702 2386 2774 sequitur?
2410 2701 2481 2758 Et
2500 2701 2646 2757 multi
2674 2702 2991 2760 crediderunt
3018 2703 3071 2759 in
3095 2719 3224 2758 eum.
3410 2708 3417 2713 ’

2442 2817 2854 2876 TRAC'I'ATUS
2887 2817 3074 2875 XLIX.

1949 2933 2024 2986 Ab
2052 2948 2109 2987 eo
2153 2933 2290 3003 quod
2334 2933 2536 3005 tegitur,
2588 2934 2715 2989 Erat
2764 2942 2944 2990 autem
2982 2933 3200 3005 quidam
3254 2934 3535 3005 languens,

2018 3023 2278 3090 Lazarus;
2310 3040 2466 3096 usque
2484 3025 2553 3079 ad
2574 3025 2648 3093 id,
2678 3024 2820 3081 Abiit
2866 3025 2919 3080 in
2955 3025 3233 3097 regionem
3257 3024 3407 3096 juxta
3445 3023 3541 3082 deo

2021 3124 2245 3178 sertum,
2275 3116 2329 3170 in
2369 3115 2645 3171 civitatem
2693 3131 2811 3187 qua:
2852 3115 3048 3173 dicitur
3075 3115 3332 3187 Ephrem,
3363 3124 3419 3172 et
3463 3114 3539 3172 ibi

2021 3206 2328 3262 morabatur
2350 3222 2474 3262 cum
2504 3206 2780 3278 discipulis
2809 3207 2941 3264 suis.
2983 3205 3113 3279 Cap.
3147 3222 3225 3276 xr,
3272 3208 3309 3277 Ῡ
3333 3245 3346 3261 .
3381 3206 3535 3263 1-54.

2021 3344 2074 3397 ι.
2096 3341 2241 3398 Inter
2262 3342 2442 3399 omnia
2473 3340 2728 3398 miracula
2757 3357 2876 3414 quae
2903 3341 3028 3399 fecit
3067 3340 3330 3398 Dominus
3354 3347 3540 3398 noster

1946 3437 2102 3495 Jesus
2119 3436 2386 3503 Christus,
2417 3435 2605 3492 Lazari
2631 3435 2953 3492 resurrectio
2981 3434 3248 3507 praecipue
3275 3432 3538 3504 praedica-

1949 3539 2051 3585 tur.
2075 3528 2180 3586 Sed
2207 3529 2251 3584 si
2272 3527 2609 3584 attendamus
2627 3527 2746 3598 quis
2767 3525 2974 3591 fecerit,
3000 3524 3253 3583 delectari
3280 3524 3540 3581 debemus

1948 3624 2123 3696 potius
2148 3637 2307 3694 quam
2326 3621 2529 3678 mirari.
2555 3619 2651 3677 Ille
2666 3619 2942 3676 suscitavit
2971 3618 3264 3684 hominem,
3292 3617 3379 3688 qui
3412 3615 3538 3670 fecit

1948 3713 2221 3770 hominem
2253 3730 2267 3767 :
2300 3713 2415 3783 ipse
2453 3711 2596 3767 enim
2627 3720 2709 3766 est
2743 3709 2946 3767 Unicus
2990 3709 3184 3776 Patris,
3220 3722 3317 3778 per
3354 3721 3535 3778 quem,

1948 3808 2085 3863 sicut
2114 3806 2306 3874 nostis,
2340 3805 2476 3861 facta
2506 3813 2631 3861 sunt
2658 3804 2856 3860 omnia.
2885 3803 2940 3860 Si
2959 3818 3086 3874 ergo
3109 3817 3203 3874 per
3224 3801 3372 3857 illum
3395 3800 3533 3857 facta

1950 3907 2074 3954 sunt
2099 3897 2299 3962 omnia,
2328 3897 2454 3967 quid
2483 3897 2675 3953 mirum
2705 3903 2789 3952 est
2837 3895 2882 3950 si
2927 3893 3221 3950 resurrexit
3266 3907 3400 3949 unus
3438 3907 3536 3963 per

1949 3992 2117 4055 illum,
2142 4005 2261 4046 cum
2286 3999 2364 4045 tot
2387 3989 2628 4060 quotidie
2654 3998 2941 4044 nascantur
2968 4005 3064 4059 per
3088 3988 3275 4043 illum?
3301 3988 3424 4042 Plus
3454 3995 3539 4041 est

1950 4084 2196 4139 homines
2221 4096 2406 4137 creare
2448 4095 2608 4151 quam
2649 4081 2991 4135 resuscitare.
3042 4078 3299 4148 Dignatus
3332 4085 3414 4130 est
3455 4087 3538 4130 ta-

1948 4191 2071 4231 men
2102 4183 2156 4231 et
2183 4187 2367 4230 creare
2395 4181 2451 4228 et
2478 4170 2833 4235 resuscitare;
2879 4183 3064 4225 creare
3096 4181 3302 4235 omnes,
3353 4180 3539 4222 resus-

1950 4269 2117 4326 citare
2153 4265 2431 4339 quosdam.
2473 4262 2605 4320 Nam
2649 4277 2770 4317 cum
2820 4260 2983 4316 multa
3028 4258 3241 4316 fecisset
3277 4257 3540 4313 Dominus

1949 4363 2124 4425 Jesus.
2148 4375 2255 4416 non
2275 4359 2453 4415 omnia
2472 4355 2668 4428 scripta
2688 4363 2844 4420 sunt;
2871 4353 3007 4410 sicut
3028 4353 3164 4409 idem
3185 4351 3298 4422 ipse
3319 4360 3538 4409 sanctus

1950 4455 2183 4512 Joannes
2227 4452 2553 4523 evangelista
2590 4458 2817 4507 testatur
2844 4448 3009 4504 multa
3064 4446 3347 4502 Dominum
3374 4442 3540 4500 Chri-

1950 4558 2090 4603 stum
2117 4557 2172 4604 et
2196 4546 2393 4603 dixisse
2414 4553 2468 4601 et
2488 4543 2678 4601 fecisse
2701 4558 2820 4614 qua:
2854 4540 3050 4610 s'cripta
3076 4553 3185 4594 non
3206 4548 3328 4594 sunt
3354 4535 3535 4606 (Joan.

1950 4657 2042 4704 xx,
2073 4639 2204 4709 50):
2256 4639 2422 4695 electa
2450 4645 2573 4692 sunt
2609 4644 2785 4691 autem
2826 4648 2946 4705 qua:
2991 4632 3371 4699 scriberentur,
3418 4646 3538 4702 quae

1949 4732 2107 4787 saluti
2126 4729 2457 4787 credentium
2506 4727 2751 4784 sufficere
2776 4724 3108 4781 videbantur.
3149 4721 3355 4779 Audisti
3393 4724 3537 4777 enim

1951 4825 2073 4895 quia
2097 4823 2358 4879 Dominus
2385 4822 2541 4877 Jesus
2567 4828 2833 4875 mortuum
2882 4816 3156 4874 suscitavit
3184 4834 3196 4870 :
3225 4813 3423 4870 sufﬁcit
3444 4815 3538 4869 tibi

1951 4924 2010 4971 ut
2036 4915 2173 4970 scias
2197 4913 2320 4986 quia
2359 4914 2406 4969 si
2436 4912 2614 4979 vellet,
2658 4925 2845 4967 omnes
2868 4917 3109 4964 mortuos
3135 4906 3438 4963 suscitaret.
3471 4904 3541 4961 Et

1960 5006 2060 5063 hoc
2093 5005 2308 5078 quidem
2350 5004 2451 5059 sibi
2500 5002 2568 5059 ad
2618 5003 2774 5058 ﬁnem
2819 5001 3001 5056 saeculi
3044 4998 3354 5054 reservavit.
3401 4995 3539 5052 Nam

1950 5114 2113 5172 quem
2149 5097 2372 5153 audistis
2414 5110 2607 5167 magno
2648 5092 2904 5149 miraculo
2952 5089 3365 5162 quatriduanum
3395 5103 3542 5145 mor-

1954 5202 2101 5249 tuum
2143 5190 2434 5247 suseitasse
2477 5185 2547 5243 de
2575 5185 2843 5257 sepulcro,
2870 5182 3029 5238 veniet
3069 5180 3216 5247 hora,
3256 5181 3397 5238 sicut
3424 5181 3541 5251 ipse

1954 5287 2048 5354 ait,
2071 5283 2278 5357 quando
2329 5297 2499 5337 omnes
2543 5280 2632 5350 qui
2680 5286 2796 5334 sunt
2839 5278 2892 5332 in
2936 5283 3296 5342 monumentis,
3330 5272 3544 5329 audient

1956 5394 2122 5434 vocem
2149 5376 2265 5447 ejus
2304 5385 2349 5429 et
2402 5372 2690 5444 precedent.
2722 5369 3085 5426 Resuscitavit
3113 5376 3408 5438 patentem,
3441 5362 3541 5419 sed

1957 5480 2132 5527 tamen
2180 5469 2230 5524 in
2272 5464 2532 5523 cadavere
2561 5470 2777 5536 putente
2801 5460 2975 5516 adhuc
3014 5466 3133 5515 erat
3160 5456 3327 5512 forma
3367 5469 3541 5510 mem-

1956 5561 2171 5617 brorum
2197 5577 2212 5627 ;
2241 5559 2326 5613 ille
2352 5557 2405 5613 in
2432 5556 2721 5612 novissimo
2744 5553 2833 5610 die
2852 5552 2917 5609 ad
2942 5565 3098 5606 unam
3120 5562 3303 5603 vocem
3330 5546 3541 5602 cineres

1958 5662 2040 5710 est
2081 5648 2497 5707 restituturusin
2527 5663 2762 5703 carnem.
2810 5644 2913 5700 Sed
2959 5639 3238 5712 Oportebat
3276 5647 3337 5693 ut
3376 5635 3556 5727 ιιιοιΙοΙ

1961 5745 2139 5817 aliqua
2169 5741 2387 5809 faceret,
2415 5740 2606 5812 quibus
2633 5737 2772 5793 datis
2794 5734 2940 5790 velut
2965 5748 3074 5788 sure
3100 5731 3309 5787 virtutis
3333 5729 3547 5788 indiciis

1963 5834 2243 5904 credamus
2288 5834 2339 5891 in
2367 5847 2509 5899 eum,
2555 5839 2608 5884 et
2632 5829 2695 5884 ad
2727 5826 2868 5887 illam
2909 5823 3353 5891 resurrectionem
3400 5838 3544 5896 prae-
