3926 6374
496 371 629 429 i727

497 503 764 562 paremur,
810 499 928 554 qua:
966 482 1068 538 erit
1119 481 1182 534 ad
1224 479 1406 544 vitam,
1440 493 1544 531 non
1576 477 1644 530 ad
1689 474 1976 546 judicium.
2004 473 2078 526 lta

496 589 690 658 quippe
713 582 786 637 ait
815 599 830 635 :
871 579 1044 637 Veniet
1065 578 1198 632 liora
1237 572 1443 645 quando
1489 584 1662 626 om:
1692 569 1783 640 qui
1807 570 1863 623 in
1898 584 2079 622 monu-

493 678 674 734 mentis
693 684 830 741 sunt,
853 672 1066 728 audient
1086 683 1258 725 vocem
1291 667 1409 736 eius
1434 682 1448 720 :
1477 673 1527 718 et
1544 661 1818 736 procedant
1843 661 1934 732 qui
1961 663 2080 716 bene

493 779 739 846 fecerunt,
766 769 838 823 ad
856 766 1270 823 resurrectionem
1293 761 1412 816 vita
1425 774 1448 824 ;
1482 759 1570 828 qui
1596 757 1728 811 male
1752 764 1982 829 egerunt,
2012 753 2080 808 ad

490 863 908 920 resurrectionem
923 858 1112 930 iudicii
1139 855 1318 926 (locu.
1341 866 1396 918 ν,
1417 848 1508 917 28,
1538 848 1655 919 29).

561 957 618 1012 2.
649 956 784 1010 Tres
805 962 984 1008 tamen
1029 955 1271 1005 mortuos
1315 960 1348 1000 a
1385 944 1616 1000 Domino
1649 941 1996 999 resuscitatus
2024 939 2081 996 in

493 1048 782 1119 Evangelia
823 1047 1066 1115 legimus,
1119 1049 1176 1097 et
1232 1039 1370 1094 forte
1430 1051 1539 1092 non
1596 1034 1813 1090 frustra.
1865 1031 2080 1089 Domini

495 1145 691 1215 quippe
718 1140 853 1196 facta
878 1153 982 1192 non
1010 1142 1134 1190 sunt
1159 1128 1532 1188 tantummodo
1578 1127 1735 1193 facta,
1781 1127 1878 1183 sed
1907 1127 2076 1215 signa.

493 1214 550 1290 Si
579 1247 707 1304 ergo
733 1233 884 1301 signa
908 1235 1033 1282 sunt
1049 1267 1064 1292 ,
1089 1233 1286 1296 praeter
1310 1221 1361 1276 id
1383 1218 1523 1291 quod
1549 1219 1681 1274 mira
1703 1226 1846 1285 sunt,
1878 1214 2080 1285 aliquid

497 1324 735 1397 profecto
786 1319 1085 1392 signiﬁcant
1117 1334 1130 1369 :
1160 1328 1388 1386 quorum
1434 1311 1693 1368 factorum
1733 1308 2079 1380 signiﬁcatio-

495 1430 618 1472 nem
650 1413 904 1478 inveuire,
925 1409 1196 1479 aliquanto
1219 1414 1302 1461 est
1321 1403 1621 1475 operosius,
1639 1415 1798 1471 quam
1820 1413 1883 1454 ea
1905 1399 2080 1468 legere

493 1512 584 1567 vel
610 1508 812 1564 audire.
841 1504 1190 1560 Admirantes
1213 1498 1581 1561 audiebamus,
1614 1503 1868 1563 tanquam
1900 1490 2076 1560 magni

494 1601 735 1657 miraculi
787 1596 1094 1668 spectaculo
1119 1601 1242 1648 ante
1291 1598 1508 1646 nostros
1555 1585 1741 1641 oculos
1765 1582 2076 1648 constituto,

493 1710 616 1752 cum
646 1691 992 1762 Evangelium
1019 1688 1305 1757 legeretur,
1347 1677 1796 1752 quemadmodum
1825 1676 2081 1730 revixerit

494 1789 748 1844 Lazarus.
795 1783 849 1838 Si
894 1778 1232 1835 attendamus
1272 1772 1599 1828 mirabiliora
1647 1785 1810 1839 opera
1855 1768 2075 1834 Christi,

495 1881 672 1934 omnis
696 1875 783 1946 qui
804 1872 992 1938 credit,
1025 1869 1252 1938 resurgit
1279 1866 1352 1940 (tt)
1379 1884 1394 1920 :
1417 1866 1463 1921 si
1483 1863 1819 1919 attendamus
1863 1876 2074 1928 omnes,

493 1978 550 2026 et
596 1967 952 2035 intelligamus
1001 1959 1426 2015 detestabiliores
1490 1963 1712 2022 mortes,
1768 1952 1945 2009 omnis
1986 1951 2080 2022 qui

494 2067 682 2130 peccat
706 2056 950 2112 mori-tur.
991 2051 1099 2110 Sed
1137 2059 1366 2106 mortem
1397 2047 1574 2104 carnis
1618 2046 1794 2101 omnis
1821 2045 1983 2099 homo
2009 2045 2076 2098 ti-

493 2162 624 2215 met,
666 2159 888 2206 mortem
929 2147 1120 2202 anima:
1167 2143 1338 2215 pauci.
1384 2142 1490 2198 Pro
1521 2148 1693 2197 morte
1735 2140 1913 2194 carnis
1957 2152 2077 2208 quae

497 2245 614 2299 sine
639 2242 800 2297 dubio
831 2238 1147 2311 quandoque
1186 2244 1408 2291 ventura
1429 2241 1532 2300 est,
1572 2239 1763 2286 curant
1794 2243 1984 2285 omnes
2012 2243 2077 2283 ne

496 2340 671 2393 veniat
699 2354 714 2391 :
745 2334 869 2390 inde
893 2343 977 2388 est
1003 2329 1145 2403 quod
1172 2331 1431 2385 laborant.
1462 2326 1693 2380 Laborat
1714 2341 1781 2380 ne
1819 2324 2076 2379 moriatur

496 2429 654 2482 homo
684 2419 988 2488 moriturus,
1016 2431 1070 2477 et
1100 2436 1207 2476 non
1249 2420 1456 2476 laborat
1480 2432 1550 2473 ne
1590 2425 1775 2488 peccet
1825 2415 1984 2470 homo
2023 2415 2076 2469 in

495 2529 749 2576 aeternum
770 2519 1026 2574 victurus.
1055 2515 1120 2570 Et
1154 2528 1275 2570 cum
1307 2512 1514 2568 laborat
1540 2525 1608 2565 ne
1659 2508 1936 2575 moriatur,
1959 2508 2076 2562 sine

493 2627 656 2670 causa
682 2612 917 2674 laborat;
943 2608 994 2663 id
1015 2608 1158 2662 enim
1201 2605 1309 2676 agit
1337 2614 1397 2660 ut
1435 2604 1656 2658 multum
1689 2617 1834 2656 mors
1862 2600 2076 2656 dinem.

495 2715 596 2772 tur,
642 2722 744 2760 non
775 2709 834 2758 ut
880 2701 1172 2758 evadatur:
1199 2700 1246 2755 si
1291 2706 1472 2753 autem
1508 2710 1730 2766 peccare
1781 2695 1935 2759 nolit,
1968 2708 2076 2748 non

493 2798 773 2864 laborabit,
798 2803 853 2852 et
873 2796 1014 2852 vivet
1055 2794 1111 2850 in
1136 2802 1419 2848 :eternum.
1458 2789 1570 2844 Osi
1616 2803 1894 2858 possemus
1933 2786 2076 2841 exci.

493 2901 608 2948 tare
632 2891 897 2958 homines,
927 2895 982 2943 et
1020 2902 1140 2942 cum
1181 2885 1311 2956 ipsis
1349 2884 1548 2954 pariter
1584 2880 1829 2948 excitari,
1859 2889 1916 2934 ut
1942 2880 2076 2933 tales

493 2999 736 3042 essemus
763 2991 1028 3039 amatores
1056 2981 1177 3034 vita:
1206 2976 1587 3049 permanentis,
1621 2974 1803 3044 quales
1830 2980 1953 3026 sunt
1980 2971 2078 3026 ho-

493 3077 666 3132 mines
695 3082 960 3129 amatores
987 3073 1106 3127 vita:
1146 3068 1426 3141 fugientis!
1455 3067 1592 3134 Quid
1634 3081 1740 3119 non
1766 3063 1889 3118 facit
1916 3063 2076 3117 homo

495 3169 595 3224 sub
624 3143 812 3223 moitis
843 3165 1076 3240 periculo
1118 3163 1438 3219 constitutus
1457 3161 1480 3215 Ἰ
1523 3159 1710 3215 Gladio
1739 3157 2078 3228 impendente

500 3258 844 3324 cervicibus,
906 3255 1255 3327 prodiderunt
1321 3253 1566 3307 homines
1631 3249 1891 3320 quidquid
1935 3247 2076 3314 sibi,

495 3351 636 3408 unde
673 3350 933 3417 viverent,
966 3348 1328 3405 reservabant.
1354 3347 1485 3414 Quis
1516 3359 1620 3399 non
1650 3344 1904 3398 continuo
1954 3357 2078 3412 pro-

494 3443 629 3498 didit
657 3459 724 3499 ne
760 3438 1172 3514 percuteretur?
1204 3439 1270 3494 Et
1300 3449 1421 3508 post
1470 3436 1824 3507 proditionem
1854 3434 2080 3491 fortasse

493 3544 891 3606 percussuscst.
915 3534 1046 3602 Quis
1073 3549 1200 3598 non,
1231 3543 1285 3587 ut
1320 3533 1541 3595 viveret,
1572 3531 1823 3586 continuo
1854 3531 2080 3599 perdere

496 3628 662 3682 voluit
691 3627 831 3683 unde
857 3627 1079 3690 viveret,
1108 3624 1309 3694 eligens
1326 3625 1486 3678 vitam
1505 3623 1893 3679 mendicantem
1922 3637 2079 3693 quant

495 3720 724 3775 celerem
757 3718 1022 3773 mortem?
1041 3718 1135 3772 Cui
1153 3718 1351 3771 dictum
1367 3724 1468 3781 est,
1491 3715 1685 3786 Naviga
1708 3731 1777 3770 ne
1801 3717 2076 3782 moriaris;
2155 3771 2164 3779 ,

497 3821 549 3864 et
577 3810 815 3864 distulit?
861 3808 956 3864 Cui
1003 3809 1201 3863 dictum
1246 3819 1349 3875 est,
1384 3808 1588 3863 Labora
1625 3823 1693 3863 ne
1721 3809 1997 3875 moriaris;
2026 3817 2081 3863 et

499 3901 648 3969 piger
667 3897 801 3953 fuit?
822 3899 980 3955 Levia
1009 3900 1148 3954 Deus
1169 3900 1336 3969 jubet,
1365 3909 1420 3954 ut
1439 3901 1490 3953 in
1514 3907 1772 3954 mternum
1802 3901 2076 3963 vivamus;

500 4000 553 4047 et
591 3991 808 4048 obedire
847 3992 1178 4063 negligimus.
1228 3992 1341 4048 Non
1388 3993 1480 4048 tibi
1530 3993 1670 4048 Deus
1718 3993 1865 4060 dicit,
1911 3993 2081 4049 Perde

501 4083 753 4153 quidquid
797 4082 977 4150 habes,
1009 4090 1066 4137 ut
1111 4082 1258 4138 vivas
1303 4086 1495 4155 exiguo
1543 4091 1782 4152 tempore
1817 4085 1868 4138 in
1899 4085 2080 4140 labore

499 4175 788 4240 sollicitus;
811 4176 904 4232 sed
928 4217 942 4242 ,
975 4176 1048 4230 Da
1074 4176 1296 4246 pauperi
1323 4175 1464 4231 unde
1488 4176 1673 4240 habes,
1694 4189 1749 4230 ut
1775 4177 1923 4230 vivas
1943 4193 2080 4232 sem-

498 4281 596 4336 per
621 4266 738 4321 sine
764 4267 947 4321 labore
977 4281 1215 4323 securus.
1243 4268 1509 4322 Accusant
1531 4281 1629 4321 nos
1652 4277 1920 4323 amatores
1959 4268 2082 4323 vitae

493 4345 833 4427 temporalis,
857 4371 1013 4427 quam
1038 4373 1138 4412 nec
1163 4373 1283 4414 cum
1312 4357 1500 4413 volunt
1517 4397 1532 4418 ,
1556 4371 1656 4411 nec
1684 4356 1936 4426 quamdiu
1980 4372 2078 4411 vo-

498 4451 614 4503 lunt
646 4449 878 4503 habent:
907 4459 960 4504 et
987 4465 1085 4504 nos
1106 4451 1330 4504 invicem
1369 4463 1474 4504 non
1502 4463 1834 4515 accusamus,
1863 4459 1969 4502 tam
2003 4449 2084 4517 pi-

499 4541 600 4610 gri,
623 4547 729 4594 tam
756 4541 916 4611 tepidi
945 4541 1008 4595 ad
1037 4541 1418 4611 capessendam
1438 4541 1598 4594 vitam
1627 4549 1902 4606 aeternam,
1922 4555 2078 4608 quam

499 4632 543 4684 si
571 4631 896 4687 voluerimus
916 4632 1250 4696 habebimus,
1283 4645 1403 4686 cum
1427 4630 1769 4687 habuerimus
1796 4647 1899 4686 non
1927 4633 2081 4686 amit-

499 4731 705 4789 temus;
738 4723 877 4780 hanc
912 4733 1087 4778 autem
1128 4731 1355 4778 mortem
1385 4738 1542 4794 quam
1579 4725 1846 4789 timemus,
1871 4726 2079 4781 etiamsi

502 4811 849 4878 uoluerimus,
880 4806 1208 4869 habebimus.

571 4906 623 4960 5.
665 4906 718 4961 Si
748 4919 876 4976 ergo
919 4905 1172 4959 Dominus
1216 4919 1405 4975 magna
1431 4919 1526 4960 sua
1567 4907 1765 4976 gratia,
1798 4915 1855 4961 et
1892 4922 2079 4978 magna

500 5011 598 5052 sua
636 4996 1000 5054 misericordia
1035 4999 1240 5053 animas
1285 4999 1524 5065 suscitat,
1575 5014 1644 5054 ne
1697 5000 1987 5055 moriamur
2026 5001 2078 5055 in

502 5099 796 5155 :eternum;
851 5091 988 5146 bene
1027 5091 1373 5161 intelligimus
1402 5101 1508 5148 tres
1531 5093 1652 5148 illos
1677 5102 1916 5148 mortuos
1945 5109 2079 5164 quos

499 5181 556 5236 in
586 5182 902 5252 corporibus
925 5183 1218 5248 suscitavit,
1247 5183 1444 5253 aliquid
1462 5184 1764 5254 signiﬁcare
1782 5195 1838 5240 et
1855 5185 2080 5255 ﬁgurare

499 5276 567 5332 de
594 5277 1073 5333 resurrectiouibus
1099 5277 1393 5332 animarum
1417 5291 1536 5348 quae
1563 5278 1693 5332 ﬁunt
1735 5293 1831 5348 per
1869 5279 2028 5334 ﬁdem
2061 5297 2076 5334 :

498 5368 835 5424 resuscitavit
863 5367 1025 5424 ﬁliam
1067 5368 1472 5441 archisynagogi
1516 5370 1690 5425 adhuc
1721 5371 1777 5425 in
1819 5371 1979 5426 domo
2002 5372 2080 5441 ja.

498 5470 707 5515 centem
759 5456 948 5534 (Marc.
994 5461 1158 5528 v.41,
1191 5461 1306 5535 42);
1356 5461 1692 5518 resuscitavit
1733 5463 1983 5531 juvenem
2021 5464 2082 5516 ﬁ-

499 5551 628 5606 lium
663 5551 836 5607 viduae
884 5561 1034 5608 extra
1080 5562 1259 5623 portas
1308 5553 1534 5610 civitatis
1560 5554 1775 5610 elatum
1806 5553 1954 5622 (Luc.
1986 5569 2076 5620 vn,

746 5716 817 5780 [te
860 5710 1126 5782 legendum
1146 5713 1336 5782 __sic__:.
1364 5710 1657 5782 mirabiliores
1685 5779 1693 5782 Α
1724 5725 1868 5782 opere
1904 5711 2084 5782 Christi

500 5771 652 5838 atmiis
675 5771 759 5838 qui
790 5771 946 5823 credit
969 5772 1193 5838 resurgit.
1233 5780 1285 5825 Et
1321 5773 1444 5826 intra
1485 5787 1498 5822 :
1545 5771 1889 5826 detestabilioi‘e
1931 5781 2081 5827 morte

499 5831 1183 5893 mmmpmmmer.
1785 5843 1889 5872 ’κ

469 5735 485 5744 η
508 5708 645 5784 -1!)
675 5716 817 5784 ερειθ
860 5708 1126 5784 mendum
1146 5713 1308 5784 ..εἰει

1413 360 1476 415 IN
1515 358 1792 416 JUANNIS'
1831 355 2297 421 E.\'.-\.\'GELll'.ll,
2339 358 2392 413 Su.
2440 359 2798 416 AUGUSTINI

3609 371 3719 433 l7“

2196 474 2282 537 M,
2321 475 2426 546 15);
2479 480 2812 533 resuscitavit
2867 480 3130 546 Lam
3168 483 3434 551 sepultum
3458 490 3719 555 quau-idus.

2192 582 2342 621 num.
2363 566 2631 624 Imaeatur
2653 571 2876 641 quisque
2902 572 3136 627 animum
3149 589 3301 630 suam
3321 593 3341 629 ς
3359 577 3404 632 si
3423 591 3609 648 peccat,
3626 599 3722 641 Io-

2192 661 2344 726 ritur;
2377 673 2670 732 peccatum,
2716 679 2863 719 mors
2883 672 2974 720 est
2994 666 3208 732 anitum.
3239 668 3347 723 Sed
3372 670 3636 740 aliquando
3675 679 3720 736 ἣ

2190 750 2510 821 cogitatione
2557 761 2823 823 peccatur.
2869 755 3158 812 Delectarit
3203 757 3350 828 quod
3411 761 3595 818 malum
3637 779 3718 833 est,

2190 845 2533 910 consensisti,
2568 847 2828 913 peccasti;
2882 847 3271 904 consensio-illa
3307 850 3496 905 occidit
3531 862 3578 913 te
3607 858 3720 913 τεαὶ

2189 931 2334 988 intus
2358 943 2440 989 est
2463 950 2628 1002 mors,
2673 938 2797 1006 quia
2835 939 3128 1008 cogitatum
3153 939 3354 995 malum
3381 942 3600 999 nondum
3624 963 3720 1016 pro.

2189 1024 2354 1080 cessit
2374 1026 2426 1079 in
2446 1025 2660 1080 factum.
2689 1027 2871 1090 Talem
2910 1031 3138 1085 animam
3167 1033 3488 1088 resnse'uare
3519 1051 3572 1091 se
3597 1038 3724 1107 signi-

2193 1114 2356 1170 ﬁcans
2373 1117 2649 1181 Dominus,
2677 1120 3012 1178 resuscitavit
3045 1121 3186 1176 illam
3216 1123 3450 1192 puellam
3474 1141 3584 1195 qua:
3621 1144 3725 1184 asa.

2188 1207 2316 1264 dum
2357 1219 2470 1265 erat
2511 1210 2654 1266 foras
2695 1213 2852 1276 elata,
2885 1214 2988 1269 sed
3013 1214 3068 1268 in
3093 1213 3261 1269 domo
3294 1226 3498 1272 mortua
3534 1218 3723 1286 iacebat,

2188 1300 2340 1369 quasi
2393 1312 2666 1371 peccatum
2707 1303 2920 1359 latebat.
2963 1304 3020 1364 8i
3052 1315 3234 1360 autem
3274 1321 3383 1361 non
3423 1308 3582 1363 solum
3606 1312 3725 1367 male

2187 1391 2528 1450 delectationi
2558 1396 2894 1461 consensisti,
2941 1398 3038 1452 sed
3062 1399 3224 1454 etiam
3267 1400 3442 1469 ipsum
3467 1402 3642 1457 malum
3664 1403 3725 1460 le-

2188 1484 2341 1550 cisti;
2400 1487 2550 1556 quasi
2597 1498 2864 1544 mortuum
2916 1499 3070 1548 extra
3111 1500 3322 1560 portam
3351 1492 3723 1564 .eatulisti:jan

2188 1575 2319 1631 foris
2345 1593 2424 1642 es,
2453 1586 2507 1634 et
2535 1591 2777 1635 mortuus
2807 1581 2980 1637 elatus
3023 1597 3103 1637 es.
3131 1582 3343 1638 Tamen
3367 1592 3420 1638 et
3448 1584 3606 1654 ipsum
3639 1585 3721 1643 lio-

2189 1667 2362 1722 minus
2390 1670 2744 1735 resuscitavit,
2795 1681 2848 1726 et
2875 1671 3111 1728 reddidit
3149 1673 3326 1728 viduae
3365 1675 3516 1728 matri
3545 1690 3655 1730 sum.
3679 1675 3721 1732 Si

2187 1763 2439 1828 peccasti,
2491 1763 2744 1830 praeniteat
2762 1772 2814 1818 te
2837 1780 2855 1817 :
2879 1773 2938 1820 et
2986 1763 3274 1828 resuscitat
3316 1773 3367 1820 te
3411 1765 3657 1832 Dominus,
3681 1775 3721 1823 et

2187 1851 2374 1907 reddet
2416 1853 2671 1910 Ecclesia!
2709 1855 2864 1910 matri
2889 1864 3014 1911 tum.
3043 1857 3257 1912 Tertius
3285 1864 3517 1912 mortuus
3543 1864 3615 1913 ett
3645 1857 3724 1914 La»

2185 1959 2360 1998 sarus.
2394 1945 2490 2000 Est
2527 1961 2696 2018 genus
2739 1948 2934 2003 mortis
2965 1949 3224 2014 immane,
3255 1949 3396 2005 mala
3441 1947 3721 2005 consuetudo

2186 2037 2502 2106 appellatur.
2528 2038 2684 2092 Aliud
2733 2046 2816 2093 cst
2853 2040 2998 2094 enim
3047 2054 3296 2109 peccare,
3345 2038 3484 2096 aliud
3515 2037 3722 2109 peccandi

2187 2129 2628 2182 consuetudinem
2652 2128 2846 2184 facere.
2873 2129 2980 2196 Qui
2996 2139 3182 2200 peccat
3221 2139 3276 2185 et
3303 2131 3546 2185 continuo
3586 2129 3720 2186 corna

2184 2222 2344 2291 gitur,
2367 2221 2474 2275 cito
2495 2221 2761 2276 reviviscit
2781 2240 2800 2275 :
2825 2222 2952 2292 quia
2969 2221 3207 2278 nondum
3233 2230 3316 2276 cst
3331 2221 3608 2291 implicatus
3626 2235 3725 2278 coll-

2187 2314 2486 2379 suetudine,
2519 2329 2623 2369 non
2651 2323 2736 2370 est
2762 2315 3018 2384 sepultus.
3047 2315 3145 2381 Qui
3179 2324 3366 2372 autem
3394 2329 3594 2385 peccare
3625 2328 3721 2373 cono

2187 2403 2378 2471 suevit,
2409 2405 2650 2474 sepultus
2670 2412 2773 2471 est,
2801 2413 2854 2460 et
2871 2406 3009 2460 bene
3029 2405 3099 2462 de
3121 2405 3213 2460 illo
3249 2404 3459 2471 dicitur,
3487 2409 3589 2475 fetet
3617 2419 3632 2460 .'
3657 2403 3721 2458 ia-

2183 2498 2312 2567 cipit
2335 2498 2478 2553 enim
2504 2497 2701 2553 habere
2729 2499 3016 2568 pessimam
3031 2497 3254 2565 famam,
3281 2508 3518 2568 tanquam
3544 2497 3720 2554 odorem

2187 2590 2540 2644 teterrimum.
2575 2589 2736 2646 Tales
2779 2598 2907 2644 sunt
2949 2604 3138 2644 omnes
3189 2589 3394 2644 assueti
3448 2587 3712 2650 scelerihu.

2186 2681 2381 2750 perditi
2417 2682 2675 2736 moribus.
2700 2681 2842 2738 Dicis
2867 2682 2941 2746 ei,
2969 2680 3087 2736 Noli
3114 2681 3317 2738 facere.
3347 2679 3556 2751 Quando
3580 2688 3624 2736 te
3645 2693 3718 2734 aa-

2185 2775 2263 2829 dit
2297 2790 2453 2845 quem
2499 2785 2636 2830 terra
2675 2776 2752 2830 sic
2793 2777 3008 2845 preaﬁt,
3037 2783 3090 2829 et
3133 2776 3261 2830 tabe
3303 2775 3651 2844 corrumpitur,
3678 2779 3718 2832 et

2184 2866 2325 2920 mole
2345 2865 2743 2922 consuetudinis
2773 2865 3164 2935 pmgravatur?
3184 2864 3300 2922 Nec
3325 2866 3390 2920 ad
3406 2867 3566 2936 ipsum
3580 2873 3718 2918 tamen

2183 2957 2606 3011 resuscitandu'in
2646 2958 2822 3011 minor
2861 2956 2959 3010 fuit
2999 2956 3165 3012 virtus
3210 2955 3427 3012 Christi.
3474 2955 3716 3018 Novimttil.

2187 3049 2434 3112 vidimus,
2472 3049 2705 3119 quotidie
2751 3048 2996 3105 videmus
3040 3049 3310 3116 homines,
3356 3048 3569 3118 pessima
3610 3059 3712 3102 con-

2185 3145 2464 3200 suetudine
2496 3153 2794 3213 permutata
2821 3144 3002 3201 vivere
3039 3144 3260 3209 melius,
3290 3158 3445 3213 quam
3469 3141 3629 3196 vivunt
3645 3136 3712 3207 qui

2185 3236 2664 3306 reprehendebant.
2713 3235 3069 3290 Detestabaris
3111 3234 3382 3290 hominem
3435 3251 3448 3288 :
3493 3229 3710 3298 ecceipta

2187 3344 2342 3384 soror
2369 3329 2554 3384 Lazari
2589 3329 2671 3400 (si
2699 3337 2876 3386 tamen
2923 3329 3036 3398 ipsa
3082 3337 3163 3384 est
3209 3343 3331 3397 qua:
3368 3324 3522 3397 pedes
3547 3316 3712 3382 Domitii

2185 3423 2337 3478 unxit
2357 3430 2646 3491 unguento,
2671 3429 2724 3474 ct
2741 3419 2892 3476 tersit
2919 3420 3122 3489 capillis
3145 3420 3262 3474 suis
3307 3435 3437 3488 quos
3462 3417 3633 3472 laverat
3655 3410 3714 3465 la-

2184 3511 2419 3586 crymis)
2456 3512 2642 3566 melius
2687 3511 2940 3568 suscitata
2985 3519 3066 3565 est
3115 3525 3280 3580 quam
3325 3509 3480 3563 frater
3503 3500 3712 3575 ejnszde

2185 3619 2378 3674 magna
2429 3603 2588 3658 malae
2637 3602 3040 3664 consuetudinis
3078 3602 3220 3658 mole
3251 3611 3333 3657 est
3379 3600 3594 3656 liberata.
3615 3593 3713 3650 Erat

2186 3699 2326 3753 enim
2357 3696 2558 3751 famosa
2580 3697 2846 3765 peccatrix
2878 3713 2891 3750 :
2922 3705 2976 3750 et
3000 3695 3067 3749 de
3094 3694 3178 3748 illa
3227 3694 3423 3750 dictum
3453 3698 3545 3753 est,
3570 3684 3712 3741 Dimit-

2185 3799 2360 3845 tuntur
2383 3790 2428 3843 ei
2454 3801 2658 3859 peccata
2683 3790 2860 3854 inulta,
2887 3789 3124 3857 quoniam
3153 3786 3332 3842 dilexit
3358 3785 3553 3842 multum
3577 3776 3708 3851 (Luc.

2186 3883 2400 3956 57-47).
2426 3883 2679 3937 Videmus
2706 3883 2921 3945 multos,
2939 3881 3182 3936 novimus
3209 3879 3406 3934 multos
3433 3885 3600 3930 :ncnto
3619 3867 3710 3922 des-

2187 3987 2360 4047 peret,
2391 3991 2548 4031 nemo
2597 3975 2662 4029 de
2707 3989 2767 4028 se
2814 3979 3120 4043 praesumat.
3151 3970 3218 4026 Et
3249 3969 3524 4038 desperare
3555 3957 3709 4016 malum

2188 4079 2290 4135 est,
2313 4078 2368 4124 et
2396 4069 2464 4124 de
2483 4083 2542 4123 se
2565 4081 2907 4137 praesumere.
2936 4064 3023 4120 Sic
3053 4063 3162 4118 noli
3183 4062 3483 4132 desperare,
3511 4061 3562 4110 ut
3583 4049 3709 4118 eligas

2186 4159 2254 4214 de
2284 4173 2392 4228 quo
2417 4158 2615 4213 debeas
2642 4169 2987 4226 praesumere.

2256 4227 2313 4305 4.
2342 4250 2482 4320 Ergo
2523 4258 2576 4302 et
2611 4249 2868 4303 Lazarum
2918 4244 3172 4302 Dominus
3211 4238 3496 4300 suscitavit.
3521 4227 3709 4320 Audistis

2187 4316 2439 4412 qualem;
2458 4341 2507 4394 id
2546 4349 2646 4405 est,
2703 4338 2826 4407 quid
2873 4336 3133 4406 signiticet
3181 4332 3367 4390 Lazari
3420 4316 3706 4412 resurrectio.

2187 4409 2447 4506 [legamus
2499 4436 2672 4503 itaque
2699 4433 2845 4501 jam;
2872 4441 2925 4485 et
2968 4429 3216 4500 quoniam
3250 4426 3412 4482 multa
3445 4422 3494 4477 in
3531 4417 3615 4476 hac
3649 4409 3707 4466 ιι·

2187 4529 2366 4583 ctione
2408 4524 2693 4579 manifesta
2721 4533 2863 4589 sunt,
2894 4521 3278 4590 expositionem
3317 4519 3368 4572 in
3416 4508 3610 4581 singulis
3626 4513 3704 4558 ηοη

2186 4633 2506 4688 quaeramus,
2541 4625 2599 4670 ut
2649 4613 2946 4672 necessaria
2989 4620 3388 4681 pertractemus.
3414 4604 3530 4660 Erat
3574 4602 3706 4688 autem

2184 4681 2392 4782 quidam
2426 4710 2690 4779 languens,
2723 4705 2949 4760 Lazarus
2975 4720 3005 4758 α
3026 4703 3292 4763 Bethania,
3320 4700 3380 4752 de
3415 4689 3598 4752 castello
3614 4681 3705 4782 μα·

2170 4778 2274 4858 via:
2303 4814 2351 4858 et
2394 4778 2614 4856 Mart/ue
2648 4816 2876 4855 sororum
2897 4798 3010 4866 ejus
3035 4798 3072 4850 ².
3122 4796 3177 4850 1n
3222 4791 3488 4864 superiore
3522 4778 3704 4866 lectioni

2187 4896 2502 4952 meministis
2533 4893 2672 4963 quod
2696 4893 2950 4946 Dominus
2999 4888 3203 4944 cxiitdc
3224 4884 3457 4941 manibus
3471 4878 3701 4963 eorum!"

2187 4988 2423 5057 lapidare
2449 4961 2594 5039 illum
2627 4984 2922 5046 voluerant,
2955 4989 3008 5034 et
3036 4978 3279 5038 discessit
3302 4961 3698 5062 trans

2183 5053 2276 5135 ubi
2316 5081 2547 5135 Joannes
2593 5076 2891 5146 baptizabat
2934 5071 3110 5145 (Joan.
3141 5086 3198 5135 Χ,
3245 5067 3330 5130 59,
3375 5059 3480 5130 40).
3520 5053 3700 5112 ibim0

2187 5177 2411 5233 Domino
2436 5173 2741 5234 constituto,
2771 5165 3136 5224 inﬁrmabatur
3160 5162 3214 5218 in
3236 5154 3478 5220 Bethania
3494 5147 3693 5208 Lamus-

2185 5268 2326 5340 quod
2354 5264 2628 5320 castellum
2658 5267 2773 5316 erat
2803 5259 3097 5328 proximum
3126 5246 3473 5340 Jerosolymis.

2355 5356 2524 5410 Maria
2551 5364 2718 5408 autem
2750 5321 2854 5406 erat
2877 5363 2990 5418 qua:
3018 5345 3162 5398 unxit
3187 5321 3446 5398 Dominum
3472 5321 3692 5418 unguem!

2187 5465 2233 5508 et
2261 5456 2460 5506 extersit
2483 5449 2632 5520 pedes
2657 5447 2766 5514 eius
2786 5415 2985 5512 capillis
3023 5439 3150 5502 suis.
3180 5435 3320 5502 cui!“
3339 5431 3480 5520 ira“?
3514 5415 3694 5520 mar}:

2187 5493 2460 5508 cum..-"
2518 5493 2893 5514 -_-_-,___,,T,
3033 5493 3038 5494 γ
3135 5493 3149 5502 ,
3241 5493 3251 5502 ν
3339 5493 3350 5500 ν
3664 5493 3673 5504 ⁸

2185 5493 2556 5614 inﬁrmabatiir.
2597 5535 2843 5591 Miser-unt
2883 5547 3003 5602 ergo
3035 5543 3228 5584 sorores
3251 5525 3354 5596 ejus
3497 5493 3692 5614 euut.

2181 5587 2371 5690 τείως.
2413 5633 2527 5687 Jam
2570 5628 2911 5696 intelligimus
2940 5587 3050 5694 quo
3075 5621 3346 5680 miserunt,
3381 5605 3457 5666 ubi
3496 5602 3592 5662 erat
3621 5587 3691 5642 [’0‘

2252 5776 2266 5838 ὴ
2293 5779 2345 5838 ιιι
2367 5769 2589 5838 enipeus
2742 5760 3252 5838 eminentiae"...
3461 5809 3505 5838 η,
3526 5788 3589 5838 ss.

2253 5809 2589 5895 (autem:
2606 5809 3183 5883 {asset-mammia
3209 5817 3252 5863 in
3275 5809 3441 5860 monte.
3461 5809 3505 5845 n-
