1963 3187
22 951 28 963 )

23 1028 29 1080 ἓ

25 1103 29 1121 l

14 1208 29 1256 ’θ

9 1618 26 1650 μὶ

13 1647 30 1719 ιξ

14 1722 29 1748 τὶ

10 1754 32 1844 .i

10 1850 30 1907 -ἑ

132 180 190 210 m9
655 178 861 207 rnacmrus
879 177 970 205 χλιχ.
1006 179 1118 207 asper
1138 181 1183 209 XI.
1685 185 1754 215 nso

130 243 226 268 minus:
243 240 370 275 quoniam
393 239 489 266 absens
509 242 576 269 erat,
593 241 666 265 trans
680 236 821 264 .lordanem
838 236 912 263 scili-

129 292 173 315 cet.
187 286 318 313 Miserum
330 285 362 312 ad
375 285 526 316 Dominum,
540 284 691 310 nuntiantes
712 283 783 318 quod
797 287 912 317 aegrota-

128 334 163 360 ret
179 332 261 359 frater
275 338 368 358 earum
383 338 390 356 :
402 334 431 357 ut
449 330 472 357 si
485 330 639 364 dignaretur
650 328 762 362 veniret,
772 332 799 355 et
808 336 868 355 eum
882 328 915 355 ab

126 378 278 414 :rgritudine
297 378 433 404 liberaret.
454 376 499 403 ille
525 374 627 403 distulit
648 382 752 407 sanare,
781 378 810 401 ut
824 379 915 409 posset

127 425 292 453 resrrscitare.
314 422 385 457 Quid
397 430 462 458 ergo
475 421 696 449 renuntiaverunt
709 427 817 448 sorores
837 420 915 455 ejus?

126 472 237 504 Domine,
263 478 319 497 ecce
344 477 419 506 quem
440 477 511 496 amas
525 468 679 502 inﬁrmatur.
701 466 758 493 Non
778 466 911 499 dixerunt,

125 518 186 545 Veni
202 527 209 545 :
224 517 325 545 amanti
352 516 423 543 enim
452 514 635 542 tantummodo
660 512 836 541 nuntiandum
854 512 912 540 fuit.

123 565 178 593 Non
203 572 276 592 ausa:
304 567 366 591 sunt
394 563 495 595 dicere,
517 562 594 593 Veni,
619 566 646 589 et
667 568 815 588 sanaznon
843 567 914 587 ausae

121 615 181 638 sunt
201 610 304 641 dicere,
329 610 366 637 lbi
384 609 456 644 iube,
479 613 506 636 et
533 607 577 635 hic
590 607 644 635 ﬁet.
658 607 713 634 Cur
735 607 805 634 enim
821 614 874 633 non
887 610 914 633 et

122 658 188 689 istm,
216 657 239 683 si
265 656 331 683 ﬁdes
352 655 422 682 illius
448 654 617 682 Centurionis
637 653 698 680 inde
718 652 914 680 laudatur?Ait

123 703 192 729 enim
210 712 217 729 τ
232 701 293 729 Non
306 710 362 729 sum
376 701 467 737 dignus
481 705 507 727 ut
517 700 593 727 intres
602 699 647 726 sub
661 703 752 726 lectum
767 707 857 729 meum,
870 698 914 725 sed

122 755 217 778 ianuam
231 749 273 776 dic
286 748 369 780 uerbo,
384 753 407 775 et
431 747 560 774 sanabitur
575 754 636 782 puer
645 754 713 773 meus
729 744 841 780 (Matth.
855 752 912 777 vui,

124 795 149 827 8,
165 793 228 830 i0).
241 793 314 821 Nihil
328 793 422 820 horum
437 792 505 825 istze,
520 791 567 819 sed
583 789 777 822 tantummodo,
794 789 912 822 Domine,

127 848 178 867 me
198 848 272 874 quem
296 846 367 866 amas
381 838 536 873 inﬁrmatur.
551 836 658 864 Sufﬁcit
673 841 701 863 ut
722 836 845 867 noveris;
860 842 913 862 non

128 886 195 913 enim
213 893 295 918 amas,
311 889 340 912 et
359 885 471 912 deseris.
484 883 551 911 Dicit
578 883 674 918 aliquis
691 891 697 909 :
712 882 850 915 Quomodo
867 889 914 916 per

129 932 251 959 Larinum
277 935 400 965 peccator
427 929 635 964 signiﬁcabatur,
657 932 685 955 et
703 935 718 954 a
742 927 853 955 Domino
875 927 914 955 sic

130 977 277 1004 amabalnr‘l
299 976 396 1003 Audiat
421 983 481 1003 etim
506 974 649 1006 dicentem,
677 972 737 1000 Non
758 973 813 999 veni
827 981 914 999 vocare

129 1025 214 1059 justas,
226 1024 269 1050 sed
282 1027 423 1058 peccatores
439 1022 494 1058 (1d.
510 1030 550 1056 lx,
567 1022 622 1057 15).
635 1021 664 1049 Si
673 1021 743 1049 enim
760 1025 913 1056 peccatores

136 1070 199 1098 Deus
210 1077 260 1097 non
272 1073 384 1101 amaret,
408 1068 441 1096 de
463 1068 532 1096 coelo
563 1068 596 1095 ad
619 1072 704 1096 terras
725 1075 779 1095 non
802 1067 913 1095 dcscen~

134 1115 210 1143 deret.

166 1161 190 1188 ﬁ.
209 1161 316 1189 Audiens
337 1166 420 1188 autem
439 1161 525 1195 Jesus,
541 1161 605 1188 dixi:
624 1161 834 1195 eis:1nﬁrmitas
861 1162 914 1189 haec

134 1216 179 1234 non
191 1212 225 1234 est
237 1207 269 1234 ad
279 1213 392 1240 mortem,
410 1207 454 1234 sed
473 1215 519 1242 pro
542 1207 623 1242 gloria
641 1206 700 1241 Dei,
716 1212 745 1234 ut
761 1207 914 1249 gloriﬁeelur

133 1251 212 1280 Filias
225 1252 280 1279 Dei.
297 1252 370 1280 Talis
384 1252 541 1288 gloriﬁcatio
560 1253 643 1288 ipsius
657 1260 710 1279 non
723 1254 807 1287 ipsum
831 1254 913 1287 auxit,

132 1299 176 1326 sed
194 1299 268 1327 nobis
290 1299 399 1334 profuit.
416 1299 471 1326 Hoc
495 1306 559 1334 ergo
569 1300 615 1330 ait,
638 1307 687 1326 non
706 1299 788 1326 estad
801 1303 913 1331 mortem,

132 1345 188 1379 quia
199 1350 224 1373 et
237 1345 292 1381 ipsa
305 1353 377 1372 mors
387 1353 439 1372 non
451 1349 508 1372 erat
520 1344 553 1371 ad
565 1349 694 1377 mortem;
713 1345 759 1372 sed
776 1345 863 1378 potius
882 1345 915 1372 ad

133 1392 291 1423 miraculum,
304 1399 357 1426 quo
368 1391 438 1418 facto
448 1390 718 1418 credereuthomiucs
729 1390 754 1417 in
769 1389 914 1424 Christum,

134 1441 158 1463 et
168 1437 277 1464 vitarent
298 1443 388 1464 veram
411 1440 535 1463 mortem.
549 1435 619 1462 Sane
634 1435 721 1462 videte
742 1435 916 1470 quemadmo-

133 1481 191 1509 dum
217 1487 339 1518 tanquam
362 1488 394 1509 ex
411 1481 520 1516 obliquo
544 1481 672 1508 Dominus
694 1481 776 1507 Deum
799 1488 827 1508 se
839 1481 915 1514 dixit,

133 1533 234 1563 propter
249 1527 377 1563 quosdam
388 1528 433 1563 qui
447 1531 544 1561 negant
560 1526 656 1554 Filium
670 1527 751 1553 Demn
768 1534 836 1554 esse.
851 1526 916 1554 Nam

134 1580 193 1601 sunt
203 1574 316 1601 haeretici
338 1574 382 1608 qui
409 1574 459 1600 hoc
484 1576 592 1607 negant,
622 1572 692 1606 quod
714 1572 796 1599 Filius
824 1572 868 1599 Dei
883 1573 917 1599 sit

136 1619 215 1646 Deus.
229 1620 294 1647 Ecce
317 1619 424 1647 audiant
441 1619 601 1652 :In/irmilas
623 1618 686 1650 lucc,
709 1618 803 1653 inquit,
819 1627 867 1645 non
881 1623 917 1645 est

139 1665 172 1690 ad
184 1670 285 1698 mortem,
311 1665 356 1692 sed
377 1673 421 1699 pro
441 1664 523 1699 gloria
546 1663 604 1690 Dei.
626 1663 681 1696 Qua
713 1664 815 1698 gloria?
841 1665 917 1698 cujus

140 1711 183 1737 Dei
194 1711 205 1736 ἲ
216 1711 277 1738 Audi
291 1711 360 1746 quod
376 1710 496 1746 sequitur
512 1718 518 1736 :
538 1708 570 1736 Ut
590 1709 742 1744 gloriﬁcatur
765 1708 846 1735 Filius
860 1709 914 1736 Dei.

137 1755 268 1790 lnfirmitas
280 1764 337 1791 ergo
349 1756 412 1788 Iza'c,
426 1756 519 1790 inquit,
535 1763 584 1781 non
598 1760 634 1781 est
644 1754 678 1780 ad
687 1758 800 1786 mortem,
813 1754 856 1781 sed
871 1762 917 1789 pro

137 1802 211 1836 gloria
237 1803 293 1836 Dei,
323 1807 349 1829 ut
376 1802 528 1840 gloriﬁcatur
552 1801 635 1827 Filius
659 1800 707 1827 Dei
728 1809 850 1835 peream.
867 1800 918 1837 Per

137 1848 226 1881 quam?
239 1848 289 1875 Per
299 1847 369 1874 illam
386 1847 576 1873 inﬁrmitatem.

169 1893 192 1919 7.
208 1892 331 1928 Diligebat
344 1897 426 1919 autent
445 1891 520 1919 Jesus
542 1891 682 1923 Martham,
698 1897 720 1918 et
733 1900 840 1918 sororem
861 1891 915 1925 ejus

141 1936 248 1970 loriam,
264 1944 287 1965 ct
302 1938 435 1964 Lazarum.
449 1937 495 1964 llle
505 1938 641 1971 languens,
653 1937 705 1963 illae
715 1937 814 1969 tristes,
824 1944 917 1963 onmcs

140 1982 239 2011 dilecti:
254 1984 301 2011 sed
324 1984 448 2017 diligebat
474 1990 533 2021 eo;
542 1988 566 2010 et
594 1983 772 2022 languentium
790 1983 916 2016 saltator,

141 2029 187 2056 imo
199 2031 273 2057 etiam
289 2035 452 2057 mortuorum
467 2030 618 2059 suscitator,
641 2033 667 2056 et
693 2029 807 2055 tristium
822 2037 919 2056 conso-

144 2075 210 2102 lator.
226 2076 258 2103 Ut
276 2085 335 2111 ergo
358 2076 452 2102 audivit
465 2076 523 2110 quia
536 2075 722 2110 iu/irmabatur,
738 2079 796 2101 tunc
818 2075 918 2109 quidem

143 2122 220 2148 ntansit
240 2122 266 2149 in
288 2122 376 2149 eodeni
399 2122 453 2148 loco
476 2121 572 2148 duobus
603 2121 697 2148 diebus.
726 2120 918 2148 Nuntiaverunt

142 2174 195 2201 ergo
208 2168 253 2199 illi;
264 2168 359 2195 mansit
371 2168 425 2194 illic
440 2167 483 2194 ille
495 2177 500 2192 :
517 2167 616 2194 tamdiu
630 2172 733 2201 tempus
746 2166 854 2194 ductum
864 2173 915 2199 est,

142 2220 264 2249 quousque
278 2213 444 2249 quatriduum
468 2213 656 2248 complcretur.
673 2213 728 2239 Non
746 2212 850 2246 frustra,
868 2213 917 2241 nisi

143 2260 192 2293 quia
211 2260 285 2293 forte,
305 2261 358 2287 imo
373 2260 434 2294 quia
455 2263 528 2286 certe
556 2265 583 2286 ct
604 2259 660 2294 ipse
675 2266 800 2286 rnuncrus
814 2259 917 2286 dierum

143 2305 232 2332 iutimat
247 2306 351 2340 aliquod
367 2310 572 2332 sacramentum.
600 2305 697 2332 Deinde
711 2310 766 2341 post
780 2305 841 2338 lucc
855 2305 914 2339 dicit

143 2349 218 2377 itaum
230 2351 357 2387 discipulis
368 2352 432 2384 suis,
443 2350 536 2378 Eamus
546 2352 570 2377 in
580 2350 699 2377 Judmam
709 2359 717 2378 :
726 2351 767 2378 ubi
783 2358 849 2385 pene
863 2351 919 2378 fuc-

144 2401 176 2424 κη
186 2397 322 2432 lapidatus,
332 2399 374 2433 qui
384 2403 521 2434 propterea
532 2398 593 2425 inde
604 2398 758 2429 discessisse
767 2398 914 2440 videbatur,

143 2449 169 2469 ne
182 2443 346 2478 Iapidarctur.
369 2444 492 2471 Discessit
513 2444 582 2470 enim
607 2448 634 2470 ut
652 2443 745 2475 homo;
758 2443 803 2471 sed
825 2444 850 2474 in
867 2451 911 2470 re-

142 2486 232 2516 deundo
244 2489 318 2525 quasi
334 2489 430 2517 oblitus
445 2489 634 2522 inﬁrmitatem,
659 2489 775 2517 ostendit
799 2493 918 2530 potesta-

142 2539 195 2562 tem.
210 2535 313 2565 Eamus.
328 2536 421 2570 inquit,
433 2536 458 2562 in
470 2535 597 2562 Judwam.

169 2581 190 2608 8.
212 2582 309 2609 Deinde
325 2582 374 2608 hoc
389 2582 470 2613 dll‘lO,
488 2581 573 2608 videte
584 2580 808 2616 quemadmodum
837 2580 918 2614 disci:

141 2627 183 2660 puli
198 2630 277 2656 territi
301 2628 407 2655 fuerint.
426 2628 515 2653 Dicunt
539 2628 561 2654 ei
594 2626 712 2661 discipuli
730 2626 839 2663 :Rabbi,
852 2635 918 2660 nunc

140 2674 267 2707 quarebant
288 2680 310 2701 te
325 2675 410 2700 Juda-i
436 2674 559 2705 lapidare,
586 2678 607 2699 et
634 2673 723 2699 iterant
745 2673 814 2699 vadis
838 2672 919 2699 illuc?

141 2718 265 2756 "rspondit
294 2720 369 2746 Jesus
384 2729 391 2745 :
409 2719 499 2745 Nonne
524 2719 654 2745 duodecim
681 2722 737 2744 sum
757 2718 826 2744 liora:
851 2718 918 2744 dici?

139 2765 195 2797 Quid
209 2767 256 2794 sibi
283 2766 338 2792 vult
357 2766 404 2792 ista
428 2765 584 2799 responsio?
601 2765 637 2791 Illi
652 2764 786 2794 dixerunt,
804 2763 882 2790 Modo
894 2769 917 2790 te

139 2812 241 2848 lapidare
254 2813 370 2844 uolebant
380 2811 473 2843 ,ludazi,
490 2816 513 2844 et
525 2812 614 2845 item"!
632 2811 694 2843 illuc
705 2810 786 2842 vadis,
799 2814 827 2837 ut
838 2815 863 2837 te
879 2810 917 2837 la-

139 2857 233 2890 pideut?
247 2857 280 2884 Et
295 2856 429 2888 Dominus,
449 2857 538 2883 .Vonne
549 2856 679 2888 duodecim
692 2856 761 2883 liora:
780 2861 837 2882 sunt
848 2855 916 2884 diei?

140 2902 162 2928 Si
174 2903 226 2937 quin
237 2902 399 2929 ambulaverit
414 2904 438 2928 in
447 2903 495 2934 die,
509 2911 558 2929 non
569 2902 685 2936 c/fendit,
701 2902 759 2937 quia
769 2902 847 2930 larem
864 2903 913 2930 ltu-

963 237 1008 272 jus
1022 238 1110 264 mandi
1123 238 1188 265 uidet
1202 239 1242 266 :si
1254 243 1337 267 autem
1348 240 1511 268 ambulaverit
1534 242 1560 269 in
1571 247 1651 275 nocte,
1672 243 1753 277 offen.

965 283 1013 316 dit,
1024 284 1085 319 quia
1095 284 1140 312 lux
1151 293 1202 325 non
1217 289 1254 312 est
1268 286 1295 313 in
1307 294 1346 313 eo.
1361 287 1397 314 Dc
1410 286 1453 315 die
1465 288 1573 323 quidem
1588 289 1692 316 locutus
1702 296 1753 325 est,

967 329 1013 357 scd
1025 330 1051 356 in
1063 322 1158 357 nostra.
1167 331 1340 366 intelligentia
1365 333 1440 367 quasi
1454 322 1540 361 adhuc
1548 341 1600 361 nox
1613 339 1665 362 est.
1678 322 1755 362 Invol-

966 382 1058 403 cemus
1071 375 1152 409 diem,
1168 381 1198 404 ut
1208 377 1323 411 expellat
1339 382 1456 413 noctem,
1473 383 1502 406 et
1517 386 1563 406 cor
1582 379 1682 408 lumine
1695 379 1753 407 ἰίιι-

966 424 1042 448 stret.
1057 421 1127 455 Quid
1149 422 1220 449 enim
1235 422 1363 450 Dominus
1387 423 1475 452 dicere
1497 425 1600 453 voluit?
1621 425 1754 459 Quantum

966 467 1032 494 mihi
1047 467 1163 501 videtur,
1175 473 1303 504 quantum
1319 470 1439 498 sublucet
1453 470 1565 499 altitudo
1575 471 1755 506 profunditas-

966 520 1019 547 que
1031 514 1177 547 sententiae,
1191 515 1349 551 redarguere
1360 516 1555 545 voluitillorum
1564 517 1754 546 dubitationem

968 554 995 586 et
1010 559 1202 588 inlidelitatcm.
1217 561 1366 589 Voluerunt
1379 563 1450 590 enim
1460 563 1602 591 consilium
1620 564 1684 592 dare
1699 565 1753 592 Do-
1767 567 1778 589 τ

967 604 1039 631 mino
1051 613 1083 632 ue
1095 610 1251 639 moreretur,
1270 607 1313 642 qui
1327 612 1438 635 verterat
1455 609 1532 641 mori,
1547 617 1580 636 ne
1593 609 1642 645 ipsi
1664 617 1757 638 more-
1776 599 1781 608 ι

967 654 1068 678 rentur.
1095 651 1139 678 Sic
1159 652 1238 679 etiam
1253 652 1366 687 quodam
1384 653 1436 681 alio
1453 654 1512 681 loco
1534 655 1627 682 Petrus
1650 660 1758 683 sanctus

968 696 1080 731 diligens
1106 697 1256 731 Dominum,
1270 699 1324 726 sed
1337 699 1422 727 adhuc
1445 708 1497 727 non
1514 701 1591 735 plene
1606 702 1757 737 intelligens

967 749 1014 770 cur
1028 742 1152 775 venisset,
1169 744 1255 771 timuit
1270 752 1302 772 ne
1315 751 1472 778 moreretur,
1494 752 1520 774 et
1533 747 1594 775 vita:
1609 748 1754 782 displicuit,

970 788 1055 821 idest,
1069 789 1118 823 ipsi
1137 789 1248 817 Domino
1272 799 1278 817 :
1308 798 1368 817 nam
1389 799 1448 819 cum
1471 792 1600 820 indicaret
1620 793 1758 829 discipulis

967 835 1038 870 quod
1052 840 1122 862 esset
1136 835 1308 871 Jerosolymis
1321 845 1447 872 passurus
1459 846 1472 865 a
1485 838 1588 866 Iuda-is
1602 840 1622 871 ι,
1642 847 1754 875 respon—

967 880 1005 908 dit
1020 881 1114 908 Petrus
1139 881 1208 908 inter
1232 887 1352 916 caeteros,
1366 888 1392 910 et
1406 884 1451 916 ait,
1468 884 1536 911 Absit
1551 893 1567 911 a
1582 890 1614 918 te,
1638 886 1755 920 Domine,

968 927 1091 962 propitius
1103 927 1146 953 tibi
1154 932 1215 961 esto,
1228 936 1277 954 non
1288 929 1329 963 ﬁet
1341 929 1417 956 istud.
1433 929 1465 956 Et
1477 930 1601 958 continuo
1618 932 1755 965 Dominus,

968 973 1033 1000 Redi
1048 979 1104 1008 post
1123 982 1169 1006 me,
1196 979 1308 1007 satanas,
1324 983 1373 1002 non
1394 976 1459 1002 enim
1475 977 1544 1011 sapis
1553 985 1609 1012 qua:
1624 977 1671 1004 Dei
1684 983 1754 1011 sunt,

968 1020 1011 1046 sed
1025 1028 1080 1054 qua:
1095 1020 1233 1047 hominum.
1249 1021 1281 1048 Et
1298 1022 1373 1058 paulo
1384 1026 1445 1049 ante
1458 1023 1587 1050 conﬁtens
1602 1023 1695 1051 Filium
1712 1024 1759 1051 Dei

968 1064 1073 1092 laudem
1101 1071 1235 1093 meruerat
1251 1074 1258 1092 :
1275 1066 1394 1094 audierat
1406 1067 1488 1100 enim,
1504 1067 1597 1095 Beatus
1618 1077 1653 1100 es,
1668 1067 1761 1097 Simon

969 1111 1021 1138 Bar
1031 1111 1110 1144 Jona,
1124 1112 1182 1146 quia
1206 1120 1255 1139 non
1278 1113 1321 1139 tibi
1339 1113 1524 1140 revelavitcaro
1542 1119 1564 1140 et
1586 1115 1700 1149 sanguis,
1714 1115 1759 1142 sed

970 1157 1048 1185 Pater
1061 1166 1128 1185 meus
1149 1158 1190 1193 qui
1211 1159 1237 1185 in
1262 1159 1330 1185 caelis
1342 1164 1377 1186 est
1391 1159 1495 1195 (.llatl/t.
1511 1168 1567 1193 xvt,
1580 1160 1684 1196 16—25).
1711 1160 1761 1189 Cui

969 1202 1081 1235 dixerat,
1095 1203 1186 1230 Beatus
1197 1211 1241 1235 es;
1255 1203 1293 1230 illi
1307 1204 1380 1235 dicit,
1396 1204 1459 1231 Redi
1470 1210 1546 1237 relro,
1562 1210 1685 1233 satanas:
1699 1207 1761 1241 quia

970 1249 1063 1276 beatus
1076 1257 1091 1275 a
1105 1256 1134 1276 se
1150 1256 1200 1275 non
1217 1254 1284 1279 erat,
1298 1249 1350 1276 Sed
1364 1250 1450 1276 unde?
1464 1250 1530 1282 Quia
1543 1259 1592 1277 non
1611 1251 1653 1278 tibi
1664 1252 1760 1279 revela-

969 1295 1002 1321 tsit
1016 1302 1074 1321 caro
1091 1299 1114 1321 et
1138 1295 1251 1330 sanguis,
1281 1294 1325 1322 sed
1345 1294 1424 1321 Pater
1441 1304 1510 1322 meus
1526 1296 1568 1331 qui
1591 1296 1617 1323 in
1629 1295 1698 1323 caelis
1711 1302 1758 1325 est.

971 1340 1042 1367 Ecce
1055 1340 1123 1367 unde
1138 1340 1240 1372 beatus,
1255 1348 1307 1367 non
1323 1340 1356 1367 de
1367 1345 1422 1373 tuo,
1435 1341 1481 1368 sed
1498 1340 1530 1368 de
1544 1349 1614 1369 meo.
1629 1341 1686 1369 Non
1697 1343 1761 1377 quia

970 1386 1048 1412 Pater
1061 1393 1119 1421 ego,
1145 1386 1191 1413 sed
1221 1386 1282 1421 quia
1302 1387 1390 1413 omnia
1413 1395 1472 1421 qua:
1490 1387 1569 1414 habet
1592 1387 1681 1421 Pater,
1700 1396 1758 1415 mea

970 1436 1031 1459 sunt
1056 1431 1143 1467 (Joan.
1161 1439 1214 1465 xvr,
1243 1432 1299 1467 lS).
1317 1432 1343 1459 Si
1358 1432 1449 1459 beatus
1476 1432 1509 1459 de
1533 1431 1614 1467 ipsius
1640 1433 1760 1466 Domini;

970 1481 1075 1504 satanas
1086 1477 1118 1504 de
1129 1477 1222 1512 cujus?
1240 1477 1276 1505 lbi
1290 1477 1353 1505 dicit
1366 1487 1372 1504 :
1388 1478 1518 1505 rationem
1538 1478 1635 1513 quippe
1648 1478 1763 1506 reddidit

971 1523 1151 1556 beatitudinis,
1168 1524 1313 1557 utdiceret,
1331 1523 1391 1551 Non
1405 1533 1463 1551 caro
1474 1530 1496 1551 et
1510 1518 1613 1561 sanguis
1634 1525 1678 1552 tibi
1693 1533 1762 1552 reve-

970 1570 1029 1596 lavit
1045 1570 1104 1602 hoc,
1127 1571 1171 1597 sed
1189 1569 1266 1596 Pater
1285 1578 1356 1597 meus
1367 1571 1410 1606 qui
1434 1571 1460 1597 in
1480 1571 1548 1598 caelis
1564 1576 1624 1598 est:
1640 1571 1697 1599 lucc
1721 1576 1763 1599 est

970 1622 1047 1642 causa
1059 1615 1229 1643 beatitudinis
1243 1620 1304 1643 tuac.
1317 1616 1392 1649 Quod
1410 1623 1473 1643 vero
1488 1616 1553 1649 dixi,
1568 1617 1632 1644 Redi
1646 1622 1700 1652 post
1711 1626 1760 1650 me,

970 1667 1082 1695 satanas,
1096 1662 1156 1689 andi
1170 1663 1250 1689 etiam
1266 1663 1345 1698 huius
1366 1663 1403 1690 rei
1424 1670 1531 1690 causam
1545 1671 1555 1690 ε
1566 1663 1626 1691 Non
1640 1664 1706 1691 enim
1720 1672 1763 1691 sa-

971 1709 1009 1743 pis
1022 1716 1077 1743 quia
1090 1708 1137 1735 Dei
1149 1713 1217 1740 sunt,
1232 1709 1276 1735 sed
1289 1716 1346 1743 quae
1357 1714 1416 1735 sunt
1425 1709 1543 1736 hominis.
1553 1709 1636 1736 Nemo
1654 1716 1717 1744 e330
1731 1716 1761 1737 se

971 1755 1075 1790 palpet;
1092 1756 1125 1782 dc
1140 1763 1189 1782 suo
1213 1760 1319 1783 satanas
1341 1760 1391 1789 est,
1407 1755 1440 1783 de
1454 1756 1499 1782 Dei
1511 1756 1603 1783 beatus
1617 1761 1667 1783 est.
1693 1756 1762 1789 Quid

970 1805 1011 1828 est
1025 1801 1095 1827 enim
1106 1800 1139 1827 de
1150 1808 1209 1833 suo,
1225 1801 1275 1827 nisi
1287 1801 1320 1827 de
1345 1805 1456 1835 peccato
1475 1800 1542 1827 suo?
1564 1800 1639 1827 Tolle
1667 1808 1761 1834 pecca-

970 1852 1037 1879 tum,
1054 1847 1125 1881 quod
1140 1852 1181 1874 est
1206 1847 1295 1874 tuum?
1310 1846 1425 1879 Justitia,
1449 1846 1543 1881 inquit,
1558 1846 1591 1873 de
1610 1852 1670 1873 meo
1684 1851 1724 1873 est
1737 1847 1760 1873 ί.

970 1892 1037 1926 Quid
1052 1892 1122 1919 enim
1139 1892 1220 1919 habes
1239 1892 1309 1927 quod
1324 1899 1376 1919 non
1404 1891 1528 1927 accepisti
1554 1891 1581 1927 (Ι
1592 1891 1649 1918 Cor.
1667 1899 1706 1924 Iv,
1721 1891 1762 1924 7)?

970 1937 1035 1964 Cum
1047 1944 1110 1971 ergo
1125 1937 1224 1964 vellent
1242 1937 1305 1964 dare
1326 1937 1464 1964 consilium
1485 1937 1606 1964 homines
1619 1937 1685 1971 Deo,
1708 1937 1764 1964 dis-

970 1983 1050 2019 cipuli
1067 1984 1203 2018 magistro,
1220 1984 1289 2011 servi
1309 1984 1432 2016 Domino,
1459 1984 1551 2018 :cgroti
1567 1983 1687 2016 medico;
1702 1991 1762 2011 cor-

970 2029 1051 2064 ripuit
1063 2036 1119 2062 eos,
1133 2033 1159 2055 et
1173 2029 1219 2062 ait,
1236 2028 1328 2055 Nonne
1346 2029 1477 2055 duodecim
1492 2029 1561 2055 horta
1570 2034 1627 2056 sunt
1650 2029 1721 2056 diei?
1731 2028 1763 2056 Si

970 2076 1024 2111 quis
1039 2074 1202 2101 ambulaverit
1224 2075 1249 2100 in
1265 2074 1314 2107 die,
1338 2082 1388 2100 non
1412 2073 1527 2106 o/fendit.
1544 2073 1585 2100 Me
1608 2073 1760 2107 sequimini,

970 2122 993 2149 si
1008 2130 1059 2149 non
1073 2121 1151 2148 vultis
1164 2119 1300 2147 offendere
1315 2128 1321 2145 :
1343 2119 1424 2146 nolite
1446 2118 1510 2145 mibi
1533 2118 1672 2146 consilium
1684 2118 1760 2152 dare,

971 2175 1038 2203 quos
1048 2175 1062 2194 a
1078 2175 1121 2194 me
1130 2166 1269 2193 consilium
1284 2170 1387 2200 oportet
1404 2164 1536 2199 accipere.
1553 2164 1611 2198 Quo
1621 2171 1685 2199 ergo
1700 2171 1761 2199 per.

971 2214 1046 2246 tinet,
1063 2212 1156 2240 Nonne
1176 2211 1307 2238 duodecim
1320 2211 1390 2238 horae
1411 2215 1469 2237 sunt
1491 2210 1561 2237 diei?
1573 2210 1639 2242 Quia
1650 2214 1678 2237 ut
1690 2209 1761 2237 diem

971 2267 1000 2287 se
1013 2267 1072 2287 esse
1086 2258 1249 2292 ostenderet,
1261 2257 1399 2285 duodecim
1411 2257 1555 2292 discipulus
1569 2256 1659 2292 elegit.
1671 2256 1698 2284 Si
1711 2264 1761 2291 ego

971 2314 1040 2337 sum.
1057 2306 1150 2340 inquit,
1163 2305 1230 2337 dies,
1244 2308 1271 2332 ct
1282 2311 1329 2331 vos
1349 2303 1434 2336 horae,
1461 2302 1588 2337 numquid
1613 2302 1686 2329 hora:
1707 2301 1762 2329 diei

971 2352 1110 2379 consilium
1125 2350 1208 2378 dant?
1223 2350 1300 2377 Horzc
1315 2350 1386 2390 diem
1400 2353 1556 2384 sequuntur,
1570 2356 1621 2376 non
1636 2348 1694 2375 dies
1709 2348 1761 2375 lto-

971 2406 1023 2425 ras.
1039 2399 1068 2426 Si
1083 2406 1146 2433 ergo
1159 2397 1194 2424 illi
1209 2397 1291 2427 home,
1316 2396 1378 2431 quid
1400 2396 1435 2423 ibi
1455 2394 1554 2422 Judas?
1564 2395 1596 2422 Et
1618 2395 1674 2429 ipse
1692 2394 1761 2421 inter

970 2444 1110 2472 duodecim
1126 2443 1222 2470 horas?
1246 2443 1273 2470 Si
1292 2443 1358 2470 hora
1372 2447 1440 2475 erat,
1465 2441 1586 2472 lucebat;
1609 2441 1631 2468 si
1645 2440 1759 2473 lucebat,

970 2489 1103 2525 quomodo
1115 2489 1185 2517 diem
1196 2488 1229 2516 ad
1242 2493 1355 2515 mortem
1376 2487 1513 2514 tradebat?
1526 2486 1579 2514 Sed
1593 2486 1720 2513 Dominus
1734 2486 1761 2514 in

971 2536 1021 2563 hoc
1034 2536 1116 2563 verbo
1130 2543 1181 2562 non
1193 2535 1280 2570 ipsum
1290 2534 1394 2566 Judam,
1418 2534 1465 2560 sed
1480 2540 1661 2560 successorem
1677 2532 1762 2565 ipsius

972 2582 1141 2617 pr:cvidcbat.
1166 2580 1233 2608 .luda
1251 2579 1322 2607 enim
1349 2579 1461 2606 cadente
1477 2579 1607 2607 successit
1625 2578 1759 2611 Matthiae,

970 2632 998 2654 et
1011 2627 1189 2658 duodenarius
1202 2633 1328 2653 numerus
1337 2625 1433 2652 mansit
1446 2624 1513 2661 (Act.
1529 2632 1547 2656 ι,
1558 2624 1616 2660 (ἐϋ).
1626 2624 1682 2652 Non
1696 2630 1762 2658 ergo

971 2674 1068 2702 frustra
1082 2673 1220 2706 duodecim
1231 2671 1376 2711 discipulos
1389 2671 1468 2707 elegit
1482 2671 1618 2707 Dominus,
1631 2671 1680 2706 nisi
1693 2669 1755 2708 quiq

971 2721 1027 2755 ipsc
1050 2719 1195 2754 spiritualis
1209 2723 1251 2746 est
1261 2718 1327 2745 dies.
1341 2718 1491 2753 Sequuntur
1503 2724 1566 2752 ergo
1581 2717 1655 2743 hora:
1674 2715 1757 2748 diem,
1782 2712 1784 2717 ⁷

971 2765 1116 2801 pradicant
1133 2765 1203 2793 liora:
1223 2764 1304 2798 diem,
1319 2763 1394 2799 [torre
1413 2763 1602 2797 illustrentura
1613 2761 1667 2797 die,
1685 2760 1758 2797 hora:

1003 2823 1010 2839 ι
1026 2826 1049 2848 tn
1061 2829 1105 2846 sex
1115 2825 1178 2852 Mss,
1192 2820 1251 2854 quid
1262 2824 1321 2854 esset
1333 2827 1455 2854 passurus:

1001 2855 1010 2869 ²
1022 2858 1076 2878 Ηπιε
1089 2857 1125 2878 est
1137 2848 1177 2876 Er:
1186 2848 1323 2884 punctuatio
1333 2848 1358 2884 in
1370 2851 1434 2884 hunc
1448 2850 1526 2874 locum
1538 2856 1544 2874 :
1560 2848 1622 2879 Tolle
1637 2850 1761 2884 peccatum

1016 2886 1032 2910 ιι
1044 2888 1076 2910 est
1087 2887 1162 2922 tuum,
1169 2881 1369 2922 Ῑὶιεξίρίᾳηίηιηέῇι,
1387 2882 1417 2907 dc
1429 2887 1481 2906 meo
1489 2884 1531 2906 est.
1548 2884 1603 2906 Iov.
1685 2881 1761 2909 tuum,

988 2923 1018 2940 uo
1030 2920 1115 2947 puncta
1128 2916 1290 2946 interponunt.
1324 2916 1351 2936 tt.
