3926 6372
529 324 662 381 1751

528 439 896 498 illuminentur
930 455 960 496 a
1010 441 1117 508 die,
1159 450 1216 497 et
1250 454 1347 514 per
1372 439 1627 497 horarum
1670 439 2104 512 prtedicationem

531 532 716 590 credat
739 533 967 591 mundus
992 535 1045 590 in
1083 535 1244 591 diem.
1273 535 1386 590 Hoc
1409 550 1536 606 ergo
1559 535 1632 590 ait
1656 534 1726 590 de
1767 533 2102 604 compendio,

527 623 613 681 Me
645 625 948 696 sequimini,
972 625 1016 681 si
1038 639 1144 681 non
1167 626 1328 681 vultis
1348 625 1642 682 offendere.

604 723 657 779 9.
700 720 769 774 Et
793 729 906 790 post
927 718 1022 774 hoc
1044 718 1164 772 dicit
1181 719 1253 773 eis
1273 734 1293 773 :
1323 717 1550 772 Lazarus
1567 719 1759 774 amicus
1789 727 1956 772 noster
1976 718 2101 771 dor-

486 803 494 880 ἶ
525 817 654 882 mit;
691 814 781 870 sed
799 813 927 869 vado
950 854 966 880 ,
1005 822 1060 866 ut
1082 828 1307 866 asomno
1327 811 1535 866 excitem
1553 828 1688 867 eum.
1718 810 1914 866 Verum
1949 809 2106 865 dixit.

493 883 497 900 ε
525 907 812 968 Sororibus
831 913 1074 962 mortuus
1101 913 1238 972 erat,
1265 904 1490 959 Domino
1517 903 1833 960 dormiebat.
1857 903 2102 972 Homini-

524 1001 628 1059 bus
663 1008 903 1056 mortuus
939 1007 1083 1063 erat,
1111 998 1200 1068 qui
1233 1012 1353 1052 eum
1381 996 1638 1052 suscitare
1675 1011 1780 1050 non
1812 1003 2098 1066 poterant:

524 1108 650 1150 nam
673 1091 926 1146 Dominus
957 1097 1098 1144 tanta
1124 1103 1244 1143 eum
1267 1087 1517 1142 facilitate
1536 1087 1800 1142 excitabat
1825 1087 1893 1142 de
1919 1087 2100 1156 sepul-

527 1199 642 1251 cro,
671 1190 866 1254 quanta
887 1189 942 1235 tu
962 1195 1068 1235 non
1089 1179 1287 1235 excitas
1307 1179 1658 1233 dormientem
1685 1177 1752 1232 de
1778 1178 1934 1232 lecto.
1961 1175 2104 1247 Ergo

532 1271 841 1331 secundum;
869 1269 1158 1342 potentiam
1185 1283 1335 1324 suam
1363 1267 1498 1323 dixit
1531 1268 1880 1322 dormientem
1925 1284 1937 1319 :
1981 1266 2102 1336 quia

524 1374 578 1421 et
602 1364 691 1420 alii
718 1364 910 1418 mortui
934 1361 1060 1416 dicti
1081 1369 1205 1416 sunt
1226 1361 1276 1413 in
1292 1357 1576 1428 Scripturis
1596 1373 1736 1428 szepe
1755 1356 2102 1422 dormientes,

526 1459 663 1513 sicut
688 1455 976 1526 Apostolus
994 1453 1157 1520 dicit,
1201 1451 1276 1506 De
1309 1451 1664 1506 dormientibus
1693 1459 1857 1503 autem
1879 1451 1995 1503 nolo
2018 1465 2103 1504 vos

527 1549 794 1619 ignorare,
819 1548 1029 1617 fratres,
1067 1553 1122 1598 ut
1158 1559 1258 1596 non
1284 1541 1644 1596 contristcmini
1667 1583 1682 1607 ,
1719 1541 1848 1595 sicut
1872 1541 2103 1596 etcteteri

522 1640 610 1711 qui
631 1655 769 1710 spem
791 1654 891 1692 non
912 1637 1094 1690 habent
1122 1635 1166 1705 (Ι
1193 1633 1364 1689 Thess.
1394 1649 1466 1697 tv,
1492 1633 1602 1703 12).
1624 1631 1748 1688 ldeo
1769 1641 1823 1687 et
1852 1633 1962 1702 ipse
1979 1632 2106 1688 dor-

521 1731 749 1787 mientes
774 1727 1089 1798 appellavit,
1130 1726 1252 1796 quia
1283 1734 1676 1780 resurrecturos
1704 1722 2098 1794 prtenuntiavit.

522 1822 734 1877 Dormit
757 1835 884 1890 ergo
904 1820 1079 1873 omnis
1109 1827 1348 1894 mortuus
1366 1859 1382 1884 ,
1423 1826 1478 1871 et
1508 1817 1677 1871 bonus
1703 1824 1757 1871 et
1778 1817 1967 1871 malus.
1996 1817 2102 1872 Sed

520 1910 792 1982 quomodo
833 1910 1056 1964 interest
1096 1908 1148 1963 in
1180 1907 1308 1978 ipsis
1329 1906 1419 1977 qui
1465 1906 1702 1978 quotidie
1743 1905 2016 1962 dormiunt
2048 1916 2104 1963 et

520 2013 831 2074 exsurgunt,
847 2002 974 2072 quid
993 2003 1216 2072 quisque
1232 2000 1405 2056 videat
1425 2001 1476 2054 in
1497 2001 1698 2056 somnis
1722 2017 1736 2053 :
1759 1999 1847 2055 alii
1869 2001 2104 2057 sentiunt

519 2096 642 2150 lana
662 2093 867 2149 somnia
888 2135 904 2160 ,
935 2093 1024 2146 alii
1050 2092 1343 2164 torquentia
1362 2133 1377 2157 ,
1410 2093 1480 2146 ita
1502 2100 1560 2146 ut
1582 2091 1840 2162 evigilans
1863 2092 2101 2148 dormire

521 2189 724 2253 timeat,
749 2201 814 2240 ne
840 2184 906 2240 ad
928 2185 1038 2256 ipsa
1065 2186 1254 2242 iterum
1281 2183 1495 2239 redeat:
1519 2185 1596 2239 sic
1616 2186 1978 2256 unusquisque
2005 2186 2100 2242 ho-

517 2282 724 2337 minum
743 2295 864 2335 cum
894 2293 1052 2334 causa
1079 2292 1173 2332 sua
1200 2277 1418 2344 dormit,
1450 2292 1571 2332 cum
1601 2291 1761 2332 causa
1790 2291 1884 2331 sua
1905 2280 2094 2348 surgit.

516 2372 588 2428 Et
613 2373 832 2427 interest
861 2371 1000 2441 quali
1027 2369 1266 2426 custodia
1287 2371 1511 2440 quisque
1538 2369 1835 2440 recipiatur,
1867 2370 1932 2425 ad
1952 2371 2099 2440 judi-

519 2477 635 2519 cem
664 2471 845 2532 postea
886 2459 1276 2531 producendus.
1306 2459 1439 2515 Nam
1481 2470 1534 2516 et
1559 2462 1891 2533 receptiones
1919 2463 1972 2517 in
2002 2478 2096 2517 cu-

518 2557 687 2612 stodia
706 2571 804 2626 pro
824 2555 1028 2611 meritis
1054 2569 1331 2610 causarum
1357 2554 1676 2610 adhibentur
1704 2573 1717 2610 :
1753 2557 1884 2611 alios
1905 2555 2097 2626 juben-

516 2661 603 2706 tur
630 2649 900 2705 custodire
928 2649 1172 2714 lictores,
1206 2647 1492 2703 humanum
1524 2656 1578 2703 et
1597 2648 1722 2703 mite
1750 2647 1981 2703 officium
2018 2657 2099 2703 at-

513 2757 617 2812 qtte
642 2741 830 2806 civile;
861 2739 948 2794 alii
975 2739 1257 2795 traduntur
1281 2738 1583 2809 optionibus
1611 2740 1626 2770 ¹
1650 2756 1665 2805 ;
1696 2739 1784 2793 alii
1819 2740 2098 2794 mittuntur

513 2833 569 2888 in
590 2845 857 2887 carcerem
897 2848 910 2884 :
940 2839 994 2885 et
1024 2828 1074 2884 in
1109 2830 1224 2899 ipso
1249 2843 1462 2884 carcere
1497 2843 1602 2883 non
1626 2844 1813 2885 omnes
1832 2873 1846 2895 ,
1873 2831 1967 2886 sed
2000 2845 2096 2902 pro

513 2922 722 2979 meritis
749 2922 1050 2994 graviorum
1075 2933 1354 2975 causarum
1392 2920 1444 2974 in
1487 2920 1592 2974 ima
1617 2921 1847 2976 carceris
1881 2931 2096 2976 contru-

513 3017 732 3072 duntur.
758 3015 906 3072 Sicut
936 3030 1064 3085 ergo
1098 3015 1322 3069 diversae
1354 3012 1610 3068 custodiae
1641 3014 1910 3085 agentium
1939 3015 1992 3068 in
2018 3015 2097 3069 of-

511 3112 665 3177 ﬁcio;
708 3111 785 3165 sic
825 3110 1050 3166 diversa:
1077 3108 1334 3164 custodite
1375 3116 1740 3175 mortuorum,
1789 3116 1842 3162 et
1884 3108 2093 3163 diversa

513 3205 703 3260 merita
742 3203 1149 3273 resurgentium.
1192 3202 1458 3271 Receptus
1483 3211 1566 3258 est
1591 3216 1812 3272 pauper,
1847 3211 2094 3272 receptus

511 3306 597 3355 cst
623 3298 774 3353 dives
807 3313 820 3349 :
861 3296 954 3351 sed
986 3295 1074 3350 ille
1099 3295 1152 3349 in
1173 3295 1348 3349 sinum
1373 3294 1639 3360 Abrahae;
1681 3293 1772 3350 ille
1790 3293 1878 3349 ubi
1901 3295 2090 3362 sitiret,

510 3400 569 3447 et
586 3400 787 3462 guttam
815 3403 920 3443 non
950 3387 1210 3443 inveniret
1229 3386 1377 3459 (Luc.
1407 3401 1521 3454 xvi,
1551 3385 1758 3457 22-24).

582 3482 670 3538 10.
717 3478 920 3534 Habent
943 3492 1070 3548 ergo
1089 3490 1276 3532 omnes
1295 3476 1504 3542 animae,
1529 3485 1587 3531 ut
1605 3491 1670 3530 ex
1694 3475 1793 3532 hac
1812 3477 2092 3533 occasione

511 3575 772 3632 instruam
796 3571 1120 3626 Charitatem
1145 3576 1378 3624 vestram
1397 3611 1412 3634 ,
1442 3568 1640 3623 habent
1665 3584 1853 3626 omnes
1877 3572 2086 3638 animte,

511 3680 634 3721 cum
657 3664 724 3720 de
752 3662 952 3720 saeculo
990 3661 1216 3719 exierint
1236 3703 1252 3728 ,
1301 3659 1539 3716 diversas
1566 3662 1899 3731 receptiones
1943 3679 2088 3718 suas.

509 3756 720 3814 Habent
759 3755 1008 3826 gaudium
1051 3754 1239 3818 bonae,
1286 3753 1437 3807 mala:
1480 3761 1787 3815 tormenta.,
1812 3753 1918 3809 Sed
1968 3771 2089 3810 cum

507 3846 649 3902 facta
679 3845 838 3902 fuerit
865 3847 1207 3912 resurrectio,
1231 3853 1285 3900 et
1304 3844 1564 3900 bonorum
1591 3845 1842 3916 gaudium
1862 3847 2089 3918 amplius

511 3940 649 4005 crit,
707 3949 760 3994 et
799 3939 1060 3993 malorum
1104 3945 1366 3993 tormenta
1409 3937 1681 4008 graviora;
1727 3938 1943 4010 quando
1967 3956 2089 3997 cum

507 4043 738 4100 corpore
780 4029 1183 4099 torquebuntur.
1236 4028 1452 4099 Recepti
1500 4036 1622 4084 sunt
1667 4031 1717 4084 in
1763 4045 1892 4100 pace
1921 4034 2088 4088 sancti

508 4119 851 4186 Patriarchm,
881 4119 1177 4190 Prophetx,
1211 4120 1468 4190 Apostoli,
1495 4119 1773 4192 Martyres,
1806 4122 1932 4178 boni
1960 4123 2090 4180 ﬁde-

508 4210 625 4277 les;
655 4227 841 4267 omnes
870 4220 1045 4266 tamen
1075 4209 1250 4266 adhuc
1279 4211 1331 4265 in
1371 4211 1477 4265 line
1505 4213 1771 4282 accepturi
1800 4221 1924 4267 sunt
1945 4215 2088 4285 quod

511 4305 757 4376 promisit
783 4305 963 4358 Deus:
1001 4302 1261 4373 promissa
1303 4303 1442 4356 enim
1473 4311 1554 4358 est
1580 4304 1901 4358 resurrectio
1927 4305 2086 4360 etiam

510 4398 708 4462 carnis,
735 4393 920 4449 mortis
943 4395 1308 4462 consumptio,
1346 4394 1450 4447 vita
1482 4403 1679 4448 :ctcrna
1706 4411 1825 4448 cum
1849 4397 2085 4467 Angelis.

509 4483 627 4539 Hoc
640 4497 826 4538 omnes
841 4481 995 4536 simul
1021 4482 1288 4551 accepturi
1316 4497 1499 4535 sumus
1523 4499 1536 4535 :
1565 4498 1687 4536 nam
1715 4485 1950 4554 requiem
1970 4502 2088 4556 qua}.

509 4573 764 4631 continuo
790 4580 910 4644 post
934 4580 1155 4627 mortem
1182 4572 1368 4637 datur,
1419 4573 1464 4626 si
1502 4588 1564 4626 ea
1593 4574 1781 4644 dignus
1811 4586 1891 4631 est
1913 4619 1928 4645 ,
1964 4588 2088 4636 tunc

509 4666 703 4736 accipit
726 4665 950 4736 quisque
982 4678 1103 4718 cum
1138 4664 1380 4719 moritur.
1413 4665 1623 4720 Priores
1643 4679 1960 4738 acceperunt
1987 4671 2088 4727 Pa-

510 4758 756 4815 triarchze
795 4775 809 4811 :
847 4755 1018 4812 videte
1072 4772 1138 4813 ex
1188 4771 1293 4827 quo
1340 4758 1677 4828 requiescunt
1710 4777 1723 4813 :
1766 4764 2085 4831 posteriores

509 4849 807 4923 Propheta,
840 4848 1106 4905 recentius
1132 4849 1389 4920 Apostoli,
1424 4850 1588 4906 multo
1614 4854 1938 4911 recentiores
1964 4871 2086 4912 san-

509 4944 582 4999 cti
610 4943 899 5014 Martyres,
927 4939 1161 5013 quotidie
1196 4941 1317 4994 boni
1346 4941 1546 4996 fideles.
1584 4943 1650 4998 Et
1674 4945 1762 4999 alii
1783 4945 1835 5000 in
1867 4948 1965 5003 ista
1998 4967 2085 5006 re-

507 5035 632 5105 quie
651 5035 760 5104 jam
789 5033 882 5089 diu
904 5042 1029 5088 sunt
1047 5034 1090 5098 ',
1121 5032 1208 5088 alii
1235 5047 1340 5087 non
1371 5040 1477 5087 tam
1505 5034 1614 5100 diu,
1642 5036 1730 5090 alii
1750 5039 2084 5107 paucioribus

506 5128 697 5194 annis,
749 5126 837 5180 alii
889 5141 986 5181 nec
1033 5126 1236 5181 recenti
1278 5134 1537 5197 tempore.
1569 5128 1700 5183 Cum
1729 5145 1855 5185 vero
1883 5132 1950 5186 ab
1984 5135 2084 5191 hoc

572 5243 589 5273 ι
614 5246 666 5289 tu
689 5246 800 5308 Mss.
818 5250 907 5308 per
931 5235 958 5288 ὸ
972 5238 1197 5308 scribitur
1223 5236 1486 5308 obtionibus
1501 5250 1784 5308 :corrupteg;
1809 5257 1918 5294 nam
1935 5249 2084 5308 Optio-

506 5315 601 5372 αρε
621 5310 769 5372 varro
789 5297 994 5372 [siderus
1014 5297 1192 5372 aliique
1215 5306 1381 5372 putant
1401 5303 1462 5372 ab
1480 5297 1686 5372 optando
1717 5297 1885 5372 dictos,
1905 5297 1988 5370 qui
2013 5311 2084 5358 ni-

507 5367 684 5438 mirum
705 5361 1044 5438 electi'essent
1063 5361 1374 5438 decurionum
1396 5361 1659 5436 administri
1688 5372 1740 5415 et
1763 5361 2012 5438 adjutores
2035 5373 2082 5421 in

506 5439 566 5477 re
587 5424 796 5476 militari.
838 5425 972 5488 lique
997 5423 1155 5488 variis,
1175 5431 1414 5488 praeterea
1449 5426 1623 5488 muniis
1661 5423 2078 5488 l'irzeliciebantur:

507 5492 639 5538 unde
665 5492 780 5557 sunt
799 5484 1260 5557 cptionesfabricae,
1275 5492 1325 5535 et
1341 5486 1480 5557 cilicii
1498 5489 1602 5536 sive
1623 5484 1845 5557 (:irceris,
1868 5504 1964 5554 quo
1999 5506 2084 5555 po-

505 5557 690 5602 stremo
725 5545 992 5609 signiﬁcatu
1021 5546 1101 5609 hic
1138 5547 1469 5609 nominantur;
1507 5561 1694 5598 necnon
1733 5551 1781 5600 in
1819 5545 2079 5605 Coinme'ut.

510 5623 659 5673 super
699 5608 870 5673 Ephes.
909 5621 1015 5670 cap.
1039 5608 1088 5673 4,
1126 5611 1254 5659 inter
1292 5611 1520 5673 Ambrosii
1559 5623 1732 5672 opera,
1768 5613 1842 5662 his
1881 5616 2078 5666 verbis:

449 5709 467 5737 ι
518 5689 542 5717 ι
562 5667 919 5742 itaque'Paulus
954 5667 1007 5720 et
1027 5667 1144 5719 silas
1168 5677 1360 5733 tempus
1379 5667 1686 5732 distulerunt,
1711 5667 1810 5737 quo
1837 5676 2082 5737 optionem

520 5749 539 5780 σ
563 5731 771 5780 carceris
791 5732 1099 5780 bantuarent.
1118 5747 1140 5776 ι

563 5731 771 5781 carceris
791 5731 1099 5782 baptizarent.
1118 5747 1140 5776 ι

520 5749 539 5782 tl
563 5745 771 5781 carceris
791 5745 1099 5793 baptizarent.
1118 5747 1140 5776 ii

578 5793 599 5823 ⁸
620 5792 692 5844 sic
715 5789 880 5853 plures
906 5798 1013 5845 uss.
1037 5800 1091 5846 At
1114 5793 1248 5854 editi,
1267 5791 1448 5844 tamdiu
1494 5799 1601 5850 sunt
1639 5806 1656 5846 :
1692 5801 1744 5845 et
1775 5797 1916 5859 paulo
1941 5799 2079 5865 infra,

1451 321 1518 378 ΙΝ
1552 320 1832 379 JOANNIS
1869 321 2330 391 EVANGELIUM,
2359 324 2418 380 S.
2457 323 2822 384 AUGUSTINI

3616 341 3728 403 i753

2212 454 2401 495 somno
2425 441 2765 513 evigilabunt.
2816 442 2960 504 imul
2983 459 3172 503 omnes
3199 448 3337 519 quod
3365 451 3644 522 promissum
3667 469 3730 518 ρει

2211 533 2478 602 accepturi
2507 544 2647 590 sunt.
3088 595 3090 597 ,

2283 624 2370 679 il.
2411 624 2640 682 Lazarus
2687 630 2881 684 amicus
2909 640 3076 687 noster
3099 633 3322 702 dormit;
3355 638 3440 693 sed
3460 641 3574 696 vado
3593 684 3606 708 ,
3626 654 3670 698 ut
3704 664 3730 703 η

2210 732 2384 772 somno
2413 719 2619 773 excitem
2647 737 2778 774 eum.
2805 721 3051 779 Dixerunt
3072 741 3192 797 ergo
3209 729 3437 799 discipuli
3465 747 3484 786 :
3509 737 3726 804 quomodo

2211 806 2621 892 intellexerunt,
2652 812 2728 867 sic
2771 815 3198 884 responderunt:
3229 817 3468 889 Domine,
3495 826 3534 880 si
3551 828 3730 901 demit,

2209 889 2376 954 salitus
2395 900 2505 954 erit.
2529 901 2677 957 Solet
2700 905 2840 960 enim
2867 922 2986 964 esse
3013 924 3230 966 somnus
3257 919 3600 986 aegrotandum
3617 889 3726 979 sala:

2211 990 2280 1044 tis
2309 991 2581 1049 indicium.
2611 994 2823 1052 Dixerat
2867 1010 3034 1054 autem
3077 1001 3226 1059 Iesus
3251 1006 3314 1059 de
3346 1018 3496 1064 morte
3515 1012 3641 1082 ejus;
3675 1018 3734 1071 illi

2208 1092 2377 1137 autem
2419 1096 2719 1156 putauerunt
2761 1091 2898 1162 quod
2946 1093 3009 1147 de
3054 1095 3353 1153 dormitione
3394 1103 3546 1155 somni
3569 1104 3730 1162 diceret.

2214 1173 2355 1230 Tune
2388 1193 2506 1249 ergo
2544 1179 2672 1235 dixit
2711 1182 2782 1237 eis
2801 1181 2952 1239 Jesus
2977 1188 3262 1259 manifeste.
3287 1189 3602 1250 Subohscure
3621 1199 3731 1254 enim

2209 1267 2432 1338 dixerat,
2463 1272 2687 1328 dormit:
2713 1274 2786 1330 ait
2814 1291 2945 1348 ergo
2972 1279 3251 1336 manifeste
3270 1322 3286 1348 ,
3313 1281 3531 1338 Lazarus
3554 1297 3733 1345 mortem

2208 1369 2282 1413 est
2310 1376 2330 1413 :
2357 1370 2403 1414 et
2421 1364 2615 1432 gaudeo
2639 1374 2843 1437 prapter
2859 1384 2944 1422 vos
2963 1406 2985 1435 ,
3009 1378 3064 1423 ut
3091 1370 3346 1438 credatis;
3377 1375 3491 1444 auia
3510 1393 3599 1432 non
3621 1394 3728 1435 eram

2209 1453 2295 1506 ibi.
2323 1453 2388 1509 Et
2415 1457 2527 1511 scio
2557 1458 2680 1527 quia
2709 1469 2950 1518 mortuus
2972 1472 3055 1519 est
3074 1505 3088 1530 ,
3117 1474 3175 1520 et
3195 1481 3302 1521 non
3330 1466 3402 1523 ibi
3426 1484 3561 1525 eram
3589 1489 3600 1527 :
3627 1488 3735 1546 teget-

2209 1545 2373 1612 enim,
2405 1562 2509 1602 non
2535 1559 2797 1619 mortuus,
2837 1552 3007 1609 fuerat
3028 1557 3432 1615 nuntiatus.Sed
3455 1562 3569 1632 quid
3588 1545 3735 1621 latam

2208 1650 2327 1690 eum
2350 1637 2438 1708 qui
2467 1650 2760 1711 creaverat,
2792 1652 2846 1698 et
2873 1644 2941 1700 ad
2969 1647 3119 1716 cujus
3143 1663 3335 1704 manus
3354 1650 3518 1706 anima
3544 1655 3732 1711 morien-

2209 1727 2276 1782 tis
2299 1730 2539 1788 exierat?
2561 1733 2672 1788 lloc
2690 1745 2771 1789 est
2799 1737 2940 1806 quod
2964 1739 3072 1805 ait,
3104 1738 3314 1795 Gaudeo
3339 1753 3534 1815 prapter
3569 1763 3667 1814 res,
3689 1757 3731 1803 ut

2207 1819 2462 1887 credatis;
2499 1825 2616 1893 quia
2641 1841 2740 1878 non
2780 1825 2850 1880 ibi
2871 1843 3049 1883 erant:
3079 1839 3137 1885 ut
3155 1831 3271 1900 jam
3304 1832 3582 1904 inciperent
3599 1834 3732 1892 admi-

2207 1909 2333 1975 rari,
2365 1911 2486 1980 quia
2520 1912 2770 1970 Dominus
2790 1917 2960 1985 potuit
2979 1918 3157 1976 dicere
3184 1931 3486 1993 mortuum,
3515 1927 3638 1996 quod
3658 1943 3732 1984 nec

2206 1997 2413 2054 viderat
2455 2017 2553 2058 nec
2596 2005 2854 2062 audierat.
2907 2007 3008 2064 Ubi
3035 2025 3163 2066 sane
3203 2014 3506 2071 meminisse
3527 2015 3732 2073 debemus

2207 2089 2348 2178 quod
2386 2091 2559 2148 adhuc
2595 2095 2754 2150 etiam
2785 2098 3020 2168 ipsorum
3047 2100 3428 2173 discipulorum
3452 2108 3537 2178 qui
3571 2108 3616 2162 in
3637 2123 3730 2165 eum

2199 2177 2309 2248 jam
2336 2181 2686 2251 crediderant,
2720 2187 2989 2246 miraculis
3009 2192 3372 2251 aedificabatur
3397 2177 3520 2252 fides
3544 2216 3556 2252 :
3581 2214 3668 2255 non
3682 2209 3728 2256 ut

2205 2287 2266 2327 ea
2283 2289 2401 2344 quae
2432 2292 2536 2331 non
2557 2287 2688 2344 erat,
2710 2294 2830 2336 esse
2844 2282 3118 2354 inciperet,
3138 2286 3237 2342 sed
3259 2297 3392 2345 utea
3413 2306 3524 2362 qua:
3535 2293 3628 2361 jam
3642 2306 3730 2347 esse

2204 2375 2459 2435 eteperat,
2491 2379 2784 2437 cresceret;
2816 2376 3056 2443 quamvis
3077 2377 3165 2433 tali
3193 2380 3360 2437 verbo
3375 2397 3497 2438 usus
3517 2385 3596 2449 sit,
3614 2385 3729 2456 quasi

2204 2462 2330 2511 tunc
2370 2458 2587 2515 credere
2614 2461 2926 2532 inciperent.
2971 2466 3087 2523 Non
3114 2470 3262 2525 enim
3292 2473 3385 2539 ait,
3429 2472 3616 2529 Gaudeo
3635 2493 3728 2546 pro-

2204 2558 2312 2616 pter
2341 2565 2425 2605 vos
2444 2593 2458 2617 ,
2482 2561 2539 2606 ut
2569 2553 2700 2610 ﬁdes
2725 2565 2898 2612 vestra
2929 2570 3202 2630 augeatur,
3239 2564 3354 2621 sive
3385 2565 3634 2632 ﬁrmetur;
3656 2567 3728 2623 sed

2200 2639 2275 2693 ait
2294 2682 2309 2706 ,
2336 2649 2390 2693 ut
2417 2643 2630 2699 credatis
2657 2660 2676 2698 :
2700 2649 2840 2717 quod
2868 2649 3268 2723 intelligendum
3295 2665 3375 2712 est
3399 2699 3415 2725 ,
3454 2667 3508 2712 ut
3547 2658 3727 2728 amplius

2202 2730 2575 2803 robustiusque
2598 2736 2846 2793 credatis.

2275 2820 2360 2875 12.
2403 2821 2508 2878 Sed
2532 2840 2702 2880 eamus
2725 2829 2793 2881 ad
2815 2845 2946 2883 eum.
2979 2830 3120 2886 Dixit
3142 2850 3268 2905 ergo
3301 2836 3539 2905 Thomas,
3576 2841 3647 2910 qui
3668 2840 3728 2893 di—

2199 2913 2329 2966 citur
2358 2911 2625 2984 Didymus,
2655 2918 2722 2971 ad
2745 2920 3112 2990 condiscipulos
3136 2940 3154 2978 .'
3175 2923 3376 2982 Eamus
3401 2939 3447 2983 et
3473 2945 3573 2996 nos,
3592 2939 3727 2984 etmo-

2199 3003 2392 3057 riamur
2427 3021 2539 3058 cum
2594 3008 2702 3061 illo.
2761 3007 2904 3064 Venit
2929 3013 3095 3084 itaque
3116 3013 3310 3086 Iesus,
3358 3032 3405 3074 et
3436 3020 3604 3075 invenit
3638 3037 3724 3074 etus

2197 3103 2413 3165 quatuor
2446 3097 2552 3152 dies
2574 3100 2688 3170 jam
2710 3101 2762 3160 in
2796 3116 3114 3160 monumento
3143 3108 3428 3167 habentem.
3457 3114 3525 3168 De
3549 3123 3728 3184 quatuor

2197 3186 2385 3242 diebus
2433 3189 2596 3243 multa
2649 3189 2859 3260 quidem
2889 3195 2992 3250 dici
3022 3209 3275 3266 possunt,
3323 3203 3455 3258 sicut
3487 3218 3540 3259 se
3577 3203 3728 3258 habent

2198 3277 2420 3332 obscura
2447 3279 2858 3350 Scripturarum,
2887 3301 3005 3356 quae
3027 3303 3122 3357 pro
3150 3290 3459 3348 diversitate
3479 3294 3727 3364 intelligen-

2196 3369 2347 3436 tium,
2372 3371 2566 3426 multos
2587 3388 2776 3429 sensus
2795 3377 3021 3446 pariunt.
3055 3381 3307 3440 Dicamus
3332 3395 3386 3440 et
3410 3402 3502 3442 nos
3523 3387 3631 3458 quid
3652 3401 3724 3441 no-

2196 3458 2278 3512 bis
2317 3459 2558 3516 videatur
2593 3464 2888 3534 significare
2929 3479 3170 3527 mortuus
3200 3477 3590 3545 quatriduanus.
3614 3476 3724 3544 Quo-

2196 3552 2356 3606 modo
2383 3554 2522 3608 enim
2570 3556 2622 3611 in
2668 3557 2760 3613 illo
2807 3573 2950 3615 cmco
2997 3563 3346 3636 intelligimus
3386 3567 3725 3640 quodammodo

2198 3641 2486 3698 humanum
2530 3660 2696 3716 genus
2717 3689 2731 3714 ,
2761 3649 2838 3704 sic
2863 3651 2998 3707 forte
3035 3664 3088 3708 et
3120 3655 3172 3708 in
3214 3656 3320 3712 isto
3346 3670 3546 3716 mortuo
3571 3660 3726 3715 multos

2129 3743 2132 3746 ·
2196 3733 2511 3789 intellecturi
2542 3752 2724 3793 sumus
2755 3757 2767 3792 :
2802 3739 3029 3798 diversis
3069 3745 3213 3800 enim
3251 3749 3423 3806 modis
3451 3766 3543 3806 una
3573 3765 3648 3806 res
3669 3749 3726 3804 si-

2193 3825 2430 3894 gniﬁcari
2475 3836 2668 3898 potest.
2716 3831 2888 3887 llomo
2935 3837 3146 3905 quando
3188 3843 3446 3904 nascitur,
3491 3843 3589 3913 jam
3624 3857 3718 3896 cum

2194 3927 2367 3972 morte
2397 3921 2655 3986 nascitur;
2684 3922 2803 3992 quia
2828 3922 2896 3980 de
2922 3925 3089 3999 Adam
3122 3941 3394 3999 peccatum
3418 3933 3583 3989 trahit.
3610 3930 3724 3988 Unde

2194 4006 2322 4063 dicit
2342 4010 2627 4080 Apostolus
2655 4032 2669 4069 :
2694 4013 2797 4068 Per
2824 3995 2996 4071 unun't'
3015 3995 3267 4076 hominem
3295 4035 3544 4094 peccatum
3566 4023 3724 4078 intravit

2193 4101 2248 4154 in
2274 4103 2517 4156 mundum
2545 4145 2557 4168 ,
2586 4114 2633 4158 et
2653 4123 2740 4175 per
2759 4119 3016 4178 peccatum
3036 4130 3168 4167 mors
3191 4132 3211 4180 ;
3236 4126 3283 4170 et
3305 4118 3375 4171 ita
3396 4119 3449 4172 in
3482 4133 3632 4172 omnes
3651 4116 3722 4170 ho-

2194 4192 2352 4247 mines
2373 4197 2696 4263 pertransiit,
2727 4199 2782 4252 in
2805 4216 2900 4268 quo
2933 4217 3102 4258 omnes
3131 4219 3465 4272 peccaverunt
3489 4207 3642 4280 (Rom.
3673 4219 3719 4266 v.

2195 4282 2305 4353 12).
2331 4285 2466 4340 Ecce
2496 4285 2658 4342 babes
2681 4303 2840 4344 unum
2867 4291 3005 4347 diem
3025 4296 3230 4362 mortis,
3261 4298 3401 4368 quod
3426 4299 3576 4354 homo
3593 4294 3722 4351 trahit

2193 4373 2260 4429 de
2289 4377 2473 4431 mortis
2494 4379 2798 4448 propagine.
2832 4381 3031 4438 Deinde
3058 4388 3271 4455 crescit,
3302 4390 3483 4459 incipit
3507 4387 3716 4444 accedere

2193 4464 2259 4518 ad
2288 4467 2569 4523 rationales
2594 4485 2780 4538 annos,
2811 4482 2866 4527 ut
2893 4474 3063 4545 legem
3085 4479 3255 4548 sapiat
3275 4482 3576 4544 naturalem,
3595 4492 3718 4550 quam

2192 4569 2378 4611 omnes
2405 4557 2599 4614 habent
2629 4560 2679 4614 in
2726 4562 2886 4618 corde
2939 4564 3095 4621 fixam
3137 4586 3150 4621 :
3192 4570 3345 4636 Quod
3399 4572 3489 4626 tibi
3525 4586 3616 4626 non
3653 4569 3714 4621 vis

2194 4648 2304 4702 fieri
2325 4690 2339 4714 ,
2385 4649 2472 4703 alii
2518 4665 2584 4706 ne
2615 4651 2819 4708 feceris.
2865 4655 3126 4728 Numquid
3157 4661 3258 4717 hoc
3281 4663 3350 4719 de
3377 4664 3568 4735 paginis
3591 4659 3719 4716 disci-

2194 4747 2278 4792 tur
2307 4740 2346 4805 ³,
2392 4749 2446 4794 et
2475 4757 2579 4796 non
2611 4745 2662 4796 in
2711 4753 2896 4800 natura
2946 4747 3060 4818 ipsa
3101 4751 3488 4820 quodammodo
3531 4748 3718 4823 legitur?

2191 4827 2411 4884 Furtum
2439 4831 2516 4885 vis
2545 4833 2691 4901 pati?
2712 4834 2903 4905 Utique
2928 4853 3035 4893 non
3063 4841 3160 4896 vis.
3211 4843 3348 4900 Ecce
3388 4845 3471 4900 lex
3510 4844 3560 4899 in
3589 4839 3718 4897 corde

2190 4927 2283 4972 tuo
2313 4936 2326 4971 :
2357 4919 2507 4986 Quod
2532 4937 2637 4977 non
2669 4924 2747 4978 vis
2772 4927 2906 4995 pati,
2950 4927 3126 4986 facere
3156 4933 3285 4987 noli.
3318 4935 3382 4989 Et
3407 4935 3534 4990 hanc
3571 4933 3708 5004 legem

2192 5013 2647 5083 transgrediuntur
2697 5017 2939 5075 homines
2989 5040 3001 5075 :
3044 5038 3169 5079 ecce
3207 5027 3341 5081 alter
3385 5027 3498 5082 dies
3541 5022 3710 5080 mortis.

2191 5103 2322 5158 Data
2385 5114 2466 5159 est
2516 5104 2622 5160 Lex
2686 5109 2847 5164 etiam
2903 5111 3155 5170 divinitus
3203 5132 3296 5186 per
3355 5118 3592 5174 famulum
3641 5112 3710 5168 Dei

2190 5195 2405 5266 Moysen
2437 5214 2448 5249 :
2479 5196 2676 5252 dictum
2699 5210 2781 5254 est
2809 5202 2948 5268 illic,
2985 5203 3104 5259 Non
3123 5208 3344 5273 occides;
3381 5207 3496 5262 Non
3532 5205 3710 5260 matella-

2189 5287 2358 5352 beris;
2387 5285 2509 5342 Non
2550 5290 2734 5352 falsum
2755 5293 3091 5350 testimonium
3111 5298 3275 5364 dices;
3316 5298 3519 5353 Honora
3553 5306 3710 5366 patrem

2189 5391 2233 5432 et
2259 5388 2499 5444 matrem;
2522 5380 2641 5436 Non
2662 5385 2982 5454 concupisces
3002 5404 3106 5442 rem
3126 5392 3339 5459 proximi
3358 5391 3466 5455 tui;
3487 5385 3597 5443 Non
3615 5399 3710 5440 catt-

2188 5478 2411 5541 cuptsces
2435 5488 2641 5527 uxorem
2681 5477 2898 5545 proximi
2942 5480 3014 5533 tui
3048 5480 3240 5549 (Exod.
3263 5497 3350 5548 xx,
3380 5482 3444 5536 12
3473 5482 3570 5550 l7).
3596 5476 3706 5532 Ecce

2289 5623 2470 5700 recenti
2489 5629 2714 5690 tempore,
2741 5630 2920 5681 omisso
2941 5643 3029 5682 nec
3047 5646 3066 5694 ;
3091 5648 3178 5698 pro
3197 5648 3290 5699 quo
3326 5634 3498 5700 aliquot
3526 5639 3617 5681 ﬂss-
3636 5629 3687 5679 bl

2453 5756 2524 5797 Er.
2551 5751 2697 5814 Lugd.
2725 5760 2774 5802 et
2802 5761 2935 5804 Vena
2962 5758 3198 5822 Numquid
3235 5757 3318 5808 hoc
3349 5757 3408 5806 de
3439 5752 3615 5817 P09”
3644 5747 3702 5802 (δ’

2203 5822 2266 5856 .li
2316 5844 2326 5856 .
2433 5845 2446 5858 θ

2203 5823 2326 5856 ξεινον.
2393 5823 2446 5860 Μ.

3785 1468 3812 1476 κ
