1963 3187
28 2031 32 2050 i

28 2055 30 2068 ι

24 2179 29 2205 l

25 2229 27 2237 γ

128 176 183 207 uss
607 146 610 147 7
641 165 845 198 raso-rarus
862 163 1086 194 xux.c1tpu'r
1103 164 1151 195 x1.

126 230 168 263 Lex
185 232 285 268 scripta
309 235 369 264 est,
391 234 419 258 et
437 230 494 265 ipsa
513 226 715 256 contemnitur:
731 232 794 252 ecce
809 224 901 251 tertius

124 279 170 309 dies
179 280 282 308 mortis.
294 277 362 313 Quid
377 276 477 305 restat?
492 274 570 303 Venit
582 279 609 302 et
622 273 793 308 Evangelium
804 293 812 305 ,
829 279 899 307 pra:-

121 322 214 356 dieatur
225 332 338 361 regnum
347 324 488 355 ecelorum,
502 321 654 349 ditl'amatur
661 319 758 354 ubique
766 318 899 351 Christus,

120 374 228 401 minatur
238 371 399 407 gehennam,
412 369 493 396 vitam
505 366 634 403 promittit
644 369 781 397 :rternam,
802 368 829 391 et
844 364 900 398 ipsa

118 419 299 450 contemnitur.
312 415 553 451 Transgrediuntur
567 413 688 440 homines
700 410 873 445 Evangelium
890 418 897 436 :

117 474 175 496 ecce
188 469 299 499 quartus
308 462 364 491 dies
378 461 481 490 mortis.
496 459 590 487 Merito
602 458 658 493 jam
668 461 752 492 putet.
766 454 899 490 Numquid

115 517 140 542 et
158 511 253 539 talibus
270 513 312 537 est
333 507 453 543 neganda
473 503 674 534 misericordia?
693 502 769 530 Absit
789 511 797 530 :
819 501 901 529 etiam

114 558 144 587 ad
157 557 223 585 tales
232 555 359 583 Dominus
368 552 522 581 excitandos
534 558 586 578 non
595 549 752 584 dedignatur
758 547 899 575 accedere.

146 605 188 632 15.
210 602 288 630 Multi
297 606 380 628 autem
390 608 422 627 ea:
434 597 531 626 Iudaeis
543 601 660 624 venerant
679 595 713 623 ad
731 594 860 622 Mart/tant
876 597 899 620 et

117 651 223 680 Mariam
234 671 242 682 ,
263 653 289 675 ut
307 647 496 675 consolarentur
518 653 561 672 eas
580 644 611 671 de
629 644 708 679 fratre
724 650 780 669 suo.
796 641 900 668 Mart/ta

112 706 168 733 ergo
184 702 213 724 ut
233 694 328 722 audivit
346 693 405 729 quia
417 692 492 719 Iesus
511 691 592 722 venit,
617 689 723 717 occurrit
744 687 900 733 illi:Maria

112 732 191 772 autem
203 741 272 768 danti
285 739 394 767 sedebat.
411 737 482 764 Dixit
491 744 550 772 ergo
562 735 589 762 Μ
592 735 665 762 art/ta
674 734 708 761 ad
717 733 804 761 Iesum
818 741 827 760 :
842 732 898 759 Do-

114 790 185 822 mine,
194 788 216 815 si
228 788 318 823 fuisses
330 786 380 818 hic,
390 786 468 820 frater
478 791 547 810 meus
556 790 606 809 non
618 781 704 817 fuisset
716 785 828 807 mortuus
836 787 846 811 ;
854 779 898 805 sed

115 840 134 863 et
143 842 207 861 nunc
217 833 268 861 scio
274 832 333 867 quia
346 837 508 865 qutecumque
524 827 666 863 poposceris
675 835 690 853 a
701 825 765 856 Deo,
776 825 843 853 dabit
854 824 899 852 tibi

117 880 189 907 Deus.
199 878 256 906 Non
269 876 344 907 dixit.
354 875 406 904 Sed
416 879 441 903 et
450 873 529 902 modo
544 880 608 908 rogo
619 877 643 900 te
657 876 685 899 ut
698 871 840 899 resuscites
847 870 899 897 fra-

119 931 180 954 trem
194 931 292 952 meum.
307 921 384 950 Unde
396 920 467 948 enim
482 919 598 952 sciebat,
609 919 632 945 si
646 917 721 945 fratri
735 917 792 952 ejus
807 924 898 944 resur-

120 979 176 1007 gere
187 970 248 998 utile
261 968 358 996 fuerit?
377 967 432 994 Hoc
445 971 547 994 tantum
561 964 644 996 dixit,
659 963 720 991 Scio
732 963 791 998 quia
805 967 896 998 potes,

121 1018 140 1045 si
150 1018 187 1044 vis
200 1016 262 1043 facis
283 1024 289 1041 :
311 1018 398 1041 utrum
413 1012 482 1040 enim
496 1011 593 1043 facias,
606 1009 697 1045 judicii
711 1009 747 1036 tui
762 1014 819 1041 est,
843 1016 897 1036 non

122 1060 322 1099 prmsumptionis
330 1067 407 1087 meae.
419 1057 471 1086 Sed
485 1062 509 1084 et
522 1064 588 1083 nunc
597 1055 649 1083 scio
663 1056 722 1091 quia
735 1062 897 1089 qutecumque

123 1108 250 1145 papaueris
263 1115 278 1134 a
288 1106 353 1139 Deo,
367 1106 435 1132 dabit
447 1104 490 1131 tibi
503 1103 581 1130 Deus.

153 1157 193 1184 14.
210 1155 275 1182 Dicit
287 1153 410 1181 illiIesus
424 1160 433 1178 :
447 1151 569 1186 Resurget
588 1152 667 1185 frater
684 1153 750 1176 tuus.
770 1148 826 1176 Hoc
838 1155 896 1175 am-

121 1202 217 1237 biguum
231 1200 288 1228 fuit.
311 1199 368 1227 Non
391 1198 463 1226 enim
477 1197 522 1230 ait,
544 1196 622 1224 Modo
644 1195 773 1223 rcsuscito
787 1194 896 1222 fratrem

121 1252 204 1281 tuum;
219 1247 274 1279 sed,
291 1246 410 1280 Resurget
423 1246 501 1279 frater
511 1248 578 1270 tuus.
591 1242 659 1269 Dicit
667 1242 689 1269 ei
701 1242 802 1269 Mart/ta
815 1250 824 1269 :
835 1242 896 1269 Scio

118 1294 172 1329 quia
184 1296 289 1327 resurget
303 1291 330 1318 in
345 1290 525 1318 resurrectione
535 1309 542 1321 ,
557 1289 583 1315 in
594 1288 729 1315 novissima
740 1287 789 1314 die.
804 1287 840 1314 De
852 1287 897 1314 illa

118 1338 303 1367 resurrectione
317 1343 409 1364 secura
422 1342 481 1362 sum
490 1355 498 1368 ,
518 1334 553 1361 de
566 1333 616 1361 hac
627 1334 727 1360 incerta
742 1341 810 1360 sum.
828 1332 897 1359 Dicit

118 1384 216 1412 a’Jesus
226 1393 235 1411 :
249 1383 304 1419 Ego
318 1391 374 1409 sum
390 1381 547 1409 resurrectio.
563 1380 633 1407 Dicis
643 1399 650 1412 ,
673 1379 800 1414 Resurget
815 1378 897 1406 frater

118 1437 187 1458 meus
204 1430 230 1457 in
245 1428 388 1456 novissima
410 1426 453 1454 die
470 1435 477 1453 :
492 1432 584 1453 verum
607 1428 663 1457 est;
684 1424 730 1451 sed
753 1432 799 1459 per
817 1430 896 1458 quem

118 1481 176 1504 tunc
186 1479 313 1511 resurget,
329 1478 417 1509 potest
431 1478 458 1500 et
470 1472 560 1505 modo,
578 1471 637 1506 quia
649 1471 703 1506 Ego
718 1478 782 1502 sum,
800 1470 893 1504 inquit,

118 1523 255 1550 resurrectio
264 1526 288 1548 et
304 1522 363 1548 vita.
384 1519 496 1551 Audite,
511 1518 617 1551 fratres,
634 1517 722 1544 audite
736 1516 799 1551 qttid
814 1515 893 1543 dicat.

120 1569 190 1597 Certe
201 1575 248 1597 tota
262 1565 424 1602 exspectatio
440 1570 495 1592 erat
514 1562 741 1590 circumstantium
756 1566 783 1589 ut
798 1561 894 1589 revivi-

120 1619 201 1642 sceret
212 1615 330 1645 Lazarus,
348 1620 415 1639 unus
438 1615 556 1637 mortuus
570 1608 759 1644 quatriduanus
776 1617 783 1635 τ
802 1607 894 1634 audia-

123 1668 190 1690 mus.
200 1664 223 1687 ct
233 1665 404 1692 re5urgamus.
420 1657 502 1690 Quam
515 1655 589 1682 multi
601 1658 663 1682 sunt
677 1654 703 1681 in
722 1653 772 1680 hoc
786 1653 894 1689 populo,

121 1713 184 1740 quos
196 1705 281 1740 premit
297 1702 497 1732 consuetudinis
521 1700 620 1728 moles!
637 1699 716 1727 Forte
730 1698 840 1726 audiunt
852 1706 895 1725 me

121 1751 217 1786 quidam
233 1773 239 1784 ,
255 1751 349 1785 quibus
363 1749 475 1776 dicitur.
495 1746 579 1773 Nolite
597 1745 715 1773 inebriari
736 1745 792 1772 vino
806 1745 832 1771 in
846 1752 895 1779 quo

121 1803 154 1825 est
165 1798 258 1824 luntria
271 1797 279 1831 (
293 1797 385 1831 Ephes.
401 1804 425 1826 v,
443 1794 486 1829 18)
500 1803 505 1819 ;
522 1793 631 1825 dicunt,
660 1792 717 1820 Non
744 1799 893 1827 possumus.

122 1843 192 1871 FOrte
204 1844 309 1871 audiunt
323 1851 365 1869 me
377 1842 456 1875 aliqui
475 1839 613 1871 immundi,
628 1838 742 1866 lasciviis
754 1843 781 1866 et
790 1838 895 1873 ﬂagitiis

122 1889 245 1924 inquinati,
262 1888 356 1923 quibus
366 1887 469 1917 dicitur,
488 1886 573 1912 Nolite
584 1885 634 1912 hoc
644 1884 741 1917 facere,
755 1891 788 1911 ne
801 1891 895 1919 perea-

125 1935 154 1961 tis
166 1944 171 1960 2
184 1940 207 1962 et
219 1933 396 1968 respondent,
411 1933 466 1959 Non
485 1938 625 1966 possumus
639 1930 694 1957 tolli
713 1937 727 1956 a
752 1934 896 1957 consuetu-

124 1981 177 2009 dine
194 1986 288 2008 nostra.
315 1979 336 2007 Ο
363 1979 487 2007 Domine.
512 1979 575 2005 istos
595 1976 730 2004 resuscita.
750 1976 803 2011 Ego
820 1984 893 2009 sum,

124 2025 209 2061 inquit,
229 2025 376 2053 resurrectio
387 2030 409 2051 ct
423 2025 481 2050 rita.
500 2023 560 2049 Ideo
569 2021 739 2054 resurrectio,
754 2021 814 2055 quia
830 2021 892 2048 vita.

156 2072 192 2100 l5.
212 2072 260 2104 Qui
274 2072 352 2098 credit
363 2071 386 2097 in
400 2078 451 2102 me,
466 2069 561 2095 etiamsi
578 2073 691 2095 mortuus
705 2068 797 2102 fuerit,
811 2068 895 2095 vivet:

127 2122 146 2144 et
158 2119 229 2145 omnis
239 2119 280 2152 qui
293 2118 348 2144 vivit
360 2122 381 2143 et
392 2117 467 2142 credit
482 2117 505 2141 in
519 2123 572 2148 me,
587 2123 637 2141 non
649 2114 769 2141 morietur
779 2113 805 2139 in
820 2117 894 2140 teter-

127 2171 184 2190 nttm.
194 2164 257 2197 Quid
276 2168 316 2190 cst
329 2162 394 2190 hoc?
410 2162 459 2194 Qui
473 2162 549 2187 credit
559 2161 584 2187 in
600 2168 653 2193 me,
671 2160 767 2186 etiamsi
782 2164 895 2186 mortuus

127 2210 203 2244 fuerit,
217 2210 282 2237 sicut
297 2209 411 2235 Lazarus
426 2212 544 2233 mortuus
555 2209 611 2236 est,
626 2205 686 2232 vivet
696 2214 704 2237 ;
715 2204 775 2239 quia
790 2212 841 2230 non
854 2209 894 2231 est

127 2253 184 2281 Deus
196 2260 356 2282 mortuorum
369 2274 374 2284 ,
391 2253 436 2279 sed
451 2253 577 2279 vivorum.
595 2251 632 2278 De
643 2250 704 2277 olim
724 2250 834 2277 mortuis
849 2257 895 2285 pa-

127 2300 197 2328 tribus
207 2323 213 2334 ,
225 2301 273 2328 hoc
287 2305 326 2328 est
342 2301 374 2326 de
388 2299 535 2329 Abraham,
550 2301 576 2324 et
589 2297 676 2328 lsaac,
691 2302 717 2323 et
729 2296 810 2323 Jacob
822 2317 829 2328 ,
845 2297 895 2324 tale

127 2354 263 2382 responsum
278 2347 375 2374 .ludmis
386 2345 459 2372 dedit
472 2355 476 2370 :
499 2344 554 2378 Ego
567 2351 622 2370 sum
638 2342 704 2368 Deus
716 2341 842 2368 Abraham
851 2362 858 2373 ,
873 2346 895 2368 et

128 2391 181 2420 Deus
193 2393 262 2421 Isaac
274 2415 281 2426 ,
299 2398 320 2420 et
335 2392 404 2418 Deus
417 2391 495 2417 Iacob
507 2412 512 2421 ,
526 2398 576 2416 non
587 2393 622 2415 est
636 2387 705 2414 Deus
718 2392 873 2414 mortuorum
887 2407 894 2420 ,

127 2438 161 2465 κά
173 2440 272 2466 vivarum
287 2448 296 2466 :
307 2447 390 2465 onmes
410 2438 474 2463 enim
495 2437 530 2462 illi
543 2436 625 2462 vivunt
636 2433 741 2469 (Matth.
759 2441 811 2460 xxu
822 2454 828 2466 ,
845 2433 892 2466 52,

127 2489 144 2511 et
157 2484 210 2513 Luc.
222 2494 265 2517 xx,
284 2485 328 2517 37,
341 2484 396 2517 38).
411 2483 495 2509 Crede
506 2489 582 2516 ergo;
599 2485 625 2508 et
637 2480 658 2507 si
670 2485 788 2507 mortuus
802 2479 893 2513 fueris,

127 2530 198 2558 vires:
213 2531 233 2558 si
244 2535 331 2558 autem
344 2537 396 2556 non
412 2527 512 2557 credis;
528 2531 554 2554 et
566 2534 625 2553 cum
636 2526 712 2559 vivis,
727 2529 844 2553 mortuus
855 2533 895 2553 es.

127 2574 253 2604 Probcmus
266 2581 292 2603 ct
304 2575 354 2602 hoc
366 2595 373 2607 ,
386 2574 445 2608 quia
458 2573 479 2599 si
496 2580 546 2598 non
559 2571 654 2604 credis,
666 2571 716 2598 etsi
731 2571 807 2603 vivis,
822 2578 895 2597 mor-

127 2625 173 2650 tuus
181 2629 216 2650 es.
231 2621 342 2650 Cuidam
360 2620 485 2646 Dominus
496 2617 626 2644 dill'erenti
642 2617 716 2651 sequi
728 2625 799 2650 eum,
815 2621 842 2643 et
853 2616 893 2643 di-

126 2669 190 2700 renti,
205 2668 267 2695 Eant
279 2668 349 2702 prius
359 2666 461 2700 sepelire
475 2669 570 2699 patrem
583 2671 664 2690 meum
681 2670 690 2690 :
710 2662 781 2696 Sine,
799 2662 894 2698 inquit,

125 2719 218 2741 mortuos
238 2714 344 2749 st-pelire
363 2717 474 2738 mortuos
496 2717 572 2741 suos;
596 2714 623 2735 tu
646 2710 719 2742 veni,
735 2717 836 2743 sequere
855 2717 894 2735 me

125 2757 215 2792 (Matth.
229 2767 291 2790 vni,
305 2757 336 2784 21
348 2778 355 2789 ,
370 2757 425 2791 2‘2).
443 2757 505 2783 Erat
523 2755 557 2782 ibi
577 2759 697 2782 monuus
709 2754 875 2790 sepeliendus
885 2776 893 2788 ,

126 2809 188 2831 erant
198 2804 233 2831 ibi
244 2808 271 2831 et
286 2803 382 2830 mortui
396 2806 527 2829 mortuum
542 2800 670 2836 sepulluri
685 2809 691 2827 :
712 2801 755 2828 ille
775 2805 895 2828 mortuus

124 2848 236 2884 iocerne,
248 2849 284 2877 illi
298 2849 324 2876 in
336 2849 429 2875 anima.
445 2848 519 2876 Unde
529 2855 601 2875 mors
612 2848 637 2875 in
648 2846 755 2874 anima?
768 2846 833 2880 Quia
844 2854 895 2875 non

126 2901 157 2923 est
178 2896 250 2925 lides.
277 2893 355 2923 Unde
375 2901 443 2922 mors
459 2895 483 2922 in
499 2894 630 2929 corpore?
644 2893 709 2927 Quia
729 2900 781 2920 non
806 2897 846 2920 est
860 2893 896 2921 ibi

45 3161 48 3163 4
256 3132 353 3184 ,ε-
358 3155 379 3157 ,,

1674 171 1742 204 175⁸

955 221 1052 249 anima.
1064 221 1135 257 Ergo
1144 222 1240 250 animat
1251 227 1302 250 tua:
1315 223 1403 251 anima
1414 224 1480 253 ﬁdes
1493 228 1543 253 est.
1559 225 1609 259 Qui
1620 228 1699 255 credit
1714 229 1741 257 in

954 276 1010 301 me,
1027 267 1129 303 inquit,
1145 269 1241 296 etiamsi
1258 274 1370 297 mortuus
1384 271 1460 305 fuerit
1480 270 1506 298 in
1527 279 1607 300 carne
1617 292 1625 306 ,
1638 273 1701 300 vivet
1714 275 1741 302 in

953 314 1057 347 anima;
1079 314 1166 343 donec
1186 320 1307 351 resurgat
1318 320 1343 344 et
1356 324 1419 345 caro
1428 325 1563 353 nunquam
1576 323 1668 353 postea
1683 327 1741 348 mo-

952 360 1044 388 ritura.
1056 360 1112 388 Hoc
1123 365 1174 394 est,
1190 360 1240 394 Qui
1253 361 1330 389 credit
1342 362 1367 389 in
1381 371 1428 395 me,
1442 363 1502 391 licet
1516 364 1654 397 moriatur,
1666 365 1742 393 vivet.
1763 356 1766 367 ί

952 406 988 434 Ει
998 408 1079 435 omnis
1091 409 1136 443 qui
1149 408 1208 436 vivit
1220 409 1246 436 in
1261 416 1341 437 carne
1353 414 1375 436 et
1389 410 1466 437 credit
1475 410 1502 437 in
1517 419 1569 444 me,
1582 412 1631 439 etsi
1641 412 1741 440 morie-

952 458 995 481 tur
1006 454 1039 481 ad
1054 459 1158 490 tempus
1168 460 1276 490 propter
1285 460 1397 484 mortem
1410 457 1507 490 carnis,
1525 466 1575 484 non
1583 459 1703 486 morietur
1712 459 1739 487 in

951 504 1072 527 teternum
1082 506 1191 536 propter
1200 501 1280 529 vitam
1290 502 1408 537 spiritus,
1423 507 1450 530 et
1460 503 1685 532 immortalitatem
1696 512 1740 533 re-

952 547 1133 574 surrectionis.
1157 547 1212 575 Hoc
1231 552 1272 576 est
1285 548 1355 583 quod
1368 549 1423 582 ait,
1444 548 1480 576 Et
1494 550 1574 577 omnis
1586 551 1630 584 qui
1647 551 1705 579 vivit
1716 556 1741 579 et

951 593 1029 619 credit
1043 593 1069 620 in
1081 601 1129 626 me,
1142 602 1193 621 non
1207 595 1326 622 morietur
1337 586 1363 622 in
1376 600 1506 623 talentum.
1522 595 1609 624 Credis
1623 597 1740 625 hoc?Ait

951 638 1008 665 illi:
1023 638 1127 674 Utique,
1142 639 1267 673 Domine,
1280 648 1325 676 ego
1338 641 1433 668 credidi
1442 663 1450 674 ,
1467 642 1527 675 quia
1542 647 1569 669 tu
1587 652 1612 670 es
1625 643 1741 672 Christus

952 683 1035 711 Filius
1050 684 1115 718 Dei,
1133 686 1177 720 qui
1194 686 1220 712 in
1240 686 1363 713 mundum
1381 687 1478 714 venisti.
1493 687 1604 721 Quando
1619 688 1669 716 hoc
1681 697 1740 717 cre‘

951 729 1004 756 didi
1018 751 1025 761 ,
1041 729 1141 757 credidi
1154 732 1215 765 quia
1234 734 1262 758 tu
1275 738 1304 758 es
1317 732 1476 759 resurrectio
1487 753 1495 766 ,
1515 733 1616 761 credidi
1635 734 1696 769 quia
1709 738 1739 763 tu

951 782 980 802 es
993 775 1061 807 vita;
1075 775 1174 803 credidi
1194 776 1256 811 quia
1271 777 1315 811 qui
1332 776 1416 804 credit
1431 777 1457 805 in
1472 781 1497 805 te
1507 798 1515 810 ,
1533 778 1583 805 etsi
1597 779 1738 812 moriatur,

951 821 1037 854 vivet;
1053 825 1080 849 et
1093 822 1137 857 qui
1159 822 1221 849 vivit
1238 827 1265 850 ct
1286 822 1370 850 credit
1382 823 1407 850 in
1423 828 1448 852 te
1461 844 1468 856 ,
1493 831 1547 851 non
1563 825 1692 854 morietur
1710 825 1738 854 in

951 872 1090 894 aeternum.

985 912 1030 939 l6.
1048 911 1083 939 Et
1092 921 1149 940 cum
1168 913 1222 940 Ita'c
1235 913 1347 946 dixisset,
1356 914 1426 947 abiit,
1440 919 1463 942 et
1475 915 1567 942 vocavit
1577 915 1687 944 Mariam
1696 925 1738 945 so-

949 966 1032 986 rorem
1045 967 1117 986 suant
1127 959 1237 993 silentio,
1249 960 1332 987 dicens
1341 969 1350 987 :
1362 960 1482 996 Magister
1494 962 1580 996 adest,
1591 968 1615 990 et
1626 968 1696 990 vocat
1703 968 1737 992 te.

949 1003 1147 1032 Advertendum
1162 1010 1204 1033 est
1218 1006 1439 1040 quemadmodum
1457 1015 1626 1043 suppressam
1645 1016 1738 1037 vocem

949 1050 1085 1077 silentium
1098 1051 1267 1086 nuncupavit.
1277 1051 1343 1079 Nam
1354 1053 1487 1087 quomodo
1498 1053 1579 1088 siluit,
1590 1062 1648 1090 quae
1660 1055 1736 1089 dixit,

950 1096 1072 1132 Magister
1080 1097 1159 1130 adest,
1172 1102 1195 1123 et
1207 1102 1278 1124 vocat
1293 1098 1334 1125 te?
1345 1098 1543 1126 Advertendum
1554 1100 1633 1127 etiam
1648 1108 1737 1136 quem-

949 1142 1091 1169 admodum
1105 1142 1283 1178 ,Evangelista
1313 1150 1366 1171 non
1390 1143 1486 1171 dixerit
1506 1145 1550 1172 ubi
1571 1145 1613 1172 vel
1632 1146 1737 1181 quando

949 1188 991 1215 vel
1010 1188 1142 1223 quomodo
1162 1188 1270 1216 Mariam
1291 1189 1418 1216 Dominus
1442 1190 1583 1222 vocaverit.
1604 1196 1632 1218 ut
1647 1191 1697 1219 hoc
1710 1192 1737 1220 in

949 1234 1037 1261 verbis
1051 1234 1160 1262 Marthae
1175 1234 1262 1270 potius
1281 1234 1487 1270 intelligeretur,
1503 1236 1661 1264 narrationis
1678 1237 1737 1264 bre-

949 1281 1029 1308 vitate
1039 1285 1152 1308 servata.

985 1327 1028 1354 17.
1049 1326 1101 1354 Illa
1111 1331 1138 1353 ut
1148 1327 1252 1360 audivit,
1267 1327 1346 1362 surgit
1359 1327 1418 1360 cito,
1430 1332 1453 1354 et
1464 1328 1528 1354 venit
1543 1327 1577 1354 ad
1586 1336 1652 1355 eum.
1665 1327 1736 1356 Non-

949 1371 1010 1398 dum
1029 1372 1094 1398 enim
1108 1377 1208 1399 venerat
1223 1371 1298 1399 Iesus
1307 1372 1333 1399 in
1348 1373 1486 1406 castellum,
1501 1373 1544 1400 sed
1553 1377 1605 1400 erat
1619 1373 1701 1400 adhuc
1710 1374 1736 1401 in

948 1417 993 1444 illo
1007 1417 1061 1445 loco
1072 1418 1112 1444 ubi
1121 1422 1262 1445 occurrerat
1272 1417 1296 1445 ei
1308 1417 1420 1444 Mart/ta.
1431 1417 1516 1445 Iudtei
1526 1418 1601 1454 igitur
1611 1419 1653 1454 qui
1666 1423 1737 1447 erant

949 1469 1005 1489 cum
1018 1461 1062 1489 illa
1079 1462 1105 1489 in
1124 1462 1198 1489 domo
1207 1483 1215 1497 ,
1234 1466 1258 1489 et
1273 1462 1467 1489 consolabantur
1477 1471 1540 1496 eam,
1554 1471 1611 1490 cum
1621 1464 1736 1492 vidissent

950 1507 1059 1535 Mariam
1069 1529 1076 1541 ,
1092 1509 1152 1544 quia
1166 1508 1215 1535 cito
1227 1509 1335 1536 surreait
1354 1513 1377 1536 et
1389 1509 1456 1542 exiit,
1475 1510 1552 1536 secuti
1566 1515 1623 1537 sunt
1635 1519 1689 1537 eam
1703 1511 1736 1538 di-

949 1560 1030 1582 centes
1046 1563 1054 1582 :
1069 1556 1128 1589 quia
1140 1555 1207 1582 vadit
1216 1555 1251 1582 ad
1261 1560 1457 1588 monumentum,
1467 1560 1492 1582 ut
1503 1556 1581 1591 ploret
1594 1557 1637 1583 ibi.
1649 1557 1737 1590 Quare

949 1600 1076 1635 pertinuit
1099 1601 1149 1628 hoc
1171 1600 1204 1628 ad
1225 1600 1420 1636 Evangelistam
1441 1602 1569 1629 narrare?
1592 1601 1625 1630 Ut
1646 1602 1736 1630 vidca-

949 1653 1008 1673 mus
1020 1654 1080 1682 qua:
1094 1646 1198 1674 occasio
1217 1646 1308 1674 fecerit
1325 1651 1353 1674 ut
1367 1646 1456 1682 plures
1471 1646 1507 1674 ibi
1526 1651 1616 1674 essent
1631 1647 1737 1682 quando

949 1690 1065 1718 Lazarus
1080 1691 1251 1719 resuscitatus
1269 1696 1319 1719 est.
1339 1692 1468 1720 Putantes
1487 1692 1557 1720 enim
1578 1692 1661 1721 Judaei
1677 1701 1737 1728 pro-

949 1741 1039 1772 pterea
1059 1737 1129 1765 illam
1149 1737 1284 1772 festinare,
1301 1743 1329 1766 ut
1342 1738 1441 1766 doloris
1462 1739 1502 1766 sui
1516 1739 1638 1767 solatium
1652 1740 1738 1776 lacry-

949 1784 999 1810 mis
1011 1787 1153 1820 qurereret,
1168 1783 1251 1811 secuti
1264 1789 1327 1811 sunt
1344 1791 1417 1816 eam;
1433 1788 1461 1811 ut
1475 1789 1528 1811 tam
1545 1784 1644 1820 grande
1658 1785 1737 1812 mira~

948 1830 1034 1857 culum
1046 1830 1214 1865 quatriduani
1226 1829 1324 1858 mortui
1334 1830 1505 1866 resurgentis,
1518 1834 1598 1859 testes
1610 1830 1736 1866 plurimos

948 1875 1087 1903 inveniret.

985 1922 1028 1949 18.
1051 1921 1134 1948 Maria
1151 1926 1234 1949 autem
1246 1930 1303 1949 cum
1318 1922 1421 1949 venisset
1436 1922 1478 1949 ubi
1491 1928 1543 1950 erat
1556 1922 1640 1957 Iesus,
1653 1923 1738 1951 videns

948 1975 1003 1994 eum
1013 1987 1020 1999 ,
1036 1967 1123 1993 cecidit
1135 1967 1168 1992 ad
1179 1967 1252 2001 pedes
1261 1968 1324 2002 ejus,
1336 1967 1430 1994 ctdiait
1443 1968 1464 1994 ei
1474 1976 1482 1994 :
1494 1967 1610 2001 Domine,
1619 1968 1640 1994 si
1647 1968 1738 2003 fuisses

948 2013 998 2045 hic,
1015 2013 1092 2046 frater
1105 2020 1173 2038 meus
1187 2020 1237 2039 non
1252 2018 1313 2039 esset
1332 2017 1455 2039 mortuus.
1474 2012 1547 2039 Iesus
1566 2021 1624 2048 ergo
1638 2018 1665 2039 ut
1677 2013 1738 2040 vidit

947 2068 1002 2086 eam
1015 2058 1164 2094 plorantem,
1184 2063 1207 2084 ct
1219 2057 1324 2085 Iudtvos
1335 2059 1378 2092 qui
1390 2066 1445 2085 cum
1458 2058 1502 2085 illa
1516 2063 1585 2085 erant
1600 2058 1736 2093 plorantes,

948 2106 1048 2141 fremuit
1058 2105 1157 2139 spiritu,
1172 2103 1309 2131 ettttrbavit
1319 2105 1488 2140 semetipsum,
1503 2109 1525 2130 et
1538 2105 1620 2131 dixit:
1636 2104 1684 2131 Ubi
1692 2113 1738 2139 pc-

948 2151 1031 2178 suistis
1049 2151 1123 2177 cum?
1147 2150 1241 2178 Nescio
1257 2150 1318 2185 quid
1342 2150 1419 2178 nobis
1439 2150 1580 2177 insinuavit
1600 2150 1737 2178 tremendo

948 2196 1051 2231 spiritu,
1069 2200 1095 2223 et
1108 2195 1238 2223 turbando
1251 2196 1375 2230 seipsum.
1391 2195 1455 2229 Quis
1468 2196 1540 2223 enim
1553 2203 1612 2223 eum
1627 2201 1714 2231 posset
1728 2217 1736 2230 ,

948 2242 997 2269 nisi
1011 2250 1039 2269 se
1054 2242 1119 2276 ipse,
1135 2241 1257 2269 turbare?
1271 2242 1370 2277 Itaque,
1394 2241 1487 2270 fratres
1509 2243 1577 2275 mei,
1593 2242 1678 2277 primo
1695 2242 1738 2270 hic

949 2289 1076 2317 attendite
1090 2292 1255 2324 potestatem,
1274 2293 1299 2316 et
1313 2288 1350 2315 sic
1363 2288 1486 2323 inquirite
1507 2288 1737 2324 signiﬁcationem.

950 2336 1074 2364 Turburis
1090 2340 1116 2362 tu
1132 2335 1240 2368 nolens;
1254 2335 1372 2362 turbatus
1383 2340 1422 2363 est
1431 2334 1563 2369 Christus,
1575 2335 1634 2370 quia
1644 2335 1736 2363 voluit.

949 2382 1067 2410 Esurivit
1078 2382 1166 2415 Jesus,
1181 2389 1272 2409 \erum
1287 2386 1342 2414 est,
1358 2381 1404 2409 sed
1425 2381 1485 2416 quia
1504 2381 1600 2415 voluit;
1614 2381 1739 2409 dormivit

948 2427 1035 2459 Jesus,
1051 2435 1141 2455 verum
1156 2432 1206 2461 est,
1218 2428 1263 2455 sed
1275 2428 1334 2462 quia
1348 2427 1445 2460 voluit;
1460 2428 1630 2455 contristatus
1643 2431 1683 2455 est
1694 2427 1738 2455 Je-

948 2482 1004 2506 sus,
1025 2481 1116 2501 verum
1133 2478 1184 2506 est,
1207 2473 1253 2500 sed
1267 2476 1326 2508 quia
1342 2473 1438 2505 voluit;
1462 2476 1581 2500 mortuus
1595 2477 1635 2500 est
1649 2472 1737 2507 Iesus,

949 2528 1040 2548 verum
1053 2524 1102 2552 est,
1120 2519 1166 2546 sed
1179 2519 1239 2554 quia
1251 2519 1334 2546 voluit
1349 2527 1356 2545 :
1371 2518 1397 2545 in
1409 2518 1479 2546 illius
1492 2522 1621 2554 potestate
1633 2524 1691 2547 erat
1700 2520 1739 2548 sic

949 2567 990 2594 vel
1001 2566 1039 2593 sic
1051 2565 1130 2598 attici,
1139 2565 1178 2592 vel
1189 2572 1241 2593 non
1254 2564 1333 2592 afﬁci.
1348 2564 1462 2592 Verbum
1473 2564 1544 2591 enim
1554 2565 1669 2593 animam
1680 2573 1740 2594 sus~

950 2614 1018 2649 cepit
1033 2617 1060 2641 et
1079 2620 1196 2644 carnem,
1213 2611 1293 2639 totius
1306 2611 1421 2638 hominis
1433 2610 1483 2638 sibi
1497 2615 1625 2646 coaptans
1638 2612 1663 2640 in
1678 2619 1739 2647 per-

950 2668 1022 2688 sonae
1036 2659 1136 2686 unitate
1151 2663 1279 2686 naturam.
1294 2657 1361 2686 Nam
1375 2662 1402 2685 et
1415 2658 1503 2685 anima
1518 2658 1638 2694 Apostoli
1651 2657 1738 2685 Verbo

949 2708 1080 2736 illustrata
1091 2711 1143 2739 est,
1156 2706 1242 2734 anima
1256 2705 1325 2733 Petri
1339 2705 1427 2733 Verbo
1440 2705 1569 2733 illustrata
1584 2710 1634 2737 est,
1650 2704 1738 2732 anima

950 2755 1034 2787 Pauli,
1046 2754 1156 2782 aliorum
1171 2752 1368 2788 Apostolorum,
1380 2757 1531 2780 sanctorum
1545 2750 1737 2786 Prophetarum

950 2800 1038 2828 Verbo
1049 2800 1186 2827 illustratm
1198 2803 1260 2826 sunt
1269 2799 1364 2827 animae
1376 2807 1382 2825 :
1396 2798 1443 2826 sed
1452 2797 1485 2825 de
1495 2797 1566 2825 nulla
1576 2796 1675 2824 dictum
1685 2800 1737 2830 est,

954 2846 1063 2873 Verbum
1077 2854 1135 2873 caro
1146 2848 1239 2882 factum
1249 2850 1284 2873 est
1299 2845 1385 2881 (Jotm.
1401 2853 1419 2877 ι,
1436 2843 1497 2879 li);
1511 2843 1545 2871 de
1559 2843 1630 2871 nulla
1640 2843 1740 2871 dictum

950 2898 1001 2928 est,
1019 2893 1072 2931 Ego
1086 2897 1109 2921 et
1129 2892 1206 2921 Pater
1222 2900 1297 2921 unum
1313 2899 1398 2918 sumus
1411 2889 1471 2927 (Id.
1486 2897 1512 2923 x,
1527 2888 1589 2927 30).
1605 2890 1697 2919 Anima
1713 2894 1741 2919 et
