3926 6370
597 373 737 440 i759

598 495 713 553 est,
746 483 931 542 umbra
972 485 1170 542 futuri?
1209 483 1494 556 Prophetia
1534 483 1734 540 Christi
1767 485 2010 550 venturi,
2051 497 2176 554 pro-

599 579 775 652 phetia
801 594 897 652 pro
925 580 1077 636 nobis
1104 579 1194 635 illo
1221 578 1308 636 die
1334 578 1537 650 passuri
1561 596 1576 633 :
1608 588 1663 633 ut
1686 578 1938 634 transiret
1966 577 2173 644 umbra,

599 679 652 727 et
680 670 771 727 lux
809 671 1050 736 veniret;
1099 681 1158 727 ut
1203 671 1450 726 transiret
1489 669 1838 741 signiﬁcatio,
1883 678 1937 726 et
1979 670 2176 725 veritas

600 771 890 819 teneretur.
929 762 1206 820 [iubebant
1231 778 1358 851 ergo
1393 762 1560 820 Judtei
1601 762 1801 820 Pascha
1850 764 1903 818 in
1947 762 2133 818 umbra
2155 803 2172 830 ,

598 867 699 909 nos
719 854 770 909 in
797 853 934 910 luce.
962 854 1097 924 Quid
1120 855 1261 910 enim
1282 868 1415 924 Opus
1437 861 1551 909 erat
1575 863 1632 908 ut
1656 854 1735 909 eis
1759 853 2010 908 Dominus
2037 867 2174 923 prte-

599 944 799 1015 eiperet
829 961 924 1016 per
960 946 1133 1017 ipsum
1171 945 1363 1001 festum
1401 946 1541 1000 diem
1570 960 1722 1000 ovem
1758 943 2002 999 occidere
2025 984 2041 1011 ,
2072 943 2175 998 nisi

597 1038 719 1108 quia
762 1038 851 1094 ille
875 1047 991 1094 erat
1027 1037 1094 1094 de
1121 1053 1226 1109 quo
1251 1038 1620 1108 prophetatum
1649 1046 1768 1103 est,
1800 1035 1944 1092 Sicut
1968 1037 2070 1090 ouis
2109 1036 2177 1089 ad

598 1131 962 1187 immolandum
985 1132 1163 1186 ductus
1189 1141 1261 1186 est
1285 1129 1434 1202 (Isai.
1463 1146 1553 1186 LIII
1571 1173 1587 1197 ,
1614 1131 1689 1198 7).
1721 1129 1992 1201 Sanguine
2014 1129 2176 1184 occisi

599 1223 807 1294 pecoris
823 1221 1121 1278 Judtnorum
1136 1231 1313 1293 postes
1333 1222 1522 1293 signati
1534 1231 1656 1276 sunt
1673 1238 1686 1282 :
1711 1221 1965 1301 sanguine
1979 1219 2175 1276 Christi

599 1315 800 1371 frantes
828 1325 1019 1371 nostra:
1047 1315 1341 1387 signantur.
1388 1315 1454 1370 Et
1493 1316 1580 1371 illa
1609 1316 1834 1386 signatio
1853 1355 1868 1378 ,
1899 1315 2021 1384 quia
2061 1319 2177 1367 erat

598 1404 909 1476 signiﬁcatio
931 1448 947 1474 ,
977 1406 1114 1462 dicta
1143 1415 1227 1463 est
1255 1423 1283 1460 a
1317 1407 1564 1462 domibus
1599 1407 1820 1476 signatis
1851 1405 2174 1460 extermina-

598 1505 768 1553 torcm
799 1497 1082 1569 prohibere
1113 1487 1304 1571 (Exod.
1335 1514 1410 1554 xu
1430 1540 1444 1563 ,
1471 1497 1560 1564 22,
1585 1495 1678 1569 25)
1709 1515 1721 1550 :
1751 1497 1957 1566 signum
1980 1494 2174 1550 Christi

597 1602 628 1643 a
655 1589 807 1644 nobis
847 1591 1055 1660 repellit
1081 1590 1543 1648 exterminatorem
1563 1631 1578 1654 ,
1608 1590 1651 1644 si
1682 1604 1774 1644 cor
1815 1597 2054 1642 nostrum
2085 1602 2173 1642 re-

599 1681 760 1752 cipiat
786 1680 1135 1737 Salvatorem.
1163 1679 1339 1748 Quare
1364 1680 1464 1735 hoc
1489 1679 1634 1735 dixi?
1660 1680 1792 1748 Quia
1823 1680 1968 1735 multi
1995 1682 2174 1749 pestes

598 1769 795 1826 habent
818 1773 1082 1842 signatos,
1112 1781 1164 1826 et
1191 1774 1330 1826 intus
1360 1787 1462 1826 non
1490 1781 1669 1826 manet
1696 1770 1993 1827 habitator:
2023 1770 2174 1826 facile

598 1859 796 1916 habent
822 1862 874 1916 in
913 1861 1088 1916 fronte
1129 1862 1338 1932 signum
1364 1862 1593 1929 Christi,
1625 1874 1678 1918 et
1703 1863 1863 1917 corde
1902 1878 2005 1918 non
2034 1864 2173 1917 reci-

597 1952 748 2022 piunt
775 1950 993 2007 verbum
1013 1953 1234 2008 Christi.
1260 1953 1384 2010 ideo
1408 1953 1538 2021 dixi,
1567 1957 1778 2022 fratres,
1802 1955 1940 2026 quod
1969 1964 2170 2026 repeto,

598 2040 808 2110 signum
847 2041 1039 2098 Christi
1077 2058 1116 2098 a
1159 2043 1310 2098 nobis
1352 2045 1563 2114 repellit
1592 2046 2058 2102 exterminatorcm
2082 2089 2098 2112 ,
2128 2047 2174 2102 si

598 2146 694 2188 cor
721 2141 960 2190 nostrum
989 2135 1177 2191 habeat
1199 2136 1466 2191 Christum
1499 2137 1866 2196 habitatorem.
1891 2139 2015 2194 Harc
2040 2139 2169 2206 dixi,

599 2237 670 2277 ne
690 2223 810 2293 quis
843 2223 980 2280 forte
1007 2226 1260 2296 cogitaret
1283 2227 1406 2296 quid
1434 2227 1532 2283 sibi
1561 2228 1753 2282 vellent
1787 2228 1882 2284 ista
1916 2228 2046 2283 festa
2076 2229 2172 2284 Ju-

598 2313 853 2369 dmorum.
892 2314 1044 2372 Venit
1069 2331 1195 2387 ergo
1227 2317 1479 2372 Dominus
1501 2326 1749 2390 tanquam
1774 2319 1840 2374 ad
1871 2320 2134 2375 victimam
2153 2363 2168 2388 ,

597 2415 657 2460 ut
679 2419 860 2461 verum
881 2406 1082 2462 Pascha
1105 2423 1202 2462 nos
1228 2407 1564 2475 haberemus,
1593 2425 1714 2465 cum
1736 2411 1851 2480 ejus
1871 2413 2170 2481 passionem

599 2505 845 2567 tanquam
870 2499 982 2553 ovis
1011 2499 1428 2556 immolationem
1452 2501 1861 2557 celebraremus.

666 2590 720 2644 5.
766 2590 1063 2656 Quaerebam
1096 2608 1214 2664 ergo
1239 2591 1415 2647 Jesum
1443 2609 1462 2647 :
1507 2593 1600 2650 sed
1639 2595 1798 2649 male.
1841 2594 1988 2649 Beati
2031 2595 2170 2649 enim

597 2683 688 2754 qui
715 2692 958 2754 quaerunt
984 2682 1197 2751 Jesum,
1227 2685 1319 2740 sed
1348 2685 1501 2740 bene.
1531 2683 1607 2740 Illi
1632 2686 1937 2757 quazrebant
1965 2685 2167 2751 Jesum,

595 2786 653 2832 ut
700 2789 800 2832 nec
845 2777 946 2847 ipsi
991 2776 1250 2834 haberent
1291 2793 1445 2846 eum,
1476 2794 1574 2835 nec
1615 2794 1750 2834 nos:
1794 2778 1888 2835 sed
1933 2779 1999 2833 ab
2043 2779 2169 2848 ipsis

593 2868 966 2926 abscedentem
1015 2870 1346 2941 suscepimus
1387 2885 1504 2926 nos.
1554 2870 2032 2940 Reprehenduntur
2079 2871 2169 2942 qui

595 2971 839 3033 quaerunt
856 3003 870 3027 ,
901 2960 1180 3017 laudantur
1205 2962 1294 3032 qui
1315 2973 1560 3033 quaerunt
1582 2979 1594 3016 :
1625 2963 1834 3017 animus
1859 2963 1999 3017 enim
2025 2979 2169 3032 qum-

593 3052 765 3109 rentis
791 3060 883 3108 aut
907 3052 1118 3108 laudem
1146 3053 1382 3118 invenit,
1416 3063 1509 3108 aut
1535 3052 1949 3108 damnationem.
1997 3053 2168 3110 Habes

595 3141 739 3198 enim
777 3152 833 3198 et
860 3145 911 3197 in
942 3142 1192 3210 Psalmis,
1221 3142 1608 3214 Confundantur
1635 3155 1681 3198 et
1709 3156 2054 3211 rever-cantur,
2083 3146 2169 3216 qui

595 3246 827 3302 quarunt
865 3235 1084 3288 animam
1112 3251 1272 3290 meam
1313 3234 1483 3307 (Psal.
1527 3238 1880 3305 xxxrx,15):
1923 3238 2005 3292 isti
2047 3246 2170 3293 sunt

594 3325 688 3396 qui
716 3323 856 3380 male
894 3326 1222 3397 quaerebant.
1271 3327 1391 3382 Alio
1417 3337 1592 3383 autem
1631 3329 1746 3383 loco
1782 3327 1910 3383 dicit
1940 3346 1952 3381 :
2007 3327 2168 3384 Periit

593 3417 720 3488 fuga
745 3432 779 3471 a
799 3433 898 3485 me,
927 3426 975 3472 et
1002 3434 1102 3473 non
1121 3429 1193 3473 est
1211 3421 1295 3490 qui
1318 3421 1535 3489 requirat
1563 3422 1783 3475 animam
1807 3438 1968 3476 meant
1993 3421 2164 3488 (Psal.

596 3521 722 3563 cxu
736 3547 751 3574 ,
780 3507 857 3580 5).
878 3507 1175 3579 Culpantur
1195 3511 1283 3580 qui
1305 3512 1631 3582 quaerebant,
1655 3514 1934 3583 culpantur
1951 3515 2038 3585 qui
2062 3530 2164 3570 non

595 3600 925 3674 quaerebant.
955 3601 1097 3673 Ergo
1129 3617 1433 3672 quaeramus
1457 3603 1723 3660 Christum
1755 3615 1811 3659 ut
1836 3605 2163 3667 habeamus;

594 3709 895 3764 quaeramus
919 3703 977 3750 ut
1003 3703 1308 3764 teneamus,
1337 3697 1431 3752 sed
1457 3713 1561 3751 non
1587 3707 1644 3753 ut
1670 3699 2008 3754 occidamus:
2045 3713 2163 3753 nam

595 3796 651 3840 et
676 3785 748 3842 illi
777 3785 896 3841 ideo
922 3787 1226 3857 quaerebant
1252 3790 1270 3820 ί
1300 3798 1358 3843 ιιι
1395 3797 1669 3854 tenerent,
1700 3789 1794 3844 sed
1828 3798 1882 3844 ut
1926 3790 2031 3845 cito
2059 3806 2163 3846 non

593 3875 870 3934 haberent.
919 3878 1219 3944 Quterebant
1253 3897 1370 3952 ergo
1390 3923 1405 3948 ,
1451 3891 1498 3936 et
1540 3882 1865 3953 loquebantur
1901 3885 2026 3938 inter
2071 3900 2165 3940 se:

598 3965 737 4034 Quid
764 3970 978 4040 putatis,
1009 3972 1128 4042 quia
1153 3988 1252 4026 non
1277 3973 1408 4026 venit
1431 3972 1499 4026 ad
1525 3974 1656 4027 diem
1682 3978 1860 4046 festum
1876 3976 1902 4028 γ

664 4061 717 4116 4.
747 4059 998 4117 Dederant
1026 4073 1194 4119 autem
1213 4066 1472 4135 pontiﬁces
1497 4074 1543 4120 et
1577 4065 1824 4121 leriswi
1849 4067 2162 4132 mandatum,

592 4161 650 4208 ut
677 4152 723 4208 si
743 4153 854 4224 quis
883 4157 1166 4224 cognoverit
1201 4156 1286 4211 ubi
1312 4158 1404 4224 sit,
1443 4159 1652 4223 indicet,
1693 4169 1748 4213 ut
1787 4160 2165 4228 apprehendant

591 4260 726 4300 eum.
764 4244 873 4302 Nos
899 4246 1191 4302 indicemus
1220 4247 1378 4303 modo
1410 4247 1635 4316 Iudaeis,
1678 4250 1765 4306 ubi
1798 4251 1867 4305 sit
1900 4250 2162 4306 Christus.

595 4333 806 4390 Utinam
848 4336 1012 4392 velint
1057 4338 1240 4393 audire
1286 4347 1342 4392 et
1374 4339 1808 4408 appprehendere
1849 4343 2165 4412 quicumque

593 4435 720 4481 sunt
754 4441 817 4481 ex
848 4429 1051 4482 semine
1084 4430 1323 4496 illorum,
1354 4431 1444 4500 qui
1481 4431 1738 4488 dederant
1767 4433 2068 4490 mandatum
2108 4444 2165 4490 ut

595 4515 921 4572 indicaretur
947 4518 1025 4573 eis
1061 4520 1149 4574 ubi
1179 4529 1322 4576 esset
1349 4521 1606 4578 Christus.
1640 4523 1863 4580 Veniant
1889 4527 1955 4582 ad
1982 4527 2163 4584 Eccle-

595 4609 751 4674 siam,
781 4608 995 4664 audiant
1018 4611 1107 4666 ubi
1127 4611 1194 4666 sit
1216 4611 1458 4668 Christus
1483 4655 1496 4679 ,
1523 4625 1576 4670 et
1599 4617 1999 4686 apprehendant
2017 4636 2160 4676 eum.

595 4701 640 4754 Α
667 4698 820 4754 nobis
845 4701 1089 4768 audiant,
1121 4718 1187 4758 ex
1215 4702 1499 4774 Evangelio
1523 4706 1756 4762 audiant.
1784 4707 1999 4767 Occisus
2028 4722 2104 4767 est
2131 4727 2162 4767 a

595 4789 905 4861 parentibus
931 4806 1146 4859 eorum,
1171 4795 1410 4864 sepultus
1444 4805 1563 4864 est,
1591 4801 1876 4855 resurrexit
1895 4842 1908 4865 ,
1939 4817 1969 4856 a
2007 4803 2165 4860 disci-

592 4879 732 4951 pulis
756 4881 964 4952 agnitus
983 4925 999 4951 ,
1026 4893 1148 4940 ante
1183 4886 1367 4942 oculos
1390 4901 1573 4943 eorum
1598 4890 1837 4946 ascendit
1863 4891 1917 4946 in
1946 4896 2159 4962 uelum,

591 4971 664 5028 ibi
690 4973 842 5030 sedet
867 4974 934 5030 ad
960 4974 1230 5032 dexteram
1259 4977 1463 5046 Patris;
1491 4981 1578 5050 qui
1599 4980 1864 5050 judicatus
1897 4994 2005 5053 est,
2036 5001 2166 5042 ven-

594 5073 745 5119 turus
785 5075 868 5122 est
906 5066 1103 5137 judex:
1148 5069 1392 5136 audiant,
1421 5079 1477 5127 et
1505 5081 1735 5130 teneant.
1782 5075 2158 5147 Respondent:

595 5153 873 5222 Quomodo
909 5158 1099 5214 tenebo
1141 5159 1412 5216 absentem
1443 5164 1503 5228 ¹;
1554 5165 1820 5234 quomodo
1867 5167 1919 5222 in
1965 5169 2161 5226 omium

591 5260 808 5301 manum
851 5247 1094 5316 mittam,
1143 5260 1200 5305 ut
1244 5251 1317 5306 ibi
1363 5253 1636 5311 sedentem
1689 5260 1933 5314 teneam?
1977 5261 2160 5319 Fidem

590 5337 772 5407 mitte,
802 5347 855 5395 et
889 5340 1122 5396 tenuisti.
1152 5342 1404 5400 Parentes
1445 5348 1517 5402 tui
1559 5358 1841 5406 tenuerunt
1885 5368 2071 5418 carne,
2109 5364 2162 5410 tu

590 5439 714 5488 tene
739 5431 938 5488 corde:
980 5435 1225 5505 quoniam
1255 5437 1492 5496 Christus
1517 5440 1708 5498 absens
1742 5446 1900 5500 etiam
1926 5461 2162 5516 praesens

588 5532 689 5580 est.
721 5522 830 5580 Nisi
851 5540 1084 5596 praesens
1112 5539 1288 5598 esset,
1317 5546 1346 5586 a
1378 5533 1530 5588 nobis
1553 5533 1681 5604 ipsis
1710 5539 1878 5592 teneri
1906 5553 2008 5593 non
2039 5555 2160 5610 pos~

649 5680 668 5753 ξ
686 5680 891 5753 ξιξ-μω.
921 5689 976 5733 At
994 5684 1246 5753 editi,_non_
1263 5685 1373 5738 ideo
1392 5687 1685 5753 quprebant.

584 5742 804 5857 Μὶοεξιιί
825 5757 837 5793 :
862 5752 1009 5804 Quem
1021 5742 1185 5797 tenebo
1197 5742 1467 5799 absentem?
1490 5749 1676 5813 Aliquot
1695 5758 1823 5802 Mss:
1837 5757 2073 5815 Quomodo
2093 5763 2161 5810 le-

1549 368 1615 428 lN
1651 369 1928 429 JOANNlS
1965 367 2432 439 EVANGELIUM,
2464 369 2526 430 S.
2555 369 2917 430 AUGUSTINI

3690 386 3794 447 "60

2282 493 2382 539 set.
2415 482 2520 540 Sed
2545 484 2793 555 quoniam
2819 499 3002 540 verum
3031 492 3148 554 est,
3177 487 3316 558 quod
3343 489 3450 556 ait,
3481 489 3602 547 Ecce
3623 511 3697 567 ego
3723 517 3790 555 ro-

2281 573 2472 629 biscum
2495 591 2608 629 sum
2646 591 2807 645 usque
2831 575 2899 630 ad
2923 578 3398 634 consummationem
3436 583 3598 636 saeculi
3621 585 3788 658 (Matth.

2281 683 2480 735 xxvtu,
2506 667 2632 739 20);
2658 679 2712 725 et
2729 668 2878 734 abiit,
2909 678 2963 724 et
2987 669 3073 725 hic
3098 679 3216 736 est;
3247 679 3304 727 et
3333 671 3515 741 rediit,
3545 684 3594 730 et
3611 691 3692 734 nos
3711 695 3788 737 non
3886 733 3887 754 ἶ

2280 759 2515 816 deserit:
2545 774 2740 831 corpus
2765 761 2906 816 enim
2933 775 3088 817 suum
3119 761 3292 817 intulit
3316 763 3456 819 caelo
3474 805 3490 832 ,
3519 768 3787 840 majestatem
3886 771 3887 840 ἦ

2279 864 2385 906 non
2412 850 2628 933 abstulit
2653 850 2869 906 mundo.

2351 943 2402 998 5.
2426 941 2578 996 Jesus
2603 958 2722 1013 ergo
2746 952 2862 996 ante
2887 959 2976 998 sea:
2988 943 3094 998 dies
3118 942 3333 1001 Pascha
3355 947 3485 1001 uenit
3508 946 3781 1020 Bethaniau,

2278 1031 2363 1085 ubi
2383 1035 2546 1103 fuerat
2567 1030 2795 1087 Lazarus
2820 1042 3075 1097 mortuus,
3097 1050 3244 1106 quem
3267 1037 3521 1091 suscitauit
3539 1037 3684 1094 Iesus.
3707 1041 3784 1098 Fe-

2279 1130 2450 1176 cerunt
2472 1132 2637 1176 autent
2656 1123 2701 1176 ei
2726 1123 2795 1177 ibi
2818 1139 3010 1179 caenam
3027 1165 3043 1190 ,
3071 1134 3120 1178 et
3141 1124 3351 1181 larum
3374 1128 3664 1185 ministrabat
3682 1149 3696 1188 :
3714 1133 3786 1188 Lo-

2278 1227 2430 1265 sarus
2469 1229 2583 1267 vero
2619 1229 2751 1268 unus
2787 1223 2894 1268 erat
2929 1231 2992 1269 ea:
3017 1215 3462 1275 discumbentibus.
3492 1220 3562 1276 Ne
3597 1234 3785 1292 putarent

2279 1300 2520 1360 homines
2549 1305 2861 1375 phantasma
2887 1321 3010 1362 esse
3047 1307 3243 1363 factum
3265 1351 3280 1376 ,
3313 1311 3436 1381 quia
3483 1323 3690 1371 mortuus
3723 1333 3783 1373 ne-

2277 1397 2540 1463 surrexit,
2585 1413 2720 1453 unus
2743 1407 2858 1454 erat
2883 1414 2948 1454 ex
2977 1400 3444 1469 recumbentibus;
3490 1405 3694 1473 vivebat,
3726 1409 3782 1464 lo-

2278 1487 2566 1557 quebatur,
2593 1488 2907 1558 epulabatur
2934 1506 2948 1545 :
2981 1491 3178 1548 veritas
3220 1492 3613 1562 ostendebatur,
3641 1497 3780 1554 inlide-

2279 1577 2400 1634 litas
2445 1579 2751 1636 Judznorum
2809 1582 3250 1639 confundebatur.
3309 1585 3659 1644 Discumbebat
3690 1605 3782 1661 ergo

2280 1669 2534 1726 Dominus
2561 1687 2679 1726 cum
2710 1672 2912 1728 Lazaro
2939 1684 2993 1729 et
3020 1675 3264 1743 czeteris,
3298 1677 3615 1735 ministrabat
3633 1679 3778 1737 Martha

2278 1775 2381 1816 una
2408 1777 2473 1816 ex
2497 1763 2767 1818 sororibus
2796 1763 3000 1819 Lazari.

2348 1854 2401 1909 6.
2444 1853 2611 1908 Maria
2631 1871 2757 1911 vero
2775 1898 2790 1922 ,
2819 1843 2981 1912 altera
3012 1873 3165 1913 soror
3189 1858 3382 1914 Lazari
3400 1901 3414 1925 ,
3447 1863 3622 1933 accepit
3649 1863 3777 1919 libram

2277 1947 2518 2018 unguenti
2539 1946 2688 2001 nardi
2707 1948 2870 2017 pistiei
2890 1950 3121 2018 pretiosi,
3165 1951 3312 2005 unxit
3337 1951 3481 2020 pedes
3513 1951 3645 2021 Jesu,
3665 1965 3777 2010 etes.

2277 2038 2414 2091 tersit
2450 2039 2648 2109 capillis
2680 2040 2786 2094 suis
2819 2041 2969 2110 pedes
3000 2043 3137 2114 ejus,
3169 2054 3220 2097 et
3241 2042 3424 2099 domus
3447 2045 3633 2116 impleta
3663 2056 3777 2102 estis

2278 2128 2430 2184 odore
2448 2133 2708 2201 unguenti.
2738 2131 2957 2187 Factum
2983 2132 3284 2189 audivimus
3301 2175 3316 2200 ,
3349 2136 3631 2206 mysterium
3652 2141 3776 2208 requi-

2275 2234 2475 2276 ramus.
2503 2221 2858 2294 Quzecumque
2881 2224 3054 2279 anima
3077 2224 3248 2280 tidelis
3273 2226 3355 2281 vis
3379 2243 3511 2294 esse,
3535 2244 3636 2284 cum
3659 2229 3771 2285 Maria

2275 2326 2413 2382 unge
2451 2312 2615 2382 pedes
2646 2314 2852 2369 Domini
2902 2316 3133 2386 pretioso
3181 2328 3471 2388 unguento.
3513 2318 3774 2388 Unguentum

2272 2401 2402 2456 illud
2418 2401 2622 2472 justitia
2647 2401 2774 2471 fuit,
2801 2404 2920 2460 ideo
2946 2405 3079 2462 libra
3108 2406 3208 2463 fuit
3233 2423 3248 2462 :
3291 2417 3407 2466 erat
3423 2419 3584 2465 autem
3605 2425 3777 2482 unguen-

2275 2503 2384 2546 tum
2416 2494 2565 2549 nardi
2606 2496 2780 2566 pistiei
2823 2498 3060 2566 pretiosi.
3109 2501 3276 2567 Quod
3303 2502 3412 2568 ait,
3441 2503 3616 2574 pistiei,
3653 2503 3774 2557 lomm

2273 2586 2504 2656 aliquem
2529 2587 2751 2644 credere
2777 2588 3035 2646 debemus
3052 2634 3066 2658 ,
3092 2593 3232 2648 unde
3273 2594 3375 2650 hoc
3400 2604 3511 2650 erat
3529 2604 3773 2665 unguentum

2272 2680 2567 2750 pretiosum
2612 2697 2759 2738 :nec
2800 2691 2975 2739 tamen
3031 2685 3131 2740 hoc
3177 2697 3372 2754 vacat,
3423 2697 3475 2742 et
3523 2695 3772 2742 sacramento

2273 2773 2471 2842 optime
2496 2783 2771 2829 consonat.
2805 2781 2966 2838 Πιστις
2991 2791 3163 2847 graece
3182 2817 3198 2842 ,
3228 2777 3376 2834 tides
3398 2778 3592 2834 dicitur.
3618 2777 3772 2845 Quaere-

2271 2865 2368 2921 bas
2382 2867 2589 2936 operari
2607 2867 2863 2937 justitiam
2886 2885 2899 2922 :
2921 2868 3096 2938 justus
3115 2884 3184 2923 ex
3208 2869 3326 2927 lide
3345 2872 3468 2926 vivit
3482 2870 3632 2943 (Rom.
3646 2886 3676 2936 t,
3694 2869 3769 2936 l7).

2272 2955 2423 3029 Unge
2470 2956 2631 3028 pedes
2677 2958 2845 3014 Jesu:
2879 2958 3017 3015 bene
3055 2960 3295 3016 vivendo
3345 2961 3590 3016 dominica
3627 2967 3771 3014 sectare

2270 3049 2512 3119 vestigia.
2540 3050 2759 3119 Capillis
2787 3060 2932 3122 terge
2961 3069 2974 3106 :
3007 3050 3052 3106 si
3096 3051 3274 3108 habes
3299 3053 3579 3125 superﬂua,
3614 3051 3667 3106 da
3685 3063 3772 3121 pau-

2273 3140 2520 3210 peribus,
2549 3150 2605 3195 et
2633 3141 2836 3196 Dumini
2857 3141 3021 3212 pedes
3049 3144 3245 3199 tersisti
3281 3161 3295 3210 ;
3324 3145 3488 3216 capilli
3507 3145 3625 3200 enim
3639 3155 3772 3224 superv
3875 3177 3882 3203 τ

2271 3195 2376 3287 llua
2396 3195 2638 3301 corporis
2662 3195 3314 3305 videnttirtllabe—s‘quiad
3329 3195 3770 3308 agas—de—suwpuéﬂuis

2272 3325 2376 3379 tuis
2408 3342 2421 3378 :
2447 3325 2538 3379 tibi
2559 3324 2829 3396 superﬂua
2851 3335 3002 3394 sunt,
3028 3327 3122 3382 sed
3164 3327 3386 3384 Domini
3432 3328 3625 3400 pedibus
3640 3337 3771 3381 neces-

2271 3416 2427 3471 saria.
2457 3415 2616 3472 Forte
2639 3415 2849 3471 interra
2877 3418 3084 3473 Domini
3108 3418 3282 3488 pedes
3303 3416 3768 3492 indigent.Dequibus

2271 3507 2411 3562 enim
2439 3507 2540 3563 nisi
2564 3507 2632 3564 de
2657 3509 2908 3564 membris
2938 3512 3046 3565 suis
3074 3511 3126 3565 in
3159 3512 3270 3568 line
3297 3514 3523 3570 dicturus
3543 3521 3638 3576 est,
3675 3506 3762 3563 Cum

2269 3599 2357 3652 uni
2385 3615 2446 3653 ea:
2470 3599 2687 3655 minimis
2710 3602 2831 3655 meis
2861 3603 3048 3674 fecistis
3067 3645 3082 3670 ,
3110 3605 3238 3659 mihi
3268 3607 3454 3674 fecistis
3477 3604 3655 3677 (Matth.
3674 3616 3759 3664 xxv,

2268 3688 2388 3762 40)?
2413 3690 2690 3760 Supcrﬂua
2722 3702 2900 3748 vestra
2931 3694 3300 3764 impendistis,
3349 3698 3440 3754 sed
3467 3695 3654 3768 pedibus
3671 3690 3761 3747 meis

2269 3780 2507 3836 obsecuti
2542 3783 2689 3837 estis.
3296 3813 3310 3837 .-
3410 3830 3418 3837 .
3447 3811 3472 3836 ·;

2344 3871 2396 3925 7.
2429 3869 2625 3926 Domus
2647 3881 2821 3929 autem
2838 3873 3043 3946 impleta
3063 3884 3134 3931 est
3149 3878 3330 3945 odore;
3347 3877 3558 3934 mundus
3574 3874 3757 3945 impletus

2267 3969 2349 4016 est
2378 3961 2514 4018 fama
2539 3962 2676 4018 bona
2700 3981 2714 4017 :
2747 3979 2866 4019 nam
2886 3964 3020 4020 odor
3041 3966 3214 4022 bonus
3237 4010 3253 4032 ,
3283 3971 3418 4023 fama
3448 3969 3568 4023 bona
3591 3974 3670 4021 est.
3689 3961 3756 4028 Qui

2269 4055 2406 4110 male
2436 4054 2616 4110 vivunt
2643 4063 2699 4110 et
2717 4055 2989 4111 christiani
3020 4068 3305 4125 vocantur,
3338 4060 3565 4130 injuriam
3599 4054 3755 4110 Christo

2267 4144 2463 4202 iaciunt
2495 4163 2508 4200 :
2541 4145 2608 4201 de
2632 4147 2874 4216 qualibus
2896 4147 3098 4204 dictum
3137 4161 3222 4206 est
3249 4150 3391 4222 quod
3431 4167 3516 4222 per
3531 4164 3610 4205 eos
3630 4157 3756 4199 nam

2267 4235 2472 4291 Domini
2509 4237 2887 4308 blasphematur
2928 4239 3103 4312 (Rom.
3135 4257 3171 4296 tt
3192 4283 3206 4306 ,
3237 4242 3354 4313 24).
3383 4243 3435 4298 Si
3463 4256 3547 4312 per
3572 4237 3675 4294 tales
3688 4245 3755 4287 no-

2268 4342 2390 4382 men
2436 4327 2529 4382 Dei
2559 4327 2985 4398 blasphematur,
3034 4347 3130 4402 per
3177 4333 3348 4400 honos
3384 4347 3562 4388 nomen
3607 4321 3756 4383 Domini

2267 4419 2530 4475 laudatur.
2552 4420 2688 4476 Audi
2711 4422 3022 4491 Apostolum
3049 4440 3060 4476 :
3088 4421 3276 4479 Christi
3304 4425 3459 4478 bonus
3484 4422 3594 4478 odor
3608 4430 3754 4474 um“.

2267 4511 2455 4582 inquit,
2482 4512 2533 4566 in
2554 4513 2690 4567 ontni
2715 4511 2844 4568 loco.
2870 4513 3070 4570 Dicitur
3083 4525 3137 4571 et
3160 4517 3211 4570 in
3231 4517 3460 4572 Canticis
3479 4513 3751 4571 canticorum.

2273 4604 2592 4675 Unguentum
2617 4604 2831 4672 effusum
2851 4623 3030 4662 nomen
3061 4618 3200 4662 tuum
3221 4607 3390 4681 (Cant.
3419 4625 3454 4674 ι,
3479 4607 3549 4678 2).
3572 4603 3637 4658 Ad
3658 4603 3755 4666 Apo-

2267 4698 2460 4752 stolum
2500 4712 2689 4753 revoca
2727 4699 3073 4756 intentionem
3107 4720 3119 4755 :
3149 4699 3368 4766 Christi,
3416 4699 3599 4771 inquit,
3643 4693 3754 4746 bona:

2268 4787 2391 4842 odor
2413 4805 2587 4842 sumus
2615 4789 2667 4842 in
2691 4790 2830 4844 omni
2853 4789 2961 4845 loco
2981 4833 2996 4857 ,
3021 4802 3068 4846 et
3086 4793 3140 4846 in
3165 4793 3245 4848 Itis
3265 4794 3350 4864 qui
3367 4792 3488 4847 salui
3512 4791 3645 4860 ﬁunt,
3669 4791 3704 4835 ει
3719 4782 3755 4830 in

2273 4879 2350 4934 Itis
2373 4882 2457 4953 qui
2491 4892 2734 4952 pereunt;
2777 4884 2891 4938 aliis
2921 4901 3094 4938 sumus
3115 4885 3238 4940 odor
3262 4886 3374 4940 vita:
3406 4886 3457 4939 in
3483 4883 3641 4944 vitam,
3674 4871 3753 4926 alii!

2267 4972 2393 5028 odor
2417 4974 2591 5028 mortis
2619 4975 2673 5028 in
2697 4984 2903 5030 mortem
2933 4992 2953 5031 :
2979 4985 3024 5030 ct
3047 4977 3116 5030 ad
3136 4978 3241 5031 hac
3269 4977 3378 5047 quis
3402 4977 3590 5030 idoneus
3603 4967 3652 5040 (ll
3668 4961 3750 5018 Car-

2267 5079 2324 5130 tt,
2355 5064 2586 5136 14-16)?
2624 5064 2969 5122 Occasionem
3012 5067 3164 5122 nobis
3193 5068 3388 5138 prmbet
3414 5075 3620 5137 praesens
3640 5050 3754 5110 lectio

2267 5156 2433 5211 sancti
2457 5153 2733 5226 Evangelii
2759 5155 2827 5211 de
2852 5158 3016 5212 odore
3037 5158 3137 5213 isto
3163 5159 3232 5214 ita
3258 5158 3434 5229 loqui,
3461 5163 3513 5210 ut
3535 5161 3619 5208 eta
3641 5141 3752 5201 noltis

2267 5243 2590 5301 sufﬁcienter
2631 5245 2870 5313 dicatur,
2899 5255 2954 5302 et
2995 5263 3025 5302 a
3066 5248 3214 5304 vobis
3236 5247 3502 5319 diligenter
3539 5239 3750 5297 audiatur.

2266 5336 2524 5405 Apostolo
2555 5336 2668 5406 ipso
2694 5337 2768 5392 ita
2798 5336 3035 5406 dicente,
3085 5337 3152 5393 Et
3177 5340 3243 5393 ad
3282 5318 3386 5392 hac
3427 5336 3528 5406 quis
3563 5318 3750 5386 idoneus?

2267 5426 2406 5496 Ergo
2432 5435 2490 5482 ut
2524 5427 2647 5483 inde
2675 5442 2771 5482 nos
2794 5443 3049 5484 conemur
3074 5430 3234 5503 loqui,
3260 5425 3498 5499 numquid
3520 5417 3663 5478 idonei
3682 5425 3746 5466 su-

2266 5534 2413 5585 mus,
2443 5529 2534 5575 aut
2556 5534 2652 5575 vos
2677 5520 2860 5577 audire
2902 5521 3016 5578 haec
3064 5522 3234 5579 idonei
3276 5518 3438 5576 estis?
3461 5515 3556 5571 Nos
3585 5503 3746 5579 quidcm

2265 5613 2444 5669 idonei
2469 5629 2574 5667 non
2612 5628 2835 5680 sumus;
2885 5614 2978 5670 sed
3009 5615 3228 5672 idoneus
3250 5621 3330 5668 est
3365 5609 3448 5666 ille
3470 5603 3549 5677 qui
3577 5612 3655 5670 Ροτ
3674 5599 3745 5646 nm

2265 5705 2510 5777 dignetur
2530 5707 2546 5738 ι
2568 5705 2744 5762 dicere
2770 5707 2910 5776 quod
2935 5706 3085 5765 vobis
3107 5707 3268 5779 prosit
3289 5703 3474 5760 audire.
3505 5693 3622 5750 Εωθ
3637 5686 3743 5754 Δρο-

2331 5821 2348 5851 ί
2372 5825 2420 5870 ιη
2443 5825 2644 5887 quatitur
2658 5826 2788 5882 Mss,
2812 5819 3052 5885 dignatur.
