3926 6370
152 489 316 556 ινδιος
330 480 491 538 bonus
513 478 641 534 odor
665 482 778 540 est,
806 474 944 530 sicut
972 470 1101 529 dicit
1125 471 1240 541 ipse
1268 486 1282 523 :
1311 466 1408 524 sed
1429 465 1543 537 ipse
1561 464 1734 520 bonus

168 586 284 647 ,dor
295 577 409 634 aliis
429 582 512 632 est
538 574 666 628 odor
688 572 804 627 vitae
818 570 869 624 in
888 569 1062 635 vitam,
1094 565 1210 620 aliis
1234 571 1404 617 autem
1420 561 1546 616 odor
1561 559 1739 614 mortis

162 683 208 736 in
236 678 469 733 mortem;
516 677 697 722 tamen
740 664 913 720 bonus
963 660 1114 717 odor.
1149 655 1414 727 Numquid
1447 655 1591 711 enim
1631 653 1731 717 ait,

166 767 288 830 Aliis
331 776 508 820 sumus
553 759 726 814 bonus
752 754 886 811 odor
911 753 980 809 ad
1006 755 1200 816 vitam,
1229 749 1348 806 aliis
1390 748 1564 805 malus
1602 746 1738 801 odor

170 860 225 916 ad
250 851 506 912 mortem?
532 850 741 908 Bonum
779 847 1000 904 odorem
1029 860 1089 900 se
1124 843 1297 907 dixit,
1345 856 1452 898 non
1497 840 1737 903 malum;

173 961 223 1010 et
245 944 482 1003 eumdem
513 944 714 999 bonum
743 939 964 996 odorem
988 937 1105 993 aliis
1130 935 1197 990 ad
1223 934 1384 989 vitam
1428 932 1594 999 dixit,
1617 931 1737 986 aliis

171 1041 230 1099 ad
267 1046 501 1096 mortem.
531 1033 742 1091 Felices
769 1031 860 1102 qui
895 1030 1036 1085 bono
1056 1027 1220 1085 odore
1245 1026 1467 1082 vivunt:
1490 1023 1618 1096 quid
1639 1037 1736 1079 au-

173 1145 267 1191 tem
291 1127 547 1186 infelicius
574 1125 679 1180 illis
704 1123 794 1194 qui
826 1122 969 1178 bono
995 1119 1162 1176 odore
1203 1116 1536 1173 moriuntur?

232 1223 284 1281 8.
308 1221 374 1278 Et
395 1219 512 1292 quis
541 1226 663 1283 est,
693 1216 769 1272 ait
793 1212 1007 1284 aliquis,
1049 1226 1210 1282 quem
1236 1210 1408 1265 bonus
1435 1208 1568 1264 odor
1590 1207 1736 1263 occi-

172 1316 270 1375 Jit?
295 1313 401 1370 Hoc
424 1321 508 1368 est
536 1307 680 1383 quod
715 1307 791 1364 ait
814 1306 1105 1378 Apostolus
1124 1345 1138 1372 ,
1173 1301 1242 1357 Et
1267 1303 1336 1357 ad
1362 1301 1469 1357 Iure
1491 1301 1603 1372 quis
1620 1300 1736 1355 ido-

167 1406 314 1464 neus?
335 1401 617 1473 Quomodo
641 1415 704 1458 ea
729 1398 859 1456 facit
900 1398 1042 1454 Deus
1081 1397 1230 1452 miris
1256 1394 1430 1451 modis
1450 1434 1463 1460 ,
1497 1401 1554 1449 ut
1596 1392 1738 1448 bono

174 1498 325 1556 odore
344 1507 396 1554 et
421 1493 551 1552 boni
578 1493 797 1560 vivant,
843 1498 899 1547 et
940 1490 1065 1546 mali
1105 1488 1440 1554 moriantur;
1470 1483 1739 1558 quomodo

173 1591 265 1659 sit,
290 1596 535 1662 quantum
556 1584 816 1642 Dominus
844 1583 1109 1653 inspirare
1134 1580 1380 1651 dignatur
1405 1578 1423 1610 ¹
1453 1583 1599 1648 (nam
1624 1576 1737 1632 for-

175 1692 300 1737 tasse
321 1680 390 1736 ibi
418 1679 580 1734 lateat
604 1678 628 1710 ²
655 1675 813 1731 altior
839 1672 1171 1739 intellectus,
1204 1670 1296 1742 qui
1339 1685 1370 1725 a
1402 1683 1490 1725 me
1513 1683 1620 1722 non
1644 1682 1741 1738 po-

170 1781 267 1831 test
289 1771 609 1846 penetrari);
663 1776 841 1825 tamen
885 1781 993 1838 quo
1033 1780 1204 1837 usque
1250 1753 1530 1834 penetrare
1560 1759 1737 1832 potui,

174 1865 309 1920 vobis
347 1878 450 1919 non
487 1861 650 1917 debet
694 1858 971 1930 denegari.
1019 1855 1245 1913 Paulum
1272 1853 1571 1924 apostolum
1601 1850 1740 1906 bene

173 1966 396 2030 agentem
415 1998 431 2024 ,
463 1956 602 2012 bene
630 1953 895 2010 viventem
916 1992 933 2020 ,
959 1949 1222 2022 justitiam
1247 1947 1412 2003 verbo
1443 1944 1739 2016 praedican-

173 2057 304 2114 tem,
349 2062 508 2119 opere
557 2045 1014 2101 demonstrantem
1038 2083 1054 2110 ,
1100 2040 1374 2095 doctorem
1404 2034 1738 2102 mirabilem,

175 2138 365 2196 ﬁdelem
385 2138 805 2210 dispensatorem
825 2177 842 2202 ,
865 2134 1004 2189 fama
1026 2145 1403 2203 usquequaque
1424 2126 1743 2185 dissemina-

174 2228 260 2286 bat
284 2248 296 2286 :
321 2229 530 2302 quidam
556 2226 873 2297 diligebant,
893 2224 1108 2298 quidam
1133 2223 1457 2279 invidebant.
1475 2220 1606 2276 Nam
1627 2219 1742 2290 ipse

174 2323 384 2394 quodam
421 2323 542 2378 loco
565 2321 641 2378 ait
661 2320 728 2376 de
755 2318 1068 2392 quibusdam
1085 2361 1098 2385 ,
1132 2317 1273 2389 quod
1299 2332 1406 2373 non
1436 2325 1580 2372 caste
1599 2355 1612 2380 ,
1646 2315 1742 2373 sed

175 2428 266 2482 per
297 2413 541 2470 invidiam
581 2411 858 2467 Christum
909 2409 1322 2472 annuntiarent;
1363 2408 1738 2476 existimantes,

175 2502 354 2576 inquit,
381 2503 753 2559 tribulationem
779 2502 1026 2557 suscitare
1051 2499 1266 2556 vinculis
1298 2500 1442 2554 meis.
1473 2498 1578 2555 Sed
1614 2497 1741 2570 quid

174 2595 279 2654 ait?
307 2596 418 2653 Siue
439 2595 730 2660 occasione,
769 2594 871 2649 sive
897 2591 1103 2648 veritate
1145 2589 1374 2645 Christus
1415 2590 1745 2644 annuntietur

176 2685 416 2758 (Philipp.
443 2704 491 2751 ι,
521 2687 589 2741 17
611 2727 626 2752 ,
655 2685 770 2755 18).
798 2683 1132 2739 Annuntiant
1165 2682 1255 2751 qui
1284 2697 1370 2736 me
1399 2690 1616 2747 amant,
1647 2695 1744 2735 an-

177 2781 405 2834 nuntiant
431 2778 523 2848 qui
563 2777 697 2832 mihi
726 2774 998 2841 invident;
1042 2773 1120 2829 illi
1146 2772 1288 2828 bono
1332 2770 1498 2826 odore
1526 2771 1739 2838 vivunt,

176 2879 238 2922 et
259 2870 322 2926 illi
346 2871 484 2928 bono
508 2869 677 2925 odore
702 2868 1003 2923 moriuntur
1033 2884 1047 2921 :
1080 2875 1258 2921 tamen
1285 2864 1522 2934 utrisque
1547 2862 1742 2934 praedi-

177 2963 406 3020 cantibus
433 2978 626 3020 nomen
668 2959 868 3017 Christi
913 2959 1285 3024 annuntietur,
1334 2955 1498 3012 odore
1539 2955 1744 3028 optimo

178 3055 392 3112 mundus
411 3055 710 3126 impleatur.
738 3051 944 3106 Amasti
964 3051 1101 3106 bene
1119 3057 1384 3120 agentem,
1403 3046 1578 3104 vixisti
1603 3046 1746 3103 bono

175 3146 368 3204 Odore:
394 3145 624 3202 invidisti
653 3144 792 3200 bene
815 3143 1027 3213 agenti,
1050 3151 1293 3196 mortuus
1309 3155 1369 3196 es
1391 3139 1532 3195 bono
1555 3137 1740 3194 odore.

169 3232 432 3308 Numquid
473 3237 593 3309 quia
618 3235 757 3292 mori
781 3235 1022 3299 voluisti,
1055 3234 1174 3289 ideo
1197 3233 1416 3290 odorem
1459 3232 1604 3287 illum
1631 3246 1748 3287 ma-

168 3324 296 3384 lum
322 3345 430 3386 esse
454 3329 655 3387 iecisti?
681 3329 800 3385 Noli
828 3328 1066 3384 invidere
1084 3370 1100 3398 ,
1127 3337 1182 3384 et
1209 3342 1316 3384 non
1348 3337 1400 3384 te
1424 3327 1629 3384 occidet
1649 3327 1747 3384 bo-

167 3432 283 3477 nus
302 3422 441 3479 odor.

257 3513 302 3570 9.
339 3515 565 3588 Denique
591 3513 714 3570 audi
743 3521 800 3570 ct
826 3513 912 3569 hic
935 3529 1000 3570 ex
1022 3522 1293 3586 unguento
1318 3512 1421 3569 isto
1439 3553 1455 3580 ,
1481 3512 1747 3584 quomodo

174 3605 299 3662 aliis
319 3616 426 3663 erat
464 3607 600 3664 odor
626 3607 800 3664 bonus
824 3606 876 3661 in
906 3606 1104 3674 vitam,
1155 3605 1275 3662 aliis
1320 3605 1454 3662 odor
1479 3605 1650 3662 bonus
1692 3606 1746 3662 in

176 3711 416 3757 mortem.
444 3700 798 3771 Posteaquam
821 3701 922 3756 hoc
943 3698 1068 3755 l‘ccit
1088 3699 1337 3772 religiosa
1360 3698 1520 3754 Maria
1559 3699 1625 3754 ad
1645 3697 1748 3754 Do-

185 3792 312 3848 lnini
351 3793 659 3866 obsequium
687 3834 701 3861 ,
751 3793 1002 3850 continuo
1032 3810 1160 3849 unus
1208 3809 1271 3848 ex
1321 3792 1582 3862 discipulis
1607 3792 1744 3861 eius,

179 3879 342 3938 Judas
367 3883 654 3953 Iscariotes,
683 3885 768 3954 qui
791 3901 904 3939 eum
929 3896 1034 3941 erat
1062 3885 1360 3950 traditurus,
1391 3884 1518 3939 dixit
1540 3899 1560 3938 :
1580 3884 1751 3952 Quare

185 3972 281 4028 llos
301 3987 597 4049 unguentum
639 3993 740 4032 non
770 3977 918 4039 veniit
960 3977 1186 4033 trecentis
1220 3975 1440 4031 denariis
1456 4017 1472 4045 ,
1503 3987 1548 4032 et
1574 3976 1750 4031 datum

185 4069 473 4139 «legeras?
515 4069 612 4124 Va:
656 4069 784 4138 tibi,
837 4068 1032 4125 miser!
1081 4069 1251 4124 bonus
1276 4068 1410 4123 odor
1437 4067 1630 4124 occidit
1675 4077 1747 4124 tc.

191 4155 352 4225 Quare
375 4163 512 4218 enim
542 4161 648 4218 hoc
672 4161 889 4228 dixerit,
918 4161 1255 4234 Evangelista
1283 4172 1498 4219 sanctus
1522 4161 1748 4236 aperuit.

202 4247 483 4312 Pot-aremus
522 4263 702 4312 autem
732 4265 787 4312 ct
834 4271 967 4322 nos,
1011 4257 1056 4313 si
1087 4272 1239 4313 meus
1279 4255 1444 4328 ipsius
1471 4256 1625 4312 nobis
1658 4271 1753 4326 per

201 4339 515 4419 Evangelium
553 4364 661 4408 non
688 4349 1032 4422 proderetur,
1078 4365 1366 4423 pauperum
1392 4365 1518 4406 cura
1559 4348 1657 4405 hoc
1684 4348 1750 4404 il-

202 4431 298 4495 lum
328 4441 492 4501 dicere
515 4444 774 4516 potuisse.
807 4441 922 4500 Non
955 4443 1026 4499 ita
1054 4453 1151 4501 est.
1182 4442 1286 4500 Sed
1313 4442 1479 4514 quid?
1502 4442 1637 4499 Audi
1671 4451 1751 4499 tc-

210 4531 318 4588 ilem
343 4548 576 4593 veracem
603 4553 616 4590 :
645 4533 790 4591 Dixit
828 4546 994 4590 autent
1035 4537 1128 4592 hoc
1144 4577 1158 4602 ,
1192 4552 1290 4591 non
1334 4536 1452 4607 quia
1498 4537 1560 4591 de
1584 4535 1751 4608 egenis

213 4623 446 4682 Manebat
490 4626 560 4681 ad
583 4627 767 4692 illaut;
791 4625 882 4682 sed
921 4627 1039 4696 quia
1066 4627 1154 4697 [ur
1173 4638 1278 4682 erat
1301 4668 1314 4692 ,
1347 4638 1392 4682 et
1434 4628 1626 4682 lorttlos
1653 4629 1747 4682 Ita-

209 4699 331 4782 δευ,
381 4724 424 4772 et
465 4732 525 4772 ea
551 4731 666 4788 quae
705 4715 1025 4771 mittebantur
1071 4716 1321 4790 portabat.
1353 4717 1636 4783 Portabat,
1683 4733 1750 4774 an

207 4808 526 4874 exportabat?
572 4808 679 4866 Sed
726 4808 1023 4867 ministerio
1065 4811 1340 4884 portabat,
1394 4813 1533 4869 lurto
1560 4827 1753 4885 expor-

205 4893 325 4955 hbat
349 4903 440 4974 (a).

262 4991 336 5047 l0.
375 4995 509 5054 Ecce
529 4996 711 5054 audite
734 4998 855 5070 quia
883 4995 1047 5054 ludas
1063 4997 1163 5054 iste
1192 5013 1298 5054 non
1327 5009 1449 5054 tunc
1471 5013 1754 5070 perversus

196 5069 342 5143 fartus
368 5099 465 5156 est,
496 5091 710 5161 quando
735 5069 767 5146 τί
794 5089 994 5147 .ludtcis
1017 5101 1298 5161 corruptus
1328 5069 1610 5148 Dominum
1642 5100 1752 5147 tra-

193 5160 326 5232 didit.
373 5160 616 5253 Plerique
643 5182 787 5238 enim
832 5181 1088 5237 incuriosi
1118 5160 1422 5254 Evangelii,
1450 5182 1755 5239 existimant

195 5261 310 5326 lunc
329 5273 542 5344 periisse
567 5273 761 5330 Judam
786 5317 801 5340 ,
829 5272 1044 5344 quando
1071 5273 1277 5344 accepit
1305 5288 1336 5328 a
1360 5271 1560 5329 Judaeis
1589 5289 1752 5346 pecu-

187 5356 318 5419 niam
344 5375 396 5422 ut
419 5367 702 5423 Dominum
733 5367 987 5424 traderet.
1011 5366 1127 5422 Non
1151 5376 1276 5424 tunc
1313 5367 1471 5438 periit
1497 5409 1515 5436 ,
1537 5367 1646 5439 jam
1668 5369 1754 5424 l'ur

183 5453 320 5524 el'at,
364 5469 416 5515 et
455 5459 735 5515 Dominum
796 5459 1034 5530 perditus
1081 5460 1432 5531 sequebatur;
1488 5459 1609 5532 quia
1646 5475 1754 5518 non

183 5546 364 5620 eOrde,
395 5551 487 5608 sed
519 5567 746 5623 corpore
774 5551 1110 5624 sequebatur.
1141 5551 1535 5610 Duodenarittm
1565 5567 1753 5609 nume-

247 5707 370 5775 fltic
388 5712 433 5759 in
453 5710 607 5775 editis
627 5708 832 5775 additur,
854 5709 1138 5773 ostendant;
1169 5709 1299 5775 quod
1320 5709 1464 5763 abest
1484 5721 1514 5762 a
1534 5715 1641 5763 l8.

248 5769 424 5836 itaret,
441 5774 584 5836 juxta
606 5769 858 5836 Er._Lugd,
875 5781 995 5825 Ven.
1018 5769 1128 5825 Low:
1183 5769 1240 5825 it.

247 5829 311 5896 (a)
327 5829 470 5899 Epiést'.
500 5833 665 5898 108,0.
689 5833 735 5897 3,
761 5829 811 5887 ιῖ.
835 5833 882 5887 8.

1221 343 1630 408 TRACTATUS
1666 336 1732 401 L.
1773 341 1966 402 CAPP.
2008 338 2080 405 XI
2117 346 2207 406 ΕΤ
2245 340 2359 404 XII.

3295 345 3436 410 176!

1847 479 1965 518 rum
2003 464 2378 535 Apostolorum
2429 465 2712 536 implebat,
2761 467 3107 539 apostolicam
3145 466 3432 528 beatitudi-

1845 571 1966 613 nem
2004 573 2110 613 non
2136 557 2393 626 habebat,
2423 559 2491 615 ad
2520 559 2803 631 imaginem
2845 559 3012 618 fuerat
3036 560 3386 619 duodecimus
3413 579 3430 619 :

1842 664 1950 720 quo
1997 649 2320 718 decedente,
2352 661 2406 708 et
2452 652 2557 708 alio
2582 652 2932 720 succedente,
2983 664 3039 711 et
3075 655 3318 728 suppleta
3349 661 3431 714 est

1846 743 2134 812 apostolica
2179 743 2408 812 veritas,
2458 755 2512 801 et
2564 744 2773 802 numeri
2819 747 3109 816 permansit
3157 745 3430 818 integritas

1844 832 1980 905 (Act.
2021 851 2060 900 ι,
2085 834 2155 892 26
2173 834 2216 906 ).
2246 835 2385 905 Quid
2411 852 2539 908 ergo
2566 837 2732 894 voluit
2760 839 3017 895 Dominus
3056 847 3242 897 noster
3273 838 3430 898 Iesus

1843 924 2118 993 Christus,
2175 926 2366 984 fratres
2394 929 2529 998 mei,
2558 929 2849 987 admonere
2894 930 3190 988 Ecelesiam
3237 947 3388 988 suam
3408 974 3424 999 ,

1842 1020 2054 1090 quando
2076 1036 2238 1077 unum
2266 1022 2528 1092 perditum
2551 1024 2690 1080 inter
2711 1022 2992 1081 duodecim
3019 1024 3218 1082 habere
3235 1025 3425 1092 voluit,

1843 1112 1945 1168 nisi
1973 1122 2030 1168 ut
2047 1114 2215 1170 malos
2230 1114 2537 1182 toleremus,
2560 1131 2659 1173 nec
2673 1131 2868 1188 corpus
2878 1116 3074 1173 Christi
3089 1117 3387 1174 dividamus
3399 1118 3426 1174 ἲ

1843 1204 1982 1261 Ecce
2002 1205 2140 1262 inter
2167 1216 2379 1264 sanctos
2405 1216 2488 1264 est
2513 1206 2681 1264 Judas
2700 1248 2715 1274 ,
2738 1222 2865 1264 ecce
2892 1207 2974 1264 l‘ur
3007 1216 3091 1264 est
3111 1207 3276 1266 Judas
3294 1249 3311 1274 ,
3337 1217 3427 1277 et,

1844 1314 1910 1354 ne
1930 1307 2271 1368 contemnas,
2301 1299 2386 1355 fur
2422 1309 2478 1356 et
2514 1301 2831 1372 sacrilegus,
2879 1315 2986 1356 non
3026 1300 3429 1373 qualiscumque

1844 1390 1929 1447 fur
1956 1410 1969 1447 :
1996 1390 2085 1447 fur
2112 1391 2442 1458 loculorum,
2489 1392 2584 1449 sed
2631 1391 3055 1459 dominicorum;
3093 1393 3427 1461 loculorum,

1843 1483 1939 1540 sed
1965 1497 2264 1540 sacrorum.
2292 1483 2350 1540 Si
2368 1483 2595 1540 crimina
2623 1483 2999 1542 discernuntur
3021 1483 3073 1560 in
3094 1483 3212 1540 foro
3234 1526 3249 1552 ,
3298 1500 3432 1554 qua-

1843 1574 2139 1645 liscumque
2180 1573 2306 1631 furti
2348 1583 2405 1632 et
2446 1574 2748 1646 peculatus;
2775 1575 3048 1648 peculatus
3071 1575 3212 1632 enim
3237 1574 3431 1633 dicitur

1844 1665 2044 1723 furtum
2067 1668 2136 1725 de
2159 1683 2220 1725 re
2245 1669 2450 1740 publica
2476 1685 2491 1735 ;
2519 1677 2575 1725 et
2596 1684 2700 1725 non
2730 1669 2810 1725 sic
2838 1668 3107 1739 iudicatur
3128 1669 3326 1726 furtum
3351 1669 3430 1729 rei

1843 1759 2064 1832 privatae
2084 1760 2354 1833 quomodo
2380 1760 2605 1832 publica:
2637 1777 2650 1814 :
2682 1767 2882 1832 quanto
2906 1760 3432 1833 vehementiusjudiv

1843 1851 2043 1908 candus
2069 1860 2153 1908 est
2177 1851 2259 1907 fur
2283 1836 2606 1925 sacrilegus,
2635 1853 2724 1926 qui
2751 1866 2913 1908 ausus
2938 1852 3098 1908 fuerit
3124 1869 3228 1910 non
3257 1854 3431 1912 unde-

1843 1960 2073 2018 cumque
2103 1945 2325 2014 tollere,
2355 1946 2450 2002 sed
2476 1946 2543 2003 de
2585 1945 2826 2004 Ecclesia
2857 1946 3078 2004 tollere?
3106 1948 3205 2015 Qui
3231 1947 3431 2020 aliquid

1843 2035 1912 2094 de
1941 2037 2179 2094 Ecclesia
2217 2037 2453 2107 furatur,
2483 2037 2634 2094 Judze
2658 2038 2868 2110 perdito
2896 2048 3252 2110 comparatur.
3284 2038 3433 2095 Talis

1845 2139 1961 2186 erat
1988 2130 2088 2186 iste
2125 2129 2290 2186 ludas
2308 2171 2325 2197 ,
2364 2139 2418 2186 et
2444 2139 2622 2188 tamen
2646 2145 2770 2186 cum
2800 2131 3000 2187 sanctis
3028 2129 3300 2202 discipulis
3328 2147 3432 2188 un-

1845 2221 2020 2278 decim
2049 2222 2280 2277 intrabat
2305 2229 2360 2278 et
2386 2221 2584 2278 exibat.
2614 2221 2697 2276 Ad
2740 2221 2910 2294 ipsam
2955 2221 3277 2279 dominicam
3315 2237 3432 2280 ca:-

1846 2330 1969 2370 nam
2000 2313 2198 2385 pariter
2216 2313 2442 2369 accessit
2473 2331 2486 2368 :
2518 2314 2822 2370 conversari
2846 2327 2969 2369 cum
2993 2314 3072 2370 eis
3103 2313 3309 2384 potuit,
3338 2325 3436 2371 eos

1847 2406 2126 2477 inquinare
2151 2421 2256 2461 non
2279 2405 2468 2475 potuit.
2504 2404 2579 2461 De
2604 2420 2711 2461 uno
2737 2421 2872 2476 pane
2900 2415 2955 2462 et
2980 2405 3170 2462 Petrus
3189 2417 3243 2464 et
3267 2406 3435 2464 ludas

1847 2497 2088 2570 accepit,
2120 2507 2174 2554 et
2205 2509 2384 2555 tamen
2409 2514 2527 2570 quan
2575 2513 2697 2568 pars
2727 2498 2871 2554 litleli
2899 2514 3018 2554 cum
3049 2498 3287 2556 inﬁdeli?
3329 2499 3434 2557 Pe-

1846 2598 1963 2645 trus
1989 2589 2133 2645 enim
2159 2589 2364 2660 accepit
2391 2588 2460 2644 ad
2501 2587 2661 2644 vitam
2682 2630 2698 2658 ,
2724 2588 2887 2645 Judas
2917 2588 2984 2643 ad
3010 2598 3256 2645 mortem.
3285 2589 3434 2657 Quo-

1845 2681 2008 2739 modo
2027 2683 2170 2738 enim
2197 2681 2284 2738 ille
2312 2681 2445 2738 odor
2465 2681 2654 2747 bonus,
2679 2681 2757 2736 sic
2786 2681 2874 2737 ille
2898 2681 3046 2737 cibus
3071 2679 3439 2742 honus..Sicut

1848 2790 1977 2847 ergo
2005 2773 2139 2830 odor
2159 2773 2359 2840 bonus,
2395 2774 2466 2830 ita
2497 2783 2546 2830 et
2570 2773 2720 2830 cibus
2748 2773 2922 2829 bonus
2940 2813 2955 2839 ,
2978 2774 3149 2831 bonos
3174 2773 3433 2842 viviﬁcat,

1848 2868 2022 2924 malos
2048 2866 2354 2923 mortilicat.
2380 2867 2481 2934 Qui
2503 2867 2637 2923 enim
2670 2867 3043 2922 manducauerit
3069 2866 3273 2940 indigne
3290 2907 3308 2934 ,
3337 2868 3437 2940 ju-

1848 2960 2035 3015 dicium
2059 2960 2156 3015 sibi
2180 2960 2453 3014 manducat
2475 2969 2523 3015 et
2551 2958 2672 3014 bibit
2705 2958 2745 3032 (l
2774 2959 2892 3015 Cor.
2925 2975 3000 3028 xl,
3025 2958 3118 3032 29)
3144 2977 3158 3014 :
3179 2958 3439 3031 judicium

1848 3051 1976 3121 sibi,
2007 3066 2112 3107 non
2139 3050 2256 3108 tibi.
2283 3051 2342 3108 Si
2364 3050 2620 3121 judicium
2659 3051 2792 3118 sibi,
2821 3067 2927 3108 non
2958 3051 3083 3119 tibi;
3122 3051 3290 3108 tolera
3314 3066 3436 3106 ma-

1850 3145 1963 3203 lum
2005 3146 2179 3202 bonus
2197 3186 2214 3214 ,
2241 3155 2298 3203 ut
2324 3146 2507 3203 venias
2536 3146 2604 3202 ad
2634 3147 2850 3219 praemia
2874 3147 3166 3214 bonorum,
3211 3163 3280 3206 ne
3307 3147 3435 3204 mit-

1851 3241 1980 3296 taris
2010 3239 2063 3296 in
2091 3255 2303 3312 pinnam
2331 3240 2615 3296 malorum.

1924 3333 2012 3388 ll.
2054 3332 2368 3404 Exemplum
2423 3333 2635 3389 Domini
2689 3333 2914 3406 accipite
2969 3334 3336 3391 conversantis
3383 3333 3438 3390 in

1853 3433 2015 3482 terra.
2039 3425 2215 3494 Quare
2233 3425 2418 3481 habuit
2437 3426 2642 3482 loculos
2662 3427 2746 3482 cui
2769 3427 2958 3498 Augeli
2982 3427 3439 3492 ministraverunt,

1851 3521 1954 3576 nisi
1981 3520 2102 3591 quia
2133 3520 2374 3577 Ecclesia
2420 3519 2588 3592 ipsius
2618 3519 2821 3575 loculos
2865 3532 2994 3574 suos
3023 3518 3264 3574 habitura
3293 3519 3441 3574 erat?

1853 3614 2034 3682 Quare
2063 3613 2232 3669 iurem
2264 3612 2507 3677 admisit,
2539 3612 2638 3668 nisi
2670 3620 2727 3667 ut
2767 3611 2882 3681 ejus
2908 3610 3142 3665 Ecclesia
3172 3608 3318 3665 fures
3343 3623 3439 3680 pa-

1855 3705 2051 3760 tienter
2093 3703 2319 3761 toleret?
2367 3702 2474 3759 Sed
2505 3703 2594 3758 ille
2630 3703 2721 3774 qui
2769 3710 3120 3758 consueverat
3142 3699 3212 3756 de
3253 3699 3443 3757 loculis

1854 3795 2135 3868 pecuniam
2158 3796 2366 3862 tollere,
2386 3810 2492 3851 non
2508 3794 2769 3851 dubitavit
2787 3802 3001 3865 accepta
3026 3792 3246 3864 pecunia
3268 3792 3444 3864 ipsum

1857 3886 2140 3945 Dominum
2183 3887 2436 3944 vendere.
2478 3886 2768 3944 Videamus
2811 3883 2936 3956 quid
2960 3883 3030 3940 ad
3059 3884 3158 3940 ista
3188 3883 3445 3940 Dominus

1856 3978 2200 4051 reSpondcat.
2259 3978 2479 4046 Videte,
2530 3978 2768 4035 fratres:
2801 3991 2907 4032 non
2961 3976 3033 4031 illi
3064 3975 3171 4040 ait,
3220 3975 3444 4048 Propter

1857 4074 1996 4128 furta
2025 4083 2111 4129 tua
2154 4071 2290 4128 dicis
2315 4071 2436 4126 ista.
2469 4068 2662 4125 Furem
2704 4075 2952 4132 noverat,
3008 4081 3108 4122 nec
3142 4066 3443 4136 prodebat;

1856 4165 1952 4222 sed
1985 4165 2158 4237 potius
2185 4162 2484 4229 tolerabat,
2515 4170 2572 4218 et
2593 4161 2663 4217 ad
2685 4157 3032 4233 perferendos
3055 4157 3224 4213 malos
3252 4157 3306 4213 in
3333 4157 3442 4213 Ec-

1858 4259 2017 4315 clesia
2048 4258 2204 4316 nubis
2228 4257 2532 4328 exemplum
2558 4254 2826 4327 patientia:
2849 4251 3269 4312 demonstrabat.
3301 4251 3446 4308 Dixit

1861 4369 1979 4426 ergo
2001 4355 2048 4408 ei
2070 4350 2223 4407 Iesus
2256 4367 2275 4404 :
2315 4350 2438 4406 Sine
2466 4348 2641 4416 illaut,
2684 4357 2740 4402 ut
2769 4348 2825 4403 in
2860 4348 2996 4404 diem
3022 4348 3295 4420 sepultum
3321 4364 3446 4408 mea:

1860 4455 2017 4501 servet
2045 4443 2194 4499 illud.
2224 4442 2533 4499 Moriturum
2559 4455 2621 4496 se
2647 4439 3000 4498 denuntiavit.

1931 4539 2018 4594 12.
2061 4538 2167 4596 Sed
2196 4536 2324 4610 quid
2371 4546 2454 4594 cst
2490 4535 2634 4609 quod
2678 4535 2957 4608 sequitur?
3008 4533 3269 4608 Pauperes
3313 4537 3450 4595 enim

1858 4649 2053 4704 semper
2073 4631 2317 4687 habebitis
2344 4630 2596 4686 uobiscum
2616 4670 2630 4695 ,
2658 4645 2738 4684 me
2761 4638 2929 4685 autem
2951 4645 3052 4684 non
3070 4646 3266 4700 semper
3290 4629 3447 4686 habe-

1859 4725 1994 4780 bitis.
2022 4723 2373 4795 lutelligimus
2396 4721 2610 4794 quidem
2626 4761 2642 4788 ,
2672 4719 2932 4793 Pauperes
2955 4738 3151 4794 seraper
3173 4722 3447 4779 habebitis:

1859 4818 2001 4891 quod
2029 4817 2164 4874 dixit
2182 4858 2198 4884 ,
2225 4832 2409 4873 verum
2439 4823 2542 4872 est.
2569 4795 2794 4883 Quando
2824 4813 3064 4870 Ecclesia
3101 4815 3218 4871 sine
3244 4829 3447 4886 paupe-

1859 4911 2045 4968 ribus?
2071 4909 2159 4966 Me
2185 4917 2352 4964 autem
2372 4925 2473 4962 non
2492 4923 2689 4977 semper
2712 4905 2952 4961 habebitis
2971 4945 2986 4969 ,
3015 4905 3140 4977 quid
3170 4905 3270 4961 sibi
3297 4905 3448 4962 vult?

1858 5001 2140 5071 Quomodo
2185 4997 2584 5071 intelligendum
2636 5005 2752 5059 est.
2789 4995 2872 5051 Me
2915 5005 3083 5050 autem
3107 5012 3208 5050 non
3251 5013 3450 5068 semper

1861 5091 2101 5149 habebitis
2115 5093 2142 5147 Ρ
2163 5091 2338 5148 Nolite
2353 5101 2707 5160 expavescere
2725 5103 2740 5153 ;
2758 5085 2910 5142 Judte
2927 5085 3125 5142 dictum
3143 5095 3244 5143 est.
3272 5086 3453 5158 Quare

1859 5201 1990 5260 ergo
2019 5201 2127 5242 non
2156 5183 2323 5252 dixit,
2381 5180 2636 5246 habebis;
2664 5179 2791 5246 sed,
2826 5178 3111 5235 habebitis?
3159 5178 3294 5247 Quia
3343 5196 3448 5236 non

1859 5295 2000 5338 unus
2028 5285 2112 5335 est
2138 5275 2323 5334 ludas.
2349 5274 2500 5332 Unus
2526 5272 2700 5330 malus
2727 5287 2922 5345 corpus
2971 5273 3236 5329 malorum
3281 5272 3447 5342 signi-

1865 5373 2022 5440 ﬁcat;
2050 5369 2320 5444 quomodo
2345 5368 2534 5425 Petrus
2563 5379 2761 5438 corpus
2797 5365 3060 5422 bonorum
3078 5405 3093 5432 ,
3121 5365 3230 5420 imo
3256 5378 3451 5432 corpus

1865 5465 2119 5526 Ecclesia:
2140 5507 2155 5534 ,
2196 5461 2292 5520 sed
2315 5460 2373 5518 in
2398 5461 2554 5518 bonis
2581 5463 2620 5514 ί.
2662 5459 2795 5515 Nam
2834 5458 2879 5515 si
2910 5458 2963 5514 in
2989 5459 3148 5514 Petro
3173 5471 3276 5511 non
3305 5464 3450 5552 esset

1926 5588 1944 5619 ι
1964 5584 2185 5646 Quinque
2215 5579 2379 5645 probae
2401 5585 2529 5646 nota:
2552 5584 2679 5646 ηδε»,
2705 5571 3142 5646 εοζιζηερωζοηρη,
3165 5581 3339 5646 φυηρ
3360 5577 3450 5646 ξρτ

1861 5631 2176 5706 elesiIi—iine
2202 5631 2376 5706 corpus
2400 5631 2680 5706 Ecclesium,
2703 5631 2855 5688 sed'in
2881 5632 3028 5706 bonis.
3056 5638 3232 5706 favent
3251 5631 3330 5706 alii
3353 5631 3451 5706 duo

1859 5692 2179 5774 iiii-ibiibi:
2198 5692 2380 5770 ἐτόνὶηιε
2405 5701 2640 5774 εεειςείφς
2658 5692 3453 5774 ἰοῖιοςοψεοςψρξεάεξίξ
3498 5748 3502 5752 ›

1861 5755 2057 5888 ἧξεἷῖ
2072 5755 2187 5834 ini,
2208 5755 2395 5834 corpus
2418 5756 2658 5825 Eeclesiaé,
2688 5760 2784 5812 imo
2809 5755 2983 5823 corpus
3003 5755 3246 5822 Ecclesitv,
3284 5755 3371 5810 sed
3401 5755 3457 5812 in

1975 5847 2012 5886 ε.
