3926 6376
583 409 723 466 1167

587 527 782 600 perdet,
809 522 862 580 id
896 531 999 590 est,
1031 520 1088 580 Si
1116 535 1288 588 amas,
1321 517 1518 590 perde;
1551 519 1594 575 si
1620 519 1769 590 cupis
1801 521 1963 573 vitam
1992 525 2176 573 tenere

589 620 645 676 in
670 617 907 683 Christo,
935 614 1045 672 noli
1065 622 1293 670 mortem
1322 611 1510 668 limere
1535 627 1632 682 pro
1653 610 1886 667 Christo.
1913 609 2042 664 ltem
2071 607 2176 662 alio

583 710 746 771 modo
791 727 805 763 :
854 707 954 777 Qui
997 713 1134 761 amat
1171 705 1395 759 animam
1436 720 1613 771 suant,
1662 703 1834 775 perdet
1872 717 2005 756 eam.
2056 697 2176 754 Noli

583 818 785 867 amare,
816 815 886 858 ne
914 799 1140 872 perdas;
1174 797 1284 854 noli
1308 812 1489 852 amare
1513 797 1567 852 in
1599 795 1699 852 hac
1719 795 1849 860 vita,
1878 810 1946 850 ne
1976 791 2170 864 perdas

586 897 643 956 in
668 906 867 953 interna
895 893 1023 949 vita.
1053 893 1166 949 Hoc
1191 901 1370 948 autem
1393 889 1537 963 quod
1562 890 1826 962 posterius
1852 888 1982 953 dixi,
2006 885 2176 958 magis

587 988 788 1047 habere
806 987 1014 1044 videtur
1037 985 1375 1056 evangelicus
1401 999 1590 1040 sensus
1614 1001 1626 1036 :
1646 984 1886 1055 sequitur
1911 981 2077 1046 enim,
2105 979 2174 1035 Et

585 1081 674 1155 qui
698 1080 802 1136 odit
825 1079 1048 1135 animam
1074 1094 1222 1133 suam
1239 1077 1292 1132 in
1318 1077 1411 1131 hoc
1439 1076 1649 1142 mundo,
1679 1076 1733 1129 in
1759 1075 1912 1128 vitam
1937 1081 2177 1128 cateruam

587 1173 830 1230 custodiet
857 1187 988 1228 eam.
1017 1170 1158 1242 Ergo
1177 1169 1317 1240 quod
1343 1182 1502 1239 supra
1526 1166 1725 1224 dictum
1755 1174 1858 1232 est,
1889 1163 1988 1230 Qui
2015 1170 2174 1229 amat,

589 1262 1026 1338 stibintglligitur,
1072 1260 1124 1314 in
1164 1258 1266 1315 hoc
1301 1255 1538 1325 mundo;
1578 1258 1693 1330 ipse
1724 1256 1906 1326 utique
1941 1252 2129 1324 perdet
2159 1269 2172 1304 :

587 1356 674 1428 qui
691 1362 858 1410 autem
873 1351 1000 1422 odit,
1018 1352 1200 1424 utique
1221 1352 1273 1407 in
1295 1351 1399 1409 hoc
1419 1349 1648 1414 mundo;
1668 1349 1721 1405 in
1738 1349 1900 1403 vitam
1920 1354 2176 1402 atternam

588 1451 706 1522 ipse
731 1447 1014 1506 custodiet.
1045 1447 1229 1519 Magna
1254 1454 1311 1502 et
1335 1444 1472 1500 mira
1501 1441 1762 1500 sententia
1778 1483 1794 1509 ,
1825 1437 2174 1511 quemadmo-

589 1543 717 1602 dum
757 1543 827 1600 sit
867 1542 1100 1599 hominis
1140 1541 1195 1597 in
1231 1540 1464 1596 animam
1502 1551 1652 1594 suam
1693 1550 1843 1591 amor
1879 1544 1937 1588 ut
1970 1539 2176 1603 pereat,

586 1637 772 1694 odium
798 1651 866 1692 ne
903 1635 1121 1708 pereat!
1149 1633 1204 1690 Si
1245 1632 1384 1688 male
1408 1629 1706 1696 amaveris,
1739 1637 1863 1682 tunc
1891 1623 2051 1681 odisti
2086 1641 2100 1678 :
2131 1623 2177 1679 si

586 1729 727 1788 bene
751 1727 948 1793 oderis,
978 1737 1107 1784 tunc
1138 1724 1349 1780 amasti.
1383 1722 1591 1778 Felices
1621 1720 1712 1792 qui
1741 1719 1968 1775 oderunt
1994 1726 2177 1773 custo-

587 1819 808 1888 diendo,
839 1834 908 1876 ne
925 1817 1153 1889 perdant
1169 1814 1420 1870 amando.
1445 1812 1553 1868 Sed
1582 1812 1701 1868 vide
1722 1827 1790 1867 ne
1812 1811 1902 1866 tibi
1925 1809 2179 1879 subrepat

588 1925 647 1970 ut
689 1913 919 1983 teipsum
960 1911 1094 1967 velis
1142 1908 1479 1972 interimere,
1523 1906 1602 1962 sic
1648 1903 1991 1974 intelligendo
2036 1901 2179 1972 quod

586 2004 753 2062 debes
781 2003 960 2060 odisse
987 2002 1039 2058 in
1072 2001 1175 2057 hoc
1203 1998 1401 2055 mundo
1419 1998 1652 2054 animam
1680 2005 1844 2050 tuam.
1871 1993 2011 2050 Hinc
2035 1993 2178 2048 enim

591 2093 806 2167 quidam
847 2091 1063 2164 maligni
1103 2099 1263 2161 atque
1302 2088 1560 2161 perversi,
1591 2095 1641 2143 et
1682 2086 1736 2141 in
1770 2085 1961 2156 seipsis
1989 2083 2179 2140 crude-

587 2186 750 2242 liores
778 2192 833 2240 et
857 2183 1223 2240 sceleratiores
1253 2179 1532 2236 homicidae
1553 2220 1568 2245 ,
1599 2177 1828 2232 flammis
1860 2191 1918 2232 se
1945 2174 2176 2241 donant,

585 2279 738 2352 aquis
759 2277 1070 2349 pt-tel'ocant,
1093 2273 1388 2346 praecipitio
1410 2270 1688 2337 collidunt,
1707 2278 1761 2324 et
1780 2275 2026 2340 pereunt.
2060 2265 2175 2321 Hoc

587 2370 834 2428 Christus
873 2383 978 2425 non
1003 2367 1213 2432 docuit,
1242 2365 1352 2420 imo
1389 2363 1551 2419 etiam
1585 2361 1798 2417 diabolo
1827 2358 2177 2431 praecipitium

588 2463 891 2539 suggerenti
932 2459 1211 2530 respondit
1241 2477 1254 2512 :
1287 2457 1418 2512 Redi
1463 2464 1616 2521 retro,
1656 2463 1900 2517 satanas;
1934 2451 2178 2520 scriptum

584 2569 678 2627 est,
711 2556 833 2613 Non
860 2554 1071 2611 tentabis
1099 2551 1376 2608 Dominum
1405 2549 1569 2604 Deum
1593 2559 1734 2602 tuum
1760 2545 1970 2620 (Matth.
1995 2559 2074 2612 1v,
2097 2545 2174 2614 7).

583 2651 746 2709 Petro
768 2658 945 2706 autem
969 2644 1121 2712 dixit,
1144 2644 1449 2715 signiﬁcans
1469 2656 1571 2712 qua
1593 2649 1766 2695 morte
1786 2638 2177 2710 glorificaturus
2215 2685 2222 2692 .

583 2750 703 2802 erat
727 2743 896 2798 Deum
929 2757 944 2795 :
969 2737 1096 2794 Cum
1128 2753 1256 2792 esses
1278 2735 1480 2807 junior,
1506 2730 1736 2804 cingebas
1762 2741 1838 2797 te,
1868 2739 1913 2784 et
1941 2730 2048 2782 ibas
2077 2743 2176 2796 quo

584 2833 786 2892 uolebas
797 2850 818 2901 ;
845 2849 960 2888 cum
980 2839 1147 2886 autem
1171 2827 1418 2892 senueris,
1446 2824 1575 2878 alter
1594 2833 1641 2877 te
1661 2823 1842 2894 cinget,
1865 2831 1913 2876 et
1933 2824 2056 2892 feret
2078 2834 2174 2890 quo

583 2937 640 2983 tu
666 2943 770 2982 non
797 2924 869 2979 vis
891 2920 1068 2992 (Joan.
1092 2935 1202 2985 xxt,
1227 2918 1316 2984 l8,
1340 2914 1452 2987 l9).
1475 2912 1579 2970 Ubi
1598 2913 1729 2970 satis
1757 2911 2038 2981 expressit,
2061 2923 2168 2964 non

583 3035 614 3076 a
639 3020 838 3090 seipse,
863 3015 959 3072 sed
984 3015 1053 3069 ab
1071 3012 1177 3068 alio
1197 3009 1396 3066 debere
1419 3005 1611 3073 occidi,
1631 3005 1721 3076 qui
1750 3004 1969 3074 vestigia
1995 3001 2176 3073 sequi-

583 3121 672 3169 tur
715 3109 933 3168 Christi.
974 3108 1108 3164 Cum
1147 3120 1276 3177 ergo
1317 3116 1495 3159 causae
1531 3099 1788 3155 articulus
1834 3096 2070 3162 venerit,
2117 3104 2174 3151 ut

582 3203 701 3261 hate
726 3200 962 3258 conditio
997 3204 1344 3271 proponatur,
1379 3204 1473 3250 aut
1505 3191 1805 3248 faciendum
1831 3204 1952 3245 esse
1986 3197 2172 3243 contra

583 3294 682 3352 Dei
707 3300 1053 3367 praeceptum,
1081 3298 1173 3344 aut
1195 3303 1259 3344 ex
1282 3286 1383 3341 hac
1403 3285 1510 3340 vita
1530 3280 1919 3354 entigrandum,
1947 3293 2170 3351 quorum

581 3386 808 3444 duorum
844 3384 1008 3440 homo
1039 3387 1260 3450 cogatur
1295 3378 1522 3432 alterum
1560 3374 1787 3444 eligere,
1813 3370 2172 3427 comminante

469 3527 474 3532 .
580 3488 811 3538 mortem
854 3481 1231 3549 persecutore;
1272 3470 1345 3525 ibi
1384 3469 1545 3541 eligat
1583 3468 1694 3522 Deo
1726 3465 1923 3522 dilecto
1964 3461 2167 3529 emori,

583 3588 742 3646 quam
767 3569 972 3627 oll‘enso
999 3566 1178 3620 vivere
1197 3581 1212 3618 :
1230 3561 1304 3617 ibi
1329 3559 1503 3616 oderit
1521 3559 1574 3614 in
1593 3558 1696 3613 hoc
1718 3555 1918 3613 mundo
1937 3555 2170 3610 animam

582 3678 755 3730 suam,
779 3671 839 3717 nt
865 3661 916 3715 in
943 3659 1107 3714 vitam
1129 3663 1387 3711 aeternam
1411 3650 1681 3706 custodiat
1704 3664 1845 3704 eam.

656 3756 744 3810 ll.
781 3753 842 3807 Si
878 3751 991 3822 quis
1025 3747 1149 3802 mihi
1182 3746 1452 3810 ministrat,
1476 3758 1553 3797 me
1586 3751 1842 3811 sequatur.
1883 3737 2021 3808 Quid
2055 3747 2165 3804 cst,

583 3862 664 3902 me
700 3851 974 3916 sequatur;
1016 3839 1138 3906 nisi,
1187 3852 1273 3894 me
1317 3833 1591 3891 imitetur?
1630 3832 1858 3890 Christus
1901 3830 2032 3887 enint
2077 3845 2168 3899 pro

584 3936 726 3992 nobis
749 3949 931 4010 passus
955 3940 1049 3998 est,
1077 3930 1152 3986 ait
1178 3926 1449 4001 apostolus
1474 3926 1680 3991 Petrus,
1713 3925 1999 3995 relinquens
2027 3920 2168 3975 nobis

579 4029 888 4104 exentplum,
930 4038 986 4084 ut
1012 4041 1283 4101 sequantur
1321 4021 1527 4095 vestigia
1561 4023 1672 4093 ejus
1705 4019 1757 4090 (Ι
1789 4019 1928 4073 Petr.
1959 4033 2018 4082 11,
2049 4013 2164 4086 2i).

581 4127 722 4193 Ecce
755 4121 898 4197 quod
925 4121 1125 4179 dictum
1153 4126 1257 4186 est,
1289 4116 1351 4174 Si
1377 4115 1490 4189 quis
1517 4114 1644 4169 mihi
1675 4111 1946 4177 ministrat,
1977 4124 2056 4163 me
2083 4123 2165 4162 se-

577 4228 782 4292 quatur.
808 4216 926 4285 Quo
962 4213 1181 4270 fructu?
1213 4225 1319 4283 qua
1357 4205 1642 4265 mercede?
1679 4218 1786 4275 quo
1821 4200 2072 4292 przemio?
2100 4198 2168 4292 ει

578 4289 666 4366 ubi
691 4326 824 4374 sum,
854 4307 1044 4377 inquit,
1071 4319 1182 4377 ego,
1209 4300 1316 4356 illic
1342 4307 1389 4354 et
1417 4297 1644 4354 minister
1677 4310 1819 4349 nteus
1848 4291 1960 4346 erit.
1991 4289 2168 4347 Gratis

581 4409 811 4464 ametur,
840 4406 902 4452 ut
936 4396 1114 4466 operis
1144 4394 1161 4427 ³
1188 4406 1295 4462 quo
1327 4389 1657 4446 ministratur
1686 4384 1762 4441 illi
1783 4423 1797 4449 ,
1827 4382 2060 4454 pretium
2097 4380 2168 4436 sit

579 4507 702 4550 esse
719 4505 840 4546 cum
859 4487 972 4543 illo.
995 4485 1098 4542 Ubi
1121 4483 1264 4540 enim
1282 4481 1420 4537 bene
1446 4481 1549 4536 erit
1575 4478 1694 4533 sine
1714 4477 1827 4544 illo,
1845 4484 1936 4530 aut
1955 4473 2165 4546 quando

579 4599 702 4642 esse
729 4582 870 4640 male
910 4577 1108 4650 poterit
1134 4589 1256 4630 cum
1284 4573 1407 4628 illo?
1442 4569 1582 4626 Audi
1610 4568 1930 4626 evidentius.
1959 4566 2024 4624 Si
2053 4567 2166 4639 quis

581 4675 707 4732 mihi
735 4669 1118 4736 ministraverit,
1151 4665 1505 4736 honoriﬁcabit
1533 4679 1647 4720 eum
1675 4660 1834 4717 Pater
1860 4676 2019 4716 meus.
2047 4660 2165 4728 Quo

582 4770 818 4836 honore,
845 4765 948 4822 nisi
975 4772 1034 4820 ut
1060 4763 1131 4819 sit
1157 4777 1280 4818 cum
1306 4759 1443 4816 Filio
1465 4757 1617 4830 ejus?
1645 4755 1797 4824 Quod
1830 4755 1970 4811 enim
2001 4770 2162 4828 supe-

577 4865 691 4923 rius
719 4863 815 4930 ait,
849 4859 950 4917 Ubi
979 4874 1072 4931 cgo
1105 4872 1240 4922 sum,
1276 4853 1383 4910 illic
1409 4861 1457 4908 et
1488 4851 1714 4907 minister
1740 4864 1878 4904 meus
1905 4849 2032 4914 erit;
2060 4848 2165 4906 hoc

579 4954 889 5027 intelligitur
927 4947 1241 5023 exposuisse
1285 4961 1406 5004 cum
1447 4943 1610 5012 dicit,
1655 4939 2006 5012 houoriﬁcabit
2047 4956 2162 4996 eum

579 5048 736 5108 Pater
770 5063 930 5103 nteus.
964 5043 1098 5101 Nam
1136 5054 1295 5114 quem
1333 5037 1592 5108 majorem
1627 5033 1882 5090 honorem
1917 5031 2160 5103 accipere

578 5139 774 5216 poterit
809 5137 1109 5210 adoptatus,
1149 5147 1310 5206 quam
1349 5138 1408 5188 ut
1443 5131 1514 5187 sit
1549 5127 1638 5184 ubi
1673 5135 1757 5184 est
1787 5126 2019 5193 Unicus;
2050 5141 2159 5182 non

577 5231 799 5306 aequalis
825 5230 994 5286 factus
1017 5225 1298 5293 divinitati,
1325 5222 1424 5281 sed
1447 5221 1782 5279 consociatus
1805 5218 2122 5277 aeternitati?

575 5400 587 5407 ο
647 5325 735 5384 12.
776 5322 914 5393 Quid
949 5321 1022 5378 sit
1055 5327 1231 5376 autem
1270 5316 1574 5376 ministrare
1614 5314 1845 5381 Christo,
1883 5310 1972 5369 cui
2007 5311 2157 5384 operi

574 5403 784 5482 merces
816 5423 962 5474 tanta
986 5412 1320 5487 proponitur,
1349 5409 1452 5466 hoc
1483 5407 1662 5480 potius
1688 5406 1943 5462 debemus
1980 5403 2155 5475 inqui-

573 5529 717 5574 rere.
732 5512 791 5571 Si
811 5511 955 5570 enim
973 5506 1079 5565 hoc
1092 5503 1455 5579 putaverimus
1467 5516 1587 5559 esse
1599 5500 1813 5557 Christo
1829 5496 2152 5565 ministrare,

567 5623 634 5665 ea
663 5622 782 5680 quae
821 5613 945 5662 sunt
967 5598 1180 5673 corpori
1211 5594 1512 5656 necessaria
1547 5605 1879 5665 prmparare,
1913 5597 2007 5645 aut
2039 5603 2154 5645 eoe~

573 5701 726 5768 nanti
754 5699 931 5758 cibum
960 5710 1194 5769 coquere
1217 5692 1300 5749 vel
1323 5703 1616 5762 apponere,
1642 5686 1728 5743 vel
1757 5685 2002 5758 poculum
2027 5683 2154 5742 dare

569 5802 860 5866 potumque
905 5790 1170 5854 miscere;
1197 5785 1442 5842 fecerunt
1476 5779 1581 5839 hoc
1616 5778 1695 5838 illi
1733 5775 1826 5851 qui
1870 5785 2156 5850 potuerunt

637 5903 888 5970 't’lerique
911 5911 1040 5966 Mss.,
1059 5906 1104 5957 et
1123 5899 1297 5966 operis.

1509 400 1574 459 lN
1610 400 1887 459 JUANNIS
1941 397 2411 470 EV’ANGELIUM,
2451 404 2508 460 ὃ.
2551 401 2915 463 AUGUSTINI

3676 421 3779 481 Πειᾶ

2285 532 2407 572 ειιιιι
2447 518 2498 572 in
2547 533 2773 592 corpore
2797 521 2995 578 habere
3031 533 3363 598 prtesentem,
3402 530 3531 586 sicut
3551 530 3716 592 Martha
3745 551 3784 598 et

2281 607 2464 670 Maria,
2504 611 2718 680 quando
2759 621 2813 668 et
2850 613 3082 671 Lazarus
3124 633 3258 672 unus
3296 629 3409 675 erat
3441 637 3501 677 ex
3533 628 3785 686 recumben-

2282 699 2444 755 tibus.
2486 701 2593 757 Sed
2637 717 2702 757 eo
2746 704 2906 761 modo
2948 703 3160 763 Christo
3212 710 3371 764 etiam
3416 710 3568 769 Judas
3605 719 3785 787 perditus

2280 791 2631 858 ministravit;
2665 809 2788 850 nam
2812 805 2867 852 et
2887 796 3086 852 loculos
3113 799 3226 869 ipse
3251 800 3472 859 habebat
3496 823 3508 859 :
3533 816 3580 862 et
3601 814 3785 880 quamvis

2281 896 2344 936 ex
2376 883 2455 938 eis
2483 899 2603 954 qua:
2639 886 2982 944 mittebantur
3011 891 3419 950 sceleratissime
3449 894 3695 967 iuraretur,
3718 919 3786 972 per

2282 973 2430 1029 illum
2463 985 2638 1032 tamen
2672 979 2833 1032 etiam
2867 985 3164 1037 necessaria
3205 984 3519 1053 parabantur
3550 988 3695 1057 (Joan.
3719 1011 3783 1060 sn,

2281 1064 2338 1132 2,
2369 1067 2446 1137 6).
2480 1067 2614 1124 Hinc
2652 1077 2736 1124 est
2772 1071 2900 1127 illud
2924 1073 3066 1143 quod
3103 1089 3224 1131 cum
3252 1076 3304 1132 ei
3339 1077 3530 1134 diceret
3564 1080 3779 1152 Dominus,

2288 1158 2438 1226 Quod
2459 1161 2604 1232 facis,
2636 1165 2717 1232 fac
2754 1163 3008 1231 celeriter;
3034 1165 3280 1222 arbitrati
3309 1177 3431 1225 sunt
3455 1171 3662 1240 quidam,
3689 1178 3789 1245 quod

2284 1264 2404 1304 eum
2437 1250 2662 1320 jusserit
2702 1263 2917 1324 prepter
2938 1254 3083 1312 diem
3111 1257 3308 1315 festum
3332 1263 3610 1316 necessaria
3632 1280 3788 1334 pracpa-

2285 1359 2422 1408 rare,
2458 1345 2543 1399 vel
2584 1345 2942 1418 indigentibus
2966 1349 3164 1422 aliquid
3191 1351 3322 1408 dare
3361 1352 3468 1425 (Id.
3497 1355 3787 1428 1111.27.29).

2283 1433 2441 1490 Nullo
2479 1435 2639 1491 modo
2678 1437 2836 1507 igitur
2863 1439 2930 1495 tle
2970 1440 3339 1510 hujuscemodi
3380 1444 3615 1500 ministris
3644 1447 3792 1504 diceret

2285 1524 2562 1594 Dominus,
2596 1527 2695 1584 Ubi
2720 1547 2836 1584 sum
2873 1548 2983 1604 ego,
3023 1534 3093 1588 ibi
3129 1535 3223 1588 erit
3257 1544 3305 1589 et
3341 1537 3554 1592 minister
3579 1553 3787 1606 meus;et,

2285 1616 2348 1672 Si
2388 1620 2500 1688 quis
2542 1621 2667 1674 mihi
2721 1623 3110 1691 ministraverit,
3159 1627 3508 1697 honoriﬁcabit
3548 1646 3646 1683 eum
3681 1629 3790 1685 Pater

2283 1728 2425 1768 meus
2442 1728 2460 1767 :
2479 1714 2727 1784 quoniam
2743 1714 2933 1772 Judam
2955 1717 3077 1772 talia
3096 1718 3506 1786 ministrantem,
3524 1723 3784 1791 reprobatum

2284 1805 2460 1874 potius
2497 1821 2656 1876 quam
2695 1806 3014 1864 honoratum
3047 1810 3310 1867 videmus.
3357 1811 3542 1884 thuid
3571 1827 3675 1885 ergo
3701 1817 3788 1871 alibi

2283 1903 2572 1968 quaerimus
2601 1900 2726 1970 quid
2769 1901 2838 1955 sit
2873 1901 3176 1959 ministrare
3201 1902 3434 1971 Christo,
3462 1914 3514 1960 et
3542 1921 3632 1960 non
3664 1908 3788 1976 potius

2283 1989 2338 2044 in
2369 1991 2484 2046 istis
2514 1991 2640 2062 ipsis
2668 1992 2846 2048 verbis
2882 1994 3262 2066 agnoscimus?
3290 1995 3423 2052 Cum
3459 1997 3586 2051 enim
3612 1997 3725 2062 dixit,
3748 1997 3792 2053 Si

2283 2083 2396 2152 quis
2421 2084 2546 2137 mihi
2578 2085 2861 2152 ministrat,
2895 2102 2973 2140 me
3006 2095 3290 2157 sequatur;
3318 2085 3418 2144 hoc
3444 2087 3640 2158 intelligi
3654 2087 3788 2150 voluit,

2284 2189 2347 2228 ac
2368 2178 2411 2228 si
2433 2174 2654 2240 diceret,
2676 2176 2731 2234 Si
2753 2177 2872 2247 quis
2895 2192 2982 2233 me
3004 2193 3107 2233 non
3135 2179 3399 2250 sequitur,
3427 2194 3528 2234 non
3551 2179 3659 2234 mihi
3678 2180 3791 2234 mini-

2284 2276 2438 2322 strat.
2466 2269 2765 2324 Ministrant
2787 2285 2915 2341 ergo
2934 2271 3063 2328 Jesn
3091 2270 3335 2340 Christo,
3359 2273 3445 2344 qui
3472 2289 3569 2329 non
3585 2287 3662 2328 sna
3683 2289 3790 2346 quu-

2282 2368 2428 2425 runt,
2461 2359 2555 2414 sed
2589 2375 2707 2430 quae
2737 2361 2862 2416 Jesu
2891 2359 3086 2416 Christi
3119 2359 3386 2434 (Philipp.
3420 2379 3475 2431 ιι,
3503 2363 3604 2435 2i).
3629 2363 3713 2419 Hoc
3732 2372 3791 2418 est

2282 2453 2460 2518 enim,
2489 2470 2566 2507 me
2605 2464 2864 2522 sequatur,
2913 2455 3027 2510 vias
3063 2455 3306 2513 ambulet
3346 2471 3504 2523 meas,
3547 2474 3634 2512 non
3664 2472 3785 2512 suis:

2283 2546 2420 2600 sicut
2443 2545 2568 2601 alibi
2594 2546 2851 2616 scriptum
2871 2556 2974 2612 est,
3002 2547 3103 2615 Qui
3127 2564 3181 2603 se
3211 2549 3331 2603 dicit
3353 2552 3404 2603 in
3427 2549 3605 2604 Christo
3625 2566 3786 2613 mouere,

2281 2639 2423 2693 debet
2466 2639 2593 2693 sicut
2635 2639 2910 2694 ambulauit
2955 2642 3060 2708 ille,
3103 2653 3149 2696 et
3188 2644 3305 2714 ipse
3343 2644 3584 2700 ambulare
3615 2645 3653 2716 (Ι
3673 2644 3782 2699 locu.
3864 2637 3865 2642 “

2280 2746 2340 2798 ιι,
2372 2729 2452 2802 6).
2485 2731 2652 2788 Debet
2686 2733 2869 2800 etiam,
2902 2734 2947 2788 si
2984 2734 3215 2804 porrigit
3251 2737 3498 2792 esurienti
3538 2751 3710 2808 panem,
3739 2735 3785 2791 de
3864 2745 3865 2748 ‘

2279 2822 2646 2879 misericordia
2675 2824 2884 2890 facere,
2913 2841 3020 2880 non
3057 2827 3125 2882 de
3154 2827 3448 2898 jactantia;
3480 2845 3573 2884 non
3601 2827 3709 2884 aliud
3736 2828 3783 2882 ibi

2279 2929 2521 2984 quaerere
2557 2930 2717 2988 quam
2757 2931 2892 2987 opus
2919 2916 3140 2986 bonum,
3173 2921 3451 2977 nesciente
3486 2921 3666 2976 sinistra
3695 2919 3780 2990 quid

2280 3004 2438 3061 faciat
2463 3005 2682 3063 dextera
2712 3007 2922 3077 (Matth.
2954 3025 3030 3075 v1,
3057 3011 3138 3082 5),
3176 3010 3238 3068 id
3267 3025 3380 3080 est,
3409 3022 3462 3068 ιιι
3487 3013 3702 3069 alienatur
3726 3011 3781 3065 ιιι·
3864 3045 3865 3088 1

2279 3099 2448 3154 tentia
2466 3099 2770 3168 cupiditatis
2785 3101 2853 3156 ab
2873 3115 3036 3170 opere
3051 3102 3356 3158 charitatis.
3373 3103 3468 3172 Qui
3487 3105 3556 3160 sic
3569 3102 3780 3166 ministrat,

2277 3191 2492 3246 Christo
2532 3193 2824 3256 ministrat:
2861 3202 3112 3262 recteque
3150 3194 3236 3250 illi
3272 3195 3489 3263 dicetur,
3516 3197 3623 3250 Cum
3649 3193 3714 3247 inti
3739 3208 3784 3245 es

2276 3283 2496 3338 minimis
2516 3283 2636 3339 meis
2653 3284 2834 3354 fecisti,
2854 3285 2976 3339 mihi
2988 3284 3397 3354 {ecisti(ld.xxv,
3414 3287 3521 3356 40).
3534 3287 3626 3342 Nec
3637 3293 3780 3340 tantum

2278 3388 2338 3428 ea
2367 3391 2486 3445 qua:
2513 3374 2579 3429 ad
2623 3353 3044 3431 misericordiam
3073 3377 3349 3447 pertinent
3389 3353 3694 3449 corporalem,
3716 3372 3780 3429 sed

2277 3466 2455 3521 omnia
2471 3466 2608 3520 bona
2626 3480 2786 3536 Opera
2804 3476 3024 3536 propter
3034 3466 3310 3524 Christum
3331 3470 3515 3524 faciens
3530 3469 3655 3539 (tunc
3672 3469 3780 3520 erunt

2275 3558 2416 3614 enim
2445 3558 2580 3613 bona
2598 3600 2613 3626 ,
2643 3559 2889 3630 quoniam
2920 3559 3036 3629 ﬁnis
3061 3559 3218 3632 Legis
3245 3562 3488 3625 Christus,
3516 3560 3576 3614 ad
3592 3557 3779 3630 justitiam

2275 3652 2408 3704 omni
2425 3649 2643 3704 credenti
2659 3649 2831 3720 (Rom.
2851 3667 2907 3717 x,
2926 3649 3005 3722 4),
3031 3651 3277 3708 minister
3295 3661 3379 3708 est
3397 3651 3573 3708 Christi
3588 3663 3716 3718 usque
3733 3645 3778 3700 ad
3864 3691 3865 3696 η

2274 3742 2402 3798 illud
2434 3758 2569 3813 opus
2595 3758 2799 3812 magna:
2835 3742 3110 3798 charitatis
3129 3785 3143 3810 ,
3172 3744 3320 3816 quod
3346 3752 3426 3800 est
3451 3742 3649 3799 animam
3672 3751 3774 3794 suam

2275 3850 2373 3904 pro
2417 3834 2667 3890 fratribus
2697 3849 2896 3904 ponere
2928 3852 2942 3889 :
2975 3834 3076 3890 hoc
3114 3843 3202 3892 est
3245 3835 3386 3892 enim
3424 3845 3477 3892 et
3509 3850 3592 3906 pro
3621 3829 3776 3887 Christo

2274 3941 2493 3996 ponere.
2517 3926 2649 3994 Quia
2673 3925 2847 3982 ethoc
2870 3937 3084 3997 propter
3101 3942 3197 3984 sua
3217 3929 3449 3985 membra
3472 3927 3674 3982 dicturus
3689 3930 3771 3978 est:

2274 4018 2407 4072 Cum
2444 4033 2540 4089 pro
2577 4019 2692 4074 istis
2737 4018 2926 4086 iecisti,
2960 4035 3056 4088 pro
3095 4035 3182 4076 me
3223 4020 3413 4076 iecisti.
3441 4021 3509 4075 De
3535 4017 3610 4072 tali
3635 4015 3772 4085 quippe

2275 4126 2441 4180 opere
2459 4110 2619 4165 etiam
2647 4125 2704 4165 se
2727 4110 3026 4166 ministrum
3051 4112 3226 4168 facere
3245 4121 3301 4168 et
3321 4113 3574 4184 appellare
3593 4107 3771 4178 dignatus

2273 4211 2375 4268 est,
2407 4201 2493 4257 ubi
2524 4202 2599 4258 ait
2624 4220 2636 4256 :
2665 4201 2810 4258 Sicut
2837 4201 2885 4258 Γ
2886 4203 3004 4258 ilius
3030 4203 3250 4260 hominis
3279 4221 3379 4260 non
3400 4203 3520 4259 venit
3540 4194 3768 4256 ministrari.

2272 4295 2361 4350 sed
2407 4296 2722 4358 ministrare,
2764 4305 2811 4350 et
2852 4296 3072 4350 animant
3114 4313 3265 4352 suam
3313 4313 3490 4367 ponere
3531 4310 3609 4366 pro
3647 4287 3769 4344 multis

2271 4389 2484 4462 (Matth.
2513 4406 2602 4455 xx,
2634 4388 2746 4459 23).
2792 4389 2926 4445 Hinc
2951 4397 3182 4461 estergo
3214 4391 3562 4462 unusquisque
3593 4381 3769 4440 minislea’

2270 4483 2500 4548 Christi,
2548 4482 2686 4538 unde
2728 4492 2811 4538 est
2860 4483 3100 4540 minister
3143 4494 3198 4540 et
3244 4485 3498 4542 Christus.
3541 4481 3616 4537 Sic
3654 4471 3767 4531 mini-

2268 4583 2524 4630 strantem
2550 4573 2762 4630 Christo
2790 4573 3158 4630 honoriﬁeabit
3182 4575 3341 4632 Pater
3362 4576 3493 4646 ejus,
3521 4573 3686 4628 honore
3705 4560 3766 4618 illo

2268 4682 2493 4737 magno,
2533 4675 2591 4721 nt
2628 4667 2698 4723 sit
2739 4680 2858 4721 cum
2896 4665 3032 4723 Filio
3069 4667 3204 4737 ejus,
3241 4683 3344 4723 nec
3379 4677 3592 4737 unquam
3613 4653 3766 4715 deﬁciat

2266 4761 2488 4817 felicitas
2517 4761 2650 4831 ejus.

2338 4856 2424 4911 15.
2455 4855 2588 4911 Cum
2615 4869 2742 4926 ergo
2770 4853 2980 4922 auditis,
3006 4854 3220 4923 fratres,
3250 4855 3522 4911 Dominum
3543 4848 3762 4905 dicentem

2269 4947 2370 5004 Ubi
2389 4965 2478 5020 ego
2506 4964 2640 5014 sum,
2665 4946 2771 5002 illic
2793 4956 2840 5004 et
2864 4947 3088 5003 minister
3111 4965 3251 5003 meus
3271 4949 3402 5011 erit;
3426 4944 3573 5001 nolite
3591 4943 3763 4994 tantum-

2263 5041 2424 5098 modo
2454 5041 2622 5097 bonos
2644 5041 2925 5113 episcopos
2944 5047 2999 5095 et
3017 5040 3240 5097 clericos
3268 5038 3510 5109 cogitare.
3531 5031 3674 5088 Etiam
3695 5033 3762 5113 vos

2262 5149 2361 5207 pro
2397 5133 2558 5190 modo
2587 5147 2762 5189 vesno
2799 5110 3098 5188 ministrate
3134 5129 3363 5195 Christo,
3411 5128 3536 5183 bene
3570 5110 3758 5207 vivendo.

2262 5227 2630 5298 eleemosynas
2655 5225 2915 5290 faciendo,
2944 5239 3139 5280 nomen
3163 5221 3550 5284 doctrinamque
3572 5212 3664 5280 ejus
3681 5199 3760 5272 qui

2262 5320 2361 5376 bus
2385 5317 2660 5390 potueritis
2686 5315 3059 5386 praedicando;
3087 5325 3144 5370 ut
3163 5313 3512 5383 unusquisque
3532 5304 3664 5360 etia
3688 5307 3757 5366 ρα-

2260 5411 2570 5468 terfatnilias
2602 5408 2702 5464 hoc
2745 5407 2958 5464 nomine
2996 5413 3244 5478 agnoscat
3275 5413 3534 5475 paternum
3568 5390 3757 5447 allectum

2259 5521 2370 5563 sua:
2396 5505 2606 5561 familiae
2629 5519 2688 5559 se
2707 5502 2922 5559 debere.
2945 5502 3049 5558 Pro
3069 5500 3280 5558 Christo
3299 5507 3352 5554 et
3369 5510 3459 5568 pro
3474 5492 3565 5548 vita
3585 5490 3746 5542 ant-mi.

2258 5616 2386 5658 suos
2419 5613 2605 5654 omnes
2646 5594 2946 5661 admoneat,
2992 5594 3201 5657 doceat,
3247 5591 3489 5650 bortetnr,
3527 5570 3750 5670 corripiat;

2257 5694 2528 5767 impendat
2554 5691 2994 5755 benevolentiam,
3023 5695 3267 5747 exerceat
3284 5681 3584 5751 disciplinain
3605 5687 3618 5724 :
3635 5668 3692 5722 ita
3710 5668 3752 5767 in.

2257 5748 2419 5845 doino
2455 5803 2552 5844 sua
2591 5784 3010 5843 ecclesiasticum
3038 5791 3093 5837 et
3119 5748 3500 5852 quodammodo
3523 5748 3760 5837 epiamlme

2261 5883 2502 5960 implebit
2541 5882 2773 5942 ofﬁcium
2795 5923 2811 5952 ,
2851 5879 3154 5940 ministrans
3173 5872 3391 5939 Christo
3414 5865 3531 5926 utin
3557 5856 3759 5917 uterum
