3926 6366
124 439 145 484 1

197 344 337 412 Πω

194 466 409 525 sitcum
435 458 577 533 ipso.
606 456 743 517 Nam
768 465 826 518 et
850 447 994 518 illam
1020 460 1306 516 maximam
1335 460 1597 531 passionis
1623 458 1771 515 mini-

199 553 507 616 strationem
550 549 703 609 multi
755 566 820 609 ex
869 559 1050 608 vestro
1100 566 1325 608 numero
1370 552 1778 607 ministrarum:

202 646 348 709 multi
375 661 480 704 non
506 644 744 719 episcopi
768 661 942 718 neque
968 645 1171 714 clerici,
1191 645 1417 715 juvenes
1443 654 1498 701 et
1526 644 1777 715 virgines,

203 739 433 799 seniores
451 753 577 794 cum
593 737 916 808 junioribus,
934 737 1085 793 multi
1106 735 1374 808 coniugati
1388 745 1442 792 et
1460 735 1775 807 conjugatze,

206 831 350 890 multi
370 838 548 903 patres
575 839 879 902 matresque
903 828 1131 885 familias
1156 828 1370 884 Christo
1395 828 1776 894 ministrantes,

208 925 356 984 etiam
375 923 579 981 animas
595 937 721 979 suas
736 923 790 978 in
806 922 924 993 ejus
943 921 1199 993 martyrio
1215 930 1525 992 posuerunt,
1547 928 1601 975 et
1619 918 1781 975 hono-

207 1015 433 1075 riﬁcante
455 1016 615 1073 Patre
638 1028 867 1072 coronas
894 1012 1302 1086 gloriosissimas
1334 1019 1665 1083 receperunt.

705 1123 1117 1183 TRACTATUS
1152 1122 1263 1179 ιιι.

206 1245 277 1298 At
302 1258 357 1298 eo
392 1240 526 1313 quod
566 1240 811 1311 scriptum
848 1248 921 1293 est
943 1278 959 1304 ,
985 1236 1138 1293 Nunc
1182 1236 1362 1291 anima
1409 1249 1526 1291 mea
1570 1233 1776 1290 turbata

271 1343 381 1399 est;
409 1343 464 1390 et
489 1332 617 1404 quid
643 1331 857 1387 dicant?
880 1346 1036 1401 usque
1076 1329 1144 1383 ad
1184 1328 1267 1396 id,
1298 1327 1424 1383 Haec
1458 1327 1666 1383 locutus
1693 1331 1778 1383 est

271 1425 446 1488 Jesus,
475 1431 533 1479 et
575 1422 735 1487 abiit,
766 1428 823 1476 et
860 1418 1140 1477 abscondit
1176 1434 1237 1474 se
1271 1416 1342 1473 ab
1377 1417 1476 1474 eis.
1504 1416 1632 1487 Cap.
1664 1431 1775 1485 xu,

282 1516 351 1585 φ.
376 1512 571 1571 27-36.

269 1634 316 1688 ι.
355 1631 645 1703 Postquam
670 1627 928 1684 Dominus
952 1626 1109 1683 Jesus
1129 1624 1373 1683 Christus
1395 1623 1576 1681 verbis
1590 1622 1778 1681 lectio-

203 1728 282 1783 nis
313 1726 575 1784 hesternae
600 1723 878 1781 ministros
902 1737 1030 1778 suos
1057 1728 1113 1777 ut
1138 1721 1375 1793 seipsunt
1419 1727 1776 1791 sequerentur

206 1822 431 1879 hortatus
455 1828 575 1891 est,
604 1836 724 1877 cum
768 1819 839 1875 ita
872 1817 1214 1889 praedixisset
1254 1815 1557 1886 passionem
1585 1829 1736 1870 suam
1755 1854 1773 1883 ,

202 1914 333 1988 quod
355 1914 453 1970 nisi
477 1927 702 1985 granum
728 1908 979 1967 frumenti
998 1908 1197 1965 cadens
1216 1906 1268 1962 in
1290 1915 1487 1962 terram
1507 1914 1775 1962 mortuum

202 2008 379 2074 fuerit,
408 2006 581 2063 solum
609 2013 822 2071 manet;
850 2003 897 2059 si
924 2011 1103 2057 autem
1129 2009 1395 2057 mortuum
1424 1997 1606 2067 fuerit,
1634 1998 1773 2053 mul-

201 2106 305 2155 tum
329 2100 555 2155 fructum
601 2096 792 2154 affert:
822 2095 911 2150 ubi
958 2093 1210 2150 excitavit
1251 2105 1374 2156 eos,
1407 2089 1495 2161 qui
1538 2103 1664 2145 eum
1704 2088 1775 2145 ad

200 2208 404 2265 regnum
429 2191 689 2249 ctelorum
712 2189 864 2261 sequi
888 2189 1105 2255 vellent,
1127 2195 1186 2243 ut
1208 2188 1440 2244 animam
1461 2200 1613 2243 suam
1636 2183 1775 2239 odis-

204 2295 312 2343 sent
331 2286 380 2341 in
405 2284 509 2341 hoc
532 2282 766 2349 mundo,
795 2282 841 2337 si
867 2296 986 2338 eam
1019 2281 1073 2336 in
1104 2282 1266 2335 vitam
1296 2288 1551 2336 aeternam
1588 2285 1773 2333 custo-

203 2380 308 2436 dire
355 2380 648 2451 cogitarent
693 2395 707 2432 :
752 2375 820 2431 ad
874 2381 1110 2431 nostram
1161 2387 1347 2429 rursus
1409 2370 1771 2428 infirmitatem

204 2489 344 2531 suum
366 2471 678 2544 temperavit
706 2470 950 2525 affectum
971 2510 985 2537 ,
1018 2476 1075 2524 et
1113 2468 1220 2535 ait,
1249 2466 1392 2523 unde
1426 2466 1585 2522 lectio
1609 2464 1775 2535 cmpit

204 2565 475 2632 hodierna,
499 2562 657 2619 Nunc
680 2562 853 2616 anima
883 2575 994 2614 mea
1023 2558 1225 2614 turbata
1253 2568 1345 2613 est.
1381 2556 1530 2614 Unde
1561 2556 1771 2613 turbata

207 2665 306 2725 est,
335 2655 575 2723 Domine,
605 2653 783 2710 anima
815 2652 943 2707 tua?
968 2651 1172 2722 Nempe
1217 2650 1371 2721 paulo
1401 2658 1525 2706 ante
1553 2648 1769 2717 dixisti,

212 2749 301 2817 Qui
314 2749 411 2804 odit
433 2748 660 2803 animant
687 2760 828 2801 suam
857 2746 910 2799 in
933 2743 1026 2798 hoc
1047 2743 1254 2809 mundo,
1279 2742 1332 2795 in
1354 2741 1508 2796 vitam
1531 2750 1773 2795 retentant

210 2841 400 2899 custodit
425 2857 555 2896 eam.
587 2840 725 2910 Ergo
755 2837 931 2893 anima
960 2844 1048 2890 tua
1078 2837 1134 2890 in
1174 2822 1277 2889 hoc
1303 2833 1502 2889 mundo
1539 2840 1769 2900 amatur,

214 2933 316 2992 ideo
338 2934 577 2991 turbatur
598 2931 846 2987 veniente
876 2930 1007 2986 liora
1033 2943 1136 3000 qua
1168 2945 1232 2984 ex
1258 2926 1361 2984 hoc
1386 2926 1586 2981 mundo
1613 2939 1770 2997 egre-

216 3027 400 3084 diatur?
423 3027 554 3099 Quis
579 3024 684 3081 hoc
708 3023 776 3079 de
804 3021 982 3078 anima
1014 3019 1226 3081 Domini
1251 3018 1443 3075 audeat
1462 3014 1773 3073 afﬁrmare?

213 3117 423 3178 Setinos
466 3120 520 3176 in
563 3133 626 3176 se
670 3116 970 3183 transtulit,
998 3128 1098 3171 nos
1142 3114 1196 3169 in
1235 3128 1294 3169 se
1337 3112 1572 3183 suscepit
1612 3116 1773 3182 caput

210 3220 429 3271 nostrum
448 3255 465 3283 ,
494 3210 858 3268 membrorum
888 3223 1110 3264 suorum
1136 3206 1375 3276 suscepit
1400 3203 1645 3260 allectum
1675 3220 1687 3255 :
1716 3211 1773 3259 et

212 3305 326 3364 ideo
350 3322 446 3364 non
464 3315 539 3363 est
567 3306 638 3363 ab
662 3304 841 3376 aliquo
866 3301 1169 3369 turbatum;
1192 3298 1287 3356 sed
1313 3297 1451 3354 sicut
1476 3295 1545 3352 de
1572 3295 1665 3352 illo
1687 3293 1772 3351 di-

208 3406 339 3455 ctum
367 3406 471 3468 est,
497 3415 620 3456 cum
646 3398 907 3454 Lazarum
934 3394 1252 3461 suscitaret,
1279 3389 1494 3448 turbavit
1530 3390 1769 3461 semdip-

208 3509 305 3550 πω
330 3492 500 3566 (Joan.
523 3508 600 3561 XI,
631 3491 744 3564 35}.
772 3489 1065 3562 Oportebat
1087 3488 1231 3546 enim
1257 3494 1315 3542 ut
1342 3500 1477 3543 unus
1505 3482 1771 3541 mediator

209 3583 289 3641 Dei
330 3592 382 3642 et
420 3585 698 3642 hominum
757 3581 921 3639 homo
968 3580 1214 3637 Christus
1267 3578 1454 3646 Iesus,
1480 3576 1619 3633 sicut
1667 3590 1770 3632 nos

206 3677 432 3736 excitavit
462 3677 531 3735 ad
574 3692 781 3735 summa
803 3717 818 3742 ,
846 3676 921 3731 ita
960 3673 1238 3732 nobiseum
1272 3677 1546 3743 pateretur
1583 3677 1638 3727 et
1678 3669 1765 3724 in-

208 3768 373 3828 ﬁma‘.

268 3862 318 3917 2.
354 3863 523 3920 Audio
547 3861 796 3936 superius
822 3859 1089 3917 dicentem
1110 3899 1125 3925 ,
1168 3856 1310 3913 Venit
1336 3855 1462 3912 hora
1481 3863 1537 3909 ut
1565 3852 1765 3926 gloriﬁ-

207 3964 328 4011 cetttr
358 3954 522 4012 Filius
559 3953 820 4011 hominis:
848 3954 893 4008 si
937 3951 1293 4021 mortiﬁcatum
1337 3948 1488 4019 fuerit
1516 3961 1762 4017 granum,

209 4048 396 4103 multum
419 4054 640 4123 fructum
667 4044 837 4115 aﬂert.
881 4044 1055 4101 Audio
1074 4085 1089 4112 ,
1121 4042 1221 4110 Qui
1240 4040 1344 4096 odit
1368 4040 1594 4094 animant
1621 4054 1766 4093 suam

207 4138 253 4192 in
290 4140 375 4196 hoc
409 4139 634 4208 mundo,
656 4139 711 4194 in
749 4138 905 4193 vitam
944 4147 1187 4192 retentam
1229 4132 1443 4189 custodit
1484 4148 1614 4186 eam.
1655 4130 1767 4187 Nec

206 4232 458 4300 permittor
499 4229 867 4288 tantummodo
911 4228 1128 4295 mirari,
1173 4227 1267 4283 sed
1310 4228 1502 4298 jubeor
1546 4224 1762 4281 imitari.

204 4318 385 4380 Deinde
428 4323 773 4397 sequentibus
819 4320 995 4379 verbis
1017 4362 1034 4389 ,
1066 4318 1129 4376 Si
1168 4319 1280 4392 quis
1308 4319 1432 4374 mihi
1472 4317 1762 4383 ministrat,

208 4430 275 4470 me
291 4426 548 4491 sequatur;
568 4426 616 4473 et
638 4416 724 4472 ubi
750 4432 864 4473 sum
892 4431 983 4487 ego
999 4455 1013 4481 ,
1041 4414 1110 4469 ibi
1142 4420 1187 4469 et
1214 4412 1439 4468 minister
1466 4427 1605 4467 meus
1629 4410 1764 4476 erit;

213 4509 436 4568 mundum
459 4519 807 4568 contemnere
833 4506 1117 4575 accendor,
1149 4515 1205 4563 et
1243 4506 1295 4561 in
1325 4512 1614 4576 conspectu
1641 4517 1764 4560 meo

211 4597 317 4657 nihil
343 4611 422 4659 est
453 4603 579 4659 vita:
621 4599 777 4673 hujus
807 4609 982 4665 totus,
1012 4597 1402 4670 quantumlibet
1443 4595 1600 4654 fuerit
1637 4610 1764 4667 pro-

209 4686 354 4762 lixus,
379 4712 571 4770 vapor;
604 4710 715 4769 prte
734 4709 920 4751 amore
949 4701 1270 4748 aeternorum
1295 4690 1605 4762 temporalia
1630 4688 1763 4746 ntihi

205 4793 372 4843 cuncta
393 4787 650 4844 vilescunt
673 4801 688 4841 :
711 4793 767 4842 et
808 4799 996 4841 rursus
1022 4784 1194 4855 ipsum
1224 4781 1507 4838 Dominum
1547 4795 1759 4850 meum,

202 4881 283 4950 qui
307 4899 388 4941 me
408 4883 511 4940 illis
531 4882 708 4940 verbis
735 4881 804 4937 ab
824 4879 1132 4937 infirmitate
1155 4893 1274 4935 mea
1299 4878 1475 4950 rapuit
1500 4876 1568 4933 ad
1599 4875 1765 4934 ﬁrmi-

203 4976 347 5033 tatem
376 4991 560 5046 suam,
586 4975 748 5032 audio
787 4973 1053 5031 dicentem
1071 5015 1086 5040 ,
1119 4970 1276 5027 Nam:
1317 4972 1487 5026 anima
1511 4985 1622 5025 mea
1650 4979 1763 5025 tar-

200 5059 306 5122 Bata
327 5078 419 5125 est.
435 5066 571 5137 Quid
589 5075 674 5125 est
696 5066 839 5124 hoc?
867 5062 1147 5136 Quomodo
1177 5063 1327 5135 sequi
1349 5062 1504 5136 jubes
1528 5062 1764 5118 animam

201 5169 382 5233 meam,
411 5163 456 5220 si
482 5163 684 5221 turbari
710 5161 869 5219 video
893 5161 1127 5217 animam
1155 5158 1335 5214 tuam?
1359 5155 1628 5229 quomodo
1654 5154 1765 5212 suf-

199 5248 354 5313 feram
379 5257 519 5330 quod
542 5272 704 5330 grave
731 5263 879 5311 tanta
911 5253 1135 5309 ﬁrmitas
1161 5248 1357 5307 sentit?
1380 5248 1540 5319 quale
1569 5245 1762 5303 funda-

201 5357 425 5408 utentum
467 5366 732 5424 quteram.
760 5348 807 5406 si
856 5357 1007 5420 petra
1054 5340 1394 5403 succumbit?
1422 5340 1529 5397 Sed
1576 5340 1763 5397 videor

198 5437 319 5495 milii
344 5440 526 5498 audire
562 5442 615 5496 in
656 5438 975 5512 cogitatione
1020 5450 1140 5492 mea
1180 5430 1590 5506 respondentem
1631 5426 1765 5484 mihi

206 5525 470 5589 Dominum
494 5573 510 5599 ,
540 5540 596 5589 et
620 5528 1015 5603 quodammodo
1042 5527 1307 5584 dicentem
1337 5541 1351 5579 :
1382 5522 1547 5594 Magis
1574 5534 1765 5593 seque-

198 5619 297 5689 ris,
320 5625 438 5695 quia
466 5623 546 5679 sic
574 5637 662 5678 me
691 5623 974 5693 interpono
999 5627 1059 5676 ut
1082 5616 1307 5676 sufferas
1339 5635 1353 5671 :
1385 5614 1577 5671 audisti
1620 5611 1686 5668 ad
1714 5622 1767 5668 te

206 5725 372 5771 vocem
396 5711 722 5771 fortitudinis
746 5728 880 5769 mete
900 5754 914 5778 ,
939 5709 1062 5766 audi
1092 5709 1251 5764 inme
1277 5721 1464 5763 vocem
1490 5701 1783 5787 infirmitas

256 5824 338 5877 'tn
352 5826 579 5878 omnibus
600 5837 749 5889 prepe
768 5832 900 5888 Mss,
920 5828 1164 5889 pateretur
1186 5828 1233 5874 et
1251 5818 1465 5888 inﬁrma.

378 5908 609 5972 SANCT.
644 5908 916 5973 Accusr.
962 5909 1069 5971 ill.

1337 340 1740 406 TRACTATUS
1774 343 1890 407 LII.
1929 345 2156 407 CAPUT
2193 347 2312 409 XII.

3335 363 3473 420 1770

1893 459 1959 514 tis
1981 469 2084 518 tute
2110 479 2123 516 :
2153 454 2291 518 vires
2330 475 2557 535 suggero
2580 472 2641 521 ut
2675 477 2859 522 curras
2877 506 2895 533 ,
2925 482 3026 525 nec
3055 470 3295 541 reprimo
3325 478 3469 544 quod

1890 551 2191 621 acceleras;
2217 552 2313 610 sed
2338 554 2601 614 transfero
2626 557 2681 614 in
2707 573 2798 616 me
2820 560 2962 631 quod
2983 563 3217 633 trepidas
3236 606 3251 632 ,
3274 573 3327 620 et
3346 568 3473 621 sub.

1890 654 2072 701 sterno
2099 661 2204 718 qua
2228 655 2492 706 transeas.
2513 648 2559 706 0
2585 648 2810 709 Domine
2835 652 3118 720 mediator,
3141 654 3282 711 Deus
3307 671 3471 728 supra

1888 751 2018 804 nos,
2074 737 2236 796 homo
2300 750 2517 813 propter
2578 757 2712 811 nos,
2764 759 2996 817 agnosco
3050 746 3473 806 misericordiam

1890 830 2064 884 tuam!
2096 845 2217 886 nam
2245 832 2388 901 quod
2431 842 2489 889 tu
2516 841 2694 891 tantus
2738 845 2843 892 tua:
2883 836 3156 895 cltaritatis
3200 840 3473 898 voluntate

1888 920 2146 991 turbaris,
2177 923 2375 981 multos
2410 925 2465 981 in
2490 941 2713 999 corpore
2750 936 2842 985 tuo
2877 930 2969 1001 qui
2996 946 3108 989 sute
3150 932 3473 991 infirmitatis

1886 1014 2205 1071 necessitate
2231 1018 2532 1089 turbantur,
2559 1036 2630 1077 ne
2655 1020 2993 1093 desperando
3017 1036 3238 1096 pereant
3266 1041 3464 1085 conso-

1886 1102 2033 1161 laris.

1954 1199 2009 1254 3.
2049 1198 2288 1273 Denique
2315 1202 2477 1259 homo
2517 1204 2608 1276 qui
2657 1206 2806 1277 sequi
2845 1208 2991 1278 vult,
3021 1210 3199 1267 audiat
3238 1228 3342 1285 qua
3379 1228 3470 1270 se.

1884 1300 2096 1364 quatur.
2120 1294 2361 1353 Accessit
2381 1295 2516 1353 forte
2536 1298 2669 1355 hora
2694 1299 2962 1369 terribilis,
2987 1306 3300 1375 proponitur
3320 1310 3471 1378 optio

1884 1393 1976 1439 aut
2025 1383 2282 1441 faciendae
2334 1385 2658 1458 iniquitatis,
2685 1402 2780 1448 aut
2826 1393 3115 1450 subeundae
3171 1397 3469 1466 passionis;

1885 1473 2126 1531 turbatur
2148 1478 2326 1534 anima
2347 1479 2553 1536 infirma
2573 1524 2590 1550 ,
2621 1491 2839 1554 propter
2858 1500 3016 1557 quam
3040 1495 3232 1556 sponte
3258 1488 3470 1547 turbata

1883 1573 1969 1621 est
1994 1567 2171 1623 anima
2200 1569 2396 1628 invicta
2418 1590 2433 1627 :
2455 1587 2707 1644 pratpone
2731 1583 2835 1632 tute
2855 1576 3111 1633 voluntati
3140 1579 3468 1639 voluntatem

1882 1653 2001 1714 Dei.
2030 1660 2263 1718 Attende
2284 1664 2429 1719 enim
2450 1665 2576 1734 quid
2593 1665 2786 1723 deinde
2810 1668 3093 1741 subjungat
3111 1680 3321 1728 creator
3347 1683 3472 1730 tuus

1881 1755 1939 1803 et
1967 1749 2222 1822 magister
2250 1758 2401 1820 tuus,
2428 1754 2517 1825 qui
2545 1762 2597 1810 te
2622 1753 2775 1824 fecit,
2805 1765 2860 1812 et
2884 1767 2941 1812 ut
2967 1766 3022 1814 te
3046 1758 3264 1816 doceret
3297 1762 3471 1823 factus

1882 1849 1967 1898 est
1991 1850 2045 1899 et
2073 1842 2189 1914 ipse
2217 1844 2361 1915 quod
2386 1844 2510 1902 fecit
2534 1864 2549 1902 :
2575 1845 2737 1903 homo
2761 1848 2902 1904 enim
2931 1848 3102 1906 factus
3126 1859 3210 1909 est
3248 1853 3339 1923 qui
3364 1851 3471 1909 lto-

1883 1933 2085 1989 minem
2136 1933 2295 2002 fecit;
2341 1936 2434 1992 sed
2480 1936 2624 1996 Deus
2668 1939 3114 2008 incommutabilis
3159 1944 3381 2011 mansit,
3412 1954 3472 2003 et

1882 2024 2157 2084 hominem
2186 2028 2239 2085 in
2265 2030 2455 2087 melius
2477 2035 2842 2091 commutavit.
2875 2034 3012 2096 Audi
3041 2050 3168 2109 ergo
3194 2038 3321 2109 quid
3341 2038 3473 2097 inde

1880 2120 2202 2195 subjungat,
2229 2138 2350 2180 cum
2397 2123 2653 2189 dixisset,
2687 2127 2842 2183 Nunc
2889 2129 3062 2184 anima
3110 2147 3223 2185 mea
3270 2132 3473 2189 turbata

1880 2222 1974 2269 est.
2008 2213 2077 2269 Et
2100 2215 2224 2287 quid
2251 2216 2449 2284 dicam,
2482 2218 2686 2290 inquit?
2721 2219 2894 2287 Pater,
2925 2222 3154 2292 salvi/ica
3182 2240 3259 2277 me
3285 2241 3349 2280 ea:
3374 2226 3476 2282 liae

1881 2305 2009 2361 liora
2030 2321 2050 2361 :
2067 2306 2158 2362 sed
2176 2317 2441 2379 propterea
2458 2316 2571 2367 ueni
2587 2311 2640 2365 in
2664 2311 2795 2366 hanc
2814 2312 3011 2367 horam.
3046 2312 3218 2381 Pater,
3242 2316 3473 2388 clari/ica

1881 2416 2062 2456 nomen
2085 2410 2248 2456 tuum.
2276 2402 2461 2460 Docuit
2480 2412 2532 2460 te
2550 2403 2677 2474 quid
2701 2404 2926 2477 cogites,
2948 2405 3129 2463 docuit
3146 2407 3273 2479 quid
3296 2408 3469 2479 dicas,

1881 2507 2039 2563 quem
2073 2492 2324 2562 invoces,
2355 2495 2408 2551 in
2436 2510 2544 2567 quo
2568 2511 2754 2567 speres
2771 2537 2787 2564 ,
2815 2498 2966 2568 cujus
2996 2500 3321 2557 voluntatem
3346 2518 3471 2560 cer-

1882 2592 1990 2639 tam
2012 2591 2173 2657 atque
2190 2584 2428 2643 divinam
2444 2595 2549 2643 tua:
2573 2588 2833 2645 voluntati
2862 2588 3110 2645 humana:
3134 2591 3470 2664 infirmaque

1883 2690 2183 2748 prteponas.
2214 2676 2330 2735 Non
2374 2678 2497 2735 ideo
2523 2678 2620 2735 tibi
2658 2679 2902 2736 videatur
2937 2696 3008 2737 ex
3050 2681 3159 2737 alto
3198 2680 3479 2752 deficere,-

1882 2770 2005 2840 quia
2035 2779 2087 2827 te
2114 2771 2229 2827 vult
2249 2770 2318 2827 ab
2339 2772 2447 2830 imo
2468 2772 2750 2844 prolicere.
2772 2772 2906 2829 Nam
2927 2783 2982 2829 et
3006 2775 3197 2831 tentari
3221 2775 3471 2848 dignatus

1882 2869 1967 2917 est
1989 2877 2020 2916 a
2046 2862 2294 2931 diabolo,
2321 2879 2353 2919 a
2382 2879 2489 2935 quo
2523 2864 2707 2936 utique
2741 2866 2786 2922 si
2818 2866 2985 2923 nollet
3013 2882 3117 2923 non
3149 2876 3464 2935 tentaretur,

1880 2951 2326 3022 quemadmodum
2348 2953 2394 3009 si
2423 2953 2592 3010 nollet
2609 2969 2718 3010 non
2744 2963 3049 3025 pateretur:
3077 2966 3132 3012 et
3157 2972 3218 3013 ea
3243 2972 3469 3030 respon-

1879 3039 1960 3097 dit
1986 3040 2230 3108 diabolo,
2261 3059 2380 3114 quae
2420 3052 2474 3099 tu
2504 3045 2558 3100 in
2590 3046 2971 3102 tentationibus
3009 3046 3208 3104 debeas
3236 3064 3468 3120 respon-

1879 3130 2007 3188 dere
2033 3132 2244 3205 (Matth.
2278 3151 2350 3203 ιν,
2385 3133 2559 3211 l-i0).
2592 3137 2658 3193 Et
2706 3138 2794 3194 ille
2821 3138 3035 3209 quidem
3080 3149 3310 3199 tentatus
3347 3152 3465 3213 est,

1877 3222 1974 3279 sed
2031 3239 2136 3281 non
2185 3225 2542 3296 periclitatus;
2592 3238 2651 3283 ut
2697 3228 2914 3289 doceret
2964 3239 3016 3287 te
3065 3233 3119 3286 in
3177 3233 3471 3291 tentatione

1880 3315 2272 3387 periclitantem
2298 3318 2551 3375 tentatori
2578 3320 2934 3391 respondere,
2965 3330 3020 3378 et
3072 3332 3191 3394 post
3230 3333 3463 3382 tentato-

1878 3422 1994 3464 rem
2035 3424 2142 3465 non
2187 3409 2295 3477 ire,
2324 3409 2418 3466 sed
2443 3409 2512 3467 de
2537 3412 2774 3482 periculo
2801 3414 3105 3470 tentationis
3124 3416 3289 3473 exire.
3318 3416 3472 3474 Sicut

1878 3510 2056 3558 autem
2100 3501 2189 3558 hic
2233 3496 2396 3570 dixit,
2430 3501 2588 3558 Nunc
2632 3506 2805 3560 anima
2850 3523 2961 3561 mea
3006 3509 3207 3563 turbata
3254 3521 3362 3578 est,
3394 3511 3469 3567 ita

1877 3595 2038 3652 etiam
2065 3594 2152 3651 ubi
2182 3595 2342 3664 dicit,
2373 3593 2556 3653 Tristis
2583 3606 2656 3653 est
2684 3598 2855 3653 anima
2877 3615 2987 3653 mea
3018 3616 3178 3671 usque
3217 3601 3284 3655 ad
3323 3618 3466 3657 mor-

1881 3696 2018 3756 tem;
2048 3697 2103 3745 et
2120 3730 2135 3756 ,
2165 3688 2344 3757 Pater,
2372 3692 2417 3745 si
2438 3691 2552 3761 ﬁeri
2572 3699 2750 3760 potest,
2775 3702 2993 3748 transeat
3019 3711 3149 3750 ante
3174 3696 3310 3751 calix
3334 3696 3462 3754 iste:

1875 3778 2108 3837 hominis
2133 3781 2368 3854 suscepit
2408 3781 2772 3839 infirmitatem
2806 3784 2844 3850 ί,
2873 3792 2932 3840 ut
2953 3784 3142 3842 doceat
3162 3787 3240 3844 sic
3260 3789 3465 3845 contri-

1874 3879 2077 3928 statum
2097 3882 2150 3928 et
2166 3871 2537 3929 conturbatum
2563 3873 2707 3946 quod
2739 3876 2979 3947 sequitur
3002 3876 3209 3948 dicere,
3244 3877 3465 3935 Verum-

1876 3975 2042 4021 tamen
2090 3982 2192 4021 non
2231 3966 2369 4035 quod
2420 3983 2513 4039 ego
2555 3968 2667 4022 volo
2689 4008 2705 4036 ,
2733 3969 2822 4023 sed
2870 3967 3008 4038 qt‘tod
3054 3981 3109 4024 tu
3160 3971 3233 4026 vis
3252 4014 3268 4039 ,
3306 3971 3466 4029 Pater

1875 4056 1984 4128 (Id.
2043 4073 2205 4123 xxvi,
2227 4056 2295 4113 58
2316 4064 2361 4111 et
2384 4056 2502 4128 59}.
2532 4055 2624 4114 Sic
2664 4058 2806 4114 enim
2833 4058 2993 4114 homo
3036 4061 3105 4115 ab
3135 4060 3380 4118 humanis
3406 4064 3463 4119 in

1873 4148 2053 4205 divina
2081 4148 2345 4221 dirigitur,
2377 4164 2500 4205 cum
2529 4148 2789 4205 voluntati
2828 4150 3073 4206 humanae
3102 4152 3341 4211 voluntas
3371 4153 3464 4210 div

1871 4240 1995 4297 vina
2023 4240 2370 4313 praeponitur.
2399 4239 2539 4309 Quid
2576 4248 2662 4297 est
2687 4249 2895 4308 autem,
2925 4240 3165 4312 Clariﬁca
3192 4255 3337 4301 tuum
3366 4264 3462 4304 ποι

1873 4349 2022 4401 men;
2046 4333 2184 4404 nisi,
2216 4334 2268 4389 in
2299 4348 2395 4390 sua
2420 4333 2669 4405 passione
2690 4342 2745 4391 et
2771 4333 3198 4391 resurrectione?
3220 4335 3358 4405 Quid
3376 4350 3463 4394 est

1874 4440 2003 4498 ergo
2027 4423 2171 4481 aliud
2190 4466 2207 4494 ,
2238 4424 2344 4481 nisi
2377 4433 2439 4481 ut
2462 4424 2622 4481 Pater
2651 4423 2907 4481 clarificet
2924 4422 3115 4481 Filium
3134 4468 3150 4495 ,
3182 4427 3271 4499 qui
3298 4427 3462 4485 clari-

1873 4519 1994 4577 ﬁcat
2020 4535 2176 4576 suum
2207 4534 2403 4576 nomen
2427 4519 2588 4576 etiam
2615 4517 2670 4575 in
2699 4518 2961 4575 similibus
2986 4520 3321 4591 passionibus
3345 4537 3463 4579 ser-

1874 4629 2066 4670 verum
2096 4613 2357 4671 suorum?
2383 4610 2539 4670 Unde
2581 4613 2838 4685 scriptum
2865 4621 2948 4670 est
2985 4612 3054 4670 de
3096 4614 3255 4672 Petro
3272 4657 3288 4683 ,
3316 4618 3465 4688 quod

1871 4707 1994 4766 ideo
2021 4708 2090 4764 de
2118 4708 2209 4764 illo
2253 4707 2480 4775 dixerit,
2509 4706 2649 4762 Alter
2694 4714 2743 4763 te
2783 4707 2982 4779 cinget,
3011 4716 3058 4761 et
3099 4709 3223 4780 feret
3259 4725 3359 4779 quo
3401 4720 3462 4765 tu.

1801 4853 1806 4859 .
1874 4816 1976 4856 non
2000 4799 2098 4863 vis;
2113 4798 2236 4870 quia
2252 4797 2551 4869 significare
2566 4796 2750 4863 voluit,
2770 4814 2873 4868 qua
2891 4807 3051 4851 morte
3067 4795 3452 4868 glori/immuta

1872 4900 1980 4946 erat
2016 4889 2186 4945 Deum
2211 4888 2393 4962 (Joan.
2415 4904 2505 4944 nt
2524 4929 2539 4955 ,
2564 4888 2633 4944 18
2652 4928 2669 4958 ,
2699 4885 2810 4961 i9).
2844 4887 2989 4958 Ergo
3016 4896 3072 4943 et
3099 4888 3151 4943 in
3177 4887 3270 4944 illo
3316 4890 3457 4947 Deus

1871 4981 2182 5041 clariﬁeavit
2202 4995 2400 5038 nomen
2425 4994 2611 5045 suum,
2639 4977 2758 5050 quia
2785 4978 2864 5033 sic
2898 4977 3058 5033 etiam
3105 4978 3159 5033 in
3201 4982 3464 5040 membris

1872 5078 1984 5135 suis
2009 5076 2269 5133 clarificat
2291 5074 2584 5131 Christum.

1943 5170 1998 5227 4.
2047 5166 2195 5224 Venit
2213 5183 2333 5241 ergo
2358 5181 2456 5223 vos:
2477 5164 2543 5220 de
2576 5165 2704 5221 calo
2724 5206 2741 5234 ,
2772 5160 2839 5221 Et
2864 5163 3176 5238 clari/icavi,
3198 5178 3245 5223 et
3278 5170 3463 5227 iterum

1872 5259 2183 5333 clariﬁcabo.
2202 5258 2271 5315 Et
2290 5258 2586 5329 clariﬁcavi,
2605 5265 2891 5329 antequam
2911 5257 3142 5316 facerem
3163 5260 3418 5318 mundum
3444 5283 3457 5316 :

1871 5367 1922 5411 et
1948 5356 2134 5410 iterum
2173 5349 2464 5423 clariﬁcabo
2483 5390 2498 5416 ,
2534 5364 2655 5407 cum
2679 5358 2926 5421 resurget
2953 5365 2983 5405 a
3009 5351 3259 5414 mortuis.
3283 5359 3338 5406 et
3366 5369 3457 5407 as~

1873 5446 2067 5505 cendet
2092 5447 2147 5502 in
2170 5444 2386 5503 etelum.
2417 5442 2487 5499 Et
2508 5441 2665 5498 aliter
2690 5440 2911 5514 intelligi
2947 5450 3141 5514 potest.
3164 5439 3235 5495 Et
3256 5441 3456 5511 clariﬁ-

1875 5541 1983 5597 eavi
2002 5582 2020 5612 ,
2048 5555 2171 5597 cum
2192 5538 2262 5595 de
2292 5535 2512 5610 Virgine
2538 5543 2699 5594 natus
2723 5545 2838 5602 est,
2869 5550 2990 5591 cum
3021 5534 3239 5589 virtutes
3268 5548 3453 5605 opera-

1936 5749 1951 5780 ¹
1974 5746 2048 5798 sic
2064 5751 2174 5797 Hel.
2214 5746 2270 5795 At
2304 5738 2457 5801 editi,
2484 5733 2691 5790 ostendit
2728 5729 2932 5783 hominis
2959 5728 3167 5795 suscepti
3200 5726 3456 5795 iit/immo.

1871 5820 1986 5866 Μ.
2239 5895 2242 5899 ‘
2716 5876 3297 5959 (“agitante-six.)
