3926 6376
552 356 688 419 17⁸11

551 485 640 532 tus
665 483 767 541 est,
798 487 919 529 cum
940 470 1077 530 cutio
1102 466 1278 527 indice
1299 484 1394 542 per
1413 468 1621 526 steilam
1650 486 1677 525 a
1705 466 1865 542 Magis
1886 470 2137 527 adoratus

550 576 664 632 est,
692 582 814 622 cum
845 582 875 621 a
902 563 1102 620 sanctis
1129 564 1329 635 Spiritu
1355 571 1541 619 sancto
1566 562 1737 635 plenis
1777 566 1985 636 agnitus
2017 572 2097 619 est
2120 605 2136 631 ,

550 673 672 714 cum
693 657 1051 715 descendente
1073 655 1275 727 Spiritu
1301 656 1352 711 in
1394 658 1573 728 specie
1601 656 1860 713 columba:
1888 657 2133 714 declara-

549 759 637 807 tus
656 794 671 819 ,
698 765 818 806 cum
847 764 979 806 voce
1016 748 1083 805 de
1121 748 1260 804 cudo
1289 758 1511 804 sonante
1541 754 1898 815 monstratus,
1931 763 2053 805 cum
2083 749 2136 804 in

547 852 731 901 monte
757 840 1183 913 transﬁguratus,
1210 856 1332 897 eum
1354 841 1605 897 miracula
1629 840 1791 898 multa
1823 840 1947 897 fecit
1966 883 1982 909 ,
2010 856 2134 898 cum

546 935 744 991 multos
772 933 977 990 sanavit
1012 940 1172 1005 atque
1213 932 1515 1000 mandavit,
1546 946 1666 989 cum
1696 930 1765 989 de
1804 930 2135 1004 paucissimis

546 1026 773 1097 panibus
801 1034 999 1081 tantam
1021 1024 1409 1081 multitudinem
1431 1025 1594 1096 pavit,
1620 1040 1743 1081 cum
1764 1025 1936 1081 ventis
1959 1032 2013 1081 et
2036 1023 2137 1081 αα-

546 1120 719 1173 ctibus
746 1117 1055 1189 imperavit,
1084 1132 1204 1172 cum
1247 1127 1487 1172 mortuos
1516 1118 1792 1173 suscitavit
1819 1135 1831 1171 :
1862 1127 1910 1174 et
1950 1119 2134 1193 iterum

543 1209 868 1278 clariﬁcabo,
897 1222 1016 1264 cum
1057 1216 1298 1280 resurget
1345 1224 1374 1264 a
1425 1210 1687 1277 mortuis,
1733 1224 1852 1265 cum
1897 1224 2042 1266 mors
2082 1211 2131 1266 ei

544 1303 683 1358 uitus
712 1318 816 1358 non
844 1302 1223 1368 dominabitur,
1251 1316 1373 1358 cum
1418 1303 1739 1359 excitabitur
1775 1318 1936 1374 super
1965 1302 2131 1359 caelos

543 1394 715 1462 Deus,
737 1404 792 1450 et
819 1408 978 1466 super
1015 1407 1228 1449 omnem
1263 1403 1455 1450 terram
1494 1394 1661 1465 gloria
1691 1395 1827 1465 ejus.

615 1489 668 1544 li.
707 1484 883 1543 Turba
912 1502 1029 1559 ergo
1050 1503 1164 1558 qua!
1183 1487 1377 1553 stabat,
1408 1497 1455 1541 et
1491 1487 1756 1553 audierat,
1782 1486 1975 1543 dicebat
1998 1491 2130 1543 toni-

541 1590 712 1635 truum
742 1583 934 1653 factum
975 1592 1081 1634 esse
1112 1595 1130 1632 :
1158 1579 1249 1633 alii
1286 1579 1541 1643 dicebant,
1566 1577 1792 1651 Angelus
1837 1582 1882 1635 ei
1928 1578 2130 1651 locutus

540 1681 631 1728 est.
675 1669 957 1744 Respondit
997 1670 1183 1736 Iesus,
1219 1678 1265 1723 et
1307 1667 1621 1725 dixit:Non
1665 1681 1869 1740 propter
1904 1688 1983 1727 me
2021 1670 2130 1727 lucc

537 1778 636 1818 sca:
660 1762 821 1830 venit,
848 1761 939 1817 sed
963 1770 1167 1837 propter
1205 1776 1314 1815 vos.
1358 1761 1454 1816 Hic
1479 1761 1711 1818 ostendit
1748 1762 1833 1817 illa
1864 1779 1993 1820 voce
2020 1780 2127 1820 non

538 1854 640 1911 sibi
669 1852 956 1910 indicatum
977 1852 1119 1923 quod
1141 1851 1252 1922 jam
1281 1852 1518 1917 sciebat,
1551 1853 1645 1909 sed
1673 1854 1750 1909 eis
1769 1855 1960 1925 quibus
1991 1854 2129 1910 indi-

537 1946 649 2000 cari
682 1944 980 2015 oportebat.
1005 1942 1153 1998 Sicut
1175 1951 1351 1999 autem
1375 1944 1461 1998 illa
1486 1960 1587 1999 vox
1615 1960 1719 2001 non
1745 1957 1961 2017 propter
1978 1962 2125 2029 eum,

532 2037 630 2092 sed
668 2042 886 2106 propter
909 2035 1043 2090 alios
1069 2034 1344 2091 divinitate
1368 2035 1504 2091 iacta
1534 2045 1649 2102 est;
1675 2038 1754 2093 sic
1776 2038 1949 2093 anima
1983 2039 2121 2110 ejus,

535 2142 644 2185 non
672 2137 893 2201 propter
920 2142 1045 2185 eum
1062 2170 1076 2194 ,
1103 2128 1199 2185 sed
1222 2138 1442 2213 propter
1461 2130 1593 2185 alios
1623 2130 1893 2187 voluntate
1914 2114 2122 2189 turbata

534 2229 660 2368 and.
721 2311 955 2369 Attende
995 2318 1210 2368 cratera.
1262 2310 1448 2375 Nunc,
1501 2313 1706 2383 inquit,
1748 2313 2007 2384 judicium
2052 2324 2126 2370 est

532 2405 735 2462 mundi.
761 2403 901 2474 Quid
943 2418 1072 2476 ergo
1113 2405 1530 2475 exspectandum
1571 2414 1651 2462 est
1695 2406 1746 2462 in
1775 2406 1879 2463 ﬁne
1907 2409 2125 2464 szeculiiI

530 2498 640 2555 Sed
665 2500 718 2554 in
746 2496 853 2553 ﬁne
877 2496 1018 2568 quod
1048 2503 1393 2568 exspectatur
1425 2496 1719 2567 judicium,
1752 2499 1853 2553 erit
1874 2499 2120 2569 judican.
2164 2527 2173 2535 -

527 2591 723 2650 dorum
765 2591 1007 2648 vivorum
1046 2599 1102 2648 et
1139 2601 1508 2656 mancorum,
1534 2591 1790 2662 judicium
1837 2594 1937 2649 crit
1980 2609 2121 2664 pra:-

525 2685 755 2743 lnicrum
777 2696 1161 2756 pomorumque
1176 2690 1515 2740 antemarum.
1537 2682 1707 2752 Quale
1731 2699 1858 2755 ergo
1876 2700 2015 2741 nunc
2036 2685 2122 2756 ju-

525 2776 724 2834 dicium
750 2777 866 2833 est?
894 2776 1011 2833 iam
1039 2775 1092 2830 in
1120 2775 1488 2845 superioribus
1518 2775 1838 2831 lectionibus
1862 2786 2119 2847 quantum

523 2869 710 2942 potui,
761 2868 1065 2926 eommonui
1107 2866 1435 2924 Chal-italum
1481 2876 1751 2935 vestram,
1803 2869 1908 2925 dici
1957 2872 2119 2927 etiam

522 2960 782 3033 judicium
827 2976 934 3018 non
999 2959 1388 3027 damnationis,
1430 2960 1524 3017 sed
1570 2960 1951 3017 discretionis:
1982 2963 2123 3022 unde

526 3054 787 3124 scriptum
826 3061 942 3119 est,
971 3051 1165 3107 Iudice
1209 3068 1320 3117 me,
1348 3052 1522 3117 Deus,
1552 3063 1598 3107 et
1643 3053 1871 3109 discerne
1910 3070 2118 3110 causam

526 3163 693 3201 meam
717 3145 780 3200 de
806 3153 951 3217 gente
978 3162 1081 3200 non
1111 3157 1288 3200 sancta
1309 3144 1479 3217 (Psat.
1507 3160 1634 3210 xm,
1659 3144 1736 3219 t).
1757 3146 1912 3203 Multa
1939 3158 2115 3205 autem

524 3247 651 3296 sunt
664 3235 863 3309 judicia
896 3237 991 3293 Dei
1021 3237 1202 3293 :unde
1228 3237 1420 3293 dicitur
1451 3239 1502 3292 in
1527 3237 1768 3305 Pssimo,
1799 3236 2006 3294 Iudicia
2029 3247 2123 3294 tua

523 3332 741 3405 abyssus
763 3332 926 3387 multa
955 3329 1125 3403 (Psat.
1152 3348 1317 3399 xxxv,
1342 3334 1423 3403 7).
1451 3332 1586 3389 Dicit
1612 3334 1773 3390 etiam
1803 3336 2113 3405 Apostolus,

529 3422 578 3481 ο
609 3424 827 3480 altitudo
865 3423 1158 3478 divitian
1183 3424 1445 3495 sapientia:
1482 3435 1529 3481 et
1555 3427 1777 3481 scientia:
1808 3426 1942 3482 Dei!
1965 3446 2119 3500 quam

522 3516 876 3573 iascrutabit‘ia
904 3525 1023 3570 sunt
1059 3514 1262 3588 judicia
1286 3516 1400 3587 ejus
1429 3515 1603 3587 (Rom.
1624 3532 1680 3571 ιι
1700 3560 1712 3583 ,
1740 3517 1861 3587 33)!
1894 3519 1972 3574 Ex
2003 3520 2116 3590 qui-

522 3609 627 3667 bus
642 3608 855 3682 judiciis
876 3608 1035 3665 etiam
1059 3607 1163 3664 hoc
1185 3616 1267 3664 est
1294 3609 1435 3680 quod
1462 3609 1550 3664 hic
1566 3610 1638 3664 ait
1662 3610 1934 3679 Dominus,
1964 3611 2117 3667 Nunc

519 3700 777 3779 judicium
806 3710 882 3759 est
918 3702 1139 3767 mundi;
1167 3709 1381 3759 servato
1411 3702 1503 3758 ilio
1544 3699 1742 3773 judicio
1782 3704 1835 3759 in
1864 3706 1997 3769 ﬁne,
2028 3705 2117 3762 ubi

522 3794 818 3865 novissime
844 3795 947 3850 vivi
974 3804 1028 3852 et
1070 3793 1265 3851 mortui
1303 3795 1575 3866 judieandi
1616 3805 1759 3852 sunt.
1804 3794 2117 3854 Possidebat

523 3896 655 3959 ergo
683 3886 930 3943 diabolus
955 3901 1124 3959 genus
1150 3885 1437 3943 humanum
1455 3930 1470 3955 ,
1493 3897 1547 3943 et
1574 3902 1696 3944 reos
1734 3888 2112 3961 suppliciorum

523 3977 745 4036 tenebat
804 3977 1160 4052 chirographo
1224 3989 1591 4049 peccatorum;
1641 3979 2012 4049 dominabatur
2062 3980 2120 4036 in

519 4071 779 4129 cordibus
800 4070 1089 4127 inﬁdelium
1109 4112 1123 4138 ,
1152 4069 1218 4126 ad
1239 4082 1537 4127 creaturam
1563 4072 1868 4139 colendam,
1901 4071 2117 4129 deserto

522 4161 813 4232 Creatore,
862 4160 1117 4235 deceptos
1192 4163 1536 4236 captivosque
1601 4160 1943 4234 pertrabebat
1973 4183 1986 4218 :
2021 4181 2117 4234 per

522 4253 725 4313 Christi
747 4265 927 4311 autem
949 4254 1108 4311 iidem
1129 4297 1143 4322 ,
1173 4269 1292 4325 qua:
1315 4265 1489 4311 morte
1513 4254 1629 4325 ejus
1650 4264 1703 4310 et
1723 4256 2113 4312 resurrectione

523 4348 735 4406 ﬁrmata
760 4357 845 4405 est
863 4391 876 4415 ,
903 4364 998 4419 per
1025 4349 1140 4431 ejus
1172 4349 1481 4419 sanguinem
1500 4390 1515 4419 ,
1544 4349 1633 4419 qui
1662 4348 1714 4403 in
1740 4351 2108 4407 remissionem

520 4440 680 4500 fusus
708 4451 788 4497 est
817 4449 1188 4512 peccatorum,
1224 4440 1384 4511 millia
1421 4440 1753 4497 credentium
1780 4457 1810 4496 a
1835 4443 2112 4501 dominatu
2148 4478 2157 4487 -

523 4532 823 4591 liberantur
851 4533 1081 4598 diaboli,
1112 4531 1307 4587 Christi
1332 4532 1544 4603 corpori
1569 4534 1902 4605 copulantur,
1934 4544 1987 4592 et
2013 4536 2112 4593 sub

526 4631 679 4681 tanta
708 4623 882 4693 capite
914 4638 1018 4678 uno
1038 4622 1153 4694 ejus
1173 4621 1371 4692 Spiritu
1401 4623 1572 4679 ﬁdelia
1605 4624 1842 4681 membra
1864 4640 2111 4707 vegetan-

521 4728 635 4774 tur.
660 4716 771 4774 iicc
800 4715 1021 4772 vocabat
1055 4714 1310 4786 judicium
1330 4758 1343 4782 ,
1371 4715 1508 4772 hanc
1529 4717 1909 4777 discretionem
1931 4764 1946 4790 ,
1973 4721 2109 4781 hanc

523 4825 556 4865 a
577 4808 690 4866 suis
715 4807 1005 4879 redemptis
1034 4806 1230 4877 diabcii
1257 4807 1646 4880 expulsionem.

596 4901 648 4957 7.
693 4901 929 4973 Denique
955 4897 1170 4957 attende
1196 4899 1319 4970 quid
1341 4900 1502 4956 dicat.
1547 4899 1711 4970 Quasi
1747 4914 2109 4975 quazreremus

519 4994 648 5068 quid
677 5004 819 5052 esset
839 4982 979 5066 quod
1011 4994 1112 5061 ait,
1142 4993 1297 5048 Nunc
1314 4992 1566 5067 judicium
1605 5003 1677 5050 est
1707 4999 1882 5052 mundi
1906 5041 1916 5061 ,
1949 5014 2106 5056 secu-

522 5097 612 5144 tus
638 5088 884 5161 exposuit
917 5106 928 5141 :
958 5089 1033 5144 ait
1073 5088 1213 5144 enim
1240 5128 1255 5155 ,
1288 5085 1445 5142 Nunc
1473 5088 1704 5160 princeps
1751 5092 1902 5165 hujus
1932 5094 2107 5149 mundi

519 5180 751 5253 ejiciatur
772 5179 932 5249 foras.
964 5177 1276 5234 Audivimus
1296 5178 1455 5249 quale
1473 5176 1666 5235 dixerit
1685 5195 1804 5237 esse
1824 5181 2102 5252 judicium.

518 5275 640 5333 Non
669 5288 797 5345 ergo
824 5270 947 5327 illud
970 5272 1113 5343 quod
1136 5271 1188 5326 iu
1220 5270 1324 5327 ﬁne
1353 5281 1634 5329 venturum
1655 5281 1765 5341 est,
1799 5274 1887 5331 ubi
1918 5277 2021 5333 vivi
2050 5287 2106 5334 et

517 5368 718 5437 mortui
742 5365 1014 5440 judicandi
1038 5374 1159 5422 sunt
1178 5409 1194 5439 ,
1221 5366 1340 5422 aliis
1360 5367 1425 5422 ad
1450 5367 1725 5424 dexteram
1746 5411 1759 5435 ,
1789 5370 1907 5426 aliis
1937 5372 2003 5428 ad
2026 5374 2103 5428 si-

514 5462 739 5517 nistram
776 5459 1070 5547 separatis;
1099 5456 1193 5513 sed
1232 5457 1483 5528 judicium
1530 5474 1635 5535 quo
1678 5463 1910 5547 princeps
1948 5464 2117 5537 hujus

512 5551 695 5613 mundi
735 5540 959 5624 ejicietur
1004 5554 1167 5626 foras.
1214 5552 1490 5619 Quomodo
1533 5540 1844 5627 ergo'intus
1870 5566 2017 5627 erat,
2048 5569 2102 5616 et

515 5664 625 5720 quo
672 5664 794 5721 eum
848 5644 1164 5717 ejiciendum
1214 5644 1346 5700 dixit
1388 5646 1564 5702 foras?
1608 5648 1994 5720 Numquidnam
2046 5651 2099 5709 in

514 5739 716 5795 x'nundc
758 5748 902 5803 erat,
925 5745 980 5794 et
1021 5745 1170 5794 extra
1200 5737 1454 5793 mundum
1496 5731 1694 5796 niissus
1727 5742 1809 5797 est
1838 5742 2018 5801 foras?
2042 5742 2099 5805 Si

520 5831 661 5893 enim
704 5830 770 5886 de
800 5831 889 5895 illo
926 5830 1126 5903 judicio
1150 5829 1388 5900 diceret,
1411 5830 1552 5901 quod
1593 5833 1645 5889 in
1686 5834 1790 5891 ﬁne
1816 5824 2105 5896 venturum

1481 342 1545 413 iN
1583 340 1860 415 JOANNIS
1898 339 2366 425 sv'Auantuu,
2409 360 2463 418 s.
2508 344 2877 422 AUGUSTINI

2252 480 2363 539 est,
2393 486 2573 544 posset
2599 477 2789 548 aliquis
2827 479 3036 550 opinari
3060 468 3234 554 ignem
3262 493 3538 559 internum,
3559 506 3646 565 quo
3666 503 3756 556 mit.

2252 565 2441 620 tendus
2461 576 2540 623 est
2565 567 2809 626 diabolus
2834 586 2955 629 cum
2980 566 3180 645 angelis
3204 578 3345 648 suis,
3384 570 3670 653 etomnibus
3690 601 3756 664 qui

2248 668 2371 715 sunt
2397 677 2461 758 ex
2501 671 2651 734 parte
2680 664 2795 735 ejus
2818 683 2843 733 ;~
2862 682 2969 723 non
3009 679 3195 726 natura
3216 713 3232 740 ,
3262 672 3355 729 sed
3378 672 3528 745 vitio;
3555 694 3643 738 non
3662 690 3754 758 quia

2247 754 2444 810 creavit
2463 764 2553 810 aut
2572 759 2773 828 genuit,
2800 757 2894 815 sed
2920 760 3042 832 quia
3070 763 3329 834 persuasit
3349 775 3397 823 et
3425 754 3753 846 tenuitzposset

2247 861 2373 919 ergo
2395 849 2585 922 aliquis
2606 852 2811 924 opinari
2842 854 2990 911 illum
3013 855 3188 928 ignem
3213 869 3463 927 aeternum
3486 874 3612 922 extra
3635 882 3753 927 [littu-

2245 936 2371 995 dum
2402 956 2552 1012 esse,
2586 951 2639 999 et
2668 943 2770 1001 hoc
2817 960 2938 1003 esse
2971 946 3171 1005 dictum
3193 995 3207 1017 ,
3239 953 3460 1027 ejiciatur
3490 961 3751 1029 [Oramﬂuia

2244 1044 2373 1125 vero
2400 1033 2475 1125 alt
2492 1032 2692 1125 ,7Nunc
2708 1036 2963 1108 judicium
2990 1049 3064 1096 est
3092 1044 3269 1098 mundi
3284 1060 3303 1109 ;
3328 1054 3380 1102 et
3406 1062 3645 1122 exponens
3661 1034 3751 1125 quid

2243 1121 2469 1192 dixerit,
2502 1124 2655 1182 Nunc
2677 1168 2694 1195 ,
2722 1128 2925 1201 inquit,
2958 1132 3191 1206 princeps
3215 1134 3367 1204 huius
3391 1121 3551 1195 mundi
3581 1121 3747 1214 ejicietm

2242 1219 2386 1285 foras
2412 1233 2431 1273 :
2458 1217 2562 1275 hoc
2614 1220 3019 1294 intelligendum
3065 1235 3148 1284 est
3192 1230 3339 1299 quod
3381 1247 3514 1288 nunc
3556 1234 3631 1305 tit,
3673 1255 3751 1295 nos

2240 1309 2383 1379 quod
2413 1320 2560 1369 tanto
2586 1321 2707 1383 post
2734 1315 2967 1374 futurum
2988 1329 3072 1375 ost
3096 1319 3153 1376 in
3175 1323 3463 1380 novissimo
3487 1325 3580 1383 die.
3598 1328 3749 1391 Prndi-

2239 1402 2395 1461 cchat
2442 1418 2573 1474 ergo
2600 1406 2860 1465 Dominus
2898 1410 3042 1481 quod
3080 1412 3317 1480 sciebat,
3363 1427 3476 1486 post
3510 1424 3748 1489 passiomm

2238 1498 2294 1545 et
2319 1490 2759 1562 gloriﬁcaticnem
2781 1514 2930 1555 suam
2957 1518 3054 1573 per
3079 1503 3381 1561 universum
3404 1511 3629 1568 mundum
3651 1518 3751 1581 tuui-

2238 1593 2321 1651 tcs
2349 1587 2576 1665 populus
2609 1591 2937 1666 credituros,
2965 1594 3021 1659 in
3046 1611 3279 1666 quorum
3303 1600 3543 1669 cordibus
3562 1602 3748 1662 diabolus

2237 1678 2380 1825 ifntus
2424 1691 2573 1752 erat;
2605 1686 2690 1755 cui
2739 1687 2953 1763 quando
2999 1704 3067 1749 ex
3094 1690 3201 1759 ﬁde
3250 1700 3750 1778 renuntiant,ejicitur

2256 1788 2401 1825 oras.

2256 1788 2401 1831 oras.

2306 1865 2360 1923 8.
2392 1866 2503 1927 Sed
2528 1868 2658 1949 dicit
2677 1871 2868 1949 aliquis
2897 1892 2909 1943 ς
2937 1874 3207 1955 Numquid
3234 1879 3302 1939 de
3325 1880 3558 1945 cordibus
3575 1887 3752 1957 Patriae-

2234 1957 2457 2053 citarum
2497 1972 2552 2027 et
2588 1964 2974 2037 Prophetarum
2996 2010 3013 2043 ,
3059 1982 3406 2053 veterumque
3425 1977 3656 2053 jltSime
3675 2000 3750 2040 non

2233 2050 2435 2147 ejectus
2463 2065 2545 2113 est
2571 2055 2750 2122 foras?
2788 2059 3003 2131 EjeCtus
3041 2071 3125 2133 est
3160 2063 3343 2139 plane,
3378 2050 3751 2147 Quontodcem

2232 2143 2446 2239 dictum
2464 2156 2575 2212 est,
2607 2166 2740 2206 nunc
2767 2152 2994 2224 ejicietur
3027 2154 3215 2227 foras?
3252 2144 3519 2229 Quomodo
3546 2143 3751 2239 putamus,

2126 2244 2129 2247 '
2233 2234 2335 2304 uisi
2361 2236 2482 2308 quia
2515 2246 2639 2299 tunc
2672 2240 2814 2311 quod
2855 2243 2908 2309 in
2937 2244 3251 2311 hominibus
3278 2234 3585 2321 pauciSSiutis

2231 2336 2335 2395 est,
2368 2344 2507 2387 nunc
2535 2330 2587 2387 in
2614 2334 2798 2393 multis
2823 2338 3132 2410 magnisque
3158 2344 3371 2417 populis
3391 2345 3495 2414 jam
3520 2364 3627 2406 ntox
3642 2350 3748 2409 futu-

2231 2434 2350 2513 uum
2366 2436 2496 2513 esse
2520 2423 2833 2494 prtedictum
2859 2429 2974 2483 est?
3003 2430 3088 2485 Sic
3112 2440 3167 2491 et
3188 2433 3320 2499 illud
3341 2437 3475 2513 quod
3495 2438 3661 2503 dictum
3672 2453 3751 2513 est,

2232 2508 2455 2593 Spiritus
2484 2524 2651 2579 autem
2683 2517 2910 2575 nondum
2936 2531 3041 2583 erat
3071 2523 3255 2592 datus,
3282 2508 3397 2598 quia
3425 2528 3560 2599 λανδ
3584 2508 3750 2591 ποικιαά

2230 2604 2394 2691 [uerat
2423 2602 2736 2689 glori/iectus
2770 2608 2947 2683 (Joan.
2970 2628 3039 2673 νυ
3060 2654 3075 2676 .
3102 2614 3198 2686 39)
3222 2658 3236 2681 ,
3272 2628 3441 2688 potest
3467 2620 3660 2680 similem
3681 2625 3748 2691 ita-

2230 2681 2357 2761 ξρετε
2399 2681 2787 2777 q'umstionem,
2817 2710 2871 2763 et
2899 2703 3127 2775 similem
3166 2681 3504 2779 solutionem.
3527 2713 3626 2783 Non

2229 2785 2350 2851 sine
2370 2784 2569 2857 Spiritu
2589 2800 2776 2851 saut'to
2798 2790 2973 2857 futura
2993 2800 3295 2866 praenuntia
3306 2814 3484 2861 verunt
3501 2784 3748 2883 Propheta;

2358 2893 2468 2948 non
2510 2881 2669 2935 etiam
2718 2881 2997 2939 Dominum
3044 2886 3307 2945 infantem
3337 2892 3386 2947 in
3414 2881 3749 2969 Spiritu-saucia

2225 2967 2443 3069 Simecn
2480 2986 2646 3069 senex
2669 2984 2743 3069 et
2782 2976 2932 3043 Anna
2975 2978 3129 3045 vidua
3171 2997 3527 3056 cognoverunt
3562 2967 3749 3069 (Lacu,

2224 3059 2453 3139 25-38);
2486 3072 2536 3119 et
2561 3062 2844 3123 Zacharias
2866 3078 2919 3124 et
2940 3070 3240 3149 Eiizabeth,
3264 3078 3350 3148 qui
3378 3079 3441 3147 de
3466 3080 3547 3138 illo
3570 3059 3749 3153 conditui

2225 3162 2352 3219 nato
2372 3196 2387 3225 ,
2419 3153 2512 3224 sed
2533 3155 2647 3241 jam
2675 3156 2968 3234 concepto,
3004 3171 3143 3221 tanta
3174 3183 3276 3235 per
3301 3166 3539 3241 Spiritum
3562 3183 3747 3243 sanctum

2224 3244 2585 3323 praedixerunt
2617 3246 2725 3319 (Id.
2752 3265 2803 3329 ιξ
2832 3250 3017 3321 41-45,
3049 3250 3268 3328 6Ἰτῖ9).
3303 3259 3409 3316 Sed
3434 3260 3631 3333 Spiritus
3651 3280 3747 3331 non-

2222 3333 2344 3427 duin
2382 3345 2489 3407 erat
2528 3336 2712 3405 datus;
2742 3338 2794 3394 id
2824 3350 2905 3396 est
2925 3382 2941 3409 ,
2974 3340 3060 3397 illa
3091 3344 3417 3421 abundantia
3451 3350 3613 3425 gratia;
3634 3346 3747 3427 spiri-

2224 3426 2407 3533 tualis,
2451 3444 2553 3502 qua
2596 3434 2898 3507 congregati
2947 3435 3138 3508 linguis
3185 3444 3425 3503 cundum
3470 3436 3748 3533 loquerentur

2224 3517 2360 3588 (Act.
2388 3536 2444 3591 ῃ,
2469 3520 2614 3592 4-6),
2644 3524 2806 3579 acsic
2828 3523 2881 3580 in
2906 3526 3097 3599 linguis
3117 3538 3361 3605 omnium
3382 3517 3595 3613 gentium
3616 3517 3751 3609 iam

2223 3613 2672 3683 pra-nuntiaretur
2696 3614 2936 3687 Ecclesia
2966 3637 2980 3674 :
3013 3637 3116 3695 qua
3146 3629 3318 3695 gratia
3345 3624 3749 3709 spiritualipopuii

2221 3718 2704 3778 congregarentur,
2740 3728 2841 3783 qua
2872 3713 3029 3786 longe
3060 3716 3277 3789 lateque
3323 3724 3524 3792 peccata
3562 3706 3746 3795 dimittes

2220 3807 2434 3883 rentur,
2465 3808 2520 3854 ct
2550 3801 2713 3869 millia
2742 3803 2965 3876 millium
2999 3806 3109 3862 Deo
3137 3810 3626 3883 reconciliarcnmr.‘

2292 3889 2345 3943 9.
2373 3888 2509 3957 Quid
2529 3907 2677 3964 ergo,
2693 3894 2765 3948 ait
2784 3895 3066 3967 quispiam,
3083 3900 3204 3970 quia
3234 3901 3471 3961 diabolus
3488 3903 3554 3977 de
3573 3900 3742 3975 creden-

2223 3978 2351 4034 tium
2379 3980 2629 4037 cordibus
2655 3984 2897 4054 ejicietur
2923 3986 3099 4066 foras,
3126 3995 3241 4061 jam
3282 3994 3508 4059 ﬁdelium
3536 3998 3743 4063 nemiuem

2221 4071 2421 4127 tentet?
2448 4073 2556 4128 lmo
2583 4090 2709 4131 vero
2739 4084 2944 4134 tentare
2970 4096 3074 4136 non
3100 4094 3297 4141 cessat.
3326 4086 3428 4159 Sed
3454 4088 3580 4143 aliud
3605 4096 3669 4142 est
3686 4087 3743 4140 iu-

2221 4164 2482 4224 trinsecus
2512 4183 2767 4240 regnare,
2798 4170 2941 4231 aliud
2973 4171 3270 4247 forinsecus
3301 4194 3585 4259 Oppugnarc
3614 4199 3625 4234 :
3652 4194 3741 4233 nant

2218 4267 2272 4313 et
2295 4258 2700 4319 munitissimam
2724 4263 2988 4324 civitatem
3016 4269 3305 4343 aliquando
3328 4266 3491 4331 hostis
3511 4281 3740 4357 oppugnat,

2219 4365 2319 4425 uec
2345 4363 2633 4431 expugnat.
2662 4354 2728 4413 Et
2754 4358 2797 4411 si
2820 4357 2993 4431 aliqua
3017 4361 3120 4417 tela
3145 4364 3264 4435 ejus
3287 4368 3446 4439 missa
3466 4354 3740 4439 perveniunt,

2218 4441 2469 4498 admonet
2503 4445 2789 4519 Apostolus
2832 4450 2979 4505 unde
3016 4469 3121 4507 non
3162 4454 3397 4527 laedant;
3425 4465 3743 4527 commentam

2218 4531 2437 4621 loricam
2464 4545 2518 4592 et
2541 4549 2746 4595 scutum
2772 4538 2893 4595 ﬁdei
2926 4540 2969 4613 (l
2994 4540 3165 4599 Thess.
3190 4562 3242 4615 v,
3266 4548 3343 4620 8).
3456 4524 3740 4621 sialiquaudo

2216 4624 2479 4694 vulnerat,
2509 4627 2660 4683 adest
2688 4630 2776 4699 qui
2808 4642 2975 4686 sanat.
3011 4634 3144 4700 Quin
3171 4638 3307 4693 sicut
3337 4641 3657 4729 pugnantibus
3677 4637 3739 4691 di:

2216 4728 2357 4774 cium
2385 4727 2466 4776 est
2486 4763 2500 4788 ,
2533 4719 2657 4777 llaec
2686 4723 2849 4779 scribo
2878 4727 3011 4781 vobis
3030 4769 3044 4793 ,
3088 4739 3139 4781 ut
3182 4747 3282 4786 non
3320 4719 3520 4807 peccetis
3548 4750 3563 4805 ς
3588 4733 3646 4801 ita
3673 4727 3748 4801 qui

2215 4812 2580 4905 vulnerantur,
2614 4817 2756 4887 quod
2784 4820 3021 4893 sequitur
3045 4823 3284 4892 audiunt,
3321 4826 3388 4886 Et
3414 4829 3456 4883 si
3480 4829 3579 4901 quis
3600 4840 3738 4902 pecca-

2212 4906 2357 4972 verit,
2395 4906 2689 4963 advocatum
2725 4909 2961 4971 habemus
2999 4916 3141 4985 apud
3174 4915 3401 4987 Patrem,
3436 4909 3597 4975 Iesum
3624 4915 3737 4989 Citri-

2212 4989 2342 5052 stum
2359 4999 2593 5071 justum;
2619 5001 2726 5072 ipse
2753 5012 2825 5058 est
2856 5006 3144 5075 prapitiatio
3173 5021 3482 5081 peccatorum
3506 5014 3737 5081 nostrarum

2214 5086 2259 5161 (i
2284 5088 2438 5153 Joan.
2470 5104 2543 5156 ll,
2579 5090 2629 5155 i,
2657 5090 2734 5162 2).
2767 5092 2905 5162 Quid
2944 5096 3084 5152 enim
3127 5113 3341 5157 oramus
3382 5117 3497 5158 cum
3535 5098 3735 5171 (licitum,

2213 5175 2422 5234 Dimitte
2449 5180 2590 5238 nobis
2624 5182 2791 5239 debita
2821 5189 3011 5255 nostra,
3043 5190 3143 5246 nisi
3171 5200 3226 5246 ut
3255 5193 3464 5249 vuinera
3493 5194 3739 5263 noStt'a‘sh

2212 5276 2445 5331 nentur?
2475 5275 2540 5332 Et
2567 5276 2693 5349 quid
2723 5279 2867 5335 aliud
2900 5283 3127 5356 petimus
3154 5301 3271 5342 cum
3301 5287 3542 5354 dicimus,
3573 5282 3644 5353 Nc
3664 5295 3733 5336 ttat

2211 5369 2401 5442 inferas
2427 5371 2479 5425 in
2510 5371 2828 5426 tentationem
2860 5371 3070 5449 (.ilattlt.
3098 5390 3147 5433 vr
3168 5421 3184 5446 ,
3213 5377 3298 5446 12,
3330 5378 3414 5453 ἰῶ
3437 5422 3450 5444 ,
3477 5376 3567 5436 nisi
3594 5382 3640 5431 ut
3664 5362 3732 5447 ilic

2213 5460 2303 5549 qui
2331 5460 2641 5531 insidiatur,
2675 5463 2759 5519 vel
2781 5473 2952 5525 certat
2976 5469 3303 5527 extrinsecus
3320 5513 3335 5539 ,
3364 5472 3495 5528 nulia
3518 5464 3731 5555 irrumpii

2210 5574 2274 5636 ex
2306 5562 2491 5637 parte,
2532 5558 2676 5614 nulla
2717 5573 2821 5619 nos,
2858 5559 3073 5637 fraude,
3108 5564 3245 5620 nulla
3276 5581 3371 5620 nos
3398 5563 3551 5641 possit
3575 5560 3737 5629 virtuti.

2209 5650 2508 5723 superare?
2535 5650 2904 5727 Quantaslibet
2941 5661 3117 5713 tamen
3164 5654 3434 5731 θάνβΐξιιέἒ
3475 5669 3566 5729 ρρε

2210 5744 2519 5814 machinas,
2549 5745 2763 5819 quando
2791 5762 2896 5804 non
2926 5756 3073 5807 tenet
3107 5751 3279 5809 locum
3315 5746 3481 5807 cordis
3510 5744 3587 5802 ubi
3623 5739 3723 5797 [idet

2212 5836 2447 5909 habitat,
2475 5837 2678 5911 cjectus
2702 5847 2785 5897 est
2810 5838 2973 5900 foras.
3005 5841 3113 5915 Sed
3134 5843 3237 5905 nisi
3260 5840 3499 5919 Dominus
3530 5829 3719 5905 custodi-
