1963 3183
123 216 191 248 1773

124 276 173 306 erit
182 276 313 305 civitatem
323 297 330 309 ,
353 275 380 302 in
394 283 490 302 vanum
510 274 625 310 vigilabit
640 274 685 309 qui
699 273 814 302 custodit
828 272 913 309 (Prol.

126 320 216 357 éxxvt,
234 324 270 359 i).
286 322 374 351 Nolite
390 330 453 358 ergo
468 322 501 349 de
521 322 596 349 vobis
615 320 678 357 ipsis
698 328 876 356 praesumere,
893 320 916 347 si

127 379 177 399 non
191 369 267 397 vultis
287 369 358 397 foras
377 369 491 404 ejectum
511 367 645 396 diabolum
666 367 737 394 intro
754 367 850 394 iterum
869 374 915 394 re-

135 419 226 443 iocare.

176 424 187 443 a
220 435 226 443 .

129 423 294 491 “ichbslt
308 466 398 489 autem
415 466 443 489 ut
457 459 592 489 diabolum
608 459 701 487 mundi
719 459 864 494 principem
880 459 915 486 ita

94 512 97 514 ’
132 509 219 537 dictum
235 508 417 536 existimemus
427 528 434 541 ,
451 513 478 535 ut
492 515 551 534 eum
567 506 636 535 cmio
650 511 677 533 et
692 511 770 533 terra:
783 505 915 533 dominari

133 557 203 591 posse
213 554 361 583 credamus.
378 553 430 582 Sed
444 553 558 581 mundus
570 553 718 588 appellatur
733 553 758 579 in
772 552 849 579 malis
865 552 915 578 ho«

132 602 251 633 minibus,
272 600 316 636 qui
336 605 392 628 toto
412 600 477 628 orbe
492 605 620 627 terrarum
635 598 722 626 diffusi
737 605 798 626 sunt
819 608 825 625 :
846 598 915 625 sicut

131 642 266 683 appellatur
278 647 373 674 domus
386 646 412 673 in
427 647 466 673 his
480 654 493 672 a
507 645 602 681 quibus
613 644 756 678 habitatur,
769 644 915 672 secundum

132 693 192 729 quod
204 693 323 725 dicimus,
340 693 413 719 Bona
427 692 522 719 domus
534 695 584 724 est,
601 691 655 725 vel,
673 691 741 718 mala
754 691 848 718 domus
862 694 914 723 est,

131 731 177 768 nou
192 740 292 776 quando
308 739 530 775 reprehendimus
544 738 600 766 site
614 737 752 765 laudamus
772 737 914 765 :edilicium

130 786 249 821 parietum
262 790 342 820 alque
359 790 487 812 tectorum
498 806 506 818 ,
523 784 569 811 sed
582 783 688 820 quando
701 791 789 810 mores
804 783 846 810 vel
865 783 914 810 bo-

130 839 213 859 norum
229 831 363 858 hominum
380 831 421 857 vel
435 831 576 858 malorum.
596 829 640 857 Sic
660 837 723 864 ergo
744 829 841 856 dictum
862 834 912 861 est,

131 877 241 913 Printeps
263 878 339 913 hujus
361 877 450 904 mundi
472 884 482 904 :
504 876 529 903 id
551 881 607 907 est,
635 878 756 910 princeps
783 874 914 901 malorum

131 925 235 952 omnium
260 924 303 959 qui
326 923 446 950 habitant
471 923 497 950 in
522 922 631 949 mumio.
656 922 812 956 Appellatur
833 921 914 948 etiam

133 970 234 997 mundus
252 970 278 997 in
298 970 393 1002 bouis,
412 968 456 1004 qui
479 969 603 995 similiter
623 972 678 995 toto
699 972 829 995 terrarum
850 967 915 994 orbe

133 1016 209 1043 diil’usi
221 1021 279 1042 sunt
293 1024 300 1041 τ
318 1015 379 1042 inde
394 1015 457 1042 dicit
472 1014 629 1049 Apostolus,
646 1012 714 1040 Deus
732 1018 784 1039 erat
798 1013 824 1039 in
839 1012 913 1040 Chri-

134 1067 174 1097 sto,
188 1061 302 1088 mundum
313 1061 478 1088 reconcilians
490 1060 536 1087 sibi
548 1059 578 1096 (li
592 1059 649 1086 Cor.
662 1068 687 1092 ν,
701 1059 754 1094 ili).
768 1059 798 1086 lli
810 1063 914 1086 suntex

135 1116 232 1144 quorum
246 1107 369 1135 caulibus
384 1108 505 1142 princeps
519 1107 597 1141 hujus
610 1105 700 1133 mundi
714 1105 818 1140 eiicitur
832 1105 911 1133 foras.

165 1155 277 1181 ii.(1tnn
296 1161 359 1188 ergo
372 1154 497 1185 dixtsset,
516 1152 591 1179 Nunc
607 1153 722 1187 princeps
736 1152 812 1186 hujus
826 1151 914 1178 mundi

134 1200 231 1235 ejiciitur
242 1200 328 1234 foras;
343 1198 376 1225 Et
386 1207 442 1236 ego,
454 1199 548 1233 inquit,
560 1199 581 1224 si
592 1198 717 1224 uallatus
728 1199 798 1233 fuero
811 1206 826 1223 α
836 1202 911 1229 terra,

134 1246 206 1272 omnia
219 1246 313 1271 traham
328 1249 383 1279 post
400 1253 447 1270 me.
461 1245 526 1277 Qum
540 1243 633 1277 omnia,
651 1243 700 1269 nisi
716 1250 748 1270 ex
762 1243 857 1278 quibus
870 1242 914 1270 ille

134 1291 224 1325 ejicitur
237 1291 324 1318 foras?
338 1289 394 1317 Non
407 1295 495 1317 autem
509 1289 590 1320 dixit,
605 1297 697 1315 omnes
709 1310 715 1322 ,
729 1288 775 1315 sed
787 1310 794 1320 ,
809 1288 892 1314 omnia
905 1295 914 1314 :

134 1344 177 1364 noa
190 1338 255 1365 enim
269 1337 387 1365 omnium
401 1340 441 1364 est
453 1336 517 1363 lidcs
535 1335 566 1372 (ll
580 1335 667 1362 Thess.
684 1343 721 1367 ιιι,
735 1336 774 1370 ‘2).
792 1335 848 1361 Non
865 1334 915 1361 ita-

134 1391 177 1423 que
196 1384 241 1411 hoc
261 1384 293 1411 ad
317 1383 516 1411 universitatem
538 1382 674 1409 hominum
694 1381 801 1413 retulit,
818 1380 864 1408 sed
880 1379 913 1407 ad

133 1435 245 1458 creatum
259 1430 456 1465 integritatem;
473 1429 497 1456 id
512 1435 569 1462 est,
584 1429 722 1464 spiritum,
744 1432 770 1455 et
785 1428 911 1461 animam,

133 1481 155 1504 et
163 1485 265 1512 corpus;
282 1481 309 1504 ct
324 1476 387 1503 illud
401 1483 453 1510 quo
467 1475 648 1510 intelligimus,
664 1478 691 1502 et
704 1474 766 1501 illud
778 1481 830 1509 quo
845 1473 912 1500 vivi-

132 1531 196 1555 nus,
212 1527 236 1551 et
252 1523 313 1550 illud
328 1531 381 1559 quo
401 1521 518 1549 visibiles
539 1525 567 1562 et
586 1521 790 1548 contrectabiles
810 1528 910 1548 sumus.

132 1568 174 1603 Qui
186 1569 250 1596 enini
263 1568 338 1602 dixit,
353 1567 468 1603 Capillus
481 1567 570 1601 capitis
584 1567 657 1594 vestri
669 1575 717 1592 non
732 1566 820 1602 peribit
836 1566 910 1602 (Luc.

132 1623 182 1648 ut,
196 1615 253 1652 18),
267 1616 354 1642 omnia
370 1614 448 1642 trahit
463 1618 522 1649 post
535 1622 574 1641 se.
591 1615 643 1640 Aut
658 1614 678 1640 si
695 1614 779 1640 omnia
800 1613 847 1648 ipsi
865 1613 912 1640 ho-

133 1661 210 1688 mines
223 1660 380 1696 intelligendi
395 1664 467 1693 sunt,
483 1659 571 1686 omnia
587 1659 773 1694 praidestinata
791 1659 823 1685 ad
839 1659 910 1686 salu-

131 1711 178 1735 tem
189 1715 321 1743 possumus
332 1707 422 1736 dicere
434 1716 439 1733 2
452 1715 484 1734 ex
496 1707 590 1741 quibus
598 1706 721 1733 Ollinibns
731 1706 767 1732 ait
778 1706 841 1732 nihil
852 1713 911 1733 esse

130 1755 273 1788 periturum,
282 1762 342 1781 cum
354 1761 434 1790 supra
444 1753 477 1780 de
488 1753 542 1780 suis
553 1752 645 1780 ovibus
656 1752 809 1786 loqueretur
820 1750 909 1787 (Joan.

130 1795 160 1832 ἰ,
176 1799 229 1832 ‘28).
246 1800 296 1827 Aut
317 1805 389 1827 certe
412 1799 501 1827 omnia
525 1798 661 1825 hominum
683 1805 798 1832 genera,
815 1798 869 1824 sive
884 1798 909 1825 in

130 1845 213 1881 linguis
230 1846 368 1879 omnibus,
384 1845 440 1873 sive
463 1845 488 1872 in
511 1845 632 1871 :ctatibus
650 1844 787 1876 omnibus,
808 1844 863 1871 sive
884 1845 909 1871 in

129 1892 241 1926 gradibus
254 1892 386 1920 honorum
399 1891 532 1923 omnibus,
549 1891 602 1917 sive
617 1891 642 1917 in
659 1890 857 1917 diversilatibus
871 1889 909 1916 in-

131 1939 252 1973 geniorum
263 1939 395 1970 omnibus,
411 1937 466 1965 sive
480 1938 504 1964 in
516 1937 611 1965 artium
626 1936 755 1963 licitarum
769 1941 795 1963 et
806 1936 908 1963 utilium

132 1985 323 2019 professionibus
335 1985 472 2016 omnilms,
488 1990 515 2011 et
533 1983 658 2019 quidquid
673 1983 743 2009 aliud
757 1983 808 2010 dici
823 1987 910 2018 potest

133 2030 262 2058 secundum
284 2028 490 2058 innumerabiles
510 2029 671 2057 dill‘ercntias
685 2028 779 2065 quibus
797 2029 865 2055 inter
880 2036 909 2056 se

133 2077 214 2111 praeter
226 2077 279 2105 Sola
295 2081 403 2113 peccata
419 2076 539 2104 homines
554 2076 662 2108 distant,
677 2075 711 2102 ab
721 2074 909 2102 excelsissimis

134 2124 248 2158 usquead
263 2123 443 2157 humillimos,
464 2130 479 2150 a
499 2130 562 2158 rege
582 2129 664 2157 usque
686 2121 717 2149 ad
739 2120 907 2153 mendicum;

136 2170 213 2203 ontnt'a,
227 2169 320 2205 inquit,
335 2169 434 2196 trahant
448 2172 503 2203 post
517 2177 555 2195 me
569 2176 577 2195 :
592 2172 619 2195 ut
630 2167 663 2195 sit
675 2171 753 2202 caput
764 2175 867 2200 eortun,
883 2172 909 2195 et
923 2205 928 2208 _

137 2214 164 2241 illi
172 2215 283 2243 membra
293 2215 360 2251 ejus.
375 2214 427 2243 Sed
437 2214 458 2241 si
468 2214 601 2248 multatus,
615 2213 706 2248 inquit,
719 2215 791 2249 [uero
802 2221 816 2239 η
827 2217 909 2245 terra;

136 2258 175 2287 hoc
188 2266 233 2295 est,
246 2269 304 2289 cum
317 2261 449 2288 exaltatus
462 2259 537 2287 fuero
551 2269 557 2286 :
572 2267 624 2286 non
640 2260 710 2286 enim
724 2258 825 2286 dubitat
840 2259 909 2285 futuo

137 2314 182 2334 rum
197 2315 252 2336 esse
265 2307 336 2345 quod
352 2307 423 2335 venit
439 2307 559 2342 implere.
583 2306 640 2334 lloc
659 2305 772 2332 refertur
791 2304 824 2333 ad
844 2305 908 2332 illud

137 2353 193 2388 quod
205 2354 321 2389 superius
335 2354 389 2387 ait,
410 2352 440 2381 Si
459 2357 541 2379 autem
557 2356 681 2378 mortuum
698 2351 772 2386 fuerit
790 2360 906 2387 granum,

136 2399 223 2428 multum
240 2401 350 2436 fructum
370 2399 453 2433 affert.
474 2398 538 2426 Nam
556 2398 743 2427 exultationem
756 2405 830 2424 sualu
846 2397 908 2433 quid

135 2444 192 2473 aliud
211 2446 273 2474 dixit
293 2455 372 2482 quam
395 2446 420 2473 in
436 2453 513 2473 cruce
530 2444 699 2479 passionem?
712 2443 787 2477 Quod
807 2449 833 2471 et
853 2444 908 2478 ipse

135 2490 282 2531 iivangclista
305 2500 356 2520 non
372 2492 471 2519 tacuit:
488 2490 623 2526 subiunxit
637 2489 707 2519 enim
719 2511 726 2523 ,
743 2494 768 2517 et
785 2489 836 2522 ait,
852 2489 908 2516 Iloc

134 2543 201 2565 autem
213 2538 319 2572 dicebat,
335 2538 480 2574 signiﬁcatis
492 2545 542 2574 qua
556 2540 635 2563 morte
649 2540 712 2563 esset
725 2536 880 2562 moriturus?

162 2582 197 2616 12.
213 2582 351 2620 Respondit
365 2583 387 2614 ei
399 2583 469 2610 turba
484 2590 493 2609 :
509 2581 564 2609 Nos
578 2581 720 2608 audivimus
734 2590 765 2609 ea:
775 2581 841 2617 Lege
850 2581 909 2616 quia

132 2626 231 2660 Christus
244 2635 326 2657 manci
342 2630 366 2656 in
379 2634 497 2656 (elei-num
508 2638 516 2660 ;
531 2632 553 2654 ct
565 2627 691 2664 quomodo
702 2631 728 2653 tu
738 2627 810 2660 dicis,
826 2627 909 2662 Opor-

131 2678 157 2704 ιιι
167 2676 270 2704 exaltari
285 2675 381 2703 Filium
398 2674 523 2701 hominis?
539 2673 569 2700 Et
582 2673 637 2709 quis
652 2676 688 2700 est
702 2673 747 2700 iste
762 2672 844 2700 Filius
861 2673 908 2700 ho-

131 2722 211 2750 minis?
231 2722 384 2750 Memoriter
407 2725 547 2749 tenuerunt
568 2721 638 2756 quod
657 2720 785 2748 Dominus
805 2720 910 2747 dicebat

128 2770 221 2799 assidue
236 2778 265 2798 se
278 2777 338 2798 esse
355 2769 450 2796 Filium
473 2769 597 2795 hominis.
619 2768 682 2794 Nam
706 2767 756 2794 hoc
777 2767 837 2794 loco
856 2773 909 2794 non

129 2815 172 2850 ait,
185 2816 212 2846 Si
231 2815 363 2845 exaltalus
384 2815 461 2842 fuerit
480 2823 493 2840 ιι
514 2820 582 2842 terra
602 2814 684 2840 Filius
700 2811 814 2841 hominis
836 2821 842 2840 :
863 2810 910 2840 sed

127 2862 238 2899 superius
249 2862 365 2895 dixerat,
381 2861 449 2897 quod
465 2861 589 2888 hesterno
602 2860 645 2888 die
659 2860 754 2887 lectum
768 2863 847 2895 atque
858 2865 911 2886 tra-

129 2913 216 2941 ‘f'alutn
227 2913 279 2942 est,
291 2907 398 2945 quando
410 2907 519 2934 nuntiati
531 2911 592 2934 sunt
603 2905 721 2934 Gentiles
732 2905 779 2938 illi,
792 2906 837 2942 qui
849 2912 909 2933 cum

131 2951 208 2984 odere
227 2953 378 2990 cupiebant.
400 2953 469 2981 Venit
485 2954 546 2980 hora
561 2958 587 2980 ut
601 2952 754 2988 glori/iretur
767 2951 848 2979 Filius
861 2951 908 2979 Ito-

692 215 896 244 TRACTATUS
915 212 979 243 Hii.
1001 216 1115 244 CAPUT
1133 209 1190 244 Xll.

971 274 1045 300 minis
1058 273 1147 309 (Joan.
1163 282 1216 307 xu,
1230 274 1276 308 25,
1287 274 1343 311 23).
1360 274 1417 305 Hau
1430 275 1517 311 itaque
1530 276 1572 304 isti
1592 279 1682 305 animo
1695 281 1762 307 reti-

970 325 1074 353 nentes,
1089 326 1115 348 ει
1127 321 1200 356 quod
1215 329 1285 349 nunc
1298 322 1344 353 ait,
1357 321 1422 349 Cum
1435 322 1561 350 munitus
1573 324 1645 359 fuero
1656 333 1672 351 a
1686 330 1761 359 terra,

969 371 1083 394 mortem
1106 368 1193 395 crucis
1214 368 1406 403 intelligentoa,
1424 367 1586 404 qumierruit
1604 370 1638 397 ab
1656 371 1720 404 illo,
1736 376 1764 399 et

969 413 1093 441 dixerunt
1107 422 1113 441 ι
1129 413 1156 441 Ν
1158 423 1185 441 os
1202 414 1342 441 audiuimus
1355 423 1387 442 ea:
1401 414 1466 450 Lege
1478 415 1538 450 quia
1552 415 1666 444 Christus
1679 423 1763 445 triaue:

969 458 995 485 in
1008 464 1149 491 internum;
1169 464 1191 486 et
1205 460 1329 495 quomodo
1344 465 1372 487 tu
1384 460 1448 487 dicit
1458 480 1465 492 ,
1481 461 1585 496 Oportet
1597 462 1704 489 mltari
1716 462 1764 490 Fi-

970 500 1032 531 lium
1051 505 1180 532 hominis?
1198 505 1262 538 Qui:
1279 511 1315 533 ut
1331 507 1402 534 enim
1421 506 1468 534 iste
1486 506 1570 534 Filius
1587 507 1716 536 hominis?
1734 508 1763 537 Si

969 551 1040 578 enim
1057 550 1180 579 Christus
1200 556 1256 584 est,
1273 553 1411 588 inquiunt,
1428 558 1520 581 manet
1533 553 1559 580 in
1574 558 1704 582 aeternum
1718 563 1725 581 :
1741 555 1764 583 si

969 601 1060 624 manet
1078 597 1103 624 in
1122 602 1251 626 internum
1261 619 1268 631 ,
1283 598 1417 633 quomodo
1431 598 1591 629 exaltabitu:
1603 607 1618 626 a
1633 603 1719 628 terra:
1737 599 1763 628 id

969 649 1020 677 est,
1031 645 1163 680 quomodo
1173 646 1259 673 crucia
1270 646 1393 681 passione
1402 646 1546 674 morietur?
1558 646 1692 674 i-locenim
1702 654 1763 675 eum

969 690 1067 719 dixisse
1080 691 1271 727 intelligebant,
1280 692 1350 727 quod
1359 691 1447 720 facere
1457 691 1618 727 cogitabant.
1630 692 1688 720 Non
1699 700 1763 728 ergo

969 738 1007 766 eis
1021 739 1163 766 verborum
1176 739 1286 766 istorum
1302 739 1491 767 obscuritatem
1503 738 1606 774 aperuit
1621 739 1707 766 inlusa
1721 747 1764 766 sa-

968 785 1076 821 pientla,
1092 785 1139 813 sed
1153 786 1285 813 stimulata
1299 786 1470 814 conscientia.

1003 832 1047 859 i5.
1064 831 1136 858 Dixit
1155 840 1214 866 ergo
1233 832 1267 859 eis
1280 831 1356 859 leam
1371 839 1379 858 :
1393 831 1484 858 Adhuc
1497 831 1622 858 modicum
1636 832 1721 859 tamen
1735 832 1763 859 in

967 878 1036 904 vobis
1045 881 1090 904 est.
1103 877 1170 905 llinc
1180 882 1220 905 est
1230 878 1301 913 quod
1313 877 1458 912 intelligitis
1470 878 1530 912 quin
1541 877 1660 913 Christus
1671 884 1763 906 manet

968 923 994 950 in
1009 927 1148 951 mternum.
1166 908 1374 959 Ergonmbulate
1386 908 1446 950 diu»
1458 908 1539 950 lucem
1552 908 1657 957 habetis,
1672 929 1699 950 ut
1711 932 1762 951 non

968 970 1073 997 tenebrw
1092 978 1135 998 eos
1154 971 1375 1005 comprehendant.
1399 970 1556 1003 Ambulate,
1570 970 1705 1002 accedito,
1717 975 1760 998 to-

968 1022 1022 1044 tum
1039 1017 1193 1052 intelligito,
1212 1022 1238 1044 et
1253 1018 1410 1044 moriturum
1424 1017 1575 1051 Christum,
1592 1023 1618 1045 et
1632 1017 1763 1046 victurum.

967 1063 993 1090 in
1015 1067 1161 1096 aeternum,
1183 1067 1209 1090 et
1224 1063 1378 1097 sanguinem
1395 1063 1514 1091 fusurnm
1529 1072 1582 1099 quo
1593 1064 1705 1091 redimat
1715 1085 1722 1098 ,
1736 1072 1764 1093 et

967 1114 1140 1136 ascensurum
1152 1109 1177 1135 in
1191 1108 1313 1138 sublimia
1324 1117 1376 1143 quo
1389 1109 1525 1143 perducat.
1537 1109 1665 1137 Tenebrae
1672 1115 1763 1138 autem

968 1163 1016 1183 vos
1038 1155 1279 1191 comprehendent,
1296 1155 1318 1182 si
1337 1162 1370 1183 eo
1389 1155 1468 1183 modo
1485 1155 1652 1184 credideritis
1664 1155 1763 1184 Christi

967 1202 1158 1234 aeternitatem,
1175 1206 1203 1228 ut
1217 1202 1317 1236 negetis
1331 1201 1356 1228 in
1370 1209 1402 1228 eo
1418 1201 1511 1229 mortis
1527 1201 1712 1231 humilitatem.
1730 1202 1763 1229 Et

966 1249 1009 1284 qui
1023 1250 1134 1276 ambulat
1148 1250 1174 1276 in
1187 1249 1302 1280 tenebris,
1317 1249 1393 1275 nescit
1405 1257 1455 1284 quo
1468 1249 1553 1275 vadat.
1569 1249 1613 1277 Sic
1625 1255 1712 1285 potest
1723 1249 1763 1277 0f-

967 1294 1075 1321 fendere
1095 1295 1122 1321 in
1144 1294 1258 1329 lapidem
1278 1294 1450 1326 offensionis,
1470 1298 1496 1321 et
1510 1298 1614 1329 petram
1631 1295 1759 1329 scanta‘i,

966 1340 1036 1375 quod
1052 1340 1099 1367 fuit
1119 1340 1246 1367 Dominus
1265 1340 1344 1367 caecis
1359 1339 1485 1367 'Juda'is:
1504 1340 1571 1367 sicut
1590 1340 1762 1369 cradentil'us

967 1384 1035 1420 lapis
1057 1393 1136 1420 quem
1162 1385 1371 1420 reprobaverunt
1387 1385 1563 1418 aediﬁcantes,
1581 1385 1664 1414 factus
1678 1391 1720 1414 est
1734 1387 1763 1415 in

966 1435 1045 1466 caput
1064 1431 1151 1467 anguli
1168 1431 1192 1466 (Ι
1208 1431 1278 1458 Petr.
1300 1438 1337 1464 ιι,
1359 1431 1431 1467 6-8).
1452 1431 1519 1458 lline
1543 1430 1676 1466 dedignati
1700 1436 1763 1463 sunt

966 1477 1076 1505 credere
1089 1477 1115 1505 in
1126 1477 1272 1511 Christum,
1285 1478 1346 1512 quia
1360 1485 1454 1505 eorum
1467 1477 1590 1512 impietas
1602 1479 1762 1513 contempsit

966 1528 1107 1560 mortuum,
1126 1524 1181 1551 risit
1195 1523 1312 1551 occisum
1325 1535 1332 1550 :
1346 1528 1372 1551 et
1385 1524 1442 1559 ipsa
1455 1528 1512 1551 erat
1522 1532 1595 1553 mors
1607 1525 1681 1559 grani
1693 1526 1761 1552 mul-

967 1569 1101 1605 tiplicandi
1113 1590 1120 1602 ,
1135 1573 1161 1596 ct
1176 1570 1300 1597 exaltatio
1317 1569 1446 1597 trahentis
1460 1574 1520 1604 post
1534 1577 1564 1597 so
1577 1571 1677 1598 omnia.
1691 1570 1761 1598 Dum

965 1614 1046 1642 lucem
1057 1637 1063 1647 ,
1081 1615 1180 1650 inquit,
1198 1615 1308 1648 habetis,
1325 1616 1418 1643 credito
1430 1616 1456 1642 in
1470 1615 1565 1650 lucem,
1586 1621 1614 1643 ut
1633 1616 1680 1651 filii
1697 1617 1761 1645 luela

964 1661 1029 1688 sitis.
1049 1661 1115 1688 Cum
1137 1661 1236 1696 aliquid
1257 1661 1313 1689 veri
1334 1662 1453 1689 auditum
1475 1662 1593 1696 habetis,
1618 1663 1719 1691 credite
1733 1664 1760 1690 in

964 1707 1104 1735 veritatem
1114 1728 1121 1740 ,
1138 1712 1166 1735 ut
1179 1708 1354 1735 rcnascamini
1369 1709 1394 1735 in
1408 1708 1529 1736 veritate.

1000 1755 1042 1782 Η.
1064 1754 1124 1781 Πανί
1138 1756 1235 1782 locutus
1248 1760 1283 1782 est
1294 1754 1379 1788 Iesus,
1395 1760 1417 1783 et
1431 1756 1501 1788 abiit,
1515 1761 1539 1782 et
1551 1756 1717 1784 absconditae
1728 1756 1759 1784 ab

963 1800 1009 1826 eis.
1025 1800 1082 1827 Non
1098 1800 1131 1827 ab
1145 1800 1183 1828 eis
1197 1800 1240 1836 qui
1256 1800 1366 1829 credere
1379 1807 1406 1828 et
1419 1802 1527 1836 diligere
1540 1806 1689 1836 ceperant,
1705 1810 1760 1830 non

963 1847 995 1874 ab
1008 1847 1048 1874 eis
1065 1847 1110 1882 qui
1125 1855 1184 1874 cum
1200 1848 1281 1874 ramis
1298 1847 1444 1882 palmarum
1465 1851 1492 1875 et
1511 1847 1633 1875 laudibus
1652 1847 1758 1875 obviam

963 1895 1091 1919 venerant
1103 1901 1110 1919 :
1122 1892 1168 1919 sed
1182 1892 1214 1919 ab
1227 1893 1264 1919 eis
1278 1893 1323 1928 qui
1335 1892 1461 1920 videbant
1474 1897 1499 1920 et
1513 1892 1682 1925 invidebant;
1697 1893 1759 1928 quia

963 1945 1012 1965 nec
1025 1937 1164 1971 videbant,
1178 1938 1266 1972 sedin
1281 1938 1395 1973 lapidem
1414 1939 1487 1965 illum
1503 1939 1621 1966 excitate
1635 1939 1756 1967 offende-

963 1983 1035 2010 bant.
1052 1983 1116 2011 Cum
1131 1988 1219 2010 autem
1235 1984 1375 2011 abscondit
1389 1992 1417 2011 se
1431 1984 1510 2012 Jesus
1524 1985 1558 2012 ab
1576 1985 1614 2012 eis
1632 1986 1676 2020 qui
1693 1993 1757 2013 eum

962 2029 1085 2057 occidere
1107 2029 1247 2065 cupiebant
1268 2030 1358 2065 (quod
1377 2038 1448 2064 sa'pe
1469 2034 1576 2065 propter
1595 2031 1756 2060 oblivionem

962 2076 1147 2103 commonendi
1163 2076 1256 2109 estis),
1272 2080 1369 2102 nostrie
1382 2075 1526 2102 iuiirmitati
1540 2075 1684 2109 consuluit,
1701 2084 1754 2104 non

962 2129 1016 2149 suae
1031 2121 1154 2157 potestati
1169 2121 1313 2156 derogavit.

1213 2177 1416 2208 TRACTATUS
1435 2177 1499 2207 Llil.

963 2235 1000 2263 Ab
1012 2243 1040 2262 eo
1053 2235 1120 2270 quod
1131 2234 1251 2271 scriptum
1265 2239 1314 2268 est,
1331 2234 1395 2263 Cum
1408 2238 1496 2264 autent
1510 2239 1581 2264 tanta
1593 2235 1668 2271 signa
1682 2236 1756 2265 iecis-

964 2314 968 2318 .
997 2285 1038 2309 set
1049 2288 1139 2309 coram
1154 2282 1208 2315 eis,
1224 2289 1276 2309 non
1289 2281 1433 2309 credebant
1448 2281 1473 2309 in
1484 2288 1563 2314 eum;
1579 2289 1656 2319 usque
1670 2282 1703 2309 ad
1715 2283 1754 2317 id,

998 2327 1152 2355 Dilexcruut
1164 2327 1276 2362 gloriam
1290 2326 1427 2356 hominum
1444 2326 1528 2362 magis
1544 2335 1622 2362 quam
1643 2327 1753 2363 gloriam

998 2373 1055 2402 Dei.
1071 2372 1135 2410 Cap.
1150 2381 1186 2401 ait
1196 2394 1203 2406 ,
1224 2373 1241 2408 Ῡ
1255 2393 1261 2400 .
1273 2373 1367 2402 57-43.

998 2442 1023 2467 i.
1040 2441 1218 2468 Pracnuntiata
1237 2441 1365 2469 Dominus
1376 2441 1497 2469 Christus
1511 2443 1632 2477 passione
1648 2452 1712 2476 stin,
1727 2449 1756 2472 ot

963 2490 1048 2514 morte
1066 2486 1197 2514 fructuosa
1220 2487 1246 2513 in
1268 2488 1427 2515 cxaltatione
1450 2488 1552 2520 erucis,
1573 2489 1619 2516 ubi
1641 2482 1707 2517 dixit
1725 2499 1756 2518 se

962 2533 1050 2560 omnia
1066 2537 1209 2560 tracturum
1224 2540 1282 2560 esse
1297 2538 1356 2568 post
1369 2541 1398 2561 se
1408 2555 1415 2566 ,
1430 2542 1489 2561 eum
1505 2534 1697 2563 intellexissent
1710 2536 1756 2563 Ju-

963 2579 1012 2606 diei
1028 2579 1097 2614 quod
1113 2579 1147 2606 dc
1164 2587 1210 2606 sua
1227 2583 1312 2607 morte
1330 2579 1456 2613 divisset,
1471 2584 1498 2607 et
1517 2582 1715 2617 proposuissent
1730 2583 1755 2610 ei

963 2626 1152 2661 qua'stionem,
1174 2626 1307 2662 quomodo
1327 2626 1430 2654 diceret
1452 2635 1482 2655 se
1502 2635 1561 2655 esse
1584 2629 1754 2661 moriturmn,

962 2679 1022 2699 eum
1038 2680 1069 2699 ex
1083 2672 1153 2707 Lege
1170 2672 1301 2699 audierint
1315 2672 1383 2708 quod
1398 2672 1519 2700 Christus
1537 2679 1625 2701 manet
1640 2674 1665 2700 in
1679 2677 1757 2700 aiter-

963 2727 1042 2753 num;
1057 2719 1176 2746 hortatus
1187 2723 1228 2746 est
1240 2727 1296 2750 eos,
1309 2723 1338 2746 ut
1348 2718 1410 2746 dum
1424 2719 1510 2747 adhuc
1520 2719 1652 2746 modicum
1664 2719 1755 2746 hirnea

964 2767 989 2794 in
1005 2767 1043 2794 eis
1058 2770 1137 2800 esset,
1153 2773 1206 2802 quo
1219 2766 1353 2794 Christum
1369 2771 1497 2794 mternum
1512 2773 1573 2793 esse
1586 2764 1753 2797 didicissent,

963 2813 1139 2845 ambularent,
1153 2817 1181 2840 ut
1195 2817 1278 2841 totum
1290 2813 1434 2843 discerent.
1450 2820 1483 2842 ne
1495 2809 1756 2845 culmirehenderen-

964 2864 1007 2887 tur
1021 2867 1035 2887 a
1051 2859 1177 2888 tenebris.
1195 2857 1299 2887 Etcum
1322 2859 1378 2885 ha‘c
1397 2861 1466 2884 esset
1484 2856 1603 2889 loeutus,
1617 2855 1758 2883 abscondit
1785 2888 1789 2897 ε

964 2914 993 2934 se
1006 2907 1039 2934 ab
1053 2907 1102 2934 eis.
1126 2906 1187 2933 Πωε
1202 2906 1226 2932 in
1242 2904 1422 2940 superioribus
1438 2902 1578 2930 dominicis
1597 2901 1757 2932 lectionibus

966 2952 1108 2988 verbisque
1120 2951 1258 2979 didicistis.
