3926 6414
538 440 675 498 I775

600 553 658 610 2.
687 551 886 609 Deinde
913 551 1088 608 intulit
1105 551 1440 623 Evangelista
1465 551 1606 607 unde
1628 551 1941 607 hodiernum
1969 552 2112 622 capi-

531 645 696 702 tulum
725 644 1004 701 recitatum
1033 654 1134 709 est,
1157 652 1212 700 et
1229 645 1300 700 ait
1330 661 1343 698 :
1372 643 1495 698 Cum
1514 654 1681 699 autem
1707 654 1846 699 tanta
1870 646 2013 715 signa
2037 648 2113 714 fe-

531 737 675 792 cisset
702 753 870 791 coram
897 737 968 792 eis
985 777 1000 802 ,
1029 754 1130 791 non
1153 735 1418 792 credebant
1441 737 1494 790 in
1518 753 1631 791 eum
1653 752 1672 791 :
1699 747 1752 789 ut
1776 753 1938 790 sermo
1959 734 2112 790 Isaia:

531 831 790 901 propheta:
813 831 1105 901 impleretur
1131 846 1276 900 quem
1304 829 1460 896 dixit,
1488 827 1721 897 Domine,
1753 829 1863 898 quis
1900 828 2111 882 credidit

529 925 728 979 auditui
755 936 924 979 nostro
940 925 966 979 ?
990 933 1035 978 et
1061 925 1322 979 brachium
1345 923 1551 978 Domini
1584 924 1666 978 cui
1700 922 1971 977 revelatum
1997 923 2111 976 est?

531 1014 631 1072 Ubi
653 1016 781 1071 satis
807 1014 1036 1071 ostendit
1062 1015 1338 1071 brachium
1367 1015 1577 1070 Domini
1602 1015 1774 1084 ipsum
1797 1013 1993 1070 Filium
2017 1011 2109 1068 Dei

529 1117 919 1179 nuncupatum;
949 1123 1054 1162 non
1081 1107 1220 1179 quod
1251 1108 1390 1164 Deus
1414 1107 1570 1162 Pater
1598 1106 1767 1178 ﬁgura
1790 1104 2110 1161 determine-

527 1211 614 1256 tur
641 1201 816 1257 carnis
845 1202 1117 1269 humanm,
1145 1201 1297 1273 eique
1331 1199 1495 1258 Filius
1531 1209 1776 1270 tanquam
1810 1198 2107 1254 membrum

526 1291 768 1363 corporis
789 1291 986 1346 haereat
1009 1310 1022 1346 :
1046 1291 1138 1346 sed
1159 1291 1278 1362 quia
1296 1291 1472 1346 omnia
1495 1305 1590 1361 per
1613 1291 1783 1360 ipsum
1807 1290 1939 1343 facta
1960 1294 2104 1353 sunt,

526 1382 648 1437 ideo
675 1383 948 1438 brachium
984 1382 1193 1437 Domini
1221 1381 1419 1438 dictum
1457 1390 1560 1437 est.
1601 1379 1749 1437 Sicut
1786 1379 1926 1434 enim
1959 1386 2107 1432 tuum

525 1475 819 1539 brachium,
842 1489 938 1545 per
957 1474 1096 1545 quod
1116 1474 1382 1545 operaris;
1404 1473 1481 1528 sic
1499 1472 1594 1527 Dei
1614 1470 1886 1527 brachium
1905 1468 2105 1524 dictum

525 1577 609 1623 est
631 1567 744 1638 ejus
772 1567 1022 1635 Verbum,
1051 1569 1170 1638 quia
1201 1582 1294 1638 per
1312 1565 1546 1621 Verbum
1571 1569 1819 1635 operatus
1843 1572 1924 1618 est
1946 1579 2102 1618 mun-

522 1657 669 1712 dum.
701 1656 805 1713 Cur
833 1658 974 1713 enim
1004 1657 1164 1711 homo
1200 1665 1258 1710 ut
1288 1654 1485 1726 aliquid
1526 1664 1796 1724 operetur,
1830 1653 2103 1709 brachium

521 1748 790 1810 extendit,
825 1749 924 1803 nisi
959 1748 1079 1818 quia
1113 1763 1220 1802 non
1247 1746 1501 1802 continuo
1529 1746 1589 1801 ﬁt
1620 1747 1761 1818 quod
1789 1745 2017 1802 dixerit?
2045 1746 2104 1802 Si

518 1851 696 1898 autem
735 1849 877 1895 tanta
916 1849 1178 1912 potestate
1221 1841 1562 1911 praevaleret,
1592 1846 1652 1895 ut
1675 1840 1790 1896 sine
1819 1840 1928 1896 ullo
1956 1850 2103 1897 motu

517 1933 759 1999 corporis
786 1932 867 1986 sui
896 1931 1036 2001 quod
1066 1931 1268 1987 diceret
1297 1933 1482 2000 ﬁeret,
1522 1931 1800 1988 brachium
1841 1934 1956 2002 ejus
1985 1947 2104 1987 ver-

515 2025 641 2080 bum
680 2023 796 2094 ejus
827 2031 971 2078 esset
991 2023 1030 2076 ί.
1061 2023 1166 2080 Sed
1197 2023 1450 2080 Dominus
1478 2025 1633 2080 .lesus
1671 2023 1974 2094 unigenitus
2004 2025 2098 2080 Dei

514 2116 690 2171 Patris
718 2114 918 2182 Filius,
948 2115 1084 2170 sicut
1124 2131 1228 2171 non
1273 2125 1356 2172 est
1399 2117 1605 2186 paterni
1647 2117 1885 2187 corporis
1927 2132 2100 2172 mem-

515 2210 668 2265 brum
687 2252 700 2277 ,
734 2209 804 2264 ita
830 2225 935 2265 non
964 2218 1047 2265 est
1072 2209 1352 2281 cogitabile
1376 2211 1462 2267 vel
1477 2211 1726 2285 sonabile
1755 2225 1818 2266 ac
1847 2211 2100 2266 transito-

513 2301 652 2356 rium
677 2300 931 2368 verbum;
962 2301 1083 2372 quia
1108 2317 1230 2357 cum
1254 2301 1431 2357 omnia
1463 2318 1558 2373 per
1584 2302 1756 2374 ipsum
1784 2301 1920 2358 facta
1947 2311 2092 2368 sunt,

515 2392 610 2449 Dei
631 2392 866 2449 Verbum
891 2402 1025 2449 erat.

587 2488 637 2542 5.
677 2486 810 2543 Cum
834 2502 963 2559 ergo
990 2488 1233 2545 audimus
1260 2487 1536 2545 brachium
1556 2490 1650 2545 Dei
1671 2489 1841 2546 Patris
1861 2506 1979 2547 esse
1999 2491 2095 2547 Dei

513 2580 726 2648 Filium,
756 2596 862 2637 non
891 2582 1044 2639 nobis
1069 2581 1340 2653 obstrepat
1360 2582 1687 2640 consuetudo
1712 2585 1972 2641 carnalis:
2003 2584 2097 2640 sed

513 2682 767 2744 quantum
795 2673 884 2728 illo
907 2673 1140 2730 donante
1166 2688 1473 2744 possumus,
1505 2673 1767 2730 Virtutem
1797 2675 1888 2730 Dei
1914 2683 1970 2730 et
1995 2674 2093 2732 Sa-

511 2765 763 2836 pientiam
795 2764 1107 2836 cogitemus,
1137 2779 1232 2836 per
1255 2780 1413 2836 quam
1446 2764 1582 2820 facta
1609 2764 1946 2820 suntomuia.
1969 2765 2097 2822 Tale

510 2857 708 2928 quippe
736 2855 1009 2912 brachium
1039 2870 1138 2912 nec
1175 2864 1475 2926 porrectum
1505 2855 1828 2918 extenditur,
1858 2870 1958 2911 nec
1981 2855 2095 2912 col-

508 2949 709 3005 lectum
735 2948 1082 3004 contrahitur.
1111 2946 1223 3003 Non
1259 2956 1340 3003 est
1363 2948 1505 3004 enim
1532 2948 1646 3017 ipse
1672 2947 1760 3017 qui
1790 2947 1970 3014 Pater,
2001 2946 2094 3002 sed

509 3056 678 3096 unum
703 3049 827 3095 sunt
859 3040 972 3110 ipse
997 3047 1052 3096 et
1078 3039 1265 3103 Pater;
1294 3047 1348 3094 et
1371 3038 1589 3110 aequalis
1617 3038 1761 3093 Patri
1788 3037 1984 3107 ubique
2012 3045 2095 3091 to-

513 3141 603 3185 tus
627 3138 710 3185 est
729 3129 867 3185 sicut
881 3129 1040 3186 Pater
1059 3147 1072 3183 :
1096 3144 1164 3185 ne
1182 3129 1354 3200 aliqua
1378 3137 1555 3200 pateat
1569 3127 1778 3184 occasio
1797 3127 2094 3184 detestabili

511 3220 681 3276 errori
707 3235 916 3288 eorum,
939 3221 1026 3291 qui
1055 3219 1238 3276 dicunt
1260 3221 1431 3276 solum
1458 3235 1576 3276 esse
1605 3220 1838 3284 Patrem,
1875 3220 1968 3276 sed
1996 3237 2093 3292 pro

508 3311 824 3368 diversitate
865 3326 1142 3366 causarum
1170 3312 1340 3383 ipsum
1383 3311 1485 3366 dici
1527 3311 1738 3376 Filium,
1773 3312 1945 3382 ipsum
1988 3313 2092 3369 dici

508 3404 763 3474 Spiritum
789 3409 1059 3468 sanctum;
1105 3410 1160 3457 et
1200 3403 1251 3458 in
1283 3402 1366 3457 his
1393 3402 1570 3457 verbis
1597 3402 1825 3458 audeant
1849 3406 1870 3435 ²
1887 3404 2088 3473 dicere,

507 3497 647 3553 Ecce
679 3494 863 3551 videtis
879 3494 999 3566 quia
1025 3493 1174 3550 solus
1199 3501 1281 3549 est
1305 3493 1482 3560 Pater,
1513 3493 1556 3548 si
1583 3493 1855 3550 brachium
1880 3495 1997 3564 ejus
2011 3505 2094 3552 est

502 3589 704 3652 Filius;
734 3602 838 3642 non
865 3585 1006 3642 enim
1045 3585 1183 3650 duae,
1225 3584 1318 3640 sed
1344 3599 1446 3639 una
1473 3599 1699 3655 persona
1727 3593 1810 3640 est
1851 3584 2010 3641 homo
2038 3594 2092 3641 et

503 3680 778 3737 brachium
809 3679 946 3750 ejus.
977 3677 1094 3734 Non
1133 3676 1485 3747 iutelligeutes
1515 3692 1687 3748 neque
1728 3676 2086 3746 advertentes,

502 3771 771 3842 quomodo
796 3770 954 3825 verba
983 3769 1051 3824 de
1075 3769 1236 3825 rebus
1263 3768 1379 3823 aliis
1407 3767 1473 3822 ad
1501 3783 1588 3823 res
1616 3768 1747 3823 alias
1767 3769 2090 3826 transferan-

504 3873 610 3930 tur,
653 3869 868 3932 pmpter
905 3860 1137 3931 aliquam
1167 3859 1564 3914 similitudinem
1587 3859 1746 3914 etiam
1781 3859 1833 3915 in
1868 3860 2090 3917 locutio-

501 3952 664 4010 nibus
701 3951 1022 4024 quotidianis
1051 3951 1120 4007 de
1166 3950 1457 4006 visibilihus
1484 3958 1538 4006 ct
1566 3950 1854 4008 notiSsimis
1895 3953 2082 4020 rebus;

498 4052 699 4115 quanto
726 4043 894 4115 magis
926 4051 984 4098 ut
1011 4043 1164 4099 nobis
1196 4042 1476 4098 ittellabilia
1504 4043 1960 4114 qualitercumque
2000 4045 2085 4100 di-

498 4147 706 4206 cantur,
738 4153 857 4209 qua:
885 4136 990 4192 dici
1021 4136 1173 4192 sicuti
1218 4144 1362 4199 sunt,
1408 4134 1626 4190 omnino
1674 4149 1780 4190 non
1827 4139 2085 4206 possunt?

499 4229 628 4285 Nam
649 4239 701 4286 et
719 4229 879 4285 homo
907 4227 1130 4284 alterum
1159 4227 1426 4283 hominem
1452 4242 1548 4297 per
1575 4242 1732 4296 quem
1763 4226 1898 4282 solet
1930 4243 2086 4298 agere

497 4321 752 4393 quidquid
777 4321 904 4393 agit,
927 4321 1200 4376 brachium
1227 4336 1382 4376 suum
1406 4320 1666 4390 appellat:
1693 4326 1748 4375 et
1783 4320 1829 4374 si
1867 4320 1914 4375 ei
1949 4320 2086 4376 aule-

499 4423 667 4481 ratur,
707 4412 896 4470 dolens
923 4411 1070 4477 dicit,
1101 4411 1380 4466 Brachium
1409 4411 1642 4481 perdidi;
1672 4420 1726 4466 ct
1765 4412 1814 4467 ei
1839 4411 1930 4480 qui
1965 4413 2086 4469 abs-

495 4504 701 4569 tulerit,
752 4504 879 4560 dicit
906 4503 1188 4559 Brachium
1218 4519 1393 4559 meum
1423 4503 1550 4558 mihi
1574 4503 1856 4559 abstulisti.
1887 4505 2085 4562 Intelli-

497 4607 627 4670 gant
649 4612 776 4667 ergo
797 4596 1064 4668 quomodo
1092 4595 1264 4650 dictus
1293 4596 1360 4650 sit
1389 4594 1554 4650 Filius
1585 4594 1757 4650 Patris
1786 4595 2080 4667 brachium,

497 4704 595 4760 per
631 4687 772 4759 quod
813 4687 970 4743 Pater
993 4695 1246 4757 operatus
1285 4694 1368 4742 est
1413 4686 1617 4754 omnia;
1649 4702 1715 4742 ne
1745 4688 1845 4743 hoc
1871 4703 1976 4744 non
2002 4688 2082 4745 in-

497 4779 805 4852 telligendo,
837 4787 891 4836 et
927 4779 978 4833 in
1009 4779 1088 4834 sui
1117 4778 1315 4834 erroris
1334 4777 1570 4834 tenebris
1600 4779 1976 4849 permanendo,
2009 4781 2082 4836 si-

495 4873 650 4929 miles
669 4871 776 4928 sint
804 4870 1000 4928 Judzeis
1029 4869 1177 4941 ipsis,
1206 4868 1274 4926 de
1301 4869 1493 4940 quibus
1520 4869 1718 4927 dictum
1743 4880 1846 4942 est,
1877 4871 1943 4928 Et
1966 4873 2082 4928 bra-

496 4964 663 5020 chium
692 4963 898 5020 Domini
915 4963 998 5018 cui
1016 4961 1288 5018 reuelamm
1306 4963 1413 5018 est?

570 5056 625 5111 4.
666 5055 763 5112 Hic
801 5055 1032 5112 occurrit
1071 5055 1235 5110 altera
1263 5054 1505 5125 quaestio,
1535 5054 1603 5112 de
1630 5070 1732 5127 qua
1775 5056 1989 5128 quidem
2022 5066 2079 5114 ut

501 5155 864 5218 competenter
910 5146 1105 5218 aliquid
1149 5146 1462 5217 disputetur,
1507 5156 1562 5204 et
1587 5163 1773 5204 omnes
1801 5149 1916 5219 ejus
1947 5150 2078 5206 late—

496 5239 798 5297 brosissitni
826 5239 973 5293 sinus
997 5247 1396 5309 perscrutentur
1433 5246 1488 5293 et
1539 5239 1871 5295 excutiantur
1912 5249 1969 5295 ut
1995 5240 2076 5295 di-

491 5346 657 5403 gnum
687 5338 788 5396 est,
816 5342 916 5384 nec
942 5342 1178 5383 mearum
1199 5328 1389 5382 virium
1416 5343 1536 5384 esse
1562 5327 1811 5398 arbitror,
1853 5345 1952 5386 nec
1975 5346 2074 5386 an-

493 5423 789 5494 gustiarum
835 5418 1111 5489 temporis,
1160 5433 1258 5474 nec
1287 5427 1477 5474 vestrae
1503 5419 1826 5490 capacitatis.
1873 5420 2072 5477 Tamen

493 5513 618 5583 quia
646 5511 871 5568 transire
892 5509 960 5565 ad
979 5509 1081 5566 alia
1105 5519 1278 5565 vestra
1299 5510 1669 5582 expectatione
1694 5525 1799 5567 non
1825 5511 2069 5580 siuimur,

557 5647 575 5678 ⁸
600 5646 684 5709 me
723 5651 798 5696 Er.
839 5650 893 5709 et
912 5650 1020 5694 Lor.
1046 5641 1244 5709 addunt,
1268 5641 1382 5706 quia
1401 5641 1598 5695 verbum
1630 5649 1700 5695 cst
1735 5642 1981 5709 cogitabile
1999 5645 2074 5698 vel

493 5706 703 5758 sonabile
721 5720 740 5758 :
757 5706 885 5771 quod
911 5715 1062 5771 totum
1084 5707 1223 5771 abest
1245 5719 1273 5754 a
1295 5713 1423 5771 μεθ,
1451 5713 1629 5768 ιιιίειει·
1652 5706 1947 5771 paucds,_qui
1963 5722 2072 5771 cum

494 5775 674 5876 ςιῶιιωὲι
693 5767 803 5818 Bad.
850 5768 1046 5830 habent,
1071 5767 1184 5832 quia
1205 5767 1401 5818 verbum
1421 5767 1515 5816 non
1545 5774 1615 5818 est
1637 5767 1898 5833 cogitabile
1907 5769 1978 5820 uel
1998 5783 2071 5822 so-

491 5827 677 5938 mgis
699 5891 746 5938 in
770 5897 875 5940 Mss.
895 5898 949 5942 At
971 5892 1019 5940 in
1043 5891 1204 5953 alitis,
1220 5889 1414 5939 audent.

1476 435 1536 494 IN
1573 437 1849 496 JOANNIS
1889 424 2356 506 EVANGELIUM,
2396 435 2454 495 s.
2495 433 2860 496 AUGUSTINI

2220 549 2322 605 nisi
2353 550 2549 622 aliquid
2577 550 2701 607 inde
2729 551 2987 618 dicamus,
3017 550 3238 623 accipite
3255 554 3385 625 quod
3408 562 3707 629 potuerimus:

2218 651 2271 696 et
2295 642 2384 697 ubi
2413 652 2604 698 vestrm
2629 645 3010 714 exspectationi
3039 633 3144 699 non
3175 646 3526 718 sull‘ecerimus,
3558 656 3612 712 ab
3643 659 3712 718 illo

2217 736 2600 792 incrementum
2620 738 2817 809 poscite
2837 737 2924 808 qui
2943 753 3040 794 nos
3063 739 3295 810 plantarc
3319 743 3477 813 posuit
3490 756 3538 802 et
3555 748 3710 823 rigare;

2215 828 2358 898 quia,
2391 840 2526 885 szcut
2553 831 2682 886 dicit
2707 831 3015 901 Apostolus,
3056 831 3234 903 Neque
3255 835 3335 904 qui
3359 834 3532 906 plantat
3560 851 3618 896 est
3642 847 3714 900 ali-

2215 920 2359 990 quid,
2405 938 2559 990 neque
2596 923 2682 992 qui
2710 924 2875 994 rigat;
2903 923 2991 977 sed
3018 925 3104 992 qui
3141 924 3477 983 incrementum
3508 931 3582 986 dot
3609 907 3713 994 Deui

2217 1010 2258 1083 (I
2287 1010 2404 1066 Cor.
2437 1030 2513 1081 ιιι,
2543 1015 2622 1084 7).
2644 1014 2866 1097 Quidam
2893 1031 3024 1086 ergo
3049 1016 3186 1073 inter
3212 1032 3269 1073 se
3296 1021 3566 1090 mussitant,
3588 1037 3631 1081 et
3649 1030 3715 1085 ubi

2216 1116 2437 1176 possunt
2457 1107 2739 1180 aliquando
2769 1110 3116 1180 proclamant,
3135 1119 3187 1166 et
3204 1113 3484 1171 turbulenta
3509 1116 3714 1190 discepta-

2214 1197 2356 1254 tione
2383 1200 2726 1265 oontendunt,
2755 1201 3024 1257 dicentes:
3047 1202 3184 1270 Quid
3215 1203 3441 1262 fecerunt
3471 1206 3630 1276 Judaei,
3654 1213 3715 1268 vel

2213 1305 2331 1361 quae
2354 1293 2506 1362 culpa
2553 1307 2736 1348 eorum
2765 1291 2884 1360 fuit,
2911 1293 2957 1349 si
2986 1309 3206 1351 necesse
3231 1304 3342 1351 erat
3366 1308 3415 1350 ut
3436 1315 3576 1354 sermo
3597 1299 3714 1358 Isaia

2212 1382 2470 1451 propheta:
2493 1383 2786 1454 impleretur
2817 1401 2963 1455 quem
2995 1386 3142 1451 dixit,
3175 1385 3406 1456 Domine,
3433 1392 3533 1460 quis
3554 1394 3716 1450 credidit

2211 1473 2407 1527 auditui
2433 1476 2642 1529 nostra?
2664 1484 2710 1529 et
2735 1475 2993 1530 brat-Itium
3020 1475 3227 1532 Domini
3248 1480 3332 1533 cui
3366 1482 3605 1536 revelatum
3633 1487 3716 1541 est!

2210 1563 2412 1630 Quibus
2432 1565 2835 1635 reSpondemus,
2866 1568 3142 1623 Dominum
3166 1571 3435 1640 praescium
3460 1572 3715 1640 futurorum,

2209 1668 2303 1724 per
2331 1653 2651 1725 Pmphetam
2696 1657 3003 1728 prtedixisse
3032 1659 3389 1719 iulidelitatem
3431 1663 3714 1735 Judaeomm;

2209 1747 2516 1818 praedixisse
2542 1757 2740 1816 tamen,
2787 1767 2894 1807 non
2937 1751 3148 1808 fecisse.
3191 1753 3308 1810 Non
3337 1757 3469 1813 enim
3495 1770 3717 1830 propterea

2207 1853 2522 1912 quemquam
2549 1842 2689 1897 Deus
2718 1842 2785 1898 ad
2815 1844 3138 1913 peccandum
3167 1847 3329 1917 cogit,
3349 1849 3464 1918 quia
3483 1848 3630 1906 futura
3642 1851 3714 1906 ho-

2207 1931 2408 1986 minum
2463 1942 2681 2003 peccata
2719 1934 2828 2004 jam
2859 1937 3024 1990 novit.
3072 1936 3311 2006 Ipsorum
3351 1940 3482 1995 enim
3513 1944 3718 2011 prmscirit

2208 2033 2444 2091 peccata,
2473 2041 2577 2079 non
2612 2039 2737 2092 sua;
2770 2041 2876 2082 non
2905 2028 3218 2098 cujusquam
3247 2030 3476 2099 alterius,
3512 2035 3717 2106 sedipso-

2206 2131 2344 2170 rum.
2369 2117 2699 2188 Quapropter
2724 2119 2769 2174 si
2796 2133 2856 2174 ea
2881 2134 2999 2189 qua:
3016 2119 3105 2176 ille
3123 2122 3623 2194 prmscivitipsorum,
3639 2143 3717 2183 non

2206 2216 2328 2262 sunt
2352 2209 2616 2277 ipsorum;
2646 2225 2749 2264 non
2782 2225 2904 2265 vere
2935 2211 3022 2266 ille
3051 2214 3349 2282 prmscirit:
3377 2216 3465 2271 sed
3487 2217 3590 2288 quia
3613 2218 3717 2273 illius

2201 2299 2534 2370 prmscientia
2559 2299 2669 2355 falli
2698 2316 2802 2356 non
2834 2310 3033 2372 potest;
3060 2303 3175 2360 sine
3204 2305 3366 2362 dubio
3385 2322 3483 2363 non
3507 2308 3716 2376 alius,setl

2203 2388 2301 2460 ipsi
2325 2399 2564 2461 peccant,
2586 2408 2717 2463 quos
2738 2393 2877 2450 Deus
2903 2407 3220 2466 peccaturos
3240 2415 3357 2456 esse
3381 2402 3630 2472 praesciuit.
3643 2402 3716 2458 Fe-

2202 2489 2392 2535 cerunt
2418 2496 2545 2552 ergo
2571 2493 2840 2552 peccatum
2871 2485 3063 2554 Judaei,
3092 2488 3236 2558 quod
3267 2504 3358 2545 eos
3386 2505 3484 2547 non
3519 2493 3718 2562 compulit

2203 2570 2395 2637 lacere,
2413 2573 2498 2627 cui
2521 2589 2676 2643 pecca
2685 2583 2793 2630 tum
2817 2591 2922 2631 non
2943 2578 3143 2648 placet;
3161 2580 3258 2636 sed
3273 2583 3492 2637 iacturas
3505 2597 3606 2638 esse
3620 2599 3718 2653 ραι·

2201 2663 2352 2730 dixit,
2383 2679 2540 2734 quem
2566 2665 2694 2720 nihil
2717 2667 2866 2722 latet.
2889 2668 2955 2722 Et
2980 2668 3101 2724 ideo
3129 2671 3175 2724 si
3206 2686 3314 2727 non
3337 2672 3539 2738 malum,
3557 2671 3716 2728 sedbo-

2201 2770 2326 2809 num
2357 2755 2531 2811 facere
2559 2758 2871 2826 voluissent,
2894 2774 2999 2815 non
3029 2762 3466 2831 prohiberentur;
3487 2775 3534 2821 et
3555 2764 3638 2820 hoc
3657 2763 3715 2819 la-

2200 2846 2335 2900 cturi
2379 2847 2796 2916 praeviderentur
2819 2850 2886 2904 ab
2916 2866 2981 2906 eo
3009 2852 3096 2922 qui
3125 2855 3277 2909 novit
3304 2855 3426 2927 quid
3460 2857 3523 2911 sit
3546 2856 3718 2929 quisque

2202 2936 2455 3006 facturus,
2483 2948 2536 2994 et
2559 2939 2684 3009 quid
2713 2941 2762 2995 ei
2791 2942 2860 2996 sit
2889 2957 2984 3012 pro
3009 2944 3128 3012 ejus
3151 2960 3321 3016 opere
3348 2947 3638 3004 redditurus.

2270 3030 2322 3086 5.
2363 3029 2469 3085 Sed
2511 3040 2565 3086 et
2588 3047 2707 3101 quae
2732 3044 3024 3102 sequuntur
3047 3035 3326 3109 Evangelii
3356 3039 3506 3095 verba
3530 3039 3630 3111 plus
3647 3054 3716 3094 ur-

2200 3132 2344 3192 gent,
2376 3131 2429 3179 et
2476 3123 2870 3193 profundiorem
2899 3125 3098 3182 faciunt
3134 3131 3512 3198 quaestionem:
3536 3131 3720 3201 adjungit

2198 3215 2362 3280 enim,
2385 3221 2440 3270 et
2461 3213 2607 3282 dicit,
2633 3215 2911 3287 Propterea
2937 3235 3035 3273 non
3056 3231 3294 3290 poterant
3317 3223 3525 3291 credere,
3543 3223 3718 3294 quiuiteo

2199 3321 2310 3358 rum
2338 3305 2466 3360 dixit
2493 3306 2694 3361 Isaias:
2717 3307 3000 3364 Excacauit
3027 3312 3204 3368 oculos
3233 3331 3426 3382 eorum,
3453 3325 3496 3370 et
3520 3314 3720 3370 indurauit

2197 3412 2283 3450 cor
2308 3411 2494 3460 eorum,
2520 3407 2573 3450 ut
2593 3414 2691 3451 non
2722 3399 2919 3454 uideant
2945 3401 3125 3469 oculis,
3153 3412 3208 3457 et
3237 3405 3512 3477 intelligant
3531 3404 3669 3469 corde,
3683 3411 3720 3458 et

2197 3495 2567 3552 convertantur,
2594 3497 2640 3542 et
2661 3504 2832 3542 sanem
2850 3489 2984 3545 illos.
3013 3490 3222 3548 Dicitur
3235 3496 3378 3550 enim
3396 3495 3537 3551 nobis
3553 3513 3566 3550 :
3581 3494 3626 3550 Si
3641 3508 3720 3549 non

2196 3585 2480 3646 potuerunt
2499 3578 2734 3645 credere,
2755 3579 2894 3651 quod
2913 3590 3191 3652 peccatum
3219 3591 3306 3640 est.
3329 3585 3544 3642 hominis
3557 3599 3642 3640 non
3660 3583 3722 3638 la-

2195 3667 2383 3723 cientis
2407 3668 2548 3739 quod
2568 3684 2673 3725 non
2690 3680 2865 3739 potest
2888 3671 3098 3729 facere?
3112 3673 3158 3728 si
3181 3685 3362 3732 autem
3383 3693 3482 3733 non
3506 3673 3721 3732 credendo

2198 3769 2563 3828 peccaverunt,
2593 3769 3018 3834 potueruntergo
3033 3763 3281 3832 credere,
3309 3776 3364 3824 et
3384 3783 3485 3825 non
3509 3767 3717 3824 fecerunt.

2193 3851 2249 3908 Si
2274 3867 2401 3923 ergo
2428 3862 2734 3923 potuerunt,
2761 3855 3028 3924 quomodo
3057 3856 3186 3914 dicit
3227 3859 3579 3932 Evangelium,
3614 3858 3718 3912 Pro-

2195 3953 2360 4014 pterea
2391 3961 2491 4000 non
2525 3955 2754 4016 poterant
2797 3947 3016 4017 credere,
3051 3950 3171 4018 quia
3210 3953 3391 4008 iterum
3431 3953 3548 4007 dixit
3573 3950 3718 4016 Isaias,

2195 4035 2477 4091 Exctecauit
2501 4039 2672 4092 oculos
2715 4055 2907 4106 eorum,
2952 4049 2997 4094 et
3042 4041 3305 4098 induravit
3350 4062 3436 4100 cor
3461 4062 3611 4101 eorum
3622 4061 3639 4109 ;
3661 4049 3718 4104 ut,

2191 4128 2333 4199 quod
2370 4138 2453 4184 est
2494 4130 2724 4201 gravius,
2763 4131 2831 4186 ad
2857 4133 3021 4188 Deum
3048 4133 3317 4191 referatur
3343 4152 3496 4194 causa
3529 4150 3617 4208 qua
3640 4147 3720 4188 non

2191 4218 2548 4287 crediderunt,
2584 4221 3009 4292 quandoquidem
3038 4223 3152 4294 ipse
3179 4230 3447 4283 excwcauit
3473 4227 3623 4284 oculos
3656 4241 3721 4279 eo-

2190 4327 2325 4378 rum,
2357 4322 2402 4366 et
2424 4312 2675 4367 induravit
2701 4330 2788 4368 cor
2814 4317 3024 4371 eorum?
3041 4315 3158 4373 Non
3185 4321 3334 4376 enim
3363 4322 3543 4378 saltem
3569 4319 3652 4374 hoc
3670 4315 3719 4371 de

2190 4404 2400 4460 diabolo
2421 4405 2632 4473 dicitur,
2654 4407 2748 4462 sed
2771 4407 2838 4464 de
2854 4407 2981 4476 Deo,
3005 4411 3144 4480 quod
3165 4412 3281 4484 ipsa
3304 4414 3594 4487 prophetica
3606 4410 3720 4468 Scri-

2190 4505 2341 4566 ptura
2368 4505 2610 4552 testatur.
2640 4497 2773 4553 Nam
2803 4499 2847 4553 si
2870 4499 3193 4558 arbitremur
3216 4503 3323 4561 hoc
3347 4505 3536 4561 dictum
3558 4503 3616 4559 de
3635 4500 3720 4556 dia-

2189 4588 2332 4656 bolo,
2358 4590 2496 4661 quod
2517 4591 2778 4646 excaecauit
2794 4592 2964 4648 oculos
2984 4609 3174 4662 eorum,
3201 4606 3250 4651 et
3274 4615 3363 4653 cor
3379 4597 3642 4660 indurauit;
3664 4593 3720 4650 la-

2188 4680 2478 4738 borandum
2503 4693 2584 4739 est
2605 4684 2870 4754 quomodo
2895 4684 3101 4741 illorum
3124 4688 3360 4759 culpam,
3381 4691 3500 4762 quia
3522 4703 3614 4744 non
3631 4699 3720 4740 cre-

2187 4773 2452 4842 diderunt,
2485 4775 2749 4845 possimus
2773 4776 3074 4844 ostendere,
3111 4778 3178 4834 de
3202 4781 3400 4851 quibus
3427 4782 3619 4844 dicitur,
3643 4792 3749 4860 non,

2187 4876 2413 4938 poterant
2441 4868 2659 4923 credere.
2692 4868 2891 4925 Deinde
2919 4870 3047 4941 quid
3073 4874 3510 4944 respondebimus
3544 4872 3603 4928 de
3638 4869 3739 4924 alio

2186 4959 2456 5030 prepheta:
2486 4961 2649 5030 ipsius
2684 4961 3009 5027 testimonio,
3039 4963 3178 5034 quod
3210 4966 3388 5034 posuit
3413 4965 3595 5022 Paulus
3616 4976 3719 5031 ερο-

2184 5051 2352 5107 stolus
2381 5051 2594 5108 dicens:
2629 5051 2777 5119 Quod
2799 5054 3052 5124 quu’rebat
3080 5053 3267 5124 Israel,
3300 5057 3395 5112 hoc
3419 5073 3514 5111 non
3535 5063 3602 5110 est
3623 5068 3718 5106 con-

2182 5155 2411 5208 secutus;
2438 5143 2608 5198 electio
2637 5154 2807 5200 autem
2839 5157 3101 5200 consecuta
3125 5157 3237 5202 est:
3258 5149 3430 5204 cwteri
3458 5163 3562 5203 uero
3587 5156 3718 5199 mte-

2185 5236 2284 5291 cati
2309 5245 2446 5303 sunt,
2473 5237 2601 5291 sicut
2629 5237 2869 5306 scriptum
2909 5248 3000 5302 est,
3032 5236 3181 5293 Dedit
3223 5239 3330 5294 illis
3358 5237 3491 5293 Deus
3524 5233 3716 5307 spiritum

2181 5329 2605 5399 compunctiouis;
2621 5329 2810 5396 oculos,
2826 5338 2878 5382 ut
2899 5345 2998 5383 non
3015 5329 3230 5397 videant,
3245 5340 3293 5386 et
3308 5347 3473 5394 aures,
3489 5339 3639 5383 utnon
3653 5338 3720 5377 au-

2181 5421 2341 5489 diant,
2360 5437 2514 5494 usque
2527 5421 2579 5475 in
2596 5419 2889 5474 hodiernum
2900 5422 3030 5476 diem
3047 5420 3215 5494 (Rom.
3243 5438 3323 5490 xi,
3342 5424 3395 5489 7,
3416 5420 3605 5483 Isaim,
3625 5415 3643 5469 Ι
3651 5410 3713 5483 0).

2248 5514 2302 5569 6.
2332 5513 2586 5581 Audistis,
2607 5513 2818 5582 fratres,
2836 5516 3159 5586 propositam
3175 5514 3539 5585 quaistionem,
3557 5519 3715 5577 nempe

2179 5624 2332 5679 quam
2361 5606 2619 5678 profunda
2648 5608 2716 5662 sit
2742 5608 2956 5663 cernitis
2977 5627 2990 5663 :
3012 5609 3104 5664 sed
3131 5608 3509 5678 respondemus
3537 5613 3586 5660 ut
3611 5614 3712 5673 pos-

2177 5716 2380 5769 sumus.
2415 5700 2533 5756 Non
2559 5709 2785 5773 poterant
2809 5701 3030 5770 credere,
3052 5703 3169 5772 quia
3190 5699 3294 5756 hoc
3316 5700 3472 5755 Isaias
3493 5694 3711 5770 propheta

2176 5794 2452 5869 praedixit:
2487 5796 2587 5850 hoc
2631 5804 2807 5850 autem
2852 5793 3115 5864 Propheta
3162 5793 3427 5865 prmdixit,
3457 5790 3569 5862 quia
3595 5787 3710 5842 Deus

2177 5888 2278 5945 hoc
2307 5885 2537 5942 futurum
2565 5901 2682 5943 esse
2709 5887 2985 5958 praiscivit.
3019 5887 3186 5956 Quare
3227 5893 3405 5942 autem
3446 5896 3546 5953 non
3582 5881 3710 5952 νοω·
