3926 6388
214 429 344 489 im

213 554 343 613 rant,
370 543 417 601 si
452 558 482 599 a
518 557 610 600 me
653 551 944 615 quaeratur,
974 543 1082 599 cito
1122 541 1442 614 respondeo,
1473 542 1595 614 quia
1637 540 1783 597 noie-

211 641 329 697 bant
346 657 360 693 :
380 637 576 694 malam
594 637 793 709 quippe
809 651 993 693 eorum
1008 637 1333 692 voluntatem
1353 634 1597 708 praevidit
1619 635 1781 706 Deus,

206 741 256 788 et
281 746 369 802 per
394 727 723 800 Prophetam
755 728 1126 800 praenuntiavit
1166 728 1255 784 ille
1299 729 1387 784 cui
1415 728 1669 786 abscondi
1698 729 1784 786 fu-

206 833 313 880 tura
341 836 442 877 non
472 831 725 893 possunt.
777 820 883 878 Sed
927 822 1083 877 aliam
1131 836 1366 889 causam,
1417 821 1611 894 inquis,
1656 822 1786 879 dicit

206 912 453 983 Propheta
506 928 617 968 non
645 913 934 969 voluntatis
962 928 1169 968 eorum.
1214 912 1383 980 Quam
1413 928 1626 970 causam
1656 914 1784 971 dicit

202 1005 489 1075 Propheta?
519 1005 659 1074 Quia
678 1006 812 1060 dedit
831 1006 934 1060 illis
953 1004 1086 1060 Deus
1101 1005 1333 1076 spiritum
1350 1007 1782 1074 campunctianis;

202 1094 377 1160 oculos,
408 1104 463 1149 ut
488 1112 595 1150 non
622 1096 844 1161 videant,
871 1105 918 1150 et
944 1112 1109 1162 aures,
1134 1106 1189 1150 ut
1218 1114 1319 1151 non
1358 1097 1588 1162 audiant,
1618 1108 1663 1153 et
1688 1114 1780 1153 ea:-

201 1190 385 1244 t'tscattit
405 1189 585 1244 oculos
605 1206 801 1257 eorum,
827 1199 875 1245 et
898 1190 1152 1244 induravit
1168 1207 1254 1245 cor
1272 1207 1466 1245 eorum.
1488 1191 1661 1247 Etiam
1678 1192 1782 1247 hoc

200 1297 366 1339 eorum
392 1282 730 1339 voluntatem
766 1284 1025 1339 memisse
1050 1283 1370 1354 respondeo.
1402 1284 1489 1341 Sic
1518 1286 1659 1341 enim
1687 1301 1783 1342 ex-

199 1385 363 1440 caecat,
391 1376 470 1431 sic
490 1374 726 1431 obdurat
751 1375 911 1440 Deus,
934 1374 1230 1431 deserendo
1253 1383 1307 1431 et
1329 1392 1434 1431 non
1456 1375 1778 1447 adiuvando:

199 1468 322 1539 quod
341 1468 557 1524 occulto
578 1467 784 1538 judicio
804 1469 977 1523 facere
1005 1477 1227 1540 postest,
1258 1469 1437 1540 iniquo
1458 1485 1562 1525 non
1586 1479 1776 1540 potest.

200 1561 297 1616 Hoc
322 1561 547 1615 omnino
586 1562 758 1631 pietas
788 1560 1158 1632 religiosorum
1208 1561 1582 1616 inconcussum
1621 1561 1782 1618 debet

198 1651 600 1723 inviolatumque
626 1668 873 1718 servare;
901 1652 1039 1709 sicut
1059 1653 1362 1723 Apostolus,
1390 1667 1511 1708 cum
1536 1652 1779 1708 eamdem

198 1742 350 1811 ipsam
375 1751 639 1798 tractaret
681 1743 1051 1799 difficillimam
1080 1743 1459 1814 qttmstionem,
1498 1743 1634 1810 Quid
1662 1760 1781 1812 ergo

198 1836 421 1898 dicemus,
443 1837 655 1907 inquit?
689 1837 935 1908 numquid
962 1838 1203 1908 iniquitas
1230 1838 1371 1909 apud
1394 1836 1595 1893 Deum?
1641 1832 1807 1893 Absit'

199 1926 359 1997 (Rom.
377 1943 455 1993 Ix,
476 1929 590 2000 14).
606 1928 667 1984 Si
685 1944 812 1999 ergo
828 1928 967 1984 absit
990 1937 1049 1984 ut
1068 1930 1137 1984 sit
1157 1928 1407 2001 iniquitas
1422 1928 1561 2000 apud
1588 1929 1778 1995 Deum;

197 2023 295 2078 sive
318 2022 531 2093 quando
551 2023 798 2092 adjuvat,
817 2021 1233 2079 misericorditer
1255 2022 1406 2088 facit;
1429 2022 1543 2078 sive
1567 2022 1781 2093 quando

201 2128 292 2169 non
316 2114 545 2182 adjuvat,
573 2116 727 2185 iuste
756 2114 912 2170 facit:
939 2117 1060 2185 quia
1090 2116 1269 2170 omnia
1314 2130 1419 2170 non
1458 2115 1777 2182 temeritate,

200 2204 495 2274 sediudicio
525 2206 678 2262 facit.
730 2206 898 2261 Porro
948 2206 993 2262 si
1037 2205 1236 2277 iudicia
1286 2214 1593 2261 sanctorum
1637 2204 1781 2276 iusta

202 2308 327 2364 sunt,
352 2310 549 2369 quanto
577 2300 753 2369 magis
780 2300 1162 2356 sanctificantis
1191 2308 1246 2355 et
1278 2298 1618 2368 iustificantis
1651 2299 1780 2354 Dei?

202 2389 327 2447 insta
355 2407 483 2463 ergo
507 2401 665 2461 sunt,
692 2392 788 2449 sed
836 2392 1066 2448 occulta.
1111 2393 1235 2448 ldco
1281 2407 1403 2450 cum
1456 2392 1781 2464 qutestioncs

206 2481 481 2551 huiusmodi
512 2485 568 2539 in
598 2484 838 2542 medium
866 2485 1129 2551 venerint,
1157 2499 1320 2556 quare
1351 2483 1486 2540 alius
1512 2484 1610 2549 sic,
1644 2483 1781 2539 alius

205 2582 358 2629 autem
385 2590 490 2640 sic;
522 2592 697 2646 quare
739 2576 831 2632 ille
873 2576 984 2631 Deo
1012 2575 1293 2632 deserente
1336 2585 1654 2643 excatcetur,
1688 2575 1779 2631 ille

208 2663 301 2719 Deo
326 2665 608 2736 adiuvante
639 2667 998 2722 illutninetur:
1021 2682 1129 2722 non
1151 2667 1306 2722 nobis
1327 2666 1581 2737 judicium
1609 2666 1780 2736 deiu-

207 2754 327 2810 dicio
352 2758 477 2812 tanti
525 2757 735 2828 iudicis
781 2773 1119 2828 usurpemus,
1160 2758 1255 2814 sed
1300 2761 1779 2814 contremiscentes

211 2849 539 2906 exclatnemus
564 2865 695 2905 cum
727 2852 998 2921 Apostolo,
1029 2850 1074 2905 ο
1106 2850 1321 2905 altitudo
1369 2850 1659 2905 divitiarum
1703 2865 1781 2905 sa-

211 2944 386 3008 ptentia:
407 2953 455 2998 et
479 2945 712 3000 scientia
732 2942 860 2998 Dei!
879 2960 1032 3015 quam
1073 2944 1420 3000 inscrutabilia
1444 2952 1561 2998 sunt
1578 2944 1779 3017 judicia

210 3033 319 3102 eius,
343 3044 384 3090 et
402 3036 774 3109 ittvcstigabiles
789 3038 884 3092 uia:
897 3038 1008 3106 eius
1034 3036 1144 3109 (Id.
1166 3052 1240 3102 ιι,
1262 3034 1376 3108 '55)!
1400 3036 1552 3093 Unde
1574 3037 1775 3094 dictum

212 3138 280 3181 est
308 3130 354 3184 in
382 3131 619 3199 Psalmo,
668 3129 876 3186 Iudicia
903 3139 1008 3198 tua,
1037 3131 1163 3186 sicut
1186 3130 1347 3185 multa
1370 3130 1579 3203 abyssus
1602 3132 1776 3205 (Psal.

214 3234 358 3288 xxxv,
380 3222 450 3295 7).

281 3313 325 3365 'l.
358 3314 455 3372 Non
494 3330 637 3387 ergo
662 3331 770 3383 me,
797 3314 1010 3379 fratres,
1042 3313 1108 3370 ad
1135 3314 1271 3371 hanc
1292 3314 1643 3386 penetrandat.
1670 3316 1779 3370 tal-

221 3406 480 3477 titudinem,
507 3409 581 3466 ad
609 3409 744 3465 hanc
764 3408 1017 3481 abyssum
1045 3408 1453 3474 discutiendam,
1476 3407 1543 3464 ad
1573 3410 1778 3464 insem—

216 3497 366 3555 labilis
393 3500 798 3571 perscrutanda,
824 3500 1125 3571 expectatio
1154 3509 1345 3556 vestra:
1368 3500 1657 3557 Charitatis
1676 3500 1777 3555 im-

217 3590 386 3661 pingat.
412 3594 668 3666 Agnosco
693 3592 967 3648 modulum
996 3608 1194 3659 meum,
1220 3593 1418 3649 sentire
1444 3593 1572 3647 mihi
1592 3590 1778 3647 videor

214 3684 349 3740 etiam
377 3687 654 3745 modulum
685 3695 942 3742 vestrum.
975 3685 1148 3741 Altius
1176 3695 1258 3742 est
1300 3684 1402 3740 hoc
1433 3685 1777 3757 incrementis

218 3778 347 3845 meis,
374 3788 424 3835 et
446 3781 644 3836 fortius
666 3778 864 3834 viribus
889 3778 1055 3844 meis;
1088 3786 1215 3848 puto
1233 3778 1355 3848 quia
1385 3786 1440 3834 et
1460 3777 1671 3833 vestris.
1692 3776 1777 3831 Si-

216 3870 305 3924 mul
330 3887 448 3945 ergo
470 3873 759 3930 audiamus
774 3872 1149 3928 admonentem
1166 3871 1492 3942 Scripturatn
1520 3882 1679 3943 atque
1695 3870 1779 3927 di-

215 3971 414 4033 centem,
442 3968 481 4020 Α
497 3965 649 4021 ltiora
677 3974 722 4019 te
742 3982 806 4019 ne
826 3965 1109 4034 quazsieris,
1129 3974 1173 4019 et
1193 3964 1404 4035 fortiora
1432 3974 1480 4018 te
1499 3980 1561 4018 ne
1584 3972 1778 4018 scruta-

219 4060 283 4108 tus
317 4058 461 4127 {netis
513 4056 701 4129 (Eccli.
733 4072 809 4123 ιιι,
856 4056 974 4128 22).
1008 4055 1122 4111 Non
1151 4056 1272 4125 quia
1304 4054 1400 4110 ista
1431 4063 1620 4125 negata
1653 4065 1780 4110 sunt

219 4148 367 4219 nobis,
394 4168 519 4210 cum
566 4153 707 4208 Deus
749 4152 1002 4223 magister
1030 4150 1193 4214 dicat,
1230 4148 1378 4203 Nihil
1423 4160 1493 4203 est
1522 4149 1779 4207 occultum

220 4242 332 4306 quod
368 4261 462 4300 non
511 4245 811 4299 revelabitur
853 4242 1064 4313 (Matth.
1101 4258 1158 4307 x,
1197 4241 1438 4311 26):sed
1469 4242 1514 4296 si
1546 4243 1597 4297 in
1633 4241 1777 4312 quod

223 4335 551 4405 pervenimus,
585 4337 637 4391 in
664 4350 730 4390 eo
752 4334 1106 4397 ambulemus,
1141 4333 1278 4388 sicut
1306 4333 1436 4388 dicit
1461 4333 1770 4403 Apostolus,

223 4432 309 4477 non
327 4429 489 4483 solum
509 4428 650 4500 quod
678 4428 946 4482 nescimus
959 4436 1014 4482 et
1032 4427 1169 4482 scire
1194 4426 1471 4492 debemus,
1501 4426 1595 4481 sed
1614 4426 1776 4481 etiam

224 4514 259 4568 εἰ
298 4520 408 4588 quid
435 4522 592 4578 aliter
606 4521 863 4592 sapimus,
883 4520 932 4574 id
963 4535 1173 4590 quoque
1191 4520 1341 4574 nobis
1362 4519 1499 4574 Deus
1520 4518 1778 4575 revelabit

226 4604 447 4686 (Philipp.
470 4632 546 4680 ιιι,
565 4615 632 4671 l5
647 4624 693 4670 et
708 4615 815 4685 16).
834 4614 1177 4669 Pervenimus
1195 4621 1369 4667 autem
1390 4613 1440 4667 in
1465 4612 1602 4667 viam
1630 4611 1773 4678 fidei,

226 4694 338 4758 hanc
372 4705 893 4776 perseverantissime
937 4714 1212 4760 teneamus
1240 4723 1253 4759 ε
1279 4704 1388 4773 ipsa
1427 4703 1681 4774 perducet
1711 4703 1777 4759 ad

227 4791 488 4853 cubiculum
511 4799 671 4868 regis,
697 4799 748 4852 in
773 4812 879 4869 quo
899 4804 1022 4850 sunt
1040 4810 1227 4851 omnes
1242 4795 1475 4850 thesauri
1502 4795 1778 4865 sapientiae

229 4887 273 4934 el
303 4885 522 4945 scientiae
568 4887 864 4942 absconditi
907 4886 1121 4959 (Coloss.
1152 4902 1209 4951 ιι,
1241 4886 1317 4958 5).
1347 4885 1463 4941 Νοιι
1493 4888 1636 4941 enim
1665 4886 1778 4957 ipse

231 4967 447 5035 Dominus
471 4979 627 5036 Jesus
653 4978 898 5034 Christus
922 4979 1033 5034 suis
1062 4977 1167 5033 illis
1199 4978 1404 5049 magnis
1430 4986 1484 5035 et
1511 4978 1779 5049 prtccipue

228 5060 380 5122 electis
404 5071 678 5142 discipulis
696 5070 982 5132 invidebat,
1006 5068 1217 5141 quando
1235 5068 1464 5135 dicebat,
1487 5066 1654 5122 Multa
1678 5067 1776 5122 Ita-

231 5148 300 5207 δθο
331 5161 449 5218 vobis
490 5162 674 5228 dicere,
720 5162 810 5217 sed
853 5177 955 5216 non
1006 5161 1210 5233 potestis
1261 5162 1352 5214 illa
1401 5171 1601 5232 portare
1628 5161 1777 5215 modo

165 5211 187 5356 ζ
232 5211 673 5323 {omnis};
700 5211 1217 5315 Ᾱὲιῖδιὲιξιιὶειιῖὶιῖέὲί,
1258 5211 1773 5320 ῥέέιίὲίὲιὲὲιῌιιῖὲέιζ

178 5341 188 5430 ξ
229 5344 536 5402 crescendum
561 5354 664 5409 est,
692 5353 749 5398 ut
783 5342 893 5398 sint
928 5341 1087 5396 corda
1127 5349 1306 5396 nostra
1352 5342 1563 5412 capacia
1590 5357 1776 5399 earum

175 5436 185 5485 ἶ
231 5436 376 5487 rerum
397 5452 525 5506 quas
548 5450 741 5507 capere
769 5433 929 5489 modo
955 5449 1060 5489 non
1091 5447 1395 5505 possumus.
1424 5432 1577 5499 Quod
1602 5434 1645 5489 si
1678 5450 1776 5491 nos

233 5514 410 5583 ultimus
437 5530 555 5586 dies
574 5528 916 5601 proficientes
941 5526 1222 5595 invenerit,
1252 5526 1321 5582 ibi
1344 5525 1609 5583 discemus
1633 5528 1775 5599 quod

201 5591 303 5689 μία
322 5630 410 5674 nun
437 5591 722 5694 potuimus.

289 5709 333 5767 8.
365 5712 415 5773 Si
443 5719 558 5791 quis
576 5726 751 5774 autem
770 5718 928 5775 istam
952 5717 1299 5787 quaestionem
1322 5715 1573 5790 liquidius
1591 5726 1645 5775 et
1665 5735 1777 5776 me-

235 5794 319 5859 lius
339 5813 470 5868 novit
494 5828 553 5869 se
582 5826 737 5883 posse
765 5820 821 5868 et
852 5810 1073 5868 confidit
1099 5824 1390 5883 exponere,
1419 5808 1559 5868 absit
1581 5819 1639 5868 ut
1664 5826 1775 5870 non

241 5888 320 5950 lim
341 5904 554 5971 paratior
579 5902 789 5963 discere
808 5917 965 5977 quam
986 5902 1197 5961 docere;
1230 5901 1458 5962 Tantum
1487 5919 1558 5962 ne
1583 5904 1774 5965 audeat

1308 421 1722 483 TRACTATUS
1762 420 1896 479 LIII.
1951 423 2180 484 CAPUT
2219 426 2334 486 XII.

3343 435 3484 495 1778

1895 546 2175 614 quisquam
2211 543 2437 600 liberum
2473 543 2748 601 arbitrium
2778 546 2858 603 sie
2881 545 3191 616 defendere,
3228 557 3286 605 ut
3331 549 3487 608 nobis

1893 636 2192 693 orationem
2214 652 2320 708 qua
2346 637 2595 706 dicimus,
2630 638 2712 694 Ne
2734 656 2827 695 nos
2849 641 3041 711 inferas
3061 642 3113 696 in
3135 642 3485 712 tentationem,
3547 630 3558 719 ί⁵

1890 736 2119 785 conetur
2141 727 2353 786 auferre
2373 746 2388 783 :
2415 746 2620 797 rursus,
2638 747 2706 788 ne
2725 733 3004 804 quisquam
3023 744 3176 805 neget
3192 735 3484 791 voluntatis

1890 819 2192 888 arbitrium,
2221 829 2277 878 et
2299 822 2490 879 audeat
2517 838 2774 880 excusare
2800 833 3096 895 peccatum.
3145 824 3253 882 Sed
3300 826 3484 883 audia-

1889 930 2010 972 mus
2035 915 2341 985 Dominum,
2387 925 2442 973 et
2470 918 2887 989 praecipientem,
2920 928 2974 974 et
3001 919 3384 988 opitulantem;
3427 928 3485 977 et

1884 1007 2161 1078 iubentem
2190 1009 2315 1080 quid
2346 1008 2519 1066 facere
2536 1009 2846 1077 debeamus,
2867 1020 2921 1067 et
2940 1011 3278 1081 adiuvantem
3304 1021 3362 1068 ut
3383 1013 3485 1069 im-

1887 1098 2038 1170 plere
2086 1101 2369 1171 possimus.
2424 1100 2558 1157 Nam
2597 1112 2652 1157 et
2679 1101 2937 1173 quosdam
2968 1103 3131 1159 nimia
3161 1119 3272 1161 suae
3294 1105 3483 1161 volun-

1888 1192 2013 1247 tatis
2044 1192 2232 1248 fiducia
2261 1194 2450 1250 extulit
2483 1195 2536 1249 in
2576 1194 2913 1266 superbiam;
2942 1206 2996 1252 et
3032 1196 3288 1268 quosdam
3318 1198 3481 1254 nimia

1887 1297 1999 1338 sua:
2026 1284 2317 1341 voluntatis
2340 1284 2637 1342 diffidentia
2667 1286 2864 1357 deiecit
2893 1287 2945 1342 in
2976 1289 3370 1360 negligentiam.
3398 1288 3482 1347 Illi

1886 1375 2072 1433 dicunt
2090 1396 2104 1433 :
2122 1377 2322 1449 thuid
2338 1394 2588 1450 rogamus
2607 1380 2770 1435 Deum
2791 1395 2856 1436 ne
2871 1380 3147 1437 vincamur
3164 1383 3478 1451 tentatione,

1886 1467 2029 1538 quod
2052 1468 2104 1523 in
2128 1479 2308 1525 nostra
2329 1480 2410 1525 est
2430 1471 2725 1541 potestate?
2750 1470 2838 1526 Isti
2859 1471 3075 1527 dicunt:
3103 1472 3296 1543 thuid
3318 1488 3481 1530 cona-

1887 1575 2009 1615 mur
2036 1559 2175 1617 bene
2201 1560 2403 1626 vivere,
2433 1561 2577 1632 quod
2624 1562 2677 1617 in
2720 1561 2815 1617 Dei
2844 1571 2928 1619 est
2955 1564 3248 1633 potestate?
3295 1563 3339 1621 Ο
3370 1564 3477 1620 Do-

1886 1655 2051 1722 mine,
2080 1670 2114 1709 o
2144 1654 2301 1711 Pater
2326 1655 2416 1726 qui
2444 1670 2502 1711 es
2527 1655 2579 1710 in
2608 1656 2777 1720 caelis,
2800 1671 2867 1712 ne
2884 1671 2981 1712 nos
3000 1656 3198 1714 inferas
3218 1659 3271 1714 in
3291 1673 3480 1730 quam-

1886 1745 2021 1803 libet
2041 1746 2263 1803 istarum
2287 1747 2660 1811 tentationum,
2674 1747 2762 1802 sed
2777 1747 2932 1802 libera
2949 1764 3039 1803 nos
3058 1765 3091 1803 a
3110 1750 3243 1805 malo
3261 1748 3476 1823 (Matth.

1890 1852 1965 1902 vt,
1997 1835 2115 1911 15)!
2163 1837 2461 1894 Audiamus
2508 1838 2793 1893 Dominum
2822 1838 3109 1908 dicentem,
3161 1839 3353 1911 Rogavi
3383 1859 3478 1913 pro

1886 1938 1952 1995 te,
1986 1926 2158 1996 Petre,
2193 1945 2257 1983 ne
2297 1929 2497 1998 deﬁciat
2534 1929 2662 1999 fides
2690 1927 2953 2001 tua-(Luc.
2985 1945 3121 1997 χχιι,
3149 1928 3270 2003 52);
3302 1922 3371 1987 ne
3399 1932 3479 1987 sic

1886 2021 2255 2077 existimemus
2284 2020 2441 2076 fidem
2464 2028 2700 2076 nostram
2730 2036 2850 2077 esse
2878 2021 2932 2076 in
2953 2020 3124 2077 libero
3152 2021 3394 2089 arbitrio,
3416 2032 3479 2078 ut

1885 2112 2068 2169 divino
2094 2127 2198 2168 non
2216 2122 2370 2184 egeat
2389 2112 2673 2183 adiutorio.
2701 2112 2994 2169 Audiamus
3017 2122 3071 2169 et
3086 2113 3479 2186 Evangelistam

1885 2207 2173 2272 dicentem,
2203 2205 2356 2261 Dedit
2386 2208 2455 2261 eis
2478 2215 2770 2275 potestatem
2800 2206 2935 2277 ﬁlios
2962 2205 3057 2261 Dei
3084 2207 3198 2277 ﬁeri
3225 2207 3403 2278 (Joan.
3435 2224 3476 2276 ι,

1887 2300 2011 2370 12);
2041 2314 2109 2355 ne
2132 2299 2351 2353 omnino
2377 2292 2747 2354 existimemus
2779 2297 2835 2353 in
2872 2306 3049 2354 nostra
3078 2307 3341 2370 potestate
3368 2315 3480 2356 non

1885 2407 2006 2448 esse
2035 2390 2179 2463 quod
2207 2390 2474 2446 credimus
2510 2407 2523 2447 :
2557 2398 2926 2446 verumtamen
2971 2390 3025 2445 in
3068 2399 3296 2463 utroque
3337 2392 3480 2448 illius

1885 2484 2144 2541 beneficia
2183 2497 2589 2554 cognoscamus.
2620 2481 2755 2537 Nam
2785 2491 2838 2537 et
2865 2481 3084 2553 agenda:
3122 2492 3247 2539 sunt
3273 2484 3477 2555 gratim,

1885 2578 2005 2649 quia
2032 2577 2152 2632 data
2178 2585 2258 2632 est
2280 2585 2543 2646 potestas;
2571 2583 2626 2631 et
2648 2574 2930 2641 orandum,
2962 2591 3029 2631 ne
3057 2576 3371 2633 succumbat
3394 2577 3479 2633 in-

1885 2669 2110 2724 firmitas
2138 2666 2336 2740 (Galat.
2367 2682 2422 2732 v,
2452 2666 2530 2738 6).
2564 2665 2683 2738 Ipsa
2711 2673 2795 2721 est
2821 2663 2952 2721 ﬁdes
2976 2681 3097 2737 quae
3122 2681 3220 2736 per
3244 2665 3480 2723 dilectio-

1882 2778 2008 2820 nem
2034 2772 2308 2834 operatur,
2334 2761 2473 2817 sicut
2506 2760 2625 2831 eius
2655 2774 2961 2815 mensuram
2991 2758 3248 2814 Dominus
3285 2760 3481 2832 cuique

1884 2855 2112 2927 partitus
2135 2862 2220 2910 est
2248 2852 2424 2926 (Rom.
2456 2868 2553 2921 xu,
2596 2851 2686 2923 3);
2728 2860 2787 2907 ut
2825 2851 2916 2922 qui
2965 2851 3245 2923 gloriatur,
3288 2852 3480 2908 nonin

1881 2946 2082 3017 seipso,
2108 2945 2206 3002 sed
2227 2946 2280 3000 in
2310 2945 2536 3002 Domino
2562 2943 2820 3016 glorietur
2850 2943 2903 3014 (l
2926 2942 3043 2998 Cor.
3076 2960 3114 3009 ι,
3148 2943 3262 3014 5i).

1954 3040 2009 3099 9.
2038 3040 2155 3098 Non
2173 3040 2350 3112 itaque
2376 3039 2569 3095 mirum
2590 3046 2673 3094 est
2690 3036 2813 3109 quia
2836 3052 2941 3092 non
2964 3046 3207 3108 poterant
3234 3036 3478 3105 credere,

1883 3150 2110 3207 quorum
2146 3133 2391 3190 voluntas
2416 3131 2497 3189 sic
2523 3130 2753 3203 superba
2773 3138 2907 3197 erat,
2945 3139 3005 3186 ut
3042 3129 3346 3202 ignorantes
3382 3130 3480 3188 Dei

1878 3227 2161 3299 iustitiam,
2181 3240 2329 3282 suam
2360 3225 2557 3282 vellent
2584 3223 2909 3279 constituere
2931 3239 2944 3252 ·
2972 3222 3109 3277 sicut
3136 3221 3265 3278 dicit
3291 3221 3356 3277 de
3378 3222 3480 3277 illis

1883 3319 2195 3390 Apostolus,
2222 3316 2446 3373 Justitiw
2472 3314 2570 3371 Dei
2594 3330 2696 3370 non
2723 3323 2843 3369 sunt
2868 3314 3076 3385 subjecti
3101 3313 3276 3386 (Rom.
3306 3329 3365 3381 ι,
3396 3314 3478 3379 ⁸5).

1882 3409 2019 3478 Quia
2045 3410 2188 3465 enim
2215 3425 2321 3465 non
2348 3423 2412 3463 ex
2443 3405 2582 3472 fide,
2616 3405 2710 3461 sed
2741 3414 2991 3475 tanquam
3021 3420 3084 3461 ex
3116 3405 3365 3475 Operibus
3392 3414 3480 3461 tu-

1883 3509 2169 3566 muerunt;
2211 3501 2328 3570 ipso
2353 3513 2450 3555 suo
2519 3507 2726 3553 tumore
2769 3496 2985 3561 caecati,
3031 3493 3369 3552 offenderunt
3426 3495 3481 3551 in

1884 3594 2115 3664 lapidem
2153 3591 2480 3649 offensionis.
2521 3588 2610 3646 Sic
2641 3599 2819 3644 autem
2859 3587 3060 3643 dictum
3115 3595 3200 3642 est
3240 3603 3340 3641 non
3382 3602 3479 3658 po-

1885 3695 2068 3752 terant,
2098 3685 2190 3740 ubi
2218 3682 2617 3754 intelligendum
2639 3689 2721 3738 est
2746 3679 2886 3752 quod
2914 3679 3195 3744 nolebant;
3224 3678 3480 3749 quemad-

1884 3776 2100 3831 modum
2140 3775 2338 3830 dictum
2382 3782 2465 3829 est
2505 3773 2572 3828 de
2609 3773 2833 3828 Domino
2872 3771 2982 3827 Deo
3025 3778 3228 3839 nostro,
3273 3768 3334 3826 Si
3378 3786 3479 3825 non

1883 3871 2152 3934 credimus,
2180 3870 2269 3926 ille
2292 3869 2459 3940 fidelis
2498 3876 2774 3938 permanet,
2802 3882 2985 3937 negare
3008 3865 3228 3937 seipsunt
3251 3880 3351 3918 non
3381 3880 3481 3937 po-

1885 3971 1977 4016 test
1998 3961 2067 4032 (ll
2090 3960 2224 4016 Tim.
2257 3977 2315 4025 ιι,
2349 3961 2458 4031 l5).
2489 3959 2566 4015 De
2593 3958 2956 4029 omnipotente
2992 3956 3194 4012 dictum
3232 3964 3347 4022 est,
3377 3971 3481 4011 non

1883 4064 2064 4129 potest.
2094 4054 2241 4111 Sicut
2269 4065 2397 4123 ergo
2439 4051 2580 4122 quod
2612 4050 2867 4106 Dominus
2906 4064 3088 4119 negare
3116 4047 3333 4118 seipsum
3376 4061 3481 4100 non

1884 4156 2064 4220 potest,
2109 4145 2222 4200 laus
2248 4152 2330 4199 est
2369 4141 2655 4197 voluntatis
2694 4139 2924 4205 divina);
2967 4139 3038 4192 ita
3085 4137 3227 4207 quod
3269 4137 3345 4192 illi
3374 4152 3479 4192 non

1886 4249 2115 4311 poterant
2141 4236 2360 4299 credere,
2389 4234 2543 4305 culpa
2573 4242 2657 4288 est
2685 4229 2974 4286 voluntatis
3000 4228 3268 4283 humanae.

1948 4331 2047 4387 40.
2086 4330 2226 4386 Ecce
2251 4328 2372 4383 dico
2392 4336 2447 4383 et
2461 4339 2581 4398 ego,
2604 4322 2745 4396 quod
2765 4321 2855 4393 qui
2876 4331 2984 4376 tam
2999 4318 3227 4391 superbe
3243 4318 3476 4389 sapiunt,

1887 4438 1943 4483 ut
1967 4443 2077 4483 suae
2112 4425 2397 4483 voluntatis
2438 4423 2636 4478 viribus
2671 4427 2871 4475 tantum
2903 4415 3205 4473 existiment
3230 4430 3351 4471 esse
3376 4414 3480 4469 tri-

1885 4520 2188 4583 buendum,
2227 4524 2285 4572 ut
2320 4523 2517 4586 negent
2551 4512 2651 4568 sibi
2690 4524 2810 4566 esse
2851 4507 3211 4565 necessarium
3237 4505 3479 4562 divinum

1887 4611 2205 4683 adiutorium
2235 4607 2300 4663 ad
2327 4608 2463 4663 bene
2496 4602 2804 4667 vivendum,
2837 4616 2944 4656 non
2990 4608 3217 4671 possunt
3253 4595 3479 4656 credere

1886 4704 1938 4759 in
1967 4703 2257 4758 Christum.
2288 4699 2404 4755 Non
2426 4698 2568 4754 enim
2594 4693 2791 4766 aliquid
2817 4702 3040 4764 prosunt
3063 4691 3278 4764 syllaba:
3299 4691 3479 4746 nomi-r

1887 4795 1970 4850 nis
1998 4793 2217 4857 Christi,
2242 4799 2298 4847 et
2321 4790 2668 4847 Sacramenta
2696 4783 2914 4853 Christi,
2942 4784 3033 4840 ubi
3060 4783 3325 4839 resistitur
3352 4782 3478 4840 fidei

1884 4888 2102 4945 Christi.
2144 4884 2301 4940 Fides
2336 4893 2515 4938 autem
2542 4879 2737 4937 Christi
2766 4887 2869 4939 est.
2901 4876 3122 4942 credere
3150 4877 3201 4931 in
3231 4890 3353 4931 eum
3383 4876 3480 4947 qui

1880 4978 2133 5049 iustificat
2157 4975 2376 5045 impium
2397 4972 2570 5046 (Rom.
2594 4987 2668 5039 tv,
2687 4968 2743 5043 5)
2764 4986 2779 5034 ;
2797 4966 3016 5026 credere
3037 4967 3089 5022 in
3108 4966 3475 5032 Mediatorem,

1886 5072 2002 5126 sine
2026 5083 2133 5141 quo
2161 5066 2475 5137 interposito
2502 5079 2607 5118 non
2639 5060 3040 5118 reconciliamttr
3080 5060 3222 5125 Deo;
3252 5058 3478 5116 credere

1886 5166 1940 5219 in
1965 5163 2314 5227 Salvatorem,
2341 5160 2432 5232 qui
2462 5156 2607 5214 venit
2630 5154 2769 5227 quod
2800 5156 3032 5226 perierat
3054 5169 3295 5227 quzerere
3317 5163 3479 5224 atque

1886 5259 2092 5314 salvare
2112 5254 2261 5329 (Luc.
2288 5268 2402 5321 xix,
2426 5251 2554 5323 10);
2581 5249 2804 5306 credere
2832 5249 2885 5304 in
2911 5264 3035 5306 eum
3057 5248 3147 5321 qui
3167 5248 3321 5315 dixit,
3349 5246 3479 5303 Sine

1886 5369 1965 5407 me
1986 5351 2115 5406 nihil
2140 5348 2342 5421 potestis
2368 5348 2535 5418 facere
2553 5342 2733 5416 (Joan.
2761 5360 2862 5411 xv,
2895 5342 2973 5416 5).
3000 5342 3133 5412 Quia
3162 5355 3289 5411 ergo
3320 5339 3477 5409 igno-

1884 5460 2010 5500 rans
2043 5442 2133 5498 Dei
2161 5440 2417 5511 justitiam
2458 5452 2559 5509 qua
2591 5434 3141 5507 iustificaturimpius,
3177 5444 3326 5486 suam
3360 5429 3477 5487 vult
3510 5502 3515 5510 ι

1884 5537 2208 5594 constituere
2244 5547 2345 5603 qua
2387 5531 2733 5588 convincatur
2760 5527 3054 5600 superbus,
3087 5526 3140 5580 in
3185 5522 3327 5577 hunc
3365 5537 3474 5578 non
3508 5530 3519 5586 ι

1884 5636 2061 5703 potest
2097 5625 2337 5683 credere.
2370 5623 2506 5680 Hinc
2531 5630 2587 5678 et
2615 5622 2689 5677 illi
2716 5637 2815 5676 non
2844 5626 3072 5691 poterant
3096 5614 3297 5670 credere
3318 5630 3339 5670 :
3364 5629 3476 5672 non

1883 5723 2005 5795 quia
2053 5719 2245 5776 mutari
2293 5720 2344 5773 in
2392 5717 2581 5773 melius
2630 5713 2873 5768 homines
2913 5725 3018 5764 non
3074 5715 3330 5780 possunt;
3376 5706 3476 5769 sed

1883 5812 2136 5886 quamdiu
2178 5809 2302 5867 talia
2340 5808 2590 5880 sapiunt,
2639 5818 2747 5859 non
2793 5810 3014 5874 possunt
3050 5799 3289 5858 credere.
3338 5799 3477 5859 Hine

1885 5913 2240 5973 excaecautur,
2286 5910 2339 5957 et
2385 5897 2729 5963 indurantur;
2782 5893 2901 5965 quia
2946 5891 3189 5968 negando
3232 5889 3474 5949 divinum
