3926 6372
468 359 610 421 i779

428 475 828 552 E'adjutorium,
874 494 980 535 non
1012 477 1347 549 adjuvantur.
1390 476 1504 532 Hoc
1532 476 1598 533 de
1623 475 1822 533 Iudaeis
1850 477 1941 549 qui
1970 491 2063 532 cx-

424 556 451 601 i.
469 576 652 632 uocati
678 584 729 631 et
756 572 985 637 indurati
1010 580 1156 640 sunt,
1189 572 1328 629 Deus
1354 569 1620 642 priescivit
1638 612 1654 640 ,
1682 558 1840 643 atque
1878 571 1928 627 in
1951 570 2067 642 ejus

470 665 668 738 Spiritu
696 664 959 736 Propheta
986 664 1246 736 praedixit.

484 748 489 751 P
545 760 631 815 ii.
673 756 825 827 Quod
871 771 999 814 vero
1038 756 1275 823 addidit,
1319 752 1387 810 Et
1431 765 1785 813 convertantur
1812 767 1857 813 et
1893 774 2067 815 sonent

468 867 598 908 eos:
628 859 804 907 utrum
833 846 1259 906 subaudiendum
1289 848 1379 918 sit,
1408 864 1537 918 non,
1570 846 1620 904 id
1660 838 1775 918 est,
1794 865 2063 929 noncon-

466 952 764 1011 vertantur,
792 958 1029 999 connexa
1061 940 1292 1013 desuper
1315 943 1600 1011 sententia,
1634 942 1721 999 ubi
1741 932 1941 999 dictum
1959 954 2061 1009 est,

472 1046 530 1091 ut
556 1053 657 1091 non
699 1036 901 1093 videant
936 1035 1098 1091 oculis
1136 1045 1182 1088 et
1211 1033 1493 1107 intelligant
1518 1035 1706 1102 corde;
1734 1039 1856 1109 quia
1888 1046 1942 1093 et
1979 1036 2067 1095 hic

468 1129 652 1201 utique
674 1128 875 1184 dictum
902 1135 983 1183 est
1009 1122 1105 1200 (a),
1133 1135 1191 1182 ut
1218 1141 1321 1181 non
1352 1125 1683 1197 intelligant?
1708 1136 1764 1182 et
1785 1128 1896 1199 ipsa
1917 1128 2064 1185 enim

469 1211 751 1278 conversio
778 1219 846 1277 de
871 1219 1011 1276 illius
1037 1219 1206 1290 gratia
1229 1225 1339 1285 est,
1376 1218 1463 1275 cui
1492 1218 1713 1288 dicitur,
1743 1216 1881 1276 Dens
1910 1221 2064 1276 virtu-

468 1326 595 1380 tum,
623 1320 850 1370 converte
873 1329 964 1367 nos
994 1309 1166 1383 (Psal.
1198 1328 1380 1379 uxrx,
1413 1310 1489 1384 8).
1516 1314 1597 1371 An
1627 1308 1763 1369 forte
1789 1321 1845 1368 et
1870 1312 1970 1368 hoc
1993 1312 2063 1369 de

470 1422 716 1480 supernis
731 1403 1011 1463 medicina:
1034 1402 1394 1461 misericordia
1437 1403 1628 1459 factum
1661 1384 2060 1475 intelligendum

467 1507 569 1566 est,
598 1507 657 1555 ut
676 1494 925 1569 quoniam
944 1497 1188 1568 superba:
1210 1505 1265 1552 et
1287 1508 1549 1567 perversa:
1578 1494 1859 1552 voluntatis
1886 1506 2061 1564 erant,

468 1602 522 1649 et
557 1577 716 1649 suam.
730 1592 991 1663 justitiam
1020 1589 1346 1647 constituere
1372 1588 1650 1654 volebant,
1683 1587 1748 1644 ad
1778 1587 1880 1643 hoc
1909 1588 2067 1644 dese-

466 1692 738 1753 rerentur,
771 1693 828 1740 ut
856 1690 1289 1748 excaecarentur;
1322 1678 1386 1737 ad
1420 1680 1520 1736 hoc
1559 1689 1974 1748 excaecarentur,
2007 1691 2066 1738 ut

466 1778 802 1837 oll‘enderent
827 1778 880 1832 in
909 1776 1137 1847 lapidem
1166 1774 1494 1839 olfensionis,
1539 1784 1592 1829 et
1633 1770 1942 1846 impleretur
1985 1772 2065 1831 fa-

471 1873 585 1930 cies
608 1886 795 1929 eorum
824 1871 1145 1943 ignominia;
1174 1879 1332 1940 atque
1358 1869 1430 1924 ita
1457 1868 1717 1925 humiliati
1761 1878 2066 1940 quarrerent

465 1980 665 2021 nomen
704 1962 947 2028 Domini,
992 1968 1049 2016 et
1094 1976 1201 2017 non
1231 1975 1379 2016 suam
1406 1976 1507 2032 qua
1539 1960 1752 2016 inﬂatur
1779 1961 2061 2032 superbus,

467 2057 565 2113 sed
599 2053 861 2127 justitiam
906 2054 1000 2109 Dei
1038 2068 1142 2126 qua
1167 2052 1490 2125 jnstiticatur
1516 2053 1750 2123 impius?
1774 2052 1890 2108 Hoc
1920 2053 2062 2109 enim

468 2147 650 2229 multis
674 2161 860 2202 eorum
886 2142 1111 2216 profecit
1144 2144 1197 2200 in
1228 2144 1444 2212 bonum,
1487 2146 1575 2215 qui
1615 2144 1684 2201 de
1721 2159 1819 2200 suo
1862 2145 2065 2201 scelere

467 2239 796 2311 compnncti,
828 2237 881 2293 in
911 2236 1179 2293 Christum
1210 2245 1392 2307 postea
1420 2236 1797 2292 crediderunt:
1830 2252 1925 2306 pro
1946 2236 2065 2308 qni-

464 2332 568 2403 bus
593 2340 648 2387 et
672 2332 786 2403 ipse
809 2338 1053 2386 oraverat
1077 2330 1261 2385 dicens
1281 2372 1294 2395 ,
1324 2327 1482 2385 Pater
1505 2372 1518 2393 ,
1554 2330 1754 2401 ignosce
1777 2329 1881 2383 illis
1899 2370 1911 2391 ,
1943 2328 2064 2399 quia

466 2427 695 2505 nesciunt
734 2424 857 2500 quid
894 2424 1089 2497 faciunt
1117 2423 1269 2496 (Luc.
1304 2438 1464 2490 χχιιι,
1492 2423 1606 2496 54).
1638 2424 1714 2479 De
1742 2438 1844 2494 qua
1875 2437 2061 2479 eorum

468 2519 770 2591 ignorantia
795 2527 851 2575 et
871 2518 1161 2589 Apostolus
1198 2517 1349 2586 dicit,
1380 2515 1739 2572 Testimonium
1764 2517 1869 2571 illis
1894 2515 2065 2588 per/ii-

466 2614 557 2671 beo
570 2611 693 2684 quia
704 2611 869 2666 zelum
889 2608 980 2666 Dei
1000 2610 1203 2674 habent,
1235 2608 1324 2663 sed
1343 2626 1444 2664 non
1468 2608 1744 2663 secundum
1765 2607 2063 2665 scientiam:

465 2702 777 2759 tuncenim
817 2709 873 2758 et
915 2701 1017 2758 hoc
1056 2701 1360 2771 subjunxit,
1405 2710 1566 2772 atque
1608 2700 1716 2762 ait,
1762 2699 2063 2772 Ignorantes

461 2795 596 2852 enim
615 2794 713 2849 Dei
728 2795 1003 2867 justitiam,
1036 2804 1083 2848 et
1106 2810 1251 2848 suam
1275 2793 1493 2848 volentes
1512 2792 1831 2859 constituere,
1845 2788 2065 2863 justitiat

463 2887 563 2943 Dei
592 2903 693 2942 non
712 2896 834 2941 sunt
854 2886 1066 2957 subjecti
1093 2884 1268 2958 (Rom.
1300 2900 1359 2949 ι,
1388 2883 1444 2951 2,
1476 2883 1555 2956 5).

532 2978 621 3037 19.
655 2977 781 3033 Hcce
803 2945 1156 3042 dixit'lsain‘s,
1187 2945 1391 3047 quando
1420 2945 1542 3029 cidit
1582 2945 1798 3044 gloriam
1834 2966 1942 3044 ejus
1962 3014 1978 3039 ,
2011 2968 2059 3025 et

461 3072 663 3128 locutus
690 3079 764 3127 est
791 3069 856 3126 de
881 3085 960 3126 eo.
989 3069 1127 3139 Quid
1160 3066 1351 3125 viderit
1381 3066 1560 3131 Isaias,
1584 3074 1639 3123 et
1664 3062 1764 3121 hoc
1790 3064 2060 3135 quomodo

465 3165 533 3236 ad
562 3165 843 3221 Dominum
869 3162 1137 3221 Christum
1169 3164 1451 3235 pertineat,
1485 3163 1537 3217 in
1570 3161 1703 3217 libro
1734 3158 1849 3230 ejus
1879 3157 2065 3228 legen-

465 3258 591 3312 dum
621 3265 676 3313 et
708 3256 1110 3327 intelligendum
1138 3265 1236 3310 est.
1272 3254 1413 3310 Vidit
1440 3254 1582 3309 enim
1623 3267 1728 3306 non
1769 3249 1921 3307 sicuti
1954 3257 2062 3317 est,

466 3348 563 3411 sed
593 3348 755 3404 modo
781 3348 1012 3420 quodam
1042 3347 1392 3417 significativo
1413 3389 1426 3413 ,
1455 3347 1591 3400 sicut
1617 3342 1897 3415 Prophetm
1927 3342 2060 3398 visio

466 3443 643 3502 fuerat
680 3441 1033 3498 infamanda.
1060 3440 1193 3496 Nam
1223 3439 1350 3494 vidit
1377 3447 1430 3494 et
1453 3436 1659 3510 Moyses
1682 3481 1693 3502 ,
1724 3447 1779 3491 et
1807 3446 1983 3490 tamen
2008 3435 2060 3491 ei

464 3551 624 3606 quem
645 3534 860 3592 videbat
879 3533 1107 3600 dicebat,
1132 3533 1194 3587 Si
1214 3532 1377 3586 inveni
1394 3532 1608 3601 gratiam
1631 3541 1745 3584 ante
1767 3537 1833 3596 te,
1856 3526 2067 3583 ostende

460 3628 585 3682 mihi
612 3629 943 3698 temetipsum,
974 3626 1237 3695 manifeste
1264 3633 1318 3677 ut
1342 3623 1534 3677 uideam
1564 3631 1612 3676 te
1642 3619 1834 3696 (Exod.
1860 3638 2061 3679 χχχιιι,

461 3717 586 3789 i5);
613 3719 737 3789 quia
768 3733 872 3772 non
902 3716 1115 3772 videbat
1139 3708 1291 3769 sicuti
1318 3723 1417 3768 est.
1451 3712 1674 3781 Quando
1700 3723 1873 3767 autem
1902 3711 2057 3767 nobis

458 3810 565 3866 hoc
591 3808 825 3864 futurum
846 3808 936 3877 sit,
960 3806 1102 3863 idem
1125 3806 1225 3861 iste
1246 3815 1461 3861 sanctus
1480 3806 1710 3862 Joannes
1730 3806 2057 3877 evangelista

459 3901 516 3957 in
547 3898 784 3971 Epistula
809 3913 903 3955 sua
928 3898 1059 3955 dicit
1086 3915 1098 3950 ε
1128 3896 1454 3953 Dilectissimi
1468 3939 1481 3962 ,
1506 3896 1633 3953 Filii
1657 3897 1753 3952 Dei
1772 3915 1943 3953 sunws
1963 3942 1978 3968 ,
2010 3907 2056 3952 et

456 3994 687 4047 nondum
708 3991 944 4064 apparuit
981 3990 1106 4062 quid
1134 3990 1320 4046 erimus
1347 4006 1366 4045 :
1389 3991 1573 4045 scimus
1602 3990 1720 4061 quia
1747 4007 1861 4045 cum
1886 4008 2052 4064 appa-

454 4085 614 4155 ruerit
631 4122 645 4149 ,
669 4085 857 4140 similes
881 4084 927 4139 ei
946 4084 1134 4139 erimus
1153 4124 1168 4149 ,
1198 4083 1439 4155 quoniam
1471 4082 1745 4138 videbimus
1770 4100 1885 4137 eum
1909 4084 2057 4139 sicuti

457 4189 531 4234 cst
562 4177 617 4250 (l
642 4176 798 4245 Joan.
827 4193 906 4241 tu,
928 4178 1014 4251 2).
1047 4177 1260 4233 Poterat
1283 4175 1483 4245 dicere,
1512 4177 1749 4247 quoniam
1778 4176 2053 4231 uidebimus

455 4290 588 4341 eum,
615 4283 669 4327 et
694 4289 797 4328 non
825 4272 1045 4340 addere,
1073 4272 1221 4326 sicuti
1247 4279 1319 4327 est
1346 4288 1366 4326 :
1392 4271 1489 4327 sed
1515 4273 1638 4343 quia
1657 4271 1859 4327 sciebat
1883 4286 1911 4326 a
1935 4273 2055 4342 qui-

454 4365 682 4424 busdam
716 4366 953 4435 patribus
981 4374 1035 4420 et
1064 4364 1336 4437 prophetis
1368 4366 1537 4420 visum
1559 4406 1574 4430 ,
1616 4365 1708 4420 sed
1750 4381 1854 4419 non
1896 4366 2053 4421 sicuti

456 4466 574 4523 est;
609 4456 728 4510 ideo
753 4472 875 4512 cum
902 4456 1157 4520 dixisset,
1188 4454 1460 4509 videbimus
1489 4472 1622 4519 eum,
1651 4455 1870 4523 addidit,
1905 4458 2052 4513 sicuti

457 4557 551 4605 est.
589 4546 757 4601 Nemo
786 4546 926 4603 enim
956 4560 1050 4600 vos
1075 4546 1252 4609 fallat,
1284 4545 1471 4600 fratres
1491 4587 1507 4611 ,
1536 4561 1721 4600 eorum
1751 4547 1837 4616 qui
1868 4547 2050 4603 dicunt

457 4638 774 4696 invisibilem
806 4639 1015 4694 Patrem
1038 4678 1052 4706 ,
1082 4646 1135 4693 et
1155 4636 1416 4693 visibilem
1440 4636 1647 4693 Filium.
1682 4638 1743 4693 lli
1774 4640 1915 4694 enim
1948 4640 2048 4698 hoc

459 4738 709 4793 asserunt
736 4731 825 4802 qui
854 4738 1040 4801 putant
1066 4745 1189 4785 eum
1215 4742 1333 4784 esse
1361 4711 1694 4797 creaturami
1724 4746 1823 4785 nec
1850 4731 2046 4787 intelli-

456 4831 589 4895 gunt
623 4822 918 4880 secundum
945 4821 1069 4893 quid
1103 4821 1302 4879 dictum
1331 4820 1433 4887 sit,
1475 4816 1588 4892 Ego
1617 4830 1663 4875 et
1695 4818 1855 4877 Pater
1890 4839 2047 4877 unum

456 4934 634 4993 sumus
666 4914 842 4989 (Joan.
880 4931 950 4984 χ,
986 4914 1098 4988 50).
1144 4913 1371 4970 Prorsus
1412 4913 1463 4969 in
1504 4912 1670 4969 forma
1713 4915 1804 4972 Dei
1851 4906 1901 4970 in
1941 4932 2044 4986 qua

459 5008 675 5078 :equalis
704 5015 787 5063 est
808 5007 982 5075 Patri,
1015 5007 1173 5063 etiam
1200 4996 1367 5062 Filius
1395 4994 1673 5061 invisibilis
1703 5016 1785 5061 est
1816 5023 1829 5060 :
1869 5018 1925 5062 ut
1950 5024 2046 5063 au-

456 5110 564 5157 tem
591 5098 660 5153 ab
684 5099 987 5155 hominibus
1009 5098 1298 5162 videretur,
1329 5097 1549 5157 formam
1577 5100 1714 5155 servi
1740 5102 1963 5172 accepit,
1992 5112 2045 5157 et

454 5190 511 5263 in
540 5188 887 5247 similitudine
909 5191 924 5222 ¹
957 5189 1230 5251 hominum
1259 5184 1426 5245 factus
1454 5186 1710 5261 (Philipp.
1735 5206 1805 5259 ιι,
1839 5191 1890 5262 7)
1915 5234 1928 5257 ,
1964 5193 2041 5247 vi-

456 5282 629 5343 sibilis
661 5279 833 5340 factus
861 5290 961 5338 cst.
1003 5279 1248 5341 Ostendit
1288 5296 1415 5351 ergo
1458 5295 1516 5336 se
1559 5274 1738 5343 etiam,
1757 5291 2040 5355 antequam

459 5438 470 5449 .,
518 5395 703 5457 1editi.
725 5393 779 5447 in
901 5391 1180 5468 'litudiaem.
1225 5398 1285 5445 At
1301 5398 1443 5455 κει,
1463 5391 1517 5445 in
1544 5392 2043 5459 similitudinetjuxta

459 5472 619 5508 me.
638 5470 698 5508 en
953 5461 1006 5507 tt.

451 5470 698 5570 moveri
720 5470 1006 5510 ammenta".
1507 5531 1520 5544 .

518 5522 592 5584 (a)
646 5522 754 5571 orte
778 5517 1059 5584 legendum,
1085 5516 1267 5584 dictum
1286 5520 1381 5568 non
1401 5522 1472 5569 est
1502 5557 1514 5570 .
1544 5521 1634 5571 nisi
1656 5528 1836 5584 sensus
1855 5520 1920 5584 sit
1950 5531 2043 5570 ne-

544 5578 967 5646 mnemgpmﬁxun
1003 5582 1156 5646 verba
1186 5578 1396 5646 videant,
1420 5590 1585 5645 mente
1619 5583 1825 5646 adjungi
1850 5581 1911 5646 ad
1935 5597 2043 5635 ver-

450 5642 569 5704 Dum
589 5642 872 5706 inteiliqant.
916 5649 967 5693 Et
1022 5642 1186 5694 uidem
1210 5642 1409 5706 Vulgata
1433 5642 1861 5695 Evanrvelii'versio
1882 5644 1932 5694 in
1956 5658 2043 5695 ex.

449 5706 583 5768 ensis
600 5696 768 5763 habet
805 5702 967 5768 etnon
988 5657 1266 5768 intelligant
1286 5703 1465 5766 corde;
1495 5682 1588 5755 sed
1606 5709 1655 5755 in
1690 5708 1901 5768 antiquis
1926 5714 2043 5756 Cor-

515 5717 583 5770 ius
600 5717 768 5770 aranei,
796 5717 967 5770 (etnon
1000 5717 1266 5770 intelligam
1286 5717 1465 5770 carae;
1495 5717 1581 5755 seu
1606 5717 1655 5770 tu
1690 5717 1901 5770 anuquts
1926 5717 2043 5770 cor-

451 5767 739 5838 beiehsihus
758 5766 939 5838 uit-iliis,
960 5781 1122 5830 graeco
1142 5766 1456 5827 consentiens
1478 5768 1788 5831 negationem
1810 5766 1902 5821 hoc
1936 5769 2041 5821 loco

452 5830 653 5907 minime
673 5830 869 5890 repetit.

1403 358 1471 416 IN
1506 358 1785 417 JOANMS
1826 358 2302 431 EVANGELIUM,
2344 362 2400 419 S.
2444 362 2816 423 AUGUSTINI

3592 381 3715 455 i730

2179 477 2475 548 susciperet
2516 494 2755 549 carnem,
2801 483 2968 539 oculis
2988 483 3263 541 hominum
3286 529 3301 555 ,
3338 487 3468 545 sicut
3505 492 3651 549 voluit
3674 498 3715 555 in

2176 567 2417 640 subjecta
2439 569 2537 626 sibi
2560 583 2824 642 creatura,
2849 592 2953 630 non
2976 570 3128 633 sicuti
3152 589 3251 636 est.
3276 576 3571 641 Mundcmns
3587 590 3719 647 corda

2178 674 2273 730 per
2299 658 2476 728 iidem,
2509 675 2565 718 ut
2593 664 2667 719 illi
2700 662 2978 735 incﬂ'abili,
3000 677 3087 737 et,
3122 679 3177 724 ut
3202 668 3270 724 ita
3299 670 3483 741 dicam,
3512 672 3721 738 invisibili

2175 752 2365 808 visioni
2397 770 2775 826 prteparemur.
2809 756 2955 813 Beati
2994 759 3137 815 enim
3178 760 3372 819 mundo
3409 767 3591 837 corde,
3619 789 3724 842 quo-

2176 845 2317 900 niam
2347 844 2443 918 ipsi
2473 848 2640 903 Deum
2669 849 2921 906 videbunt
2952 849 3160 925 (Matth.
3186 872 3237 920 v,
3265 853 3341 931 8).

2249 936 2337 991 15.
2382 935 2733 995 Verumtamen
2758 954 2802 995 el
2830 962 2891 998 ea:
2916 946 3225 1019 principibus
3266 950 3413 1005 nmlti
3449 954 3731 1017 credideram

2174 1027 2228 1082 in
2254 1046 2403 1098 eum;
2428 1031 2518 1084 sed
2544 1042 2745 1106 propter
2769 1030 3058 1092 Pltariswos
3084 1056 3184 1093 non
3209 1040 3585 1113 conﬁtebantur,
3612 1060 3656 1103 ut
3680 1052 3729 1107 de

2174 1139 2437 1195 synagoga
2464 1141 2561 1178 non
2589 1124 2886 1198 ejicerentur
2912 1145 2931 1182 :
2956 1126 3236 1185 dilexerunt
3271 1135 3401 1187 enim
3434 1137 3630 1208 gloriam
3653 1144 3726 1198 lto-

2173 1216 2371 1269 minum
2392 1216 2552 1288 magis
2572 1236 2721 1288 quam
2743 1222 2958 1293 gloriam
2982 1221 3089 1277 Dei.
3115 1220 3303 1281 Videte
3324 1232 3728 1299 quemadmodum

2175 1310 2440 1364 notaverit
2466 1310 2800 1382 Evangelista
2831 1323 2884 1368 et
2910 1312 3282 1386 improbavcrit
3316 1320 3596 1390 quosdam,
3623 1341 3729 1395 quos

2177 1409 2354 1455 tamen
2398 1403 2448 1456 in
2492 1418 2613 1457 eum
2659 1404 2952 1461 credidisse
2996 1406 3168 1463 dixit:
3198 1410 3289 1481 qui
3322 1411 3371 1466 in
3402 1411 3500 1468 hoc
3529 1413 3732 1486 ingressu

2175 1490 2299 1549 ﬁdei
2336 1494 2381 1549 si
2418 1495 2736 1566 proficerent
2758 1540 2773 1564 ,
2805 1512 3040 1553 amorem
3071 1516 3284 1571 quoque
3312 1500 3555 1560 humanae
3577 1507 3731 1578 gloriae

2174 1585 2503 1657 proficiendo
2532 1598 2867 1657 superarent,
2898 1605 3056 1660 quem
3090 1605 3439 1662 superaverat
3465 1598 3728 1668 Apostolus,

2174 1672 2379 1745 dicens,
2413 1678 2545 1733 dli/ti
2570 1690 2735 1735 autem
2765 1682 2891 1736 absit
2914 1682 3157 1754 gloriari,
3187 1686 3286 1740 nisi
3315 1688 3369 1742 in
3395 1704 3536 1744 cruce
3562 1686 3733 1747 Domini

2142 1768 2336 1827 mostri
2362 1764 2486 1824 Iesu
2516 1767 2736 1837 Christi,
2767 1790 2855 1844 per
2890 1791 3033 1846 quem
3074 1774 3198 1829 milii
3241 1777 3463 1831 tumidus
3501 1782 3732 1851 cruciﬁxus

2175 1870 2269 1928 est,
2294 1871 2339 1916 et
2360 1880 2449 1934 ego
2469 1860 2656 1917 mundo
2686 1862 2878 1937 (Colat.
2906 1881 2955 1919 vr
2976 1908 2990 1931 ,
3018 1860 3128 1938 14).
3160 1865 3239 1921 Ad
3269 1867 3376 1923 hoc
3410 1870 3545 1925 enim
3575 1880 3624 1926 et
3645 1873 3730 1944 ipse

2176 1950 2432 2009 Dominus
2460 1969 2673 2010 crucem
2704 1972 2853 2011 suam
2876 1998 2890 2025 ,
2931 1957 3016 2012 ubi
3059 1975 3178 2012 eum
3220 1957 3491 2017 dementia
3527 1962 3729 2035 superba:

2175 2045 2465 2117 impietatis
2506 2045 2703 2112 irrisit,
2752 2048 2803 2102 in
2853 2064 3036 2104 eorum
3075 2050 3161 2122 qui
3210 2051 3262 2105 in
3309 2052 3459 2108 illum
3494 2054 3731 2113 crederent

2176 2135 2441 2194 frontibus
2471 2138 2615 2206 lixit,
2650 2138 2739 2194 ubi
2775 2147 2856 2195 est
2896 2140 3288 2210 quodammodo
3319 2144 3478 2200 sedes
3510 2162 3725 2203 verecun-

2175 2230 2297 2299 dia),
2330 2241 2387 2287 ut
2412 2232 2479 2288 de
2505 2233 2718 2289 nomine
2744 2233 2862 2303 ejus
2890 2233 3020 2289 fides
3050 2250 3152 2289 non
3182 2236 3498 2305 erubescat,
3527 2251 3574 2296 et
3598 2243 3727 2313 magis

2176 2322 2269 2378 Dei
2298 2322 2518 2396 gloriam
2550 2341 2706 2397 quam
2737 2323 3009 2383 hominum
3047 2325 3249 2398 diligat.

2684 2460 3094 2518 TRACTATUS
3132 2461 3265 2517 LIV.

2174 2568 2249 2627 Ab
2274 2589 2333 2628 eo
2358 2571 2494 2643 quod
2517 2572 2587 2626 ait
2611 2573 2761 2627 Iesus
2781 2573 2924 2647 ,.Qui
2953 2574 3123 2630 credit
3152 2574 3203 2629 in
3229 2592 3317 2631 me
3338 2620 3353 2637 .
3390 2594 3493 2632 non
3520 2580 3664 2634 credit
3688 2581 3726 2635 in

2244 2681 2362 2733 me,
2391 2665 2485 2721 sed
2512 2667 2564 2720 in
2587 2682 2706 2722 eum
2731 2669 2820 2737 qui
2845 2668 2987 2723 misit
3011 2682 3094 2725 me
3115 2687 3129 2735 ;
3158 2685 3315 2741 usque
3334 2673 3496 2739 adid,
3523 2674 3637 2741 Qua:
3653 2691 3729 2746 ego

2245 2757 2463 2828 loquor,
2492 2758 2628 2812 sicut
2652 2758 2784 2812 dixit
2810 2759 2939 2814 mihi
2963 2760 3138 2825 Pater,
3171 2764 3248 2817 sic
3278 2764 3489 2835 loquor.
3520 2767 3633 2838 Cap.
3657 2784 3727 2834 xu,

2172 2856 2175 2859 ·
2260 2850 2333 2923 7.
2363 2850 2553 2905 ιιι-50.

2247 2962 2300 3018 1.
2331 2960 2606 3035 Loqneute
2640 2962 2866 3019 Domino
2904 2974 3087 3021 nostro
3114 2964 3241 3022 Jcsu
3268 2966 3491 3025 Christo
3517 2972 3638 3042 apud
3660 2970 3728 3027 lu-

2173 3052 2351 3120 daeos,
2393 3056 2446 3108 et
2483 3059 2626 3108 tanta
2658 3054 3035 3111 miraculorum
3067 3058 3215 3129 signa
3249 3058 3516 3129 faciente,
3554 3062 3727 3135 quidam

2172 3145 2516 3203 “crediderunt
2565 3145 2919 3216 prrdestinati
2975 3149 3026 3203 in
3074 3150 3236 3205 vitam
3289 3158 3580 3219 aeternam,
3624 3170 3727 3225 quos

2174 3239 2331 3291 etiam
2363 3238 2569 3293 vocavit
2607 3254 2734 3292 oves
2772 3254 2895 3293 suas
2929 3258 2942 3293 :
2979 3240 3200 3315 quidam.
3234 3251 3506 3300 vero-non
3532 3244 3729 3301 czedide-

2173 3345 2327 3393 rimi,
2360 3345 2458 3384 nec
2489 3338 2730 3400 poterant
2762 3331 3011 3409 credere,
3040 3347 3103 3387 eo
3133 3334 3272 3404 quod
3296 3338 3540 3401 occulto,
3568 3355 3650 3394 nec
3670 3347 3729 3392 ta-

2172 3437 2295 3477 men
2326 3422 2521 3493 injusto
2548 3422 2749 3492 judicio
2780 3425 2871 3479 Dei
2904 3425 3111 3479 fuerant
3138 3430 3389 3483 excmcati
3433 3440 3483 3486 et
3517 3430 3724 3497 indurati,

2173 3510 2455 3568 deserente
2487 3514 2577 3569 illo
2606 3515 2692 3585 qni
2735 3515 2977 3586 superbis
3008 3506 3203 3573 resistit
3226 3561 3239 3585 ,
3274 3518 3562 3578 humilibus
3584 3533 3725 3577 autem

2172 3603 2260 3659 dat
2289 3606 2513 3676 gratiam
2546 3600 2745 3679 (Jacobi
2768 3618 2838 3674 tv,
2863 3608 2940 3679 6).
2972 3602 3168 3663 Eorum
3197 3616 3373 3667 autem
3404 3615 3496 3684 qui
3524 3612 3726 3670 credide-

2171 3707 2328 3763 runt,
2381 3696 2467 3751 alii
2511 3714 2681 3769 usque
2728 3699 2861 3756 adeo
2904 3700 3326 3770 confitebantur,
3366 3716 3431 3760 ut
3476 3708 3724 3779 palmarum

2170 3791 2335 3844 ramis
2364 3792 2594 3861 acceptis
2621 3790 2851 3846 venienti
2879 3802 3217 3849 occurrerent
3236 3839 3249 3862 ,
3292 3796 3342 3850 in
3377 3798 3562 3855 eadem
3588 3798 3724 3854 laudis

2168 3878 2503 3938 confessione
2547 3883 2783 3938 iretantes
2818 3901 2830 3937 ε
2863 3883 2949 3938 alii
2995 3898 3121 3940 vero
3168 3902 3228 3941 ex
3280 3889 3599 3963 principibus
3641 3874 3721 3945 non

2164 3972 2435 4032 audebant
2475 3977 2751 4042 coniiteri,
2786 3986 2843 4031 ut
2878 3979 2944 4032 de
2976 3994 3237 4051 synagoga
3269 3994 3373 4038 non
3405 3986 3719 4054 ejicerentur;

2166 4078 2298 4141 quos
2336 4072 2538 4125 notavit
2564 4068 2891 4142 Evangelista
2923 4074 3133 4139 dicetis,
3169 4078 3308 4145 quod
3338 4063 3721 4150 dilereruutglo-

2164 4162 2293 4223 riam
2316 4162 2573 4216 hominum
2600 4163 2761 4234 magis
2786 4180 2937 4236 quam
2963 4160 3176 4234 gloriam
3200 4166 3295 4221 Dei
3323 4166 3500 4241 (Joan.
3523 4178 3606 4235 XII,
3626 4168 3718 4239 45).

2164 4242 2364 4308 Eorum
2401 4255 2560 4309 etiam
2602 4254 2689 4324 qui
2728 4268 2830 4309 non
2866 4254 3240 4322 crediderunt,
3274 4259 3359 4313 alii
3392 4268 3537 4315 emnt
3567 4268 3717 4330 ιιοείοι

2162 4347 2436 4415 erodituri,
2464 4361 2598 4418 quos
2623 4348 2948 4418 preevidebat
2967 4392 2981 4416 ,
3011 4349 3100 4404 ubi
3129 4351 3203 4405 ait
3222 4394 3234 4415 ,
3269 4350 3395 4407 Cant
3422 4351 3717 4408 animoeritis

2160 4436 2355 4493 Filium
2381 4436 2615 4505 hominis,
2645 4454 2762 4494 tunc
2794 4444 3073 4513 agnoscetis
3099 4444 3217 4514 quia
3246 4462 3336 4517 ego
3365 4463 3475 4501 sum
3499 4446 3599 4521 (Id.
3625 4450 3712 4510 vnt,

2158 4530 2249 4604 28)
2286 4551 2297 4586 :
2327 4534 2415 4587 alii
2443 4548 2570 4587 vero
2600 4534 2652 4587 in
2682 4533 2867 4589 eadem
2900 4534 3205 4591 infidelitate
3237 4540 3490 4605 mansuri,
3522 4546 3714 4609 quorum

2159 4624 2410 4679 imitatrix
2455 4634 2536 4679 est
2574 4625 2732 4679 etiam
2779 4626 2876 4680 ista
2918 4641 3050 4698 gens
3076 4626 3381 4685 Jndzeorum
3403 4673 3417 4697 ,
3448 4642 3560 4701 qua:
3594 4635 3714 4700 post-

2156 4717 2374 4772 modum
2406 4716 2698 4785 debellata,
2732 4719 2796 4775 ad
2827 4723 3189 4779 testimonium
3220 4726 3505 4796 prepbctiie
3531 4742 3635 4797 qum
3659 4720 3711 4778 de

2154 4807 2369 4865 Christo
2393 4810 2587 4880 scripta
2615 4816 2715 4878 est,
2748 4812 2797 4866 in
2830 4821 2940 4867 toto
2971 4830 3105 4884 pene
3138 4816 3269 4873 orbe
3304 4820 3534 4890 dispersa
3562 4828 3651 4875 est.

2224 4902 2278 4956 2.
2314 4901 2406 4958 llis
2432 4903 2501 4958 ita
2531 4920 2589 4961 se
2615 4900 2963 4971 habentibus,
2994 4918 3047 4963 et
3084 4926 3178 4965 sua
3213 4911 3322 4983 jam
3359 4914 3707 4986 propinquante

2154 4997 2433 5066 passione,
2460 4996 2614 5052 Jesus
2653 4998 2913 5066 clamavit,
2957 5010 3003 5055 et
3041 4996 3205 5071 dixit;
3236 5007 3373 5063 unde
3401 5007 3547 5062 iet-tio
3573 5003 3707 5072 cu'pit

2151 5087 2406 5143 hodierna
2441 5108 2453 5143 :
2489 5088 2588 5155 Qui
2612 5092 2766 5146 credit
2792 5094 2843 5147 in
2872 5110 2980 5160 me,
3023 5113 3124 5150 non
3152 5100 3307 5152 crea’it
3344 5100 3396 5155 in
3433 5116 3538 5165 me,
3567 5097 3645 5152 sed
3663 5095 3704 5148 in

2152 5195 2265 5232 eum
2296 5178 2383 5253 qui
2408 5181 2539 5235 misit
2567 5199 2645 5236 me
2678 5199 2696 5237 :
2722 5193 2769 5238 et
2798 5186 2884 5255 qui
2908 5180 3036 5240 videt
3062 5205 3140 5244 me
3159 5231 3173 5254 ,
3209 5192 3335 5245 videt
3362 5208 3467 5245 eum
3495 5189 3573 5260 qui
3595 5186 3704 5241 misit

2151 5286 2248 5326 me.
2281 5268 2397 5327 Jam
2438 5272 2645 5329 dixerat
2689 5278 2918 5347 quodam
2962 5278 3115 5334 loco:
3146 5279 3264 5337 illeo
3291 5282 3509 5339 doctrina
3532 5298 3621 5335 non
3646 5286 3706 5333 est

2151 5380 2283 5430 mea,
2317 5363 2406 5417 sed
2429 5366 2538 5434 ejus
2578 5367 2664 5437 qui
2694 5366 2828 5421 misit
2879 5387 2957 5423 me
2987 5370 3004 5443 (
3032 5358 3116 5425 ld.
3142 5389 3234 5440 vn,
3272 5375 3377 5449 id).
3410 5373 3500 5432 Ubi
3528 5366 3702 5449 intelle-

2150 5452 2324 5511 ximus
2365 5470 2488 5510 eum
2533 5454 2828 5512 doctrinam
2874 5475 3024 5517 suam
3064 5461 3263 5520 dixisse
3297 5448 3521 5523 Verbum
3558 5448 3702 5517 Patri!)

2150 5547 2289 5617 quod
2306 5555 2386 5604 est
2402 5547 2512 5617 ipse
2528 5566 2544 5616 ;
2571 5560 2625 5605 et
2647 5548 2748 5605 hoc
2768 5551 3093 5623 signiﬁcasse
3109 5556 3354 5625 dicendo,
3382 5550 3493 5614 Mea
3508 5552 3701 5608 doctrina

2151 5657 2249 5695 non
2277 5650 2346 5695 est
2374 5659 2515 5706 mea,
2549 5645 2638 5725 sed
2668 5646 2779 5718 ejus
2806 5647 2894 5719 qui
2914 5665 2992 5702 me
3008 5650 3164 5722 misit,
3194 5652 3333 5725 quod
3368 5671 3396 5709 a
3429 5645 3702 5723 εαῑρεοῖρεε

2151 5732 2257 5821 non
2284 5738 2446 5801 esset,
2474 5722 2567 5792 sed
2592 5734 2809 5821 haberet
2834 5756 2863 5792 a
2889 5756 2993 5812 quo
3015 5740 3158 5799 esset
3186 5722 3402 5818 (Supra,
3433 5743 3477 5800 Τ
3478 5744 3587 5793 md.
3608 5722 3700 5807 99h

2325 5824 2467 5901 enim
2500 5828 2565 5882 de
2596 5822 2708 5889 Deo
2728 5872 2743 5899 ,
2769 5808 2940 5891 Filius
2974 5830 3144 5890 Patris
3181 5808 3202 5892 τ’
3232 5808 3399 5897 Pater
3426 5840 3591 5895 autem
3620 5822 3703 5882 ιιοιί
