1963 3187
96 176 154 206 "Si

91 234 157 262 Deus
167 233 201 262 de
212 233 278 267 Deo,
294 234 338 263 sed
352 234 423 262 Deus
436 234 514 262 Pater
526 234 597 262 Filii.
611 234 686 262 Nunc
700 239 787 263 autem
802 235 872 271 quod

89 280 132 313 ait,
145 278 195 314 Qui
207 280 289 308 credit
301 280 328 308 its
340 289 389 312 nte,
407 287 456 308 non
470 280 548 308 credit
565 280 591 307 in
610 288 659 313 me,
672 281 715 308 sed
728 281 754 308 in
768 290 823 308 cum
836 282 879 316 qui

90 326 151 353 misit
162 334 210 358 me,
225 326 360 361 quomodo
372 326 532 355 intellecturi
544 334 646 359 sumus.
661 327 711 354 nisi
724 328 786 363 quia
797 327 877 356 Immo

89 371 226 407 apparebat
239 371 392 401 hominibus
402 391 409 405 ,
424 380 484 401 cum
497 373 593 401 lateret
603 374 692 401 Deus?
706 374 739 402 Et
752 383 785 402 ne
798 375 876 410 putil-

89 421 143 445 rcnt
153 417 203 446 hoc
216 425 279 446 cum
293 426 354 447 esse
367 419 550 447 tantummodo
562 420 631 455 quod
644 420 780 454 videbant,
795 421 874 449 talem

89 470 115 489 ac
126 467 222 490 tantum
235 471 265 491 se
275 464 368 491 volens
377 464 460 497 credi,
474 465 558 499 qualis
572 470 598 492 ct
609 470 722 500 quantus
734 471 775 494 est
785 467 874 501 Pater,

90 508 134 542 Qui
141 509 219 536 credit
230 510 258 536 in
270 518 319 544 me,
331 510 426 545 ittqttit,
437 519 487 538 nou
498 511 576 539 credit
587 511 614 538 in
624 520 672 545 me,
687 512 711 540 id
723 516 773 544 est,
787 513 814 541 in
825 513 877 541 hoc

87 554 150 589 quod
161 555 249 587 videt;
263 556 309 584 sed
321 557 347 583 in
359 564 414 583 eum
426 557 469 591 qui
481 556 547 585 misit
557 565 606 591 me,
620 557 645 585 id
655 562 705 591 est,
720 559 745 587 in
757 559 874 588 Patrem.

87 600 132 628 Sed
144 602 188 637 qui
201 602 291 630 credit
304 602 330 630 in
342 602 457 636 Patrem,
472 610 581 633 necesse
594 608 636 631 est
644 613 704 632 ctttn
716 605 806 633 credat
815 614 876 634 esse

87 645 202 680 Patrem;
218 647 263 683 qui
279 652 367 675 autem
387 648 473 677 credit
492 656 553 677 eum
569 649 674 678 Pntretn
684 671 692 684 ,
712 657 821 680 necesse
834 657 876 680 est

86 696 111 719 ut
121 692 209 720 credat
224 700 287 720 eum
303 692 401 722 habere
415 693 512 722 Filium
527 703 533 721 :
548 703 580 723 tte
595 703 641 730 per
658 696 709 723 hoc
727 697 770 732 qui
790 698 875 726 credit

86 736 108 764 itt
122 737 240 772 Patrem,
261 746 372 766 necesse
385 744 427 767 est
448 743 476 766 ut
496 740 588 768 credat
607 741 633 769 in
650 741 757 770 Filium.
774 742 826 771 Sed
840 750 875 771 nc

85 783 214 818 quisquam
231 783 285 811 hoc
300 785 391 812 credat
404 785 438 814 de
456 786 591 821 unigenito
611 787 691 820 Filio,
708 788 777 823 quod
794 788 827 816 de
841 789 874 817 iis

85 830 123 865 qui
135 829 195 857 dicti
210 835 277 858 sunt
293 831 338 858 lilii
352 831 400 859 Dei
414 833 560 861 secundum
575 834 685 869 gratiam
697 856 704 868 ,
724 842 776 863 non
796 840 874 864 natu~

85 884 133 904 ram
142 897 150 910 ,
164 877 233 906 sicut
247 878 288 906 ait
300 878 485 914 Evangelista,
502 880 577 908 Dedit
591 882 626 909 eis
640 886 787 917 potestatem
807 884 874 918 ﬁlios

86 923 190 959 Dei/Feri
208 924 301 959 (Joan.
317 933 340 959 ι,
356 925 418 961 12);
435 926 505 954 unde
528 932 555 955 ct
578 928 643 955 illud
664 933 705 957 est
725 929 795 964 quod
817 930 873 965 ipse

86 969 203 999 Dominus
222 973 447 1000 commemoravit
463 974 491 1001 in
504 973 576 1009 Lege
593 974 710 1008 dictum,
733 975 788 1011 Ego
807 976 871 1010 dixi,

85 1015 121 1043 Dii
133 1018 203 1048 estis.
225 1022 250 1045 et
264 1018 314 1052 ﬁlii
327 1019 417 1046 excelsi
428 1027 514 1047 omnes
532 1019 588 1056 (Id.
603 1029 618 1048 Χ
629 1040 637 1053 ,
651 1021 698 1056 54)
713 1030 719 1048 :
734 1027 871 1056 propterea

85 1061 148 1094 dixit,
164 1062 212 1096 Qui
222 1064 305 1090 credit
315 1064 341 1091 in
352 1072 401 1098 me,
414 1073 463 1092 non
474 1065 552 1092 credit
561 1066 588 1092 in
599 1073 653 1099 me;
664 1074 696 1093 ne
708 1070 791 1093 totum
802 1066 872 1101 quod

85 1107 112 1134 de
123 1107 225 1136 Christo
239 1109 377 1142 creditur,
394 1111 541 1139 secundum
557 1111 691 1139 hominem
707 1112 869 1141 crederetur.

84 1153 123 1181 ille
134 1162 202 1188 ergo,
219 1155 326 1191 inquit,
344 1157 430 1185 credit
443 1158 470 1185 in
484 1166 542 1192 me,
558 1159 602 1195 qui
618 1166 670 1186 non
685 1159 770 1187 credit
789 1160 814 1187 in
829 1168 871 1189 me

83 1201 215 1228 secundum
235 1202 261 1229 id
276 1203 347 1237 quod
359 1212 402 1231 me
412 1204 493 1237 videt,
507 1205 553 1232 sed
565 1205 591 1232 in
603 1213 663 1233 eum
674 1206 717 1241 qui
731 1214 772 1234 ttte
784 1207 870 1234 tnisitt

84 1250 106 1272 ut
117 1253 171 1273 cum
189 1247 282 1275 credit
297 1248 323 1276 in
337 1248 442 1277 Patrem
453 1270 461 1283 ,
476 1250 568 1277 credat
582 1258 642 1278 eunt
664 1251 763 1281 habere
775 1252 870 1280 Filium

83 1292 124 1319 sibi
132 1294 272 1327 mqualem,
282 1299 308 1322 et
320 1299 383 1323 tunc
389 1304 451 1324 vere
463 1296 587 1325 crcdatin
597 1305 648 1325 tne.
659 1297 724 1325 Nam
733 1299 755 1326 si
765 1303 872 1334 putave-

84 1340 112 1367 n't
127 1348 181 1368 cum
196 1350 254 1369 non
271 1342 369 1370 ltabere
383 1344 432 1371 nisi
445 1343 514 1372 ﬁlios
527 1345 673 1372 sccundnttt
685 1346 812 1380 gratiam,
826 1347 870 1381 qui

84 1391 134 1412 sunt
147 1387 202 1421 eius
217 1388 312 1422 utique
326 1393 458 1422 creatura,
474 1397 525 1417 non
544 1390 667 1420 Verbum.
684 1391 730 1418 sed
745 1391 810 1419 facta
825 1400 871 1427 per

86 1430 196 1467 Verbum,
212 1441 267 1461 nec
282 1434 380 1463 habere
394 1435 490 1464 Filium
503 1437 632 1472 :cqttalunt
647 1438 695 1465 sibi
709 1444 787 1474 atque
800 1447 871 1467 cme-

86 1481 189 1513 ternunt,
203 1488 315 1515 semper
328 1486 434 1516 natum,
450 1483 547 1517 pariter
563 1484 822 1517 ittcmtnttutaI-tlcttt.
838 1493 869 1515 ett

86 1521 146 1553 nullo
157 1526 314 1555 dissimilem
323 1533 402 1563 atque
412 1529 550 1565 imparem;
567 1538 617 1558 non
627 1533 708 1559 credit
719 1541 743 1560 ιιι
766 1533 869 1561 I'atrcut

86 1571 123 1605 qui
132 1579 185 1600 eum
196 1574 282 1606 misit,
294 1575 356 1609 quia
369 1582 422 1603 non
433 1581 474 1603 est
491 1576 541 1605 hoc
551 1577 627 1605 Pater
638 1579 683 1614 qui
697 1587 757 1607 cuni
770 1581 851 1608 tuisu.

117 1616 140 1643 3.
148 1617 178 1644 Et
187 1619 248 1646 ideo
256 1627 316 1646 cttm
326 1620 446 1654 dixisset,
459 1621 509 1654 Qui
517 1622 594 1650 credit
604 1624 628 1650 iu
638 1631 686 1657 mr,
696 1633 746 1651 non
756 1628 834 1653 cmtu
844 1627 870 1654 iu

89 1669 136 1695 me,
145 1664 183 1690 sed
193 1665 220 1690 in
231 1673 289 1692 eum
301 1665 343 1700 qui
354 1666 421 1694 misit
433 1675 487 1699 me;
508 1675 541 1696 ne
557 1673 694 1703 putaretur
706 1670 743 1698 sic
754 1671 871 1699 voluisse

87 1707 178 1737 Patrem
185 1711 298 1747 intelligi
307 1717 430 1747 tanquam
437 1713 542 1741 Patrem
551 1715 695 1743 multorum
703 1717 815 1744 ﬁliorum
824 1725 871 1752 per

87 1756 181 1789 gratiam
190 1763 409 1793 regeneratorttm
419 1779 426 1792 ,
439 1767 492 1787 non
506 1761 575 1788 unici
593 1761 669 1789 Verbi
685 1763 794 1797 atqualls
809 1764 869 1798 sibi,

87 1802 199 1831 centinuo
214 1804 338 1839 subjccit,
356 1804 387 1831 Et
396 1806 439 1842 qui
451 1806 515 1832 uidet
530 1814 569 1833 me
579 1827 586 1839 ,
603 1807 667 1835 uidet
680 1809 789 1844 eumqui
804 1809 870 1837 misit

88 1855 126 1875 me.
140 1849 270 1885 Numquid
288 1852 334 1885 ait,
351 1851 400 1885 Qui
416 1852 486 1880 videt
499 1860 557 1886 me,
576 1861 627 1881 non
650 1854 720 1882 videt
734 1863 794 1889 me,
823 1856 870 1884 sed

88 1900 136 1920 eum
147 1896 188 1930 qui
204 1897 279 1923 misit
293 1905 354 1929 tne;
371 1898 438 1924 sicut
457 1898 578 1932 dixerat,
600 1899 649 1932 Qui
671 1901 749 1928 credit
767 1902 793 1929 iu
820 1910 869 1934 me,

88 1947 129 1966 tum
141 1943 218 1969 crrdit
231 1943 257 1969 in
273 1951 321 1973 me,
335 1943 380 1970 5rd
390 1944 415 1970 in
430 1952 486 1970 eum
501 1946 544 1980 qui
558 1945 624 1972 misit
636 1947 697 1973 me?
711 1947 776 1973 lllttd
793 1955 869 1974 naut-

88 1993 130 2020 que
141 1988 213 2020 dixit,
229 1997 262 2016 ne
277 1992 345 2017 sicut
357 1990 506 2024 videbatur,
517 1991 671 2020 crederetur
686 1994 870 2021 tantummodo

90 2032 146 2061 [ilius
160 2035 274 2063 hominis
289 2046 295 2063 :
308 2037 358 2064 hoc
368 2040 456 2065 atttem
467 2038 550 2070 dixit,
567 2040 594 2065 ut
615 2039 687 2066 Patri
715 2040 870 2068 crederetur

88 2080 190 2113 aqualis.
206 2082 256 2116 Qui
272 2082 356 2110 credit
371 2083 396 2110 in
410 2092 461 2117 me,
478 2084 579 2119 ittquit,
596 2093 649 2112 non
671 2086 757 2113 credit
771 2086 797 2113 in
819 2086 869 2114 hoc

89 2125 145 2157 (tum!
158 2127 229 2155 videt
243 2136 295 2161 ttte,
312 2128 358 2156 sed
373 2129 460 2157 credit
475 2130 500 2157 in
514 2138 575 2157 cttm
591 2131 636 2166 qttl
658 2132 730 2159 misit
749 2140 801 2160 me.
816 2132 879 2160 Aut.

90 2178 138 2198 tum
150 2173 232 2201 credit
247 2174 272 2201 itt
286 2174 391 2202 Patrem
412 2176 455 2210 qui
470 2176 521 2204 sibi
538 2178 667 2212 mqualcm
689 2179 780 2213 genuit
806 2187 866 2212 tne;

89 2223 131 2244 non
144 2220 272 2253 quomodo
289 2228 331 2247 me
346 2221 425 2253 videt,
441 2222 486 2249 sed
501 2223 539 2249 sic
559 2223 651 2251 credat
667 2224 692 2252 itt
711 2233 771 2259 tne,
800 2233 867 2260 quo-

91 2264 157 2291 modo
171 2266 194 2292 in
205 2272 264 2294 eum
280 2267 324 2302 qtti
339 2268 409 2294 misit
423 2276 465 2295 me
481 2277 487 2295 :
506 2277 588 2304 usque
615 2268 682 2297 adeo
709 2270 779 2298 cnint
803 2271 868 2299 nihil

91 2307 157 2338 distat
170 2312 235 2340 inter
248 2321 309 2341 eunt
322 2318 418 2347 etme,
434 2319 462 2342 ut
476 2315 520 2351 qui
540 2324 582 2343 tne
603 2316 674 2345 ridet
695 2318 782 2345 videat
807 2326 866 2345 cum

90 2356 126 2389 qui
144 2366 182 2386 tne
199 2360 279 2387 misit.
310 2360 451 2395 Apostolos
479 2370 541 2389 suos
564 2367 635 2391 certe
658 2364 713 2398 ipse
741 2363 867 2393 Dominus

91 2401 193 2432 Christus
208 2407 297 2440 misit,
312 2407 383 2442 quod
403 2416 494 2435 eorum
523 2409 602 2436 etiam
626 2418 722 2437 nomen
746 2410 865 2438 indicat:

91 2455 139 2476 nam
153 2451 215 2479 sicut
237 2460 324 2488 gra-ce
338 2453 440 2488 angeli,
461 2454 541 2482 latine
561 2456 644 2482 nuntii
665 2460 802 2489 vocantur,
832 2457 867 2484 ita

90 2500 161 2526 llr-tce
183 2499 309 2533 apostoli,
333 2499 411 2526 latine
436 2500 508 2527 missi
525 2500 700 2535 appellantur.
728 2499 867 2537 Nunquam

90 2542 162 2567 lamen
175 2543 267 2578 aliquis
295 2545 477 2578 apostolorum
493 2545 581 2572 dicere
595 2546 713 2579 :nnlrrcl,
730 2547 777 2579 Qui
789 2547 867 2574 (rodit

91 2592 110 2610 ut
124 2595 170 2619 me,
183 2598 232 2617 non
246 2590 326 2617 credit
349 2592 372 2617 in
392 2600 444 2622 me,
465 2592 507 2617 sed
533 2593 557 2617 in
573 2601 627 2618 rum
652 2594 692 2628 qui
716 2594 780 2619 misit
809 2602 867 2621 me:

93 2634 183 2662 utttnino
197 2637 266 2663 enim
284 2645 335 2663 non
348 2636 449 2664 (ιιι-ενοι
461 2659 467 2666 ,
484 2637 532 2669 Qui
548 2638 625 2663 rmlit
651 2639 674 2664 in
700 2648 746 2664 ηιιι.
771 2639 865 2666 (lt-edi-

91 2682 138 2704 ntus
150 2681 212 2707 enim
225 2682 358 2716 apostolo,
376 2682 422 2709 sed
438 2691 488 2708 non
515 2683 648 2710 credimus
662 2684 687 2710 in
706 2686 865 2719 apeslnluttt:

93 2727 135 2749 “nn
149 2727 212 2754 enim
226 2729 362 2762 apostolus
381 2728 505 2762 justilicat
527 2730 646 2763 impium.
670 2730 793 2757 (irctlcnti
816 2738 865 2758 att-

94 2769 137 2795 ιεῐῐι
149 2770 171 2798 in
184 2780 243 2801 eum
257 2774 301 2808 qui
312 2774 439 2807 jusiilicat
451 2774 569 2808 impium,
583 2775 724 2809 ιΙι-μιιιίιιιιι
734 2775 865 2810 ΠιΙι-δρῄιε

92 2813 242 2849 adjustitiam
259 2819 346 2853 (item.
367 2827 402 2852 tv,
423 2820 439 2846 5
453 2819 472 2854 ).
496 2820 587 2847 l’osset
609 2820 697 2847 dicere
718 2821 863 2855 apostolus,

92 2856 132 2891 Qui
145 2863 228 2899 recipit
242 2870 293 2898 me,
307 2865 471 2900 recipitcutn
492 2866 535 2901 qtti
559 2874 601 2893 tite
624 2867 709 2899 misit;
729 2867 769 2894 vel
782 2889 789 2900 ,
814 2867 864 2901 Qui

92 2905 216 2944 auditme,
231 2910 303 2938 audit
313 2919 372 2938 eutn
384 2911 428 2946 qui
444 2919 486 2939 tne
500 2911 571 2938 misit
584 2920 590 2937 :
608 2912 657 2939 hoc
669 2912 740 2939 enim
755 2913 793 2940 eis
807 2914 865 2948 ipse

641 175 846 206 TBAGTATUB
862 175 931 206 LIV.
952 177 1066 207 CAPUT
1086 179 1144 208 XII.

1660 187 1728 218 i782

923 251 927 255 -
940 234 1067 264 Dominus
1079 237 1125 270 ait,
1142 237 1192 270 Qui
1206 246 1248 265 vos
1262 239 1349 275 recipit
1359 260 1366 273 ,
1381 248 1420 268 me
1431 242 1534 278 recipit,
1548 247 1573 271 et
1583 244 1627 279 qui
1639 246 1728 281 recipit

930 289 980 314 me,
994 283 1082 318 recipit
1095 291 1150 310 eum
1165 285 1206 319 qui
1218 286 1332 313 meminit
1345 286 1451 321 (Matth.
1463 296 1495 322 ι,
1511 288 1567 325 ιο).
1582 290 1648 324 Quia
1670 291 1721 319 de-

930 327 1018 356 minus
1032 328 1177 357 honoratur
1187 330 1213 357 in
1226 335 1315 365 servo,
1330 334 1357 359 et
1369 335 1446 367 pater
1457 334 1483 360 in
1499 334 1553 362 lilio
1568 344 1575 362 τ
1590 336 1635 364 sed
1650 342 1726 371 pater

931 375 1093 409 tanquamia
1113 375 1177 408 tilio,
1192 376 1316 405 dominus
1336 382 1460 414 tanquam
1480 380 1506 408 in
1525 385 1611 409 servo.
1641 380 1724 413 Filius

929 424 1017 448 autent
1026 422 1176 457 unigenitus
1189 428 1261 451 recte
1273 423 1362 453 dicere
1373 426 1468 460 potuit,
1477 426 1577 455 Credite
1588 429 1614 458 in
1631 429 1723 464 Deum,
1744 440 1751 468 4;

928 470 951 493 et
963 466 990 493 in
1004 474 1044 494 me
1055 468 1149 495 credite
1165 468 1254 504 (toan.
1270 478 1324 502 xiv,
1340 470 1366 505 l)
1378 479 1385 503 ι
1401 474 1428 498 et
1442 472 1513 507 quod
1526 479 1597 501 nunc
1611 474 1658 506 ait.
1674 476 1727 509 Qui

928 511 1005 539 credit
1020 512 1046 539 iit
1057 521 1105 545 me,
1119 521 1170 541 non
1185 514 1262 542 credit
1272 515 1299 542 in
1314 523 1363 549 tne,
1378 517 1421 543 sed
1432 517 1458 543 in
1470 523 1527 545 eunt
1541 519 1585 554 qui
1596 520 1662 547 misit
1673 528 1724 549 Me.

927 558 985 586 Non
1000 568 1015 587 a
1027 567 1057 588 se
1068 560 1177 588 abstulit
1190 562 1268 589 Iidem
1278 563 1423 597 credentis,
1435 564 1483 592 sed
1496 566 1580 594 noluit
1594 567 1621 594 in
1636 568 1724 595 forma

928 607 996 634 servi
1014 615 1154 636 remanere
1171 609 1323 637 credentem
1345 614 1352 637 ἐ
1377 612 1502 646 quoniam
1525 619 1585 640 cum
1611 613 1743 650 quisque'

927 653 1011 681 credit
1023 654 1049 680 itt
1065 654 1168 682 Patrem
1181 655 1227 690 qui
1242 664 1303 683 cum
1315 657 1398 690 misit,
1415 659 1534 693 pritl'ccto
1548 657 1666 687 creditin
1681 661 1727 688 Fi—

927 700 1001 734 lium,
1016 701 1073 729 sine
1087 709 1140 737 quo
1154 703 1258 730 Patrem
1272 711 1325 730 non
1340 710 1399 733 esse
1412 706 1562 739 cognoscit;
1574 711 1600 734 et
1616 707 1650 734 ita
1665 713 1724 735 ere-

927 747 965 775 dit
978 750 1008 775 ut
1021 748 1111 776 credat
1125 749 1264 784 aequalem,
1281 751 1406 785 quoniam
1420 752 1556 787 sequitur.
1578 753 1612 780 Et
1625 755 1668 789 qui
1682 755 1722 782 vi-

927 793 967 820 det
978 802 1031 826 me,
1047 794 1112 821 videt
1126 803 1182 821 eum
1192 796 1235 830 qui
1248 802 1287 823 me
1301 797 1380 824 misit.

961 840 988 866 4.
1010 840 1126 867 Attende
1145 844 1241 868 caetera
1258 849 1266 868 :
1287 841 1341 877 Ego
1356 842 1400 869 tua:
1419 844 1446 870 in
1463 844 1584 871 mundum
1605 847 1678 880 veni,
1695 851 1723 873 ut

926 885 1006 912 omnis
1015 886 1150 921 quieredit
1162 887 1188 913 in
1198 894 1252 920 me,
1271 888 1298 914 in
1313 888 1420 916 terteth
1440 893 1490 917 tum
1515 896 1623 919 moueat.
1652 892 1723 920 Dixit

926 931 1040 966 quodam
1055 932 1114 959 loco
1127 932 1263 968 discipulis
1276 933 1342 968 suis,
1363 933 1414 962 Vos
1423 936 1481 963 ralis
1494 938 1539 964 lue
1548 939 1644 966 ttiuttrll.
1660 936 1722 967 Non

926 981 1005 1010 potest
1017 978 1103 1004 ciuitas
1116 979 1234 1005 abscondi
1254 986 1331 1015 super
1352 985 1461 1008 montem
1479 983 1629 1016 constituta,
1645 986 1724 1020 neque

925 1022 1061 1048 accendunt
1075 1022 1213 1057 lucernam,
1229 1029 1252 1051 et
1267 1031 1363 1060 ponunt
1377 1034 1432 1056 eam
1444 1027 1490 1055 sub
1504 1028 1588 1056 "tudio
1600 1047 1607 1063 ,
1623 1030 1666 1057 sed
1680 1035 1724 1058 sua

926 1076 971 1102 per
980 1067 1160 1095 candelabrum
1173 1090 1179 1102 ,
1195 1075 1222 1096 ut
1234 1070 1316 1097 luceat
1328 1072 1444 1100 omnibus
1457 1074 1499 1108 qui
1510 1074 1535 1101 in
1547 1074 1622 1103 domo
1641 1081 1700 1104 sunt
1712 1084 1724 1104 ξ

925 1113 960 1143 sic
977 1113 1058 1140 lucent
1074 1113 1157 1141 lumen
1171 1120 1279 1143 rostrum
1300 1125 1385 1144 coram
1403 1118 1545 1147 hominibus
1555 1141 1563 1154 ,
1579 1126 1605 1148 ut
1620 1122 1722 1150 uideant

925 1167 1001 1195 opera
1014 1165 1095 1188 vestra
1111 1162 1185 1195 bona,
1202 1164 1224 1189 et
1237 1162 1380 1198 gloriﬁcent
1397 1164 1498 1193 Patrem
1509 1172 1616 1195 vestrum
1636 1170 1679 1204 qui
1693 1170 1721 1197 in

925 1205 993 1233 cretis
1007 1211 1041 1233 est
1053 1206 1159 1242 (Matth.
1173 1210 1199 1241 v,
1215 1209 1311 1245 Η-ίϐ)
1325 1218 1332 1236 :
1345 1218 1398 1238 non
1420 1215 1507 1239 tamen
1523 1213 1561 1240 cls
1574 1214 1655 1248 dixit,
1668 1215 1723 1244 Vos

925 1251 969 1278 lux
986 1252 1096 1279 venistis
1107 1253 1132 1280 in
1148 1253 1293 1288 mundum,
1310 1259 1338 1282 ut
1350 1256 1437 1284 omnis
1453 1257 1497 1291 qui
1512 1258 1598 1287 credit
1617 1260 1644 1287 in
1658 1267 1719 1295 vos,

925 1296 952 1324 in
974 1297 1092 1325 tenebris
1116 1305 1167 1325 tton
1195 1305 1310 1327 maneat.
1334 1300 1469 1337 Nusquam
1494 1302 1544 1330 hoc
1567 1304 1617 1339 legi
1642 1312 1723 1340 posse

924 1344 1065 1371 conlirmo.
1082 1344 1192 1372 Lumina
1207 1353 1272 1381 ergo
1285 1351 1348 1374 sunt
1364 1354 1458 1375 omnes
1472 1349 1572 1383 sancti;
1591 1350 1639 1378 sed
1660 1359 1721 1379 erev-

924 1388 1012 1417 dendo
1022 1389 1056 1416 ab
1068 1398 1101 1417 eo
1115 1390 1306 1424 illuminamur,
1321 1399 1336 1419 ιι
1349 1401 1402 1427 quo
1414 1393 1438 1420 si
1448 1394 1508 1429 quis
1524 1397 1665 1424 recesserit
1678 1402 1720 1425 ως

925 1435 1087 1463 uebrabitur.
1103 1436 1205 1464 Lumen
1226 1442 1314 1465 autent
1331 1437 1393 1466 illud
1411 1447 1465 1474 quo
1488 1440 1680 1477 lllumiuantur,
1704 1451 1721 1471 ι

924 1489 953 1509 se
967 1482 1092 1510 recedere
1107 1490 1159 1510 nott
1174 1488 1279 1518 potest;
1293 1484 1353 1519 quia
1372 1485 1589 1515 incommutabile
1609 1489 1721 1517 omnino

924 1532 973 1554 est.
998 1526 1137 1556 Credimus
1159 1536 1223 1564 ergo
1248 1529 1341 1557 lumini
1368 1530 1535 1566 illuminato,
1568 1533 1637 1561 sicut
1656 1542 1719 1569 pro-i

925 1574 1030 1607 pltetac,
1053 1574 1121 1601 sicut
1143 1576 1264 1610 apostolo
1283 1584 1290 1602 :
1310 1576 1357 1604 sed
1374 1577 1433 1605 ideo
1458 1578 1495 1606 illi
1517 1579 1667 1614 credimus,
1690 1582 1722 1608 ut

925 1628 976 1648 non
992 1622 1017 1648 itt
1034 1622 1119 1656 ipsum
1139 1622 1279 1650 credamus
1299 1624 1369 1659 quod
1384 1624 1564 1660 illuminatur,
1583 1627 1631 1654 sed
1658 1634 1721 1655 cum

925 1667 969 1695 illo
979 1667 1121 1695 credamus
1135 1669 1160 1695 itt
1172 1669 1236 1696 illttd
1250 1669 1341 1697 lumen
1353 1678 1368 1698 a
1379 1679 1432 1705 quo
1446 1671 1622 1706 illuminatur;
1642 1678 1670 1701 ttt
1690 1678 1718 1702 et

925 1720 972 1740 nos
986 1713 1174 1746 illntninemur,
1188 1722 1243 1742 non
1256 1714 1290 1742 ab
1306 1715 1362 1749 illo,
1377 1716 1423 1744 scd
1439 1725 1498 1744 cuttt
1515 1717 1558 1746 illo
1570 1726 1586 1746 a
1601 1720 1719 1754 quoiller
1732 1719 1733 1735 λ

923 1758 989 1787 (lum
1001 1763 1089 1786 autem
1104 1759 1184 1793 dicit,
1203 1759 1237 1787 Ut
1252 1761 1333 1788 omnis
1344 1762 1387 1796 qui
1397 1762 1476 1789 credit
1486 1763 1512 1790 in
1529 1771 1585 1797 me,
1609 1765 1633 1791 in
1649 1760 1734 1801 truce:

923 1806 974 1833 bris
988 1814 1040 1833 non
1054 1811 1170 1839 ntaueat;
1184 1808 1250 1835 satis
1263 1808 1415 1836 manifestat
1434 1816 1527 1838 omnes
1546 1818 1575 1837 se
1592 1810 1618 1837 in
1643 1815 1734 1839 tenez.

923 1851 978 1879 bris
993 1852 1150 1880 invenisse:
1167 1853 1214 1880 sed
1234 1861 1267 1881 ne
1294 1853 1322 1881 in
1339 1854 1379 1881 eis
1404 1855 1522 1882 tenebris
1541 1861 1665 1884 maneant
1690 1858 1719 1885 in

923 1897 1020 1932 quibus
1036 1898 1135 1925 ittventi
1149 1903 1229 1932 sunt,
1251 1898 1349 1927 debent
1370 1900 1481 1928 credere
1503 1901 1529 1928 itt
1550 1901 1636 1930 lucem
1659 1911 1719 1938 quat

924 1944 995 1970 venit
1007 1944 1033 1971 itt
1049 1945 1187 1980 tnundum,
1202 1947 1262 1982 quia
1278 1955 1324 1982 per
1338 1948 1409 1975 illam
1432 1948 1517 1977 iactus
1529 1953 1571 1977 est
1593 1949 1719 1978 mundus.

958 1990 984 2017 ὅ.
1006 1990 1039 2017 Et
1052 1992 1074 2017 εἱ
1089 1991 1144 2026 quis
1157 1992 1276 2026 audierit,
1291 1993 1384 2028 inquit,
1394 1993 1468 2021 verba
1481 1999 1546 2028 mea,
1561 1999 1584 2022 et
1606 2003 1656 2023 mm
1669 2004 1715 2023 cu-

925 2037 1048 2070 atmiieril,
1065 2046 1110 2073 ego
1123 2046 1173 2065 non
1178 2039 1269 2074 judico
1282 2046 1349 2066 eum.
1362 2039 1522 2068 Mementote
1534 2048 1594 2076 quat
1607 2049 1655 2069 vos
1667 2049 1718 2069 au-

922 2083 993 2111 disse
1010 2084 1035 2110 in
1052 2084 1234 2119 superioribus
1254 2085 1412 2113 lectionibus
1433 2086 1508 2119 novi;
1524 2090 1551 2113 ct
1571 2086 1617 2122 qui
1643 2086 1720 2115 obliti

922 2128 991 2157 forte
1006 2130 1079 2163 estis,
1097 2130 1223 2163 recolite;
1240 2136 1267 2158 et
1279 2131 1323 2166 qui
1335 2138 1388 2160 non
1401 2130 1533 2165 adfuistis,
1546 2131 1594 2159 sed
1606 2131 1719 2168 adestis,

921 2174 1014 2203 audite
1025 2175 1161 2211 quomodo
1171 2176 1234 2204 dicit
1255 2176 1356 2210 Filius,
1381 2176 1437 2212 Ego
1459 2185 1509 2205 nim
1526 2177 1618 2213 judice
1642 2185 1721 2212 eum;

921 2226 982 2249 cum
997 2221 1128 2250 dlcatalio
1140 2221 1210 2256 loco,
1227 2222 1305 2250 Pater
1315 2231 1365 2250 mm
1375 2223 1476 2259 judicat
1496 2228 1662 2260 quemquam,
1674 2225 1721 2253 sed

922 2274 996 2295 eunte
1004 2268 1132 2306 judicium
1141 2268 1210 2295 dedit
1226 2268 1294 2296 Filio
1306 2268 1396 2304 (Ioan.
1409 2277 1436 2303 ν,
1451 2269 1499 2305 2‘2)
1512 2278 1520 2297 :
1534 2270 1586 2298 nisi
1601 2271 1662 2307 quia
1675 2271 1722 2299 itt-l

923 2314 1093 2350 telligcudum
1108 2319 1167 2349 est,
1182 2314 1260 2342 Modo
1274 2322 1326 2342 non
1343 2314 1434 2350 judico
1456 2322 1528 2343 eum.
1553 2316 1641 2350 Quare
1664 2324 1722 2345 non

919 2359 1021 2395 judicat
1044 2360 1143 2388 modo?
1165 2361 1280 2388 Attende
1309 2361 1372 2396 quid
1393 2362 1514 2397 sequitur
1536 2369 1544 2390 t
1563 2361 1625 2391 Non
1652 2364 1720 2394 enim

921 2406 991 2437 veni,
1005 2406 1104 2441 inquit,
1129 2410 1156 2432 ut
1176 2407 1290 2442 judicent
1308 2407 1439 2440 mundum,
1459 2408 1504 2435 sed
1531 2412 1559 2436 ut
1580 2409 1720 2444 miriﬁcus

922 2450 1103 2478 mundum:id
1122 2455 1163 2479 est
1183 2456 1212 2479 ut
1234 2452 1335 2480 salvum
1358 2453 1452 2480 faciam
1476 2453 1615 2482 mundum.
1641 2454 1719 2484 Nune

921 2502 985 2531 ergo
997 2500 1038 2523 est
1053 2500 1157 2531 tempus
1172 2497 1373 2531 misericordiae,
1387 2503 1447 2532 post
1458 2499 1608 2532 oritiudicli
1623 2500 1716 2536 :quia,

922 2541 1126 2570 Misericordiam
1136 2563 1144 2576 ,
1158 2543 1259 2578 ittquit,
1275 2548 1300 2569 et
1310 2543 1438 2578 judicium
1457 2544 1563 2574 cantabo
1584 2545 1627 2573 tibi
1638 2566 1646 2579 ,
1662 2546 1718 2575 Do-

921 2589 988 2615 mine
1000 2588 1085 2625 (Paul.
1100 2597 1126 2622 α,
1139 2589 1177 2624 Ι).

957 2635 983 2663 ϐε
1004 2636 1057 2663 Sed
1068 2636 1102 2663 de
1116 2636 1175 2671 ipso
1186 2635 1268 2664 etiam
1281 2636 1371 2664 futuro
1391 2637 1536 2666 novissimo
1554 2638 1655 2674 judicio
1677 2639 1717 2666 Vh

921 2681 982 2710 dcte
995 2681 1057 2717 quid
1072 2681 1143 2709 dicat
1157 2690 1164 2709 :
1183 2682 1233 2715 Qui
1249 2683 1394 2717 spcruitme
1410 2689 1433 2711 et
1452 2688 1503 2712 uoti
1522 2686 1615 2720 accipit
1642 2684 1717 2712 verb

921 2737 987 2762 nteit,
1002 2728 1075 2755 habet
1087 2729 1129 2764 qui
1139 2729 1237 2764 judiret
1251 2737 1308 2757 eum
1319 2737 1329 2757 ι
1340 2734 1421 2758 terms
1433 2739 1507 2767 quem
1524 2732 1623 2759 locutus
1638 2738 1695 2759 sum
1704 2746 1715 2766 ο

921 2774 965 2802 ille
973 2774 1099 2810 judicabt't
1114 2781 1172 2802 tum
1184 2776 1211 2803 in
1222 2777 1356 2806 novissimo
1366 2777 1417 2805 die.
1430 2777 1489 2805 Non
1500 2778 1548 2812 ait,
1561 2777 1613 2811 Qui
1634 2784 1715 2813 spots

922 2822 960 2849 nit
975 2829 1027 2854 me,
1042 2827 1069 2849 et
1083 2829 1137 2849 non
1150 2823 1246 2858 accipit
1257 2824 1336 2851 verba
1348 2828 1417 2856 mea,
1430 2831 1481 2858 ego
1490 2824 1640 2859 noujttdieo
1651 2830 1718 2854 eum

921 2868 948 2895 in
971 2868 1115 2896 novissimo
1136 2868 1258 2897 dicunt;
1276 2870 1347 2898 enim
1368 2870 1391 2897 ei
1415 2869 1536 2903 dixisset,
1555 2878 1608 2898 non
1634 2870 1713 2899 viduo

924 2914 1057 2948 quoniodo
1072 2919 1161 2950 posset
1175 2922 1228 2942 non
1252 2916 1311 2943 esse
1332 2915 1495 2943 centuriam
1512 2915 1547 2944 illi
1570 2916 1718 2946 unt-utier
