3926 6376
529 348 670 406 i785
1098 339 1111 368 '

529 465 621 522 ubi
645 467 736 531 ait,
771 463 928 520 Pater
945 481 1044 520 non
1063 464 1264 537 judicat
1299 480 1631 536 quemquam,
1666 461 1756 518 sed
1789 475 1938 517 omne
1969 457 2126 533 judi-

525 559 666 613 cium
698 557 832 612 dedit
858 556 1016 612 Filio.
1047 557 1178 612 Cum
1200 573 1327 613 vero
1361 555 1520 621 dixit,
1551 556 1651 621 Qui
1682 554 1874 627 spernit
1915 569 2026 620 mc,
2070 559 2123 607 et

527 668 634 706 non
658 651 840 722 accipit
861 649 1010 704 verba
1033 667 1162 716 mea,
1187 650 1336 704 liabet
1359 650 1446 721 qui
1455 650 1652 722 judicet
1696 665 1846 714 eum;
1891 660 2119 718 exspec-

525 741 764 798 tantibus
787 749 964 798 autem
986 741 1230 812 quisnam
1270 741 1359 797 ille
1385 750 1558 807 esset,
1598 748 1814 796 secutus
1859 738 2120 809 adjunxit,

525 836 708 895 Sermo
734 852 881 907 quem
909 835 1104 890 locutus
1130 852 1271 901 sum,
1303 835 1391 890 ille
1419 834 1674 906 judicabit
1705 850 1821 888 eum
1856 833 1908 887 in
1948 831 2120 886 nouis-

521 929 652 982 simo
677 928 758 982 die
779 945 798 983 :
822 927 951 983 satis
970 926 1330 983 manifestavit
1371 926 1715 998 semetipsum
1755 925 2116 996 iudicaturum

524 1020 582 1074 in
611 1019 900 1074 novissimo
928 1018 1035 1074 die.
1064 1018 1307 1090 Seipsum
1339 1019 1534 1090 quippe
1575 1018 1785 1074 locutus
1813 1025 1924 1084 est,
1983 1015 2119 1086 seip-

526 1126 648 1168 sum
672 1110 1040 1178 annuntiavit,
1073 1113 1307 1181 seipsum
1342 1110 1559 1180 januam
1590 1109 1798 1181 posuit,
1851 1124 1954 1180 qua
2002 1107 2119 1178 ipse

524 1201 594 1258 ad
621 1217 748 1258 oves
770 1212 950 1273 pastor
972 1203 1214 1258 intraret.
1246 1202 1415 1258 Aliter
1431 1203 1609 1273 itaque
1625 1202 2004 1274 iudicabuntur
2023 1200 2114 1272 qui

527 1310 636 1350 non
667 1293 982 1361 audierunt,
1021 1295 1177 1351 aliter
1203 1295 1293 1366 qui
1335 1295 1618 1350 audierunt.
1668 1303 1724 1349 et
1777 1300 2117 1362 contempse-

525 1397 670 1443 runt.
706 1389 804 1455 Qui
831 1389 965 1442 enim
989 1389 1099 1442 sine
1131 1386 1264 1460 Lege
1293 1394 1652 1458 peccaverunt,
1695 1385 1769 1440 ait
1807 1383 2115 1454 Apostolus,

524 1481 634 1535 sine
659 1478 792 1552 Lege
823 1490 870 1536 et
904 1480 1176 1552 peribunt:
1205 1490 1254 1535 et
1273 1481 1358 1552 qui
1383 1481 1435 1534 in
1471 1477 1606 1550 Lege
1640 1486 1964 1549 peccaverunt
1987 1520 1999 1542 ,
2031 1493 2120 1547 per

529 1572 715 1646 Legem
724 1576 1091 1646 judicabuutur
1118 1574 1297 1645 (Rom.
1323 1589 1378 1637 ιι,
1412 1571 1524 1642 12).

598 1667 650 1721 7.
695 1666 830 1734 Quia
873 1683 999 1739 ego,
1025 1665 1224 1736 inquit,
1267 1681 1330 1719 ex
1368 1664 1556 1735 meipso
1590 1679 1691 1717 non
1741 1678 1854 1717 sum
1898 1661 2114 1714 locutus.

526 1757 653 1813 Ideo
682 1774 742 1814 se
770 1757 898 1814 dicit
925 1773 1030 1813 non
1053 1759 1290 1813 locutum
1316 1771 1381 1812 ex
1414 1757 1591 1827 seipse
1612 1798 1626 1821 ,
1655 1755 1778 1826 quia
1808 1768 1912 1809 non
1942 1764 2025 1810 est
2051 1769 2116 1808 ex

525 1851 723 1921 seipso.
749 1849 866 1906 Jam
888 1849 989 1905 hoc
1013 1864 1156 1920 saepe
1178 1848 1448 1914 diximus;
1472 1847 1583 1919 jam
1609 1847 1710 1903 hoc
1736 1855 1986 1917 tanquam
2015 1862 2114 1901 no—

524 1943 790 1998 tissimum
820 1957 926 1997 non
970 1941 1164 1998 docere
1209 1941 1302 1997 sed
1354 1940 1644 1996 admonere
1684 1939 1962 1996 debemus.
2012 1937 2118 1994 Sed

523 2035 613 2106 qui
633 2034 768 2089 misit
795 2050 874 2088 me
900 2031 1073 2101 Pater,
1105 2034 1212 2103 ipse
1244 2032 1368 2086 mihi
1396 2031 1689 2086 mandatum
1728 2031 1863 2086 dedit
1889 2031 2012 2102 quid
2031 2031 2114 2084 di-

523 2143 640 2181 cam
666 2135 713 2181 et
739 2127 860 2198 quid
881 2127 1078 2197 loquar.
1106 2125 1223 2181 Non
1246 2125 1610 2181 laboraremus
1633 2166 1649 2192 ,
1677 2124 1724 2180 si
1761 2139 1883 2179 cum
1911 2123 1988 2180 eis
2019 2137 2116 2179 nos

519 2218 670 2291 loqui
692 2221 969 2286 sciremus,
997 2235 1118 2276 cum
1147 2219 1336 2291 quibus
1364 2219 1641 2290 superiora
1684 2218 1846 2274 locuti
1887 2233 2073 2273 sumus
2095 2259 2112 2286 ,

524 2321 580 2369 et
599 2327 719 2369 eum
747 2315 825 2368 eis
846 2313 974 2384 ipsis
1004 2327 1109 2368 non
1135 2312 1402 2377 omnibus,
1435 2310 1528 2367 sed
1551 2326 1670 2382 quae
1691 2309 1974 2365 audierunt
2000 2325 2114 2366 me-

521 2405 696 2462 moria
724 2405 1117 2461 retinentibus:
1165 2419 1304 2460 nunc
1347 2419 1474 2460 vero
1512 2403 1632 2474 quia
1675 2403 1898 2459 fortasse
1953 2403 2113 2473 aliqui

522 2497 719 2556 adsunt
756 2497 843 2568 qui
871 2511 976 2552 non
1017 2495 1331 2562 audierunt,
1381 2495 1564 2566 eisque
1603 2502 1728 2550 sunt
1774 2493 1975 2550 similes
2023 2493 2114 2563 qui

517 2591 671 2647 obliti
718 2600 843 2647 sunt
869 2589 1010 2662 quod
1048 2589 1362 2656 audierunt,
1410 2596 1625 2659 propter
1674 2587 1792 2643 illos
1844 2585 2114 2656 perferant

519 2700 702 2740 moras
755 2693 966 2740 nostras
1009 2683 1099 2754 qui
1149 2681 1327 2737 audita
1387 2679 1764 2736 meminerunt.
1833 2677 2113 2747 Quomodo

518 2776 613 2833 da:
637 2776 943 2833 mandatum
976 2775 1136 2831 Pater
1161 2774 1321 2828 unico
1350 2773 1524 2827 Filio?
1552 2771 1670 2840 Quo
1689 2771 1854 2826 verbo
1878 2771 2114 2841 loquitur

518 2867 733 2938 Verbo,
791 2883 911 2924 eum
953 2868 1019 2922 sit
1074 2867 1188 2937 ipse
1244 2864 1406 2919 Filius
1470 2862 1799 2934 unigenitum
1839 2861 2112 2918 Verbum?

519 2961 785 3035 Numquid
815 2977 907 3032 per
932 2959 1178 3032 angelum
1206 3001 1220 3027 ,
1259 2973 1380 3014 cum
1448 2973 1542 3028 per
1575 2957 1747 3027 ipsum
1795 2955 1960 3010 creati
2005 2956 2112 3010 sint

517 3054 708 3125 Angeli
727 3056 750 3106 ?
772 3051 1037 3129 Numquid
1064 3067 1159 3123 per
1186 3051 1380 3105 nubem
1406 3065 1418 3100 :
1442 3063 1561 3119 qua:
1599 3045 1812 3118 quando
1841 3045 2017 3100 sonuit
2041 3045 2109 3100 ad

516 3143 738 3210 Filium,
767 3159 869 3198 non
902 3153 1122 3214 propter
1153 3145 1325 3213 ipsum
1361 3139 1571 3204 sonuit,
1623 3137 1765 3210 quod
1814 3137 1941 3193 alibi
1983 3137 2112 3192 dicit

515 3237 680 3294 etiam
710 3237 856 3306 ipse;
888 3235 980 3290 sed
1009 3245 1224 3306 propter
1249 3234 1381 3289 alios
1419 3248 1556 3303 quos
1586 3229 1866 3303 oportebat
1906 3230 1976 3284 ita
2016 3245 2112 3284 au-

515 3329 667 3387 dire?
695 3327 960 3399 Numquid
988 3342 1086 3396 per
1110 3341 1300 3381 sonum
1341 3324 1495 3380 labiis
1538 3323 1826 3388 emissum,
1857 3321 1947 3392 qui
2001 3336 2109 3376 non

513 3421 676 3478 habet
699 3435 931 3491 corpus;
965 3433 1063 3474 nec
1093 3418 1270 3488 aliquo
1299 3417 1535 3472 locorum
1577 3415 1856 3471 intervallo
1888 3413 2053 3469 Filius
2078 3429 2109 3468 a

512 3515 675 3572 Patre
699 3521 996 3584 separatur,
1026 3519 1083 3566 ut
1113 3511 1183 3564 sit
1221 3512 1359 3565 inter
1401 3509 1521 3563 illos
1562 3523 1654 3562 aer
1710 3506 1946 3570 medius,
2002 3521 2109 3576 quo

513 3619 778 3681 percusso
805 3620 905 3658 vox
936 3604 1027 3658 fiat
1053 3610 1108 3657 et
1139 3601 1188 3656 in
1217 3615 1398 3655 aurem
1427 3599 1640 3653 veniat?
1670 3597 1823 3653 Absit
1876 3605 1936 3652 ut
1984 3597 2109 3652 talia

518 3699 588 3756 de
610 3699 698 3754 illa
725 3698 1038 3768 incorporea
1070 3704 1124 3750 et
1146 3694 1398 3750 ineffabili
1429 3692 1726 3748 substantia
1750 3692 2103 3763 suspicemur.

515 3789 686 3846 Filius
713 3789 899 3845 unicus
927 3797 1010 3843 est
1036 3786 1274 3843 Verbum
1304 3786 1498 3853 Patris,
1527 3795 1580 3840 et
1607 3784 1878 3855 Sapientia
1911 3783 2102 3849 Patris;

509 3883 570 3938 in
592 3881 679 3937 illa
707 3891 834 3936 sunt
849 3880 1027 3936 omnia
1056 3878 1302 3934 mandata
1326 3877 1518 3933 Patris.
1550 3876 1734 3949 Neque
1755 3877 1896 3931 enim
1935 3875 2106 3931 Patris

507 3972 823 4028 mandatum
851 3971 1017 4027 Filius
1041 3969 1324 4040 aliquando
1346 3969 1638 4033 nesciebat,
1666 3976 1722 4022 ut
1744 3982 1865 4023 eum
1888 3980 2108 4022 necesse

509 4074 656 4123 esset
672 4080 736 4121 ex
763 4072 1004 4135 tempore
1034 4062 1232 4118 habere
1259 4061 1401 4134 quod
1440 4069 1592 4115 antea
1619 4076 1722 4116 non
1754 4060 2001 4116 habebat.
2031 4059 2108 4114 Ita

508 4159 652 4214 enim
681 4173 712 4212 a
738 4157 896 4213 Patre
941 4155 1082 4227 quod
1110 4154 1270 4210 habet
1296 4152 1518 4224 accepit,
1565 4160 1624 4206 ut
1666 4151 1933 4209 nascendo
1956 4166 2108 4206 acce-

506 4251 670 4321 perit,
708 4248 1022 4318 dederitque
1044 4246 1121 4302 illi
1140 4245 1424 4318 gignendo.
1454 4244 1586 4299 Nam
1615 4253 1670 4298 et
1698 4243 1803 4298 vita
1829 4250 1932 4309 est,
1950 4251 2006 4298 et
2029 4258 2107 4297 ac-

509 4342 654 4411 cepit
675 4340 838 4395 vitam
861 4339 1042 4410 utique
1068 4335 1359 4401 nascendo,
1391 4350 1497 4390 non
1531 4334 1675 4404 prius
1696 4333 1814 4388 sine
1837 4334 1942 4408 vita
1967 4333 2110 4388 exis-

508 4433 695 4488 tendo.
729 4431 861 4497 Quia
883 4441 938 4485 et
967 4429 1122 4486 Pater
1148 4429 1308 4483 habet
1339 4427 1523 4491 vitam,
1550 4434 1605 4480 et
1636 4425 1776 4496 quod
1804 4425 1966 4480 habet
1987 4434 2068 4481 est
2093 4443 2107 4479 :

512 4541 616 4585 nec
639 4525 844 4596 accepit
858 4532 1054 4589 tamen,
1076 4523 1200 4593 quia
1221 4537 1325 4575 non
1344 4535 1410 4576 ex
1427 4519 1604 4589 aliquo
1625 4528 1726 4574 est.
1746 4519 1914 4573 Filius
1929 4526 2108 4574 autem

510 4617 721 4687 accepit
749 4616 931 4681 vitam,
964 4613 1124 4669 dante
1151 4613 1308 4667 Patre
1333 4627 1364 4666 a
1393 4625 1500 4682 quo
1514 4618 1598 4664 est
1618 4627 1630 4663 :
1653 4620 1709 4665 et
1729 4608 1842 4680 ipse
1859 4609 2000 4679 quod
2024 4609 2111 4664 ha-

511 4710 627 4775 bet,
659 4716 772 4774 est;
795 4705 952 4762 habet
979 4704 1122 4760 enim
1143 4703 1325 4768 vitam,
1353 4711 1408 4756 et
1436 4700 1539 4754 vita
1565 4709 1666 4756 est.
1687 4699 1862 4771 Ipsum
1889 4699 2011 4755 audi
2039 4699 2110 4756 lo-

511 4807 766 4873 quentem
787 4815 799 4851 :
821 4797 965 4852 Sicut
994 4795 1162 4862 habet,
1180 4794 1369 4864 inquit,
1401 4791 1561 4846 Pater
1585 4791 1737 4846 vitam
1752 4792 1803 4846 in
1824 4792 2108 4863 semetipso,

511 4895 586 4950 sic
601 4892 737 4948 dedit
761 4901 808 4946 et
838 4887 976 4946 Filio
995 4890 1148 4944 vitam
1164 4887 1348 4942 habere
1365 4888 1417 4941 in
1432 4885 1699 4956 semetipso
1716 4883 1898 4958 (Joan.
1923 4900 1974 4951 v,
1993 4884 2108 4958 26).

510 4984 778 5058 Numquid
803 4982 1075 5050 existenti,
1101 4991 1155 5038 et
1186 4997 1290 5036 non
1319 4978 1536 5036 habenti
1552 4977 1732 5034 dedit?
1752 4977 1859 5034 Sed
1885 4993 1949 5034 eo
1961 4977 2111 5035 dedit

515 5093 624 5152 quo
647 5079 848 5151 genuit,
879 5078 968 5150 qui
994 5077 1156 5133 vitam
1184 5075 1388 5148 genuit,
1419 5083 1473 5130 et
1494 5074 1598 5129 vita
1621 5073 1805 5145 genuit
1830 5073 2013 5129 vitam.
2038 5074 2108 5129 Et

513 5171 642 5243 quia
671 5185 853 5241 parem
891 5169 1108 5242 genuit,
1163 5183 1267 5223 non
1309 5168 1565 5239 imparem
1615 5167 1813 5234 vitam;
1855 5165 1975 5222 ideo
2027 5167 2109 5222 di-

469 5323 472 5326 ,
514 5271 661 5324 ctum
688 5272 791 5328 est,
823 5261 966 5318 Sicut
995 5260 1142 5316 habet
1167 5262 1282 5332 ipse
1300 5262 1450 5314 vitam
1475 5260 1526 5313 in
1550 5261 1834 5332 semetipso,
1863 5260 1936 5314 sic
1971 5259 2107 5314 dedit

479 5342 493 5376 ’³
512 5368 565 5418 οι
591 5358 730 5415 Filio
757 5357 910 5412 vitam
939 5355 1118 5410 habere
1143 5356 1195 5410 in
1217 5355 1501 5425 semetipso.
1534 5353 1710 5408 Vitam
1750 5352 1936 5419 dedit,
1984 5353 2105 5423 quia

514 5453 783 5528 gignendo
806 5453 992 5517 vitam,
1023 5448 1150 5521 quid
1176 5448 1338 5515 dedit,
1374 5448 1473 5503 nisi
1497 5463 1616 5503 esse
1639 5447 1846 5502 vitam?
1877 5446 1945 5501 Et
1983 5446 2106 5517 quia

515 5557 718 5605 aeterna
745 5553 830 5603 est
856 5545 968 5616 ipsa
992 5541 1262 5608 nativitas,
1283 5555 1552 5611 nunquam
1580 5555 1685 5595 non
1711 5538 1809 5594 luit
1833 5537 2001 5594 Filius
2015 5538 2106 5608 qui

516 5648 602 5698 est
622 5641 754 5709 vita,
785 5651 1055 5708 nunquam
1084 5633 1180 5689 fuit
1206 5632 1372 5689 Filius
1405 5632 1522 5687 sine
1549 5631 1689 5697 vita;
1734 5640 1788 5686 et
1835 5629 1973 5685 sicut
2025 5638 2108 5686 est

456 5688 469 5769 )
519 5688 767 5788 nativitas
805 5688 1025 5797 teteina,
1051 5728 1130 5784 sic
1158 5735 1241 5784 est
1275 5727 1364 5799 qui
1411 5735 1567 5780 natus
1610 5733 1692 5780 est
1736 5722 1843 5777 vita
1884 5731 2102 5778 aeterna.

518 5821 597 5879 Ita
622 5831 677 5879 et
703 5821 1007 5878 mandatum
1041 5835 1146 5876 non
1167 5819 1308 5890 quod
1339 5817 1503 5873 Filius
1530 5831 1634 5871 non
1661 5813 1914 5882 habebat,
1951 5813 2108 5873 Pater

1453 344 1521 403 IN
1555 341 1835 403 JOANNIS
1873 335 2347 406 EVANGELIUM,
2393 337 2454 396 S.
2497 338 2866 400 AUGUSTINI

3249 277 3290 292 ,ρ-
3315 275 3343 282 -‹

2232 453 2409 522 dedit;
2431 456 2546 526 sed,
2575 458 2714 515 sicut
2735 457 2844 515 dixi
2867 502 2880 526 ,
2925 461 2976 516 in
2999 458 3265 532 ﬁtpientia
3287 461 3487 532 Patris,
3527 472 3646 540 quod
3681 487 3740 537 est

2232 550 2468 608 Verbum
2493 553 2687 622 Patris,
2718 555 2895 610 omnia
2941 556 3188 612 mandata
3216 569 3337 616 sunt
3372 561 3548 621 Patris.
3586 568 3742 631 Dicitur

2232 653 2411 700 autem
2435 644 2744 701 mandatum
2775 645 2958 702 datum
2981 689 2996 715 ,
3026 648 3147 719 quia
3179 666 3282 706 non
3319 665 3398 708 est
3442 670 3470 710 a
3501 657 3651 730 seipso
3677 669 3740 722 cui

2231 736 2426 794 dicitur
2450 738 2632 795 datum
2659 757 2672 795 :
2703 739 2886 797 ethoc
2914 751 2999 797 est
3029 742 3156 799 dare
3191 743 3328 802 Filio
3366 748 3476 805 sine
3515 767 3605 823 quo
3644 772 3744 814 nun-

2230 849 2389 904 quam
2416 834 2583 890 Filius
2610 835 2727 903 fuit,
2755 837 2897 908 quod
2926 846 3010 894 est
3043 839 3262 912 gignere
3303 841 3484 900 Filium
3529 850 3607 919 qui
3643 867 3743 909 nutr

2229 939 2390 996 quam
2412 941 2515 982 non
2547 927 2666 982 fuit.

2301 1017 2354 1073 8.
2377 1018 2626 1090 Sequitur
2649 1029 2825 1077 autem
2860 1037 2873 1076 :
2899 1021 2966 1076 Et
2994 1024 3099 1078 scio
3123 1024 3242 1094 quia
3269 1028 3546 1084 mandatum
3567 1034 3655 1103 ejus
3675 1035 3747 1092 vita

2227 1121 2418 1166 aeterna
2441 1122 2529 1167 est.
2563 1112 2620 1168 Si
2650 1129 2778 1185 ergo
2805 1115 2911 1170 vita
2936 1124 3136 1172 :eterna
3162 1127 3244 1172 est
3272 1118 3382 1190 ipse
3407 1118 3587 1191 Filius,
3607 1133 3652 1180 et
3669 1128 3747 1184 vita

2227 1214 2428 1260 :eterna
2453 1215 2537 1262 est
2562 1207 2869 1263 mandatum
2897 1208 3070 1265 Patris
3095 1227 3109 1276 ;
3136 1208 3264 1282 quid
3287 1211 3424 1268 aliud
3452 1213 3627 1271 dictum
3658 1231 3745 1288 est,

2227 1314 2407 1370 quam,
2433 1299 2545 1372 Ego
2564 1315 2682 1356 sum
2707 1300 3014 1357 mandatum
3038 1301 3248 1358 Patris?
3277 1302 3499 1362 Proinde
3520 1315 3568 1364 et
3582 1308 3624 1364 id
3644 1313 3748 1381 quod

2227 1390 2468 1464 adjungit
2489 1434 2504 1460 ,
2533 1402 2586 1449 et
2633 1393 2796 1462 dicit,
2827 1394 2956 1461 Quae
2992 1412 3083 1468 ego
3111 1397 3327 1468 loquor,
3358 1399 3482 1454 sicut
3519 1401 3629 1457 didit
3660 1405 3750 1458 milii

2230 1481 2388 1537 Pater
2407 1527 2421 1552 ,
2451 1483 2523 1538 sic
2558 1486 2770 1556 loquor;
2802 1501 2908 1542 non
2931 1489 3252 1558 accipiamus
3273 1532 3288 1558 ,
3326 1490 3448 1546 dixit
3475 1493 3613 1561 mihi,
3638 1500 3748 1568 quasi

2228 1576 2389 1632 Pater
2414 1578 2573 1634 verba
2601 1579 2808 1635 locutus
2849 1581 2918 1636 sit
2949 1581 3104 1636 unico
3135 1581 3314 1638 Verbo
3338 1625 3353 1651 ,
3393 1593 3480 1640 aut
3519 1597 3648 1658 egeat
3684 1588 3750 1645 Dei

2226 1669 2403 1725 verbis
2433 1670 2527 1725 Dei
2560 1670 2812 1728 Verbum.
2839 1672 2981 1729 Dixit
3009 1688 3136 1745 ergo
3162 1674 3322 1730 Pater
3341 1674 3489 1745 Filio,
3507 1679 3625 1734 sicut
3643 1679 3750 1738 dedit

2225 1763 2388 1819 vitam
2415 1763 2552 1820 Filio
2583 1784 2595 1820 :
2621 1781 2724 1821 non
2754 1767 2893 1838 quod
2921 1768 3192 1824 nesciebat
3220 1769 3299 1825 vel
3327 1786 3430 1825 non
3454 1769 3748 1837 babebat,sed

2226 1856 2367 1927 quod
2397 1857 2510 1927 ipse
2534 1855 2701 1913 Filius
2725 1867 2860 1915 erat.
2878 1859 3014 1927 Quid
3038 1868 3122 1916 est
3141 1869 3343 1928 autem,
3371 1862 3492 1916 sicut
3517 1863 3626 1918 dixit
3643 1865 3746 1929 mihi,

2224 1950 2297 2004 sic
2323 1949 2528 2021 loquor,
2558 1950 2658 2005 nisi
2680 1993 2694 2016 ,
2725 1949 2922 2006 Verum
2956 1952 3144 2024 loquor
3173 1954 3188 1985 ι
3214 1953 3237 2007 ?
3268 1953 3340 2008 Ita
3371 1953 3451 2008 ille
3472 1953 3592 2010 dixit
3617 1967 3662 2010 ut
3685 1972 3748 2010 ve-

2224 2059 2347 2111 rax,
2384 2045 2454 2100 ita
2477 2045 2576 2100 ista
2612 2046 2851 2116 loquitur
2890 2058 2946 2102 ut
2978 2049 3196 2103 veritas.
3229 2047 3401 2103 Verax
3426 2059 3585 2104 autem
3614 2051 3748 2120 genuit

2224 2138 2524 2194 veritatem.
2552 2139 2688 2207 Quid
2723 2154 2852 2211 ergo
2877 2140 2988 2210 jam
3017 2139 3224 2196 diceret
3251 2141 3454 2196 veritati
3477 2143 3490 2196 !
3523 2139 3620 2196 Non
3643 2141 3747 2196 enim

2225 2230 2539 2302 imperfecta
2563 2239 2676 2286 erat
2706 2232 2935 2299 veritas,
2967 2232 3051 2287 cui
3083 2247 3271 2287 verum
3295 2231 3484 2303 aliquid
3509 2231 3745 2288 adderetur.

2225 2320 2368 2378 Dixit
2387 2338 2514 2393 ergo
2536 2323 2743 2379 veritati
2770 2365 2785 2390 ,
2818 2325 2941 2396 quia
2970 2325 3155 2396 genuit
3177 2325 3473 2382 veritatem.
3499 2323 3644 2380 Porro
3667 2327 3746 2395 ipsa

2223 2416 2419 2469 veritas
2440 2416 2517 2470 sic
2540 2415 2802 2486 loquitur,
2828 2424 2884 2470 ut
2905 2416 2953 2472 ei
2979 2416 3182 2472 dictmn
3217 2426 3299 2473 est
3327 2416 3453 2472 :sed
3479 2415 3748 2488 intelligendo

2221 2506 2351 2572 bus,
2383 2522 2517 2577 quos
2544 2507 2700 2562 docet
2729 2515 2785 2562 ut
2814 2517 2936 2562 nata
2969 2517 3072 2564 est.
3103 2507 3173 2564 Ut
3213 2517 3388 2563 autem
3413 2508 3659 2564 crederent
3680 2507 3747 2561 lio-

2220 2598 2392 2654 niines
2420 2598 2560 2668 quod
2593 2599 2888 2670 intelligere
2920 2598 3153 2668 nondum
3192 2600 3397 2666 valent,
3424 2615 3484 2654 ex
3505 2615 3587 2655 ore
3618 2599 3747 2654 carnis

2220 2689 2380 2746 verba
2409 2700 2724 2756 sonuerunt,
2743 2701 2798 2746 et
2816 2691 3081 2758 abierunt;
3110 2693 3503 2748 transvolantes
3527 2692 3626 2747 soni
3649 2702 3745 2746 stre-

2220 2794 2468 2856 puerunt,
2500 2785 2728 2856 peractis
2749 2785 2970 2841 merulis
2999 2794 3305 2857 temporum
3330 2801 3534 2841 suorum
3558 2783 3663 2840 :sed
3684 2797 3744 2838 res

2219 2877 2348 2947 ipsae
2372 2891 2596 2948 quarum
2623 2877 2771 2947 signa
2802 2886 2924 2931 sunt
2951 2877 3067 2932 soni
3087 2918 3105 2944 ,
3149 2876 3390 2947 trajecta:
3425 2872 3745 2947 quodammodo

2218 2969 2270 3024 iu
2294 2984 2478 3024 eorum
2509 2970 2822 3024 memoriam
2847 2970 2936 3039 qui
2965 2967 3292 3036 audierunt,
3338 2969 3489 3024 etiam
3508 2967 3565 3021 ad
3584 2980 3660 3020 nos
3677 2978 3746 3036 per

2218 3059 2420 3115 litteras
2448 3076 2566 3131 quae
2594 3059 2820 3115 visibilia
2847 3059 2996 3130 signa
3019 3069 3162 3127 sunt,
3192 3069 3556 3131 pervenerunt.
3580 3056 3670 3112 Non
3690 3055 3744 3109 sic

2218 3154 2454 3226 loquitur
2472 3155 2671 3210 veritas
2703 3171 2714 3207 :
2750 3154 3170 3223 iutelligentibus
3194 3155 3457 3210 mentibus
3481 3149 3744 3221 iutuslnqui-

2218 3256 2325 3312 tur,
2353 3247 2470 3302 sine
2500 3260 2633 3301 sono
2656 3246 2889 3310 instruit,
2915 3245 3236 3316 intelligibili
3261 3247 3376 3302 luce
3397 3243 3644 3316 perfundit.
3667 3242 3741 3310 Qui

2215 3351 2345 3408 ergo
2371 3345 2546 3408 potest
2574 3337 2626 3391 in
2651 3352 2713 3392 ea
2734 3337 2913 3407 videre
2941 3339 2960 3368 ¹
2993 3337 3290 3393 nativitatis
3307 3337 3419 3408 ejus
3438 3336 3741 3398 aeternitatem,

2217 3429 2331 3499 ipse
2361 3429 2502 3483 illam
2537 3429 2616 3484 sic
2640 3429 2788 3484 audit
2833 3429 3179 3500 loquentem,
3228 3431 3364 3486 sicut
3408 3429 3454 3486 ei
3481 3429 3596 3484 dixit
3628 3427 3744 3483 Pater

2215 3521 2357 3592 quod
2400 3521 2725 3591 loqueretur.
2774 3521 3037 3578 Excitavit
3065 3537 3165 3578 nos
3213 3523 3283 3579 ad
3328 3518 3743 3593 magnumdeside-

2215 3614 2353 3668 rium
2399 3614 2670 3670 interioris
2708 3614 3009 3670 dulcedinis
3033 3629 3144 3670 sua:
3175 3633 3189 3669 :
3221 3616 3317 3672 sed
3346 3613 3612 3672 crescendo
3634 3609 3742 3680 capi-

2215 3723 2356 3775 mus,
2379 3707 2700 3764 ambulando
2725 3708 3036 3774 crescimus,
3062 3706 3391 3779 proficieudo
3415 3700 3739 3766 ambulamus',

2215 3809 2274 3856 ut
2293 3801 2574 3871 pervenire
2604 3801 2887 3872 possimus.

2730 3933 3144 3992 TBACTATUS
3184 3935 3296 3992 LV.

2215 4069 2289 4123 Ab
2325 4083 2381 4122 eo
2407 4068 2548 4134 loco,
2595 4067 2734 4122 Ante
2757 4066 2899 4122 diem
2927 4066 3120 4123 festum
3143 4065 3399 4133 Paschze,
3439 4061 3594 4119 sciens
3624 4053 3739 4113 Jesut

2287 4162 2408 4232 quia
2433 4160 2577 4217 venit
2605 4160 2734 4215 hora
2763 4160 2914 4231 ejus;
2945 4177 3104 4232 usque
3127 4162 3195 4214 ad
3214 4161 3269 4216 id
3292 4202 3306 4225 ,
3341 4161 3405 4216 Et
3430 4156 3575 4228 coepit
3608 4152 3740 4208 lavare

2288 4253 2449 4324 pedes
2477 4250 2894 4322 discipulorum,
2936 4258 2992 4307 et
3033 4260 3312 4322 extergere
3349 4251 3503 4306 linteo
3528 4259 3618 4317 quo
3655 4246 3740 4298 erat

2290 4346 2624 4417 praecinctus.
2658 4346 2789 4416 Cap.
2821 4361 2916 4401 xm
2937 4387 2951 4411 ,
3000 4345 3033 4415 ᾖ
3061 4385 3074 4398 .
3101 4346 3221 4402 1-5.

2291 4483 2339 4536 1.
2376 4480 2539 4537 Coena
2571 4481 2777 4536 Domini
2837 4481 3128 4538 secundum
3176 4481 3470 4545 Joannem,
3517 4476 3740 4547 adjuvanle

2217 4574 2334 4644 ipso
2355 4617 2370 4642 ,
2402 4575 2593 4630 debitis
2630 4583 2713 4629 est
2739 4575 3055 4646 explicanda
3087 4576 3396 4630 tractatibus
3417 4615 3432 4640 ,
3464 4583 3514 4628 et
3555 4579 3602 4624 ut
3625 4563 3737 4621 nobis

2217 4683 2375 4739 posse
2400 4669 2678 4724 donaverit
2701 4711 2716 4736 ,
2744 4669 3097 4740 explananda.
3129 4670 3256 4724 Ante
3277 4669 3406 4723 diem
3426 4676 3576 4721 autent
3600 4665 3738 4733 festum

2218 4759 2435 4816 Pascha:
2454 4804 2467 4827 ,
2490 4762 2648 4817 sciens
2674 4761 2822 4816 Iesus
2846 4763 2963 4834 quia
2993 4764 3122 4816 venit
3151 4763 3277 4816 liora
3298 4763 3401 4834 ejus
3425 4770 3473 4814 ut
3496 4763 3677 4812 transeat
3694 4765 3739 4803 ειε

2217 4853 2312 4908 hoc
2338 4853 2526 4908 mundo
2548 4854 2615 4907 ad
2647 4851 2887 4918 Patrem,
2917 4871 3031 4908 cum
3061 4855 3315 4908 dilexisset
3337 4869 3451 4908 suos
3475 4851 3553 4922 qui
3569 4852 3680 4902 erant
3701 4841 3736 4891 ἔτι

2217 4946 2422 5012 mundo,
2442 4946 2495 5000 in
2522 4945 2673 5013 ﬁnem
2703 4946 2878 5000 dilexit
2906 4962 3008 5000 eos.
3033 4945 3231 5001 Pascha
3253 4989 3267 5013 ,
3298 4945 3498 5008 fratres,
3525 4953 3614 4995 non
3637 4935 3736 4989 sict“

2216 5039 2429 5108 quidam
2447 5038 2772 5104 existimant,
2791 5054 3020 5108 grmcum
3049 5055 3242 5095 nomen
3268 5047 3365 5102 est,
3387 5035 3476 5092 sed
3492 5033 3733 5088 hebra'um!

2216 5131 2665 5202 opportunissime
2698 5142 2873 5186 tamen
2902 5134 3138 5187 occurrit
3182 5132 3231 5186 in
3272 5130 3371 5185 hoc
3416 5125 3606 5184 nomine
3626 5131 3731 5188 qua:-

2215 5222 2335 5279 dam
2376 5225 2721 5294 congruentia
2763 5233 3110 5293 utrarumque
3135 5225 3446 5294 linguarum.
3489 5216 3604 5284 Quia
3625 5207 3730 5265 enim

2214 5318 2322 5389 pati
2349 5332 2521 5390 grtece
2548 5324 2744 5387 πάσχειν
2772 5316 2967 5372 dicitur
2990 5360 3004 5382 ,
3038 5316 3157 5371 ideo
3193 5314 3389 5372 Pascha
3418 5310 3574 5383 passio
3595 5307 3730 5376 putata

2214 5422 2328 5482 est,
2361 5413 2506 5469 velut
2531 5413 2631 5468 hoc
2676 5428 2869 5468 nomen
2917 5428 2943 5465 a
2984 5412 3226 5482 passione
3252 5410 3320 5464 sit
3346 5403 3667 5479 appellatum:
3693 5390 3728 5441 in

2277 5573 2293 5604 ¹
2319 5572 2392 5622 sic
2412 5571 2510 5621 duo
2529 5576 2660 5629 Mss;
2678 5570 2845 5618 exteri
2865 5580 2985 5617 vero
3006 5573 3059 5616 ut
3081 5567 3132 5629 in
3157 5564 3323 5629 editis,
3336 5558 3518 5611 verbum
3533 5550 3681 5612 ιαικον-

2273 5635 2510 5711 ξῇιξλιιεε.
2529 5637 2584 5711 at
2605 5623 2736 5711 m3,
2751 5629 2939 5711 audire.
2959 5629 3077 5701 gditi
3093 5628 3192 5711 alii,
3210 5623 3634 5711 erectae-munda
3659 5679 3670 5689 ,
3687 5667 3726 5711 ἅ

2276 5697 2295 5727 δ
2311 5672 2584 5754 satirae
2606 5672 3278 5756 zaaamztaﬁgtzgjsis;,‘
3293 5672 3383 5756 sed
3412 5672 3664 5756 crucem:

2211 5736 3500 5821 quaizl'aa’eﬁiis'Esaiasamatamam-
3576 5736 3724 5786 cresca-

2211 5817 2377 5871 titus;
2404 5817 2716 5869 antbnlemns.
