3926 6366
65 1873 80 1944 i

69 2161 100 2468 ξ

30 2993 94 3554 χ

277 369 402 430 1785

271 501 360 545 sua
381 500 509 542 vero
532 487 740 559 lingua,
771 487 872 545 hoc
897 497 980 545 est
1009 489 1060 544 in
1089 487 1299 545 hebraea
1319 530 1334 556 ,
1358 487 1560 544 Pascha
1586 485 1840 543 transitus

273 577 453 636 dicitur
492 597 505 631 :
555 587 836 651 propterea
881 590 1006 636 tunc
1056 581 1282 652 primum
1313 578 1516 635 Pascha
1555 575 1843 636 celebravit

273 670 482 744 populus
511 669 642 737 Dei,
677 671 891 742 quando
918 687 984 727 ex
1010 670 1243 744 Egypto
1272 669 1570 742 fugientes,
1600 668 1840 724 Rubrum

273 777 408 820 mare
443 763 766 819 transierunt
790 762 983 836 (Ea-od.
1030 780 1151 832 xw,
1179 763 1293 835 29).
1324 762 1474 818 Nunc
1514 777 1642 833 ergo
1673 761 1839 832 ﬁgura

275 857 352 913 illa
372 855 668 932 prophetica
701 859 752 912 in
772 859 994 914 veritate
1020 859 1282 930 completa
1299 868 1400 925 est,
1420 873 1540 914 cum
1563 857 1699 912 sicut
1723 854 1838 911 ovis

276 949 335 1005 ad
362 950 733 1006 immolandum
759 951 972 1008 ducitur
995 950 1236 1008 Christus
1257 951 1408 1020 (lsai.
1443 968 1552 1016 LIII,
1583 951 1658 1020 7),
1687 947 1837 1019 cujus

276 1043 510 1114 sanguine
539 1042 683 1098 illitis
707 1043 951 1114 postibus
980 1045 1176 1100 nostris
1200 1087 1214 1109 ,
1244 1043 1294 1099 id
1341 1054 1456 1109 cst,
1495 1043 1648 1113 cujus
1682 1042 1837 1111 signo

275 1134 431 1189 crucis
469 1135 688 1206 signatis
716 1135 979 1191 frontibus
1024 1137 1221 1192 nostris
1242 1178 1256 1201 ,
1283 1152 1312 1190 a
1342 1135 1640 1207 perditione
1679 1133 1836 1203 hujus

275 1227 434 1284 stcculi
461 1237 708 1298 tanquam
736 1243 766 1282 a
787 1229 1089 1298 captivitate
1120 1229 1200 1284 vel
1232 1228 1642 1297 interemptione
1668 1225 1832 1297 Aﬂgy-

277 1322 369 1391 ptia
393 1321 670 1375 liberamur
695 1319 888 1393 (Exod.
913 1336 1017 1385 xu,
1056 1319 1185 1386 23);
1212 1329 1267 1376 et
1311 1320 1514 1391 agimus
1551 1316 1836 1372 saluberri-

273 1429 401 1468 mqu
435 1415 743 1482 transitum,
782 1430 901 1470 cum
938 1431 966 1468 a
1005 1413 1220 1469 diabolo
1251 1414 1537 1469 transimus
1571 1410 1636 1466 ad
1674 1411 1831 1465 Chri-

273 1517 396 1561 stum
415 1549 428 1573 ,
455 1516 506 1562 et
553 1508 621 1563 ab
664 1508 766 1563 isto
809 1507 1039 1563 instabili
1068 1509 1264 1563 saeculo
1289 1507 1355 1562 ad
1385 1508 1498 1577 ejus
1528 1505 1834 1560 fundatissi-

273 1614 401 1654 mum
434 1614 670 1670 regnum.
712 1598 836 1655 ideo
873 1599 1069 1670 quippe
1111 1598 1176 1654 ad
1222 1600 1388 1654 Deum
1432 1605 1830 1669 permanentem

273 1691 572 1758 transimus,
630 1708 699 1749 ne
741 1707 862 1748 cum
905 1691 1103 1747 mundo
1143 1700 1447 1746 transeunte
1479 1701 1828 1746 transeamus.

274 1787 338 1844 De
377 1787 468 1844 hac
495 1787 646 1843 nobis
690 1787 884 1842 collata
908 1786 1073 1858 gratia
1105 1786 1271 1842 Deum
1298 1786 1518 1841 laudans
1547 1784 1832 1854 Apostolus

272 1879 384 1935 dicit
411 1898 424 1934 :
450 1879 547 1946 Qui
577 1881 703 1933 eruit
724 1895 814 1934 nos
833 1879 896 1933 de
931 1886 1170 1948 potestate
1207 1876 1519 1931 tenebrarum
1543 1917 1557 1942 ,
1585 1885 1631 1928 et
1662 1887 1828 1928 trans-

275 1972 372 2024 tulit
389 1971 438 2023 in
457 1986 660 2041 regnum
687 1967 813 2024 Filii
825 1969 1094 2044 charitatis
1120 1985 1228 2022 sua:
1255 1966 1469 2038 (Coloss.
1500 1981 1544 2030 t,
1576 1965 1686 2034 15).
1719 1963 1830 2018 Hoc

275 2062 428 2132 itaque
451 2077 639 2116 nomen
662 2103 674 2124 ,
705 2059 759 2116 id
782 2070 897 2128 est,
929 2060 1163 2125 Pascha,
1195 2058 1336 2131 quod
1365 2058 1559 2122 latine,
1590 2066 1649 2111 ut
1684 2055 1789 2110 dixi
1810 2097 1827 2122 ,

275 2157 500 2211 transitus
525 2165 878 2226 nuncupatur,
904 2156 1050 2211 velut
1080 2157 1434 2226 interpretans
1463 2153 1616 2207 nobis
1644 2152 1832 2207 beatus

276 2246 578 2318 Evangelista
597 2291 613 2314 ,
643 2250 771 2303 Ante
799 2249 952 2315 diem,
983 2249 1170 2320 inquit,
1201 2249 1383 2318 festum
1407 2245 1642 2313 Pace/uc,
1671 2245 1831 2300 sciens

272 2335 401 2393 Iesus
421 2340 534 2409 quia
571 2341 704 2393 venit
730 2341 854 2394 liora
879 2341 989 2410 ejus
1013 2349 1065 2393 ut
1096 2349 1316 2394 transeat
1351 2355 1412 2393 ex
1436 2339 1528 2392 hoc
1555 2337 1741 2392 mundo
1764 2337 1831 2390 ad

273 2427 474 2484 Patrem.
509 2430 646 2486 Ecce
675 2431 876 2487 Pascha
895 2472 909 2498 ,
943 2447 1069 2488 ecce
1095 2436 1368 2487 transitus.
1397 2431 1551 2487 Unde
1570 2473 1583 2495 ,
1613 2431 1831 2501 etquo?

274 2520 340 2576 De
371 2523 455 2578 hoc
491 2524 697 2580 scilicet
739 2523 926 2578 mando
955 2525 1022 2577 ad
1063 2522 1294 2578 Patrem.
1331 2524 1465 2593 Spes
1495 2522 1748 2578 membris
1776 2525 1831 2578 in

273 2614 422 2684 capite
439 2615 556 2670 data
579 2625 680 2680 est,
709 2616 847 2684 quod
870 2623 1052 2670 essent
1079 2615 1167 2669 illo
1195 2624 1501 2669 transeunte
1527 2615 1643 2669 sine
1668 2613 1830 2669 dubio

273 2713 509 2760 secutura.
535 2705 673 2772 Quid
696 2721 824 2776 ergo
848 2705 1089 2760 infideles
1109 2745 1123 2771 ,
1160 2713 1213 2760 et
1238 2705 1304 2759 ab
1348 2703 1449 2759 hoc
1474 2703 1645 2773 capite
1670 2712 1831 2774 atque

274 2797 330 2852 sb
350 2797 454 2867 ejus
477 2814 698 2870 corpore
726 2799 924 2854 alieni?
953 2813 1130 2855 nonne
1149 2808 1201 2854 et
1240 2798 1339 2868 ipsi
1368 2805 1679 2862 transeunt,
1707 2796 1828 2866 quia

275 2906 363 2946 non
386 2894 733 2963 permanent?
763 2893 1061 2948 Transeunt
1090 2892 1244 2963 plane
1272 2901 1326 2946 et
1366 2891 1465 2961 ipsi
1513 2909 1526 2945 :
1566 2889 1660 2944 sed
1688 2888 1830 2944 aliud

1589 2952 1812 2972 -ι-ο

274 2993 342 3039 est
363 2985 576 3041 transire
604 2986 670 3041 de
697 2985 916 3050 mundo,
941 2985 1087 3040 aliud
1112 2993 1196 3040 est
1216 2985 1439 3040 transire
1460 2999 1580 3038 cum
1607 2983 1825 3047 mundo;

273 3063 749 3146 amt,
779 3079 921 3134 aliud
947 3079 1012 3134 ad
1052 3063 1278 3134 hostem.
1325 3077 1455 3132 Nam
1495 3087 1550 3133 et
1591 3076 1828 3148 {Egyptii

269 3171 601 3237 transierunt;
636 3188 740 3226 non
782 3181 957 3227 Lumen
991 3171 1315 3226 transierunt
1341 3185 1434 3239 per
1468 3184 1614 3225 mare
1642 3168 1710 3223 ad
1740 3183 1828 3224 re-

273 3276 436 3331 gnum,
460 3263 544 3318 sed
570 3264 626 3320 in
653 3265 786 3318 mari
813 3263 879 3318 ad
902 3264 1198 3319 interitum.

331 3352 378 3406 2.
407 3354 572 3410 Sciens
601 3369 732 3425 ergo
749 3353 900 3409 Iesus
932 3356 1050 3419 quia
1078 3355 1206 3408 venit
1227 3354 1353 3408 hora
1381 3355 1491 3426 ejus
1517 3362 1572 3407 ut
1596 3353 1829 3407 transiret

259 3462 317 3500 ex
338 3447 425 3502 ltoc
449 3449 634 3502 mundo
659 3448 728 3501 ad
756 3447 977 3511 Patrem,
1001 3464 1114 3501 cum
1145 3447 1400 3501 dilexisset
1425 3463 1545 3500 suos
1572 3446 1659 3516 qui
1685 3454 1828 3499 erant

256 3538 304 3592 in
322 3541 523 3607 mundo,
553 3541 609 3594 in
628 3541 780 3608 ﬁnem
801 3540 974 3594 dilexit
999 3556 1100 3594 eos.
1128 3538 1320 3610 Utique
1347 3546 1402 3593 ut
1431 3546 1485 3592 et
1512 3538 1609 3609 ipsi
1633 3537 1700 3592 de
1725 3536 1828 3593 hoc

251 3630 434 3685 mundo
461 3632 547 3686 ubi
588 3640 773 3698 erant,
803 3630 868 3685 ad
895 3646 1050 3685 suum
1075 3638 1256 3700 caput,
1287 3629 1428 3700 quod
1458 3628 1582 3683 hinc
1603 3628 1826 3684 transis-

253 3731 354 3788 set,
383 3723 500 3792 ejus
538 3721 822 3777 dilectione
863 3722 1169 3776 transirent.
1199 3719 1337 3786 Quid
1369 3729 1452 3774 est
1479 3719 1620 3773 enim
1646 3759 1660 3783 ,
1688 3719 1742 3771 in
1764 3717 1828 3787 ﬁ-

249 3831 350 3870 nem
371 3858 385 3881 ,
418 3816 520 3870 nisi
547 3858 562 3883 ,
597 3814 648 3870 in
683 3814 990 3872 Christum?
1020 3813 1166 3868 Finis
1208 3812 1339 3868 enim
1368 3811 1516 3882 Legis
1557 3810 1786 3866 Christus
1808 3853 1823 3877 ,

251 3909 314 3963 ait
341 3909 644 3979 Apostolus,
677 3909 745 3962 ad
754 3909 1009 3980 justitiam
1030 3909 1165 3962 omni
1188 3907 1406 3964 credenti
1437 3906 1608 3979 (Rom.
1646 3922 1678 3958 χ
1702 3947 1715 3970 ,
1743 3905 1822 3977 4).

254 3996 385 4054 Finis
415 4001 694 4070 perliciens
712 4043 725 4065 ,
752 4017 856 4056 non
879 4001 1204 4056 interﬁciens
1230 4018 1242 4054 :
1273 4000 1390 4054 linis
1414 4015 1519 4070 quo
1542 4013 1708 4069 usque
1733 4013 1824 4052 ea-

256 4105 359 4147 mus
383 4134 396 4158 ,
429 4107 536 4148 non
564 4093 651 4148 ubi
683 4108 982 4164 pereamus.
1026 4091 1114 4148 Sic
1162 4091 1380 4146 omnino
1429 4089 1825 4159 intelligendum

260 4192 329 4238 est
350 4226 365 4250 ,
397 4183 597 4238 Pascha
621 4196 846 4240 nostrum
873 4185 1161 4239 immolatus
1189 4192 1261 4237 est
1289 4181 1518 4236 Christus
1547 4181 1592 4250 (l
1623 4180 1738 4234 Cor.
1769 4197 1821 4245 γ,

268 4273 333 4344 7).
353 4273 461 4347 Ipse
484 4288 565 4333 est
591 4278 710 4334 ﬁnis
732 4287 913 4334 noster
932 4320 946 4344 ,
975 4279 1025 4332 iu
1055 4279 1201 4332 illum
1228 4286 1310 4332 est
1338 4276 1590 4330 transitus
1620 4284 1820 4329 noster.

271 4361 380 4420 Nam
409 4368 556 4425 video
585 4383 740 4439 posse
787 4370 885 4423 ista
934 4352 1090 4424 verba
1135 4367 1436 4438 evangeliea
1467 4365 1696 4437 quodam
1728 4366 1825 4420 hu-

275 4470 405 4513 mano
429 4461 581 4515 nimio
609 4461 771 4516 etiam
797 4461 874 4515 sic
899 4461 1099 4531 accipi,
1126 4469 1374 4531 tanquam
1402 4475 1569 4529 usque
1589 4459 1655 4514 ad
1683 4474 1825 4514 mor-

277 4559 364 4607 tem
388 4553 619 4610 Christus
642 4555 888 4610 dilexerit
916 4568 1041 4609 suos
1061 4594 1076 4618 ,
1107 4563 1166 4608 ut
1189 4553 1291 4608 hoc
1315 4553 1551 4607 videatur
1583 4566 1702 4606 esse
1723 4593 1738 4618 ,
1770 4552 1824 4605 in

275 4641 399 4709 ﬁnem
421 4645 588 4702 dilexit
617 4662 722 4700 cos.
754 4643 991 4700 Humana
1022 4655 1105 4701 est
1136 4645 1249 4700 htcc
1284 4644 1543 4699 sententia
1570 4686 1585 4710 ,
1615 4659 1719 4696 non
1746 4642 1826 4696 di-

278 4734 408 4791 vina:
435 4755 601 4810 neque
624 4755 768 4793 cntnt
795 4753 892 4792 nos
924 4737 1194 4807 hucusque
1218 4737 1306 4792 ille
1335 4736 1539 4802 dilexit,
1568 4736 1655 4806 qui
1678 4751 1822 4791 sem-

270 4840 348 4894 per
367 4838 415 4883 et
436 4831 548 4886 sine
577 4834 682 4885 line
700 4843 798 4884 nos
823 4827 1010 4897 diligit.
1032 4829 1182 4884 Absit
1207 4837 1263 4882 ut
1285 4827 1620 4884 dilectionem
1649 4835 1822 4883 morte

268 4915 463 4988 ﬁnierit,
504 4924 592 4994 qui
625 4939 730 4978 non
771 4932 854 4977 cst
893 4931 1064 4976 morte
1094 4922 1290 4976 ﬁnitus.
1319 4923 1489 4977 Etiam
1530 4930 1647 4992 post
1674 4936 1820 4976 mor-

269 5017 387 5079 tem,
409 5014 638 5086 quinque
682 5014 869 5069 fratres
897 5028 1022 5068 suos
1049 5013 1236 5068 dilexit
1272 5012 1420 5068 dives
1445 5013 1532 5067 ille
1563 5013 1821 5083 superbus

267 5113 400 5173 atque
427 5108 620 5177 impius
641 5105 790 5176 (Luc.
814 5122 904 5160 xw
926 5148 939 5171 ,
968 5104 1058 5170 27,
1081 5105 1198 5176 28),
1232 5114 1285 5160 et
1313 5121 1478 5175 usque
1498 5105 1563 5160 ad
1595 5115 1818 5162 mortem

266 5209 346 5252 nos
362 5199 604 5258 dilexisse
630 5200 892 5271 putandus
912 5209 996 5254 est
1015 5199 1291 5255 Christus?
1307 5200 1474 5264 Absit,
1498 5199 1816 5255 charissimi.

266 5287 576 5367 Nequaquam
599 5295 690 5351 ille
715 5309 812 5350 nos
832 5294 1102 5364 diligendo
1131 5309 1299 5364 usque
1327 5293 1391 5349 ad
1421 5306 1646 5349 mortem
1674 5295 1822 5350 veni-

210 5379 219 5400 '
265 5396 360 5450 ret,
387 5388 428 5442 si
455 5388 793 5443 dilectionem
822 5394 1058 5442 nostram
1105 5395 1275 5442 morte
1316 5385 1507 5441 ﬁniret.
1538 5387 1646 5442 Nisi
1686 5389 1820 5444 forte

265 5473 324 5527 ita
345 5476 408 5531 sit
431 5476 828 5548 intelligendum
849 5519 864 5543 ,
899 5478 949 5531 in
976 5478 1126 5546 ﬁnem
1164 5478 1338 5532 dilexit
1373 5495 1456 5532 eos
1492 5476 1666 5545 :Quia
1699 5487 1817 5534 tan-

265 5571 358 5620 tum
376 5568 556 5624 dilexit
585 5585 710 5635 eos,
743 5578 800 5624 ut
825 5579 1121 5625 moreretur
1149 5579 1366 5639 propter
1388 5584 1500 5624 eos.
1531 5569 1643 5624 lloc
1677 5570 1819 5626 enim

263 5663 464 5714 testatus
490 5671 571 5715 est
597 5659 784 5715 dicens
809 5678 821 5714 :
852 5658 1101 5730 Majorem
1121 5660 1215 5714 hac
1252 5661 1546 5715 cltaritatem
1566 5678 1710 5716 nemo
1729 5661 1822 5716 Ita-

265 5747 360 5816 θα,
397 5768 543 5813 quam
570 5759 623 5804 ut
658 5753 879 5806 animant
903 5768 1046 5805 suam
1071 5762 1222 5823 ponat
1245 5753 1357 5823 quis
1383 5769 1476 5824 pro
1514 5754 1688 5808 amicis
1717 5757 1822 5811 suis

265 5836 426 5906 (Juan.
457 5859 544 5910 xv,
577 5844 684 5911 l3).
718 5843 789 5898 Ita
817 5859 944 5901 sane
971 5860 1074 5902 non
1113 5843 1454 5917 prohibemus
1482 5845 1700 5919 intelligi
1725 5889 1740 5916 ,
1769 5849 1822 5904 in

1398 365 1814 427 TRACTATUS
1848 364 1984 426 LIV.
2023 367 2251 428 CAPUT
2287 369 2424 428 XIII.

3387 367 3525 429 I786

1943 485 2094 554 ﬁnem
2119 487 2323 556 dilexit,
2349 487 2402 543 id
2429 498 2548 556 est,
2581 503 2748 560 usque
2784 484 2852 543 ad
2880 494 3108 544 mortem
3134 485 3283 544 illum
3311 485 3531 545 dilectio

1947 577 2060 648 ipsa
2088 579 2354 650 perduxit.

2015 670 2071 726 5.
2097 688 2117 723 ι
2138 671 2202 728 Ει
2227 685 2433 742 omna,»
2457 673 2647 744 inquit,
2672 674 2862 741 «facta,
2882 688 3003 730 cum
3027 671 3270 729 diabolus
3289 672 3401 744 jam
3427 673 3530 731 mi-

1942 762 2103 820 sisset
2129 765 2182 820 in
2207 779 2329 832 cor,
2357 775 2416 822 ut
2445 765 2678 822 traderet
2703 782 2825 823 eum
2849 764 3013 822 ludas
3041 764 3276 822 Simonis
3298 764 3525 823 lseario-

1940 863 2025 910 tes
2057 856 2074 888 ¹
2103 875 2116 912 :
2144 857 2318 914 sciens
2345 857 2468 929 quia
2499 859 2674 914 omnia
2703 859 2850 915 dedit
2873 859 2920 914 ei
2948 857 3106 914 Pater
3131 857 3184 913 in
3217 872 3404 914 manus
3422 900 3440 928 ,
3467 865 3528 916 et

1941 947 2062 1018 quia
2091 963 2120 1002 a
2145 949 2253 1004 Deo
2281 951 2430 1016 exiit,
2459 959 2513 1006 et
2533 950 2599 1006 ad
2621 951 2787 1006 Deum
2814 949 2978 1018 vadit,
3001 949 3168 1021 surgit
3191 954 3396 1007 a‘ctnna
3423 991 3438 1018 ,
3470 957 3527 1007 et

1939 1043 2090 1111 ponit
2110 1043 2424 1098 vestimenta
2448 1059 2564 1109 sua;
2593 1053 2646 1099 et
2673 1059 2795 1098 cum
2815 1043 3104 1114 accepisset
3126 1042 3365 1108 linteum,
3389 1057 3524 1112 prae-

1939 1133 2103 1188 cinxit
2130 1149 2207 1190 se.
2234 1134 2433 1192 Deinde
2457 1135 2616 1191 mittit
2643 1150 2834 1206 aquam
2861 1134 2916 1190 in
2944 1135 3158 1206 pelvim,
3184 1143 3239 1190 et
3263 1135 3423 1206 capit
3443 1135 3520 1190 lae

1937 1239 2064 1280 vare
2093 1225 2254 1296 pedes
2281 1225 2683 1297 discipulorum,
2706 1236 2762 1282 et
2786 1238 3062 1298 extergere
3082 1225 3246 1282 linteo
3271 1242 3376 1298 quo
3404 1234 3522 1283 erat

1938 1319 2275 1387 praecinctus.
2321 1337 2340 1371 ι
2392 1319 2508 1375 Non
2555 1321 2624 1375 ita
2669 1320 2928 1376 debemus
2971 1319 3266 1391 intelligere
3311 1333 3521 1376 caenam

1937 1407 2129 1464 factam
2160 1411 2318 1466 veluti
2340 1411 2448 1481 jatn
2474 1422 2894 1468 consummatam
2923 1421 3082 1483 atque
3108 1421 3428 1467 transactam
3457 1413 3478 1444 ¹
3504 1428 3518 1468 :

1936 1501 2110 1558 adhuc
2129 1505 2270 1560 enim
2297 1505 2622 1571 ctenahatur,
2655 1521 2777 1562 cum
2804 1504 3061 1560 Dominus
3087 1504 3322 1561 surrexit
3347 1513 3401 1560 et
3429 1519 3522 1574 pe-

1936 1595 2031 1650 des
2074 1597 2200 1652 lavit
2247 1597 2518 1670 discipulis
2559 1599 2689 1654 suis.
2738 1599 2870 1654 Nam
2911 1605 3092 1670 postea
3133 1597 3410 1666 recubuit,
3462 1607 3520 1653 et

1936 1689 2226 1746 buccellam
2261 1707 2359 1746 suo
2389 1691 2630 1748 traditori
2670 1702 2853 1762 postea
2901 1689 3085 1758 dedit,
3137 1690 3318 1762 utique
3367 1704 3520 1746 caena

1937 1782 2172 1838 nondum
2204 1783 2350 1839 ﬁnita
2376 1825 2389 1849 ,
2434 1783 2537 1840 hoc
2575 1795 2694 1852 est,
2740 1783 2866 1839 dum
2892 1783 3064 1840 adhuc
3089 1785 3238 1855 panis
3279 1791 3423 1840 esset
3465 1783 3519 1839 in

1936 1889 2139 1929 mensa.
2173 1874 2325 1930 Ctenu
2351 1891 2479 1947 ergo
2499 1879 2636 1947 facta
2657 1917 2671 1942 ,
2701 1874 2899 1930 dictum
2924 1885 3039 1942 est,
3066 1877 3177 1945 jam
3205 1885 3387 1947 parata
3405 1916 3422 1944 ,
3466 1885 3522 1932 et

1936 1965 2002 2020 ad
2029 1967 2422 2022 convivantium
2453 1983 2692 2024 mensam
2717 1983 2986 2037 usumque
3007 1966 3280 2038 perducta.

2006 2061 2059 2114 4.
2092 2058 2244 2126 Quod
2289 2070 2465 2116 autem
2491 2061 2596 2126 ait,
2631 2060 2756 2115 Cum
2794 2059 3024 2114 diabolus
3054 2061 3170 2132 jam
3213 2060 3424 2116 misisset
3468 2061 3522 2116 in

1936 2168 2042 2216 cor,
2070 2153 2357 2206 uttraderet
2387 2169 2502 2207 eum
2519 2151 2686 2208 ludas
2711 2151 2938 2208 Simonis
2964 2150 3272 2216 Iscariotes;
3301 2152 3346 2207 si
3371 2167 3520 2224 quae-

1933 2243 2010 2298 ris
2037 2243 2162 2314 quid
2184 2245 2404 2300 missum
2426 2245 2494 2300 sit
2514 2245 2566 2299 in
2589 2261 2682 2301 cor
2701 2244 2852 2301 Judaa
2883 2262 2898 2300 :
2925 2245 3026 2301 hoc
3050 2246 3252 2316 utique,
3275 2255 3330 2300 ut
3355 2245 3524 2301 trade-

1934 2347 2010 2392 ret
2025 2353 2156 2392 eum.
2180 2337 2358 2393 Missio
2389 2337 2489 2394 ista
2513 2379 2527 2403 ,
2559 2338 2846 2408 spiritualis
2880 2339 3150 2408 suggestio
3172 2347 3256 2394 est
3288 2356 3301 2393 :
3331 2353 3436 2394 non
3464 2338 3524 2394 ﬁt

1935 2444 2032 2500 per
2055 2444 2260 2498 aurem,
2284 2429 2376 2486 sed
2405 2445 2499 2501 per
2522 2431 2916 2501 cogitationem;
2948 2445 3012 2485 ac
3033 2447 3126 2502 per
3151 2430 3252 2486 hoc
3277 2445 3384 2486 non
3403 2445 3522 2486 cor-

1936 2524 2189 2594 poraliter
2215 2565 2230 2590 ,
2274 2524 2368 2581 scd
2410 2525 2671 2596 spirituali
2691 2539 2769 2580 er.
2825 2523 3007 2594 Neque
3054 2524 3196 2582 enim
3247 2523 3522 2594 spirituale

1935 2616 2076 2687 quod
2097 2615 2307 2681 dicitur,
2343 2631 2556 2688 semper
2584 2617 2636 2671 itt
2658 2615 2814 2671 laude
2838 2614 3204 2685 accipiendum
3231 2625 3334 2671 est.
3359 2613 3520 2671 Novit

1935 2709 2220 2778 Apostolus
2249 2707 2490 2779 quaedam
2519 2708 2811 2778 Spiritualia
2838 2707 3086 2776 nequitiae
3115 2707 3168 2761 in
3190 2705 3514 2773 cmicstibus,

1933 2799 2188 2856 adversus
2253 2816 2371 2872 qua:
2423 2800 2578 2856 nobis
2627 2800 3060 2856 colluctationem
3119 2813 3237 2855 esse
3299 2807 3521 2854 testatur

1936 2891 2150 2963 (Epltes.
2190 2907 2276 2959 vt,
2325 2891 2416 2965 l2)
2462 2909 2476 2947 :
2522 2907 2626 2947 non
2657 2901 2832 2948 autem
2874 2900 3057 2948 essent
3101 2891 3260 2946 etiam
3288 2891 3521 2964 maligna

1933 2985 2225 3055 spiritualia
2251 3027 2266 3051 ,
2305 2986 2349 3040 si
2393 2999 2499 3040 non
2542 2993 2720 3041 essent
2765 2985 2925 3040 etiam
2955 2984 3169 3056 maligni
3207 2983 3444 3056 spiritus.
3474 2987 3521 3042 Α

1934 3078 2124 3147 spiritu
2174 3077 2316 3132 enim
2366 3077 2657 3148 spiritualia
2703 3077 3062 3132 nominantur.
3103 3074 3207 3132 Sed
3249 3077 3522 3147 quomodo

1937 3170 2034 3224 ista
2069 3170 2227 3237 ﬁant,
2259 3179 2315 3225 ut
2338 3171 2616 3227 diabolica:
2646 3171 3012 3244 suggestiones
3038 3171 3425 3240 immittantur,
3466 3181 3522 3228 ct

1936 3262 2181 3318 humanis
2220 3265 2628 3334 cogitationibus
2657 3267 2983 3321 misceantur
3005 3309 3021 3334 ,
3062 3274 3118 3322 ut
3145 3281 3238 3322 eas
3269 3275 3518 3338 tanquam

1932 3369 2056 3409 suas
2083 3355 2298 3425 deputet
2329 3356 2507 3422 homo,
2536 3357 2676 3413 unde
2701 3359 2800 3414 scit
2821 3358 3018 3414 homo?
3038 3359 3144 3416 Nec
3168 3359 3515 3416 dubitandum

1932 3457 2014 3502 est
2041 3448 2200 3501 etiam
2230 3447 2398 3504 bonas
2424 3449 2791 3519 suggestiones
2813 3465 2844 3504 a
2874 3451 3017 3507 bono
3043 3452 3233 3521 spiritu
3255 3451 3324 3507 ita
3349 3451 3516 3507 laten-

1933 3548 2015 3592 ter
2037 3553 2098 3593 ac
2123 3539 2470 3608 spiritualiter
2495 3540 2609 3596 ﬁeri
2641 3558 2654 3594 :
2683 3541 2776 3596 sed
2809 3541 3027 3597 interest
3065 3543 3379 3611 quibusnam
3422 3558 3518 3598 ea-

1933 3645 2051 3684 rum
2079 3645 2230 3685 mens
2259 3630 2487 3686 humana
2507 3633 2807 3688 consentiat
2829 3674 2844 3699 ,
2873 3633 3053 3688 divino
3080 3634 3277 3688 auxilio
3305 3635 3386 3689 vel
3415 3633 3515 3690 de-

1931 3731 2072 3776 serta
2114 3737 2208 3792 per
2253 3724 2530 3792 meritum,
2563 3724 2644 3780 vel
2680 3724 2856 3794 adjuta
2885 3739 2980 3794 per
3024 3725 3265 3796 gratiam.
3298 3725 3516 3781 Factum

1931 3827 2056 3881 ergo
2083 3813 2191 3881 jam
2221 3813 2392 3870 fuerat
2427 3815 2480 3869 in
2508 3815 2669 3872 corde
2688 3814 2838 3870 Judac
2869 3831 2964 3886 per
2988 3816 3370 3873 immissionem
3400 3816 3518 3873 dia-

1930 3903 2176 3967 bolicam,
2208 3915 2266 3958 ut
2292 3906 2524 3961 traderet
2547 3907 2840 3978 discipulus
2867 3908 3175 3979 magistrum
3194 3950 3208 3976 ,
3239 3909 3332 3966 sed
3357 3925 3516 3980 quem

1929 4007 2036 4048 non
2060 3993 2318 4076 didicerat
2349 3997 2534 4050 Deum.
2557 3997 2674 4052 Jam
2702 3998 2820 4053 talis
2845 4009 3065 4055 venerat
3094 4001 3160 4055 ad
3190 4003 3510 4071 convivium,

1929 4085 2240 4154 explorator
2285 4087 2518 4142 Pastoris
2541 4129 2555 4153 ,
2587 4087 2866 4144 insidiator
2901 4089 3226 4157 Salvatoris,
3271 4091 3518 4148 venditor

1930 4176 2342 4248 Redemptoris;
2367 4180 2474 4250 jam
2501 4181 2621 4236 talis
2641 4192 2895 4249 venerat,
2923 4192 2976 4239 et
3004 4181 3283 4238 videbatur
3305 4227 3319 4251 ,
3351 4195 3404 4241 et
3431 4195 3514 4241 ιο·-

1930 4270 2234 4333 ierabatur.
2277 4281 2330 4326 et
2373 4286 2431 4326 se
2472 4272 2702 4343 ignorari
2749 4273 3104 4329 arbitrabatur
3142 4292 3156 4330 :
3189 4275 3311 4344 quia
3355 4275 3408 4330 in
3449 4291 3516 4332 eo

1929 4376 2087 4432 quem
2115 4361 2325 4416 volebat
2355 4362 2536 4418 fallere
2560 4404 2574 4428 ,
2606 4363 2899 4418 fallebatur.
2945 4365 3016 4419 At
3043 4363 3132 4420 ille
3161 4365 3263 4420 isto
3307 4365 3359 4422 in
3397 4366 3516 4437 ipso

1929 4453 2091 4508 corde
2118 4454 2258 4508 intus
2285 4453 2545 4524 inSpecto,
2577 4455 2848 4510 nesciente
2866 4455 3098 4511 scienter
3119 4456 3382 4513 utebatur.

2002 4546 2056 4601 5.
2083 4545 2262 4601 Sciens
2298 4547 2417 4616 quia
2455 4547 2624 4600 omnia
2648 4547 2784 4600 dedit
2810 4546 2856 4600 ei
2886 4545 3044 4601 Pater
3065 4548 3119 4601 in
3143 4564 3340 4604 manus.
3373 4549 3516 4621 Ergo

1929 4649 1983 4696 et
2025 4641 2199 4711 ipsum
2242 4639 2552 4695 traditorcm
2587 4656 2601 4694 :
2634 4655 2756 4695 nam
2799 4639 2844 4694 si
2887 4656 3008 4696 eum
3040 4642 3091 4696 in
3123 4642 3365 4698 manibus
3405 4657 3514 4700 non

1929 4731 2185 4796 haberet,
2233 4746 2338 4787 non
2383 4732 2564 4802 utique
2600 4731 2690 4786 illo
2730 4739 2968 4788 uteretur
2992 4741 3049 4788 ut
3074 4732 3253 4788 vellet.
3282 4733 3514 4791 Proinde

1924 4824 2035 4893 jam
2070 4822 2292 4878 traditor
2319 4823 2542 4878 traditus
2567 4833 2682 4878 erat
2704 4823 2754 4878 ei
2781 4839 2937 4894 quem
2981 4806 3198 4880 tradere
3227 4825 3510 4894 cupiebat,

1926 4927 2086 4987 atque
2113 4916 2181 4970 ita
2214 4916 2410 4970 malum
2441 4914 2699 4971 tradendo
2725 4914 2981 4982 faciebat,
3011 4924 3070 4970 ut
3097 4915 3164 4971 de
3191 4916 3281 4971 illo
3318 4917 3512 4973 tradito

1925 5007 2123 5062 bonum
2161 5007 2313 5062 ﬁeret
2337 5005 2477 5077 quod
2519 5006 2810 5061 nesciebat.
2850 5005 3061 5061 Sciebat
3083 5007 3226 5062 enim
3256 5006 3511 5064 Dominus

1926 5100 2052 5171 quid
2081 5099 2275 5155 faceret
2308 5113 2402 5170 pro
2426 5097 2612 5153 amicis
2631 5139 2646 5163 ,
2673 5098 2762 5168 qui
2791 5097 3048 5168 patienter
3070 5099 3318 5155 utebatur
3337 5099 3511 5157 inimi-

1926 5193 2003 5248 cis
2036 5211 2048 5247 :
2077 5207 2139 5248 ac
2161 5193 2240 5248 sic
2263 5191 2438 5246 omnia
2464 5189 2682 5245 dederat
2707 5190 2862 5246 Pater
2890 5191 2942 5244 in
2983 5206 3170 5247 manus
3196 5191 3312 5262 ejus
3334 5233 3350 5258 ,
3377 5202 3431 5249 et
3455 5194 3508 5248 in

1927 5299 2082 5339 usum
2105 5283 2241 5338 mala
2261 5323 2276 5350 ,
2314 5291 2367 5338 et
2397 5283 2448 5336 in
2475 5281 2720 5336 effectum
2746 5281 2904 5336 bona.
2935 5279 3114 5336 Sciens
3145 5284 3294 5337 etiam
3317 5284 3436 5352 quia
3476 5300 3510 5336 α

1925 5373 2035 5429 Deo
2064 5374 2225 5440 exiit,
2253 5381 2298 5426 et
2325 5373 2393 5424 ad
2436 5370 2599 5425 Deum
2635 5371 2772 5425 vadit
2805 5385 2943 5426 :nec
2974 5371 3139 5426 Deum
3164 5413 3178 5438 ,
3223 5385 3345 5426 eum
3383 5369 3508 5428 inde

1927 5466 2097 5521 exiret
2120 5481 2133 5532 ;
2163 5479 2260 5520 nec
2281 5479 2379 5518 nos
2405 5463 2664 5520 deserens
2686 5505 2700 5531 ,
2733 5477 2852 5519 cum
2879 5462 3096 5518 rediret.

1997 5560 2049 5616 6.
2093 5559 2217 5614 ilice
2260 5573 2388 5628 ergo
2427 5560 2622 5623 sciens,
2665 5558 2876 5628 surgita
2903 5573 3062 5621 caena,
3103 5566 3149 5609 et
3188 5555 3327 5624 ponit
3367 5557 3508 5612 vesti-

1929 5663 2096 5708 menta
2131 5667 2257 5716 sua;
2294 5661 2340 5706 et
2385 5668 2498 5707 cum
2539 5652 2805 5722 accepisset
2839 5649 3072 5713 linteum,
3119 5646 3382 5718 praecinxit
3433 5666 3508 5705 se.

1992 5793 2009 5822 ⁸
2035 5797 2161 5852 Mss,
2184 5788 2664 5852 constanterhabent
2687 5800 2700 5835 :
2726 5783 2879 5834 Judas
2892 5781 3091 5852 summis

1991 5853 2011 5885 ²
2033 5849 2283 5906 tredecim
2304 5860 2431 5915 Mss,
2443 5851 2551 5912 jam
2567 5853 2892 5911 consumptam
2913 5854 3054 5911 atque
3076 5849 3384 5924 transactam.
