3926 6442
522 352 664 412 ιιυ

514 466 722 525 Deinde
759 464 908 527 mittit
964 481 1152 536 nquam
1193 464 1248 522 in
1293 460 1474 535 pelvis:
1491 503 1507 531 ,
1530 469 1575 517 et
1596 458 1745 531 coepit
1763 456 1933 512 lavare
1955 451 2105 527 pedes

523 560 891 632 discipulorum
916 600 930 625 ,
973 567 1022 612 et
1070 568 1323 629 extergere
1347 556 1498 610 linteo
1526 568 1626 625 quo
1652 560 1757 621 erat
1784 546 2103 623 praecinctus.

516 652 815 719 Debemus,
855 650 1219 717 dilectissimi,
1255 663 1474 705 sensum
1506 644 1858 716 Evangelista)
1878 632 2108 712 diligen-

518 754 604 802 ter
629 742 923 801 attendere.
962 741 1258 799 Locuturus
1286 740 1482 810 quippe
1502 737 1572 794 de
1599 745 1746 793 tanta
1772 733 1984 791 Domini
2002 731 2105 787 bit-

516 837 770 901 militum,
803 835 948 906 prius
982 833 1351 890 celsitudinem
1383 831 1500 901 ejus
1521 828 1688 885 voluit
1706 825 2104 885 commendare.

518 928 600 987 Ad
630 928 728 984 hoc
758 926 984 998 pertinet
1007 925 1147 997 quod
1188 926 1296 992 ait,
1326 923 1505 980 Sciens
1540 922 1664 994 quia
1698 920 1868 976 omnia
1886 917 2027 973 dedit
2062 916 2109 973 ei

518 1020 685 1077 Pater
706 1020 761 1075 in
788 1034 1000 1083 manus,
1023 1028 1072 1073 et
1091 1018 1211 1089 quia
1240 1034 1271 1070 α
1293 1015 1406 1073 Deo
1430 1016 1548 1072 exiit
1565 1053 1580 1080 ,
1604 1024 1649 1068 et
1676 1012 1746 1068 ad
1768 1011 1928 1066 Deum
1950 1009 2104 1065 vadit.

519 1115 653 1171 Cum
679 1114 753 1173 illi
780 1127 909 1183 ergo
930 1111 1107 1168 omnia
1128 1111 1287 1176 Pater
1304 1108 1539 1166 dedisset
1582 1107 1635 1163 in
1660 1092 1883 1173 manus,
1912 1106 2003 1160 ille
2029 1103 2111 1159 di-

518 1207 846 1278 scipulorum
893 1216 999 1262 nan
1049 1202 1387 1271 manus,sed
1431 1202 1592 1273 pedes
1623 1201 1861 1256 lavitzet
1887 1213 2009 1254 cum
2049 1211 2109 1252 se

520 1304 683 1359 sciret
718 1317 749 1356 a
792 1302 906 1357 Deo
943 1300 1169 1366 exiisse,
1223 1307 1279 1356 et
1306 1296 1374 1353 ad
1408 1298 1570 1354 Deum
1592 1309 1846 1367 pergere,
1874 1306 1980 1347 non
2014 1290 2108 1346 Dei

520 1394 761 1461 Domini,
792 1393 887 1450 sed
918 1392 1149 1449 hominis
1173 1391 1313 1447 servi
1345 1389 1583 1460 implevit
1607 1385 1863 1442 oilleium.
1898 1382 1979 1439 Ad
2006 1382 2107 1437 hoc

518 1496 694 1545 autem
740 1486 964 1557 pertinet
1015 1484 1156 1556 quod
1181 1483 1344 1541 etiam
1374 1482 1442 1536 de
1472 1478 1728 1536 traditore
1765 1478 1962 1548 ipsius,
2016 1475 2106 1546 qui

515 1579 626 1650 jam
651 1578 769 1634 talis
793 1586 1045 1645 venerat,
1067 1577 1157 1647 qui
1186 1588 1283 1631 nec
1315 1574 1382 1630 ab
1412 1573 1501 1628 illo
1524 1570 1866 1643 ignorabatur
1882 1609 1897 1636 ,
1921 1568 2104 1639 praelo-

518 1671 609 1742 qui
637 1671 837 1735 voluit;
865 1677 922 1727 ut
951 1667 1052 1727 hoc
1072 1682 1283 1738 quoque
1308 1666 1374 1721 ad
1399 1664 1685 1720 maximum
1713 1661 1981 1717 cumulum
2007 1660 2106 1715 bu.

518 1763 760 1820 militatis
798 1760 1109 1825 accederet,
1159 1757 1301 1828 quod
1348 1757 1506 1811 etiam
1550 1754 1624 1810 illi
1647 1769 1755 1808 non
1792 1751 2106 1823 dedignatus

518 1862 603 1909 est
633 1852 795 1923 pedes
822 1851 1019 1916 lavare,
1040 1848 1195 1920 cujus
1224 1860 1410 1902 manus
1426 1846 1535 1918 jam
1569 1843 1888 1917 prmvidebat
1915 1844 1966 1899 in
1992 1858 2105 1898 sce-

521 1946 649 1999 lere.

592 2039 643 2092 7.
656 2036 788 2105 Quid
805 2044 980 2093 autem
995 2036 1185 2091 mirum
1196 2034 1239 2090 si
1257 2033 1485 2090 surrexit
1500 2047 1530 2087 a
1543 2047 1718 2100 omne,
1730 2040 1785 2085 et
1815 2030 1989 2101 posuit
2018 2044 2106 2084 ve-

522 2131 769 2187 stimenta
787 2130 1006 2200 sua,qui
1027 2142 1148 2184 cum
1175 2128 1227 2183 in
1258 2126 1426 2182 forma
1457 2125 1548 2181 Dei
1569 2132 1731 2192 esset,
1763 2124 2105 2193 semetipsum

523 2221 849 2277 exiumtivit?
876 2221 941 2276 Et
964 2219 1087 2291 quid
1120 2218 1312 2274 mirum
1340 2218 1385 2273 si
1415 2216 1693 2288 prmeinxit
1715 2230 1775 2272 se
1795 2214 1980 2281 linteo,
2016 2213 2105 2286 qui

514 2313 745 2371 fortnam
786 2314 927 2371 servi
962 2312 1227 2385 accipiens
1255 2310 1435 2365 habitu
1472 2309 1717 2364 inventus
1737 2316 1820 2364 est
1856 2316 1913 2363 ut
1946 2307 2106 2362 homo

516 2405 880 2477 (P/tilipp.il,ﬂ
893 2415 936 2459 et
949 2403 1055 2477 7.)?
1070 2404 1204 2471 Quid
1219 2404 1407 2458 mirum
1420 2402 1467 2458 si
1482 2402 1627 2457 misit
1641 2415 1829 2473 aquam
1844 2401 1895 2455 in
1912 2400 2105 2472 pelvim

520 2497 659 2553 unde
690 2498 885 2552 levaret
900 2496 1061 2567 pedes
1081 2495 1479 2565 discipulorum,
1495 2492 1652 2565 quiin
1675 2502 1868 2548 terram
1893 2492 2106 2563 sangui-

517 2602 640 2649 nem
656 2589 808 2654 ludit,
827 2604 933 2659 quo
949 2588 1335 2644 immunditiam
1346 2587 1573 2642 dilueret
1592 2584 1956 2657 peccatorum?
1970 2582 2105 2652 Quid

519 2683 712 2748 mirum
738 2683 782 2738 si
812 2683 974 2738 linteo
994 2696 1100 2752 quo
1125 2687 1241 2736 erat
1265 2680 1601 2750 prtecinctus,
1628 2676 1790 2749 pedes
1810 2692 1942 2749 quos
1966 2677 2108 2733 lave—

519 2786 603 2835 rat
624 2816 638 2840 ,
668 2776 852 2843 tersit,
881 2775 973 2845 qui
999 2789 1162 2830 carne
1182 2787 1285 2843 qua
1314 2779 1429 2826 erat
1454 2770 1672 2826 indutus
1692 2811 1706 2837 ,
1740 2767 2105 2840 Evangelista-

516 2884 636 2925 rum
658 2867 875 2937 vestigia
900 2863 1273 2921 conﬁrmavit?
1299 2863 1363 2918 Et
1384 2859 1782 2936 linteoqnidem
1811 2868 1865 2914 ut
1885 2876 1944 2915 se
1973 2874 2111 2931 pne-

520 2962 787 3033 cingeret,
818 2958 995 3028 posuit
1014 2958 1325 3014 vestimenta
1363 2969 1480 3024 qua:
1525 2951 1786 3007 habebat:
1825 2958 1884 3005 ut
1931 2962 2108 3005 autem

523 3053 747 3110 formam
774 3032 915 3106 servi
944 3050 1209 3119 acciperet
1234 3046 1447 3118 quando
1476 3044 1819 3113 semetipsum
1865 3040 2107 3096 exinani-

522 3145 628 3210 vit,
661 3158 768 3197 non
797 3141 937 3211 quod
966 3141 1198 3196 habebat
1220 3138 1500 3210 deposuit,
1521 3136 1614 3192 sed
1644 3135 1784 3210 quod
1813 3150 1918 3190 non
1944 3134 2108 3189 babe-

525 3235 616 3290 bat
642 3233 867 3303 accepit.
913 3229 1313 3302 Cruciﬁgendus
1341 3244 1468 3283 sane
1509 3228 1620 3283 suis
1667 3226 1991 3297 exspoliattus
2030 3233 2111 3281 est

535 3325 900 3392 vestimentis,
925 3332 977 3380 et
1007 3332 1246 3378 mortuus
1277 3321 1543 3377 involutus
1568 3328 1652 3375 est
1680 3319 1856 3375 linteis
1886 3326 1976 3372 :ct
2003 3326 2111 3372 tota

526 3418 618 3474 ille
646 3416 761 3487 ejus
784 3415 986 3486 passio,
1020 3424 1199 3468 nostra
1241 3413 1483 3485 purgatio
1522 3420 1623 3467 est.
1667 3410 1927 3467 Passurus
1956 3410 2113 3480 igitur

529 3511 687 3568 exitia
711 3509 1000 3579 ,prazmisit
1021 3506 1274 3577 obsequia
1299 3523 1313 3571 ;
1334 3520 1438 3561 non
1461 3504 1633 3560 solum
1665 3504 1743 3560 eis
1792 3518 1886 3573 pro
1918 3502 2111 3573 quibus

528 3611 646 3660 erat
669 3602 939 3660 subiturus
964 3609 1219 3664 mortem,
1266 3597 1358 3654 sed
1385 3597 1542 3652 etiam
1570 3595 1643 3650 illi
1673 3596 1759 3666 qui
1790 3611 1909 3650 eum
1943 3594 2113 3649 fuerat

531 3696 821 3753 traditurus
848 3694 913 3749 ad
939 3700 1189 3748 mortem.
1216 3691 1381 3745 Tanta
1404 3699 1486 3746 est
1515 3690 1713 3761 quippe
1743 3688 1986 3743 humanae
2012 3686 2112 3741 lut-

535 3788 777 3845 militatis
805 3786 1004 3842 utilitas
1024 3826 1037 3852 ,
1068 3793 1125 3839 ut
1148 3798 1268 3839 eam
1302 3796 1400 3837 suo
1423 3780 1825 3837 commendaret
1867 3777 2115 3850 exemplo

531 3882 690 3938 etiam
712 3880 889 3935 divina
918 3877 1245 3933 sublimitas:
1273 3875 1395 3945 quia
1421 3872 1579 3928 homo
1594 3872 1853 3943 superbus
1880 3871 1931 3927 in
1961 3878 2114 3925 teter-

533 3989 659 4030 num
691 3972 889 4044 periret
908 4010 923 4037 ,
944 3970 1042 4027 nisi
1074 3970 1220 4025 illmn
1248 3969 1391 4024 Deus
1419 3967 1631 4024 humilis
1652 3966 1933 4021 inveniret.
1958 3963 2116 4019 Venit

534 4066 678 4123 enim
712 4065 878 4123 Filius
912 4062 1143 4121 hominis
1169 4076 1409 4133 qumrere
1436 4070 1490 4114 et
1538 4059 1740 4113 salvum
1772 4056 1946 4111 facere
1974 4054 2115 4126 quod

534 4159 767 4229 perierat
811 4155 960 4226 (Luc.
1002 4171 1113 4221 xix,
1157 4154 1268 4226 10).
1312 4152 1551 4209 Perierat
1588 4159 1767 4205 autem
1809 4146 2110 4219 superbiam

530 4248 830 4320 deceptoris
873 4258 1125 4313 secutus,
1168 4262 1294 4318 ergo
1341 4245 1692 4301 humilitatem
1743 4239 2115 4314 Redemptoris

534 4353 790 4414 sequatur
817 4342 1085 4397 inventus.

1030 4469 1439 4527 TRACTATUS
1477 4467 1605 4524 LVI.

543 4587 615 4645 Ab
641 4604 697 4642 eo
718 4586 854 4659 quod
873 4586 1117 4657 scriptum
1141 4592 1209 4637 est
1233 4625 1247 4647 ,
1272 4582 1424 4636 Venit
1445 4596 1570 4649 ergo
1599 4577 1663 4633 ad
1712 4576 1981 4633 Simonem
2020 4576 2118 4631 Pe-

616 4686 774 4738 trum.
795 4688 912 4742 (δια,
946 4674 1189 4745 usquead
1220 4672 1304 4739 id,
1338 4671 1434 4740 Qui
1467 4671 1604 4726 lotus
1633 4677 1715 4724 est
1737 4712 1752 4736 ,
1785 4684 1890 4723 non
1921 4668 2118 4739 indiget

609 4770 705 4824 nisi
729 4778 784 4823 ut
810 4764 972 4838 pedes
1000 4767 1171 4831 lavet,
1204 4765 1295 4821 sed
1324 4773 1404 4819 est
1424 4763 1649 4818 mundus
1671 4758 1970 4836 totus.Cap.
1998 4772 2113 4829 xm,

621 4863 691 4935 γ.
725 4859 878 4917 6-10.

615 4978 664 5032 1.
684 4977 815 5033 Cum
846 4977 1047 5033 lavaret
1069 4973 1233 5045 pedes
1260 4971 1637 5042 discipulorum
1680 4970 1934 5025 Dominus
1958 5010 1975 5038 ,
2017 4970 2115 5025 Ve-

548 5069 620 5125 πίε
654 5070 722 5124 ad
770 5068 1027 5127 Simonem
1074 5066 1324 5132 Petrum;
1365 5076 1410 5120 et
1457 5065 1576 5120 dirit
1615 5061 1659 5120 ei
1686 5064 1906 5121 Petrus:
1948 5063 2118 5118 Domi-

537 5177 620 5229 ne,
644 5170 698 5217 tu
720 5161 995 5219 minitabas
1009 5160 1158 5233 pedes
1170 5161 1196 5215 ?
1212 5159 1340 5229 Quis
1361 5160 1502 5217 enim
1521 5173 1623 5215 non
1649 5165 2025 5231 expavesceret
2044 5156 2118 5212 la-

512 5316 513 5319 η
540 5253 654 5313 vari
697 5237 802 5311 sibi
846 5252 1008 5323 pedes
1049 5268 1079 5306 ιι
1105 5251 1196 5307 Dei
1226 5251 1397 5307 Filio?
1425 5251 1676 5320 Quamvis
1713 5251 1887 5323 itaque
1915 5264 2116 5325 magna:

537 5346 724 5409 inliset
772 5344 1005 5411 audacia:
1032 5343 1396 5401 contradicere
1423 5357 1637 5401 servum
1667 5341 1914 5413 Domino,
1944 5338 2116 5394 homi-

541 5455 663 5496 nem
707 5439 1060 5495 Deo:tamen
1103 5434 1206 5491 hoc
1251 5436 1437 5491 Petrus
1488 5432 1663 5491 facere
1713 5433 2114 5501 maluit,quam

540 5532 745 5604 perpeti
770 5540 825 5591 ut
850 5529 950 5586 sibi
974 5528 1134 5601 pedes
1157 5528 1457 5587 lavarentur
1477 5543 1505 5582 a
1533 5527 1758 5583 Domino
1778 5534 1832 5595 et
1856 5525 1982 5581 Deo.
2010 5523 2119 5579 Nec

540 5634 730 5698 putare
751 5623 1013 5681 debemus
1036 5623 1141 5681 hoc
1153 5622 1367 5681 Petrum
1391 5622 1527 5677 inter
1540 5631 1765 5679 exteros
1804 5616 2120 5675 formidasse

544 5726 704 5787 atque
731 5731 1031 5785 recusasse,
1077 5732 1197 5773 cum
1236 5716 1289 5771 id
1317 5716 1405 5769 alii
1431 5725 1552 5769 ante
1583 5715 1752 5784 ipsum
1782 5712 2005 5767 libenter
2035 5709 2119 5764 vel

549 5804 910 5875 mquanimilcr
938 5805 1037 5864 sibi
1078 5806 1191 5865 ﬁeri
1241 5803 1621 5879 permisissent.
1653 5800 1878 5857 Facilius
1926 5799 2123 5872 quippe

1457 345 1522 404 IN
1557 339 1837 417 JOANNIS
1873 334 2342 418 EVANGEQIUM,
2383 335 2443 397 ὃ.
2485 334 2850 422 AUGDSTINI

3644 348 3757 411 ιτιι

2208 448 2298 524 sic
2317 449 2647 520 accipiuntur
2671 450 2770 507 ista
2798 452 2957 507 verba
2984 450 3291 525 Evangelii,
3311 459 3429 527 quia
3453 469 3570 514 cum
3589 458 3756 523 dictum

2210 549 2359 601 esset
2377 582 2393 607 ,
2418 540 2581 614 Coepit
2602 538 2767 597 lavare
2788 538 2935 613 pedes
2960 536 3345 617 discipulorum,
3363 554 3407 601 et
3430 537 3669 621 extergere
3681 555 3760 611 ιξιι.

2216 640 2294 687 leo
2320 648 2430 703 quo
2454 643 2558 687 erat
2583 634 2912 705 prteriuclus;
2935 630 3128 692 deinde
3162 635 3495 708 subiunctum
3512 626 3612 711 est,
3644 643 3761 703 Venit

2214 737 2331 794 ergo
2353 723 2421 777 ad
2442 714 2703 780 Simonem
2717 722 2949 793 Petrum,
2979 726 3129 796 quasi
3151 727 3410 798 aliquibus
3424 728 3533 801 jam
3559 731 3760 805 lavisset,

2215 822 2334 887 post
2358 831 2451 873 eos
2471 816 2705 873 venisset
2730 817 2797 871 ad
2842 817 3093 888 primum.
3125 819 3255 888 Quis
3283 820 3423 876 enim
3442 823 3637 881 nesciat
3673 784 3799 938 ριίί

2216 924 2358 938 mum
2426 909 2791 938 Annnils‘nnI-m
2841 924 2958 938 1.091‘
3001 908 3362 938 l...-.:-..:m.....
3396 911 3642 938 11.4-“..-0
3677 918 3728 938 os
3750 921 3761 938 ι

2214 924 2361 967 mum
2419 909 2793 979 Apostolorum
2840 924 2958 965 esse
3001 908 3364 966 beatissimum
3396 911 3642 970 Petrum?
3677 918 3763 975 Sed

2215 1016 2325 1058 non
2345 1001 2415 1056 ita
2443 998 2842 1071 intelligendum
2870 1010 2949 1056 est
2992 1001 3132 1073 quod
3162 1012 3280 1073 post
3321 1003 3529 1076 aliquos
3553 1006 3611 1061 ad
3645 1008 3762 1066 illum

2216 1092 2456 1159 venerit;
2486 1092 2581 1148 sed
2600 1093 2738 1165 quod
2764 1092 2831 1147 ab
2857 1090 2949 1149 illo
2972 1096 3217 1164 coeperit.
3248 1095 3473 1163 Quando
3493 1111 3613 1169 ergo
3634 1101 3763 1171 pedes

2213 1185 2596 1258 discipulorum
2625 1186 2803 1242 lavare
2820 1188 2981 1258 carpit
2998 1228 3014 1255 ,
3040 1184 3263 1244 venitad
3286 1205 3408 1244 cum
3432 1205 3461 1244 a
3489 1205 3589 1260 quo
3614 1194 3762 1262 erepit.

2216 1276 2268 1333 id
2294 1287 2407 1346 est,
2436 1277 2499 1332 ad
2522 1277 2733 1332 Petrum
2772 1297 2783 1331 :
2814 1288 2865 1334 et
2898 1287 3023 1333 tunc
3050 1278 3274 1349 Petrus,
3294 1279 3437 1351 quod
3460 1282 3610 1335 ctiam
3636 1284 3761 1353 quili-

2213 1372 2305 1428 bet
2329 1387 2513 1427 eorum
2551 1372 2884 1443 expavisset,
2931 1372 3182 1443 expavit,
3215 1382 3377 1445 atque
3403 1375 3514 1440 ait,
3559 1373 3762 1441 Domine,

2213 1472 2268 1518 tu
2317 1463 2440 1517 mihi
2483 1463 2622 1517 lavas
2665 1462 2859 1535 pedes?
2888 1461 3024 1530 Quid
3062 1472 3142 1519 est
3162 1506 3175 1530 ,
3200 1462 3303 1518 tu?
3337 1465 3467 1536 quid
3495 1475 3606 1533 est,
3634 1467 3766 1524 mihi?

2212 1554 2501 1626 Cogitanda
2549 1565 2673 1609 sunt
2714 1554 2891 1626 potius
2917 1572 3074 1626 quam
3119 1556 3376 1623 dicenda;
3411 1573 3481 1613 ne
3508 1557 3633 1613 forte
3650 1559 3762 1630 quod

2213 1660 2277 1701 cx
2314 1645 2397 1700 bis
2428 1647 2609 1703 verbis
2630 1640 2961 1719 aliquatenus
2985 1645 3199 1719 dignum
3226 1641 3661 1723 concipitanima,
3682 1668 3762 1709 non

2212 1738 2439 1809 explicet
2466 1737 2666 1809 lingua.

2281 1826 2336 1884 2.
2377 1828 2482 1886 Sed
2511 1828 2768 1901 respondit
2792 1828 2974 1899 Iesus,
3010 1840 3053 1886 et
3078 1830 3270 1886 dixitei
3298 1850 3316 1886 :
3346 1834 3501 1901 Quod
3520 1852 3605 1909 ego
3632 1835 3760 1907 facio,

2212 1932 2266 1978 tu
2288 1923 2450 1978 neseis
2477 1920 2656 1990 modo,
2688 1922 2813 1978 scies
2831 1933 2999 1978 autem
3031 1934 3223 1991 postea.
3246 1924 3354 1981 Nec
3384 1935 3564 1983 tamen
3590 1930 3668 1985 ille
3687 1928 3763 1985 de-

2215 2014 2399 2073 minici
2420 2015 2544 2071 facti
2571 2015 2849 2071 altitudine
2873 2019 3157 2073 exterritus
3174 2058 3189 2084 ,
3234 2018 3500 2089 permittit
3523 2020 3631 2076 ﬁeri
3654 2022 3763 2094 quod

2211 2120 2307 2161 cur
2336 2105 2489 2161 ﬁeret
2516 2102 2820 2177 ignorabat;
2850 2106 2944 2163 sed
2975 2124 3140 2179 usque
3162 2107 3227 2162 ad
3277 2126 3403 2165 suos
3430 2112 3595 2182 pedes
3623 2113 3762 2168 bumi-

2210 2194 2315 2254 lem
2342 2194 2609 2254 Christum
2638 2197 2810 2254 adhuc
2840 2215 2945 2255 non
2971 2200 3083 2255 vult
3110 2201 3290 2257 videre
3309 2243 3325 2269 ,
3359 2219 3467 2258 non
3494 2214 3657 2276 potest
3674 2221 3763 2261 sns-

2213 2290 2403 2347 linere.
2450 2288 2574 2346 Non
2617 2290 2807 2348 iuvabis
2842 2292 2993 2360 mihi,
3035 2292 3230 2365 inquit,
3274 2296 3424 2366 pedes
3457 2297 3512 2352 in
3542 2310 3760 2355 euentum.

2210 2376 2347 2451 Quid
2370 2389 2471 2452 est,
2498 2384 2550 2437 in
2575 2383 2856 2438 aeternum?
2884 2385 3159 2457 Nunquam
3184 2384 3284 2442 hoc
3315 2387 3504 2458 feram,
3537 2406 3762 2463 nunquam

2210 2473 2419 2545 patiar,
2443 2490 2713 2546 nunquam
2741 2476 2910 2530 sinam
2942 2495 2954 2529 :
2989 2477 3089 2531 hoc
3114 2475 3306 2550 quippe
3328 2480 3379 2533 in
3412 2489 3662 2537 aeternum
3685 2499 3762 2537 non

2213 2556 2298 2631 lit,
2326 2563 2468 2637 quod
2492 2581 2758 2636 nunquam
2784 2564 2857 2620 lit.
2879 2566 3011 2622 Tum
3040 2567 3284 2623 Salvator
3309 2586 3509 2640 aegrum
3536 2571 3765 2626 reluctan-

2214 2663 2320 2712 tem
2343 2698 2357 2723 ,
2384 2655 2451 2712 de
2484 2655 2651 2727 ipsius
2679 2656 2865 2713 salutis
2896 2659 3135 2729 periculo
3156 2668 3432 2717 exterrens
3456 2680 3469 2719 ;
3502 2662 3559 2718 Si
3604 2681 3687 2719 non
3708 2662 3767 2719 la-

2213 2764 2327 2804 vero
2354 2758 2420 2819 te,
2449 2750 2637 2821 inquit,
2670 2768 2769 2805 non
2795 2750 2996 2806 habebis
3025 2763 3216 2823 partem
3243 2770 3456 2809 mecum.
3503 2756 3577 2810 Ita
3604 2752 3765 2811 dictum

2212 2849 2297 2898 est
2315 2881 2329 2909 ,
2359 2841 2418 2898 Si
2450 2856 2549 2897 non
2574 2843 2739 2897 lavero
2764 2852 2809 2897 le
2828 2885 2842 2910 ,
2870 2859 2990 2899 cum
3018 2845 3084 2899 dc
3113 2844 3240 2899 solis
3267 2844 3493 2917 pedibus
3521 2856 3761 2918 ageretur;

2219 2932 2486 3005 quomodo
2507 2934 2609 2989 dici
2636 2935 2851 3001 assolet,
2879 2935 3062 2991 Calcas
3105 2953 3209 3003 me,
3243 2938 3455 3008 quando
3484 2939 3590 2995 sola
3622 2941 3762 3012 planta

2216 3024 2465 3080 calcatur.
2503 3026 2570 3079 At
2596 3026 2683 3080 ille
2708 3042 2889 3081 amore
2914 3037 2967 3082 et
2994 3028 3184 3083 timore
3206 3030 3541 3099 perturbatus
3562 3072 3577 3095 ,
3608 3042 3656 3088 ct
3674 3032 3765 3102 plus

2217 3131 2577 3187 expavescens
2618 3116 2885 3172 Christum
2920 3119 3017 3173 sibi
3064 3121 3280 3191 negari,
3330 3138 3488 3191 quam
3520 3139 3674 3194 usque
3713 3121 3765 3175 ad

2218 3207 2539 3279 suos-pedes
2570 3208 2834 3264 humiliari
2867 3209 3140 3279 :Domiue,
3170 3214 3274 3279 ait,
3300 3230 3403 3285 you
3438 3224 3623 3269 tantum
3646 3213 3765 3284 pedes

2220 3316 2355 3355 nteos
2377 3343 2391 3366 ,
2422 3301 2510 3355 sed
2535 3311 2579 3354 et
2600 3318 2780 3357 manus
2806 3312 2849 3355 et
2868 3312 3038 3373 caput.
3073 3301 3513 3374 Quandoquidem
3532 3308 3601 3360 sic
3627 3306 3765 3360 utina-

2219 3395 2293 3448 ris
2313 3436 2327 3459 ,
2361 3390 2582 3448 lavanda
2614 3390 2705 3449 tibi
2750 3395 2987 3449 membra
3015 3410 3128 3449 mea
3154 3437 3167 3459 ,
3222 3412 3325 3450 non
3352 3394 3521 3451 Solum
3560 3398 3653 3450 ima
3682 3411 3763 3448 non

2219 3486 2501 3556 subtraho,
2532 3503 2715 3542 verum
2743 3488 2900 3542 etiam
2931 3488 3094 3557 prima
3118 3488 3420 3542 substerno.
3452 3487 3524 3543 Nc
3549 3486 3666 3544 mihi
3689 3502 3767 3540 ne-

2219 3594 2315 3649 ges
2366 3578 2675 3649 capiendam
2736 3587 2907 3632 tccum
2960 3589 3164 3649 partem
3194 3620 3207 3646 ,
3277 3580 3475 3634 nullam
3525 3578 3611 3634 tibi
3654 3593 3767 3653 negti

2218 3670 2537 3727 abluendam
2566 3673 2666 3727 mei
2685 3675 2922 3742 corporis
2956 3680 3178 3743 partem.

2292 3758 2342 3821 3.
2372 3763 2507 3818 Dici!
2532 3764 2577 3818 ei
2602 3761 2752 3818 Jesus
2785 3775 2801 3815 .'
2826 3762 2925 3830 Qui
2965 3761 3097 3817 lotus
3120 3774 3223 3831 est,
3253 3781 3354 3818 non
3381 3764 3523 3817 habet
3550 3772 3667 3834 opus
3686 3759 3763 3813 nisi

2221 3854 2372 3930 pedes
2399 3855 2598 3923 lavare,
2627 3854 2714 3910 sed
2743 3864 2812 3909 est
2840 3857 3055 3909 mundus
3083 3866 3234 3911 lotus.
3270 3856 3365 3912 llic
3391 3864 3651 3912 moventur
3682 3854 3766 3909 for-

2205 3949 2377 4026 tassis
2404 3948 2550 4019 quis,
2600 3958 2655 4003 et
2690 3946 2827 4002 dicat
2857 3966 2868 4000 :
2903 3948 3011 4002 lmu
3042 3949 3082 4003 si
3118 3948 3342 4004 numdits
3367 3956 3448 4004 est
3474 3958 3635 4011 totus,
3662 3946 3763 4017 quid

2221 4041 2267 4097 ei
2290 4057 2422 4112 opus
2453 4051 2533 4095 est
2562 4040 2640 4096 vel
2669 4040 2833 4111 pedes
2865 4040 3038 4096 lavare
3065 4044 3086 4095 ?
3117 4042 3556 4098 Dmninusatllcm
3584 4049 3765 4096 noverat

2221 4131 2362 4205 quod
2388 4132 2630 4201 dicvbat,
2673 4132 2880 4187 etiamsi
2920 4142 3097 4186 nostra
3127 4131 3405 4191 infirmitas
3438 4138 3550 4203 ejus
3594 4140 3761 4189 secreta

2223 4240 2329 4280 non
2357 4235 2619 4296 penetrat.
2667 4225 3041 4281 Verumtamen
3070 4234 3325 4297 quantum
3358 4243 3455 4283 nos
3501 4226 3690 4282 erudire
3722 4232 3761 4279 et

2222 4332 2287 4372 ex
2311 4316 2427 4387 lege
2457 4332 2551 4371 sua
2580 4315 2772 4372 docere
2799 4316 3065 4389 dignatur,
3092 4334 3186 4388 pro
3217 4329 3371 4389 captu
3403 4336 3540 4386 meo,
3563 4335 3647 4391 pro
3670 4333 3759 4372 mu-

2224 4405 2350 4463 dulo
2380 4424 2500 4464 meo
2521 4451 2534 4476 ,
2558 4408 2752 4482 aliquid
2776 4408 2934 4464 etiam
2956 4426 3055 4481 ego
3072 4410 3138 4466 de
3170 4409 3326 4480 hujus
3351 4412 3644 4483 qttzcstionis
3662 4426 3760 4483 pro-

2223 4500 2511 4569 funditate,
2560 4501 2651 4557 illo
2679 4498 2962 4572 adjuvantc
2986 4545 2999 4569 ,
3044 4504 3395 4576 respondeam
3428 4523 3440 4558 :
3473 4523 3532 4564 ac
3572 4504 3759 4577 primum

2224 4591 2392 4663 ipsam
2440 4595 2754 4650 locutionem
2806 4610 2910 4649 non
2948 4594 3047 4648 sibi
3073 4610 3190 4651 esse
3216 4596 3533 4654 contrariam
3561 4596 3760 4653 facillime

2226 4689 2527 4743 ostendam.
2560 4687 2689 4757 Quis
2716 4684 2856 4743 enim
2888 4703 2991 4742 non
3017 4688 3084 4742 ita
3110 4688 3405 4746 rectissime
3434 4689 3571 4761 loqui
3600 4686 3763 4761 possit,

2226 4775 2449 4835 Mundus
2477 4789 2558 4833 est
2604 4788 2775 4849 totus,
2823 4788 3014 4849 prmter
3055 4779 3269 4853 pedes?
3298 4780 3598 4853 Elegantius
3618 4792 3763 4834 autem

2225 4868 2457 4941 loquitur
2482 4869 2525 4923 si
2549 4868 2710 4937 dicit,
2746 4867 2967 4925 Mundus
2986 4878 3067 4925 est
3092 4876 3233 4927 totus
3252 4914 3267 4939 ,
3312 4872 3412 4929 nisi
3438 4873 3619 4945 pedes;
3648 4868 3762 4942 quod

2224 4960 2549 5019 tantumdem
2580 4962 2721 5018 valet
2741 4962 2778 5016 ί.
2812 4960 2922 5019 Hoc
2951 4980 3078 5036 ergo
3125 4965 3199 5019 ait
3235 4964 3526 5036 Dominus,
3557 4965 3663 5019 Non
3685 4963 3762 5016 Im-

2224 5054 2300 5107 bet
2339 5069 2467 5126 opus
2492 5052 2588 5106 nisi
2612 5052 2761 5127 pedes
2786 5052 2954 5109 lavare
2972 5097 2986 5121 ,
3019 5054 3106 5111 sed
3129 5062 3199 5111 est
3224 5057 3441 5113 mundus
3465 5066 3606 5113 laws.
3628 5053 3763 5109 Tutus

2225 5145 2403 5216 utique
2446 5151 2637 5214 praeter
2684 5142 2881 5216 pedes,
2928 5146 3050 5214 vel,
3098 5146 3199 5203 nisi
3249 5144 3440 5218 pedes,
3482 5163 3607 5221 quos
3634 5143 3760 5199 habct

2222 5254 2352 5310 opus
2376 5238 2570 5292 lavare.

2294 5329 2345 5385 4.
2370 5326 2473 5385 Sed
2492 5327 2619 5399 quid
2646 5338 2727 5384 est
2752 5326 2855 5384 hoc
2879 5329 2905 5384 ?
2928 5327 3054 5400 quid
3080 5329 3179 5385 sibi
3207 5330 3319 5386 vult
3342 5330 3369 5385 τι
3394 5332 3513 5405 quid
3543 5328 3663 5386 hoc'
3681 5340 3757 5381 ne-

2223 5422 2513 5477 cessarium
2543 5429 2625 5476 est
2663 5429 2734 5475 ut-
2760 5419 3103 5492 qumramus'l
3128 5420 3382 5483 Dominus
3410 5421 3565 5488 dicit,
3596 5417 3752 5474 veritas

2228 5514 2484 5586 loquitur,
2538 5513 2679 5584 quod
2727 5529 2861 5584 opus
2910 5512 3100 5569 habeat
3125 5514 3284 5586 pedes
3315 5515 3489 5571 lavare
3515 5513 3651 5569 etiam
3676 5494 3744 5581 ille

2196 5602 2197 5605 “
2228 5610 2316 5681 qui
2348 5611 2488 5664 lotus
2531 5615 2632 5667 est.
2660 5607 2796 5676 Quid
2820 5650 2837 5676 ,
2869 5608 3056 5665 fratres
3080 5608 3184 5665 mei
3208 5652 3223 5679 ,
3272 5606 3396 5682 quid
3421 5595 3737 5683 pulatislttlli

2292 5750 2460 5818 1909s
2685 5756 2802 5818 quas
2817 5748 3002 5818 εφακτῖι
3022 5741 3161 5818 iam.

2291 5805 2315 5841 '
2336 5806 2458 5869 Quid
2482 5805 2578 5867 hic,
2597 5805 2733 5870 juxta
2754 5813 2827 5859 Er.
2853 5805 2998 5871 Lugd.
3023 5813 3140 5856 Ven.
3166 5811 3276 5855 ων.
3331 5811 3387 5856 tt.
