3926 6374
683 510 740 568 δ.
767 507 930 578 Ergo,
954 510 1011 560 ut
1038 499 1313 574 apostolus
1332 497 1563 555 Jacohus
1586 493 1736 562 dicit,
1761 492 1844 550 Sit
1867 490 2032 548 omnis
2049 491 2201 545 homo

607 605 758 660 velox
775 599 843 654 ad
870 595 1180 652 audiendum
1208 634 1223 660 ,
1253 591 1430 646 tardus
1459 597 1626 644 autem
1649 586 1718 642 ad
1747 584 2050 658 loquendum
2078 581 2203 656 (Ja-

609 696 722 754 cobi
751 711 790 763 I,
819 692 932 766 I9).
963 689 1100 745 Dicit
1143 695 1198 743 et
1243 683 1380 741 alius
1409 681 1571 738 homo
1595 680 1712 747 Dei,
1741 678 1949 734 Auditni
1975 692 2084 731 meo
2109 675 2204 730 da-

611 791 686 847 bis
713 788 959 860 gaudium
987 793 1034 838 et
1061 781 1312 844 lmtitiam,
1339 787 1388 832 et
1412 775 1738 832 exsultabant
1779 789 1896 828 ossa
1937 769 2204 825 humiliata

611 883 785 956 (Psat.
810 897 857 948 ι,
876 879 989 950 10).
1017 877 1129 933 Hoc
1154 882 1238 931 est
1259 871 1402 945 quod
1427 870 1562 937 dixi,
1578 869 1716 925 Cum
1745 867 1943 922 veritas
1966 863 2202 930 auditur,

613 973 888 1032 humilitas
937 967 1252 1026 custoditur.
1309 963 1448 1020 Dicit
1493 971 1548 1019 et
1592 961 1748 1026 alius,
1787 959 1993 1013 Amicus
2033 966 2202 1011 autem

609 1068 784 1141 sponsi
809 1075 909 1122 stat
929 1074 976 1120 et
999 1062 1140 1118 audit
1163 1077 1295 1125 eum,
1327 1068 1373 1113 et
1397 1057 1583 1130 gaudio
1598 1055 1784 1128 gaudet
1811 1061 2014 1125 prapter
2034 1068 2204 1106 vocem

609 1161 782 1236 sponsi
803 1160 980 1232 (Joan.
1023 1172 1100 1222 ιιι,
1128 1155 1240 1226 29).
1285 1151 1547 1208 Fruamur
1583 1149 1787 1214 auditu,
1819 1148 1937 1202 sine
1974 1144 2202 1216 Strepitu

613 1254 767 1312 nobis
793 1253 1040 1325 loquente
1069 1250 1391 1306 intrinsecus
1422 1244 1664 1300 veritate.
1692 1242 2007 1310 Quanquam
2039 1237 2202 1292 etiam

609 1363 730 1404 cum
757 1347 1052 1403 forinsecus
1077 1343 1289 1398 insonat
1317 1355 1414 1412 per
1438 1339 1728 1409 legentem,
1759 1350 1854 1405 per
1885 1332 2205 1388 annuntian-

610 1445 740 1505 tcm,
773 1452 871 1509 per
899 1433 1299 1508 prmdicantcm,
1342 1445 1438 1502 per
1475 1429 1854 1498 diSputantem,
1896 1439 1990 1495 per
2016 1422 2200 1494 praeci-

611 1533 866 1602 pientem,
917 1545 1014 1602 per
1067 1525 1457 1589 consolantem,
1514 1537 1610 1593 per
1661 1518 2054 1583 exhortantem,
2104 1531 2202 1588 per

615 1627 786 1698 ipsum
835 1624 996 1680 etiam
1039 1629 1342 1677 cantantem
1391 1626 1550 1688 atque
1589 1615 1943 1686 psallentem;
1971 1613 2071 1683 ipsi
2111 1612 2204 1683 qui

611 1720 729 1777 hcce
761 1727 944 1791 agunt,
984 1717 1262 1788 inquinare
1300 1713 1466 1785 pedes
1509 1726 1634 1768 suos
1661 1713 1904 1776 timeant,
1933 1725 2053 1766 cum
2081 1710 2200 1779 pla-

611 1827 734 1869 cere
763 1807 1068 1866 hominibus
1093 1805 1414 1876 subrepente
1438 1818 1620 1859 amore
1643 1801 1889 1856 lmmana:
1915 1801 2090 1856 laudis
2115 1799 2198 1854 af-

608 1903 829 1960 fectant.
853 1901 1118 1956 Caeterum
1157 1899 1245 1970 qui
1291 1911 1384 1952 eos
1431 1894 1579 1949 audit
1616 1895 1845 1950 libenter
1874 1902 1926 1948 et
1958 1893 2062 1963 pie,
2093 1907 2199 1947 non

609 1994 770 2051 habet
799 1994 972 2048 locum
995 1989 1231 2062 jactandi
1259 2004 1319 2044 se
1348 1988 1401 2043 in
1428 1987 1702 2043 laboribus
1738 1986 1956 2050 alienis;
1999 1993 2052 2040 et
2090 1999 2197 2038 non

611 2086 808 2143 inflatis
833 2083 1066 2150 ossibus,
1095 2081 1189 2139 sed
1219 2080 1510 2136 humiliatis
1533 2077 1727 2150 gaudio
1753 2076 1948 2148 gaudet
1985 2083 2202 2146 propter

609 2193 795 2235 vocem
825 2175 1111 2231 dominica:
1139 2173 1397 2229 veritatis.
1426 2169 1655 2226 Proinde
1683 2170 1736 2224 in
1763 2169 1839 2224 cis
1860 2169 1947 2240 qui
1969 2168 2201 2224 libenter

607 2278 664 2326 et
703 2268 978 2325 humiliter
1021 2265 1208 2321 audire
1250 2271 1532 2328 noverunt,
1560 2271 1615 2316 et
1657 2261 1821 2316 vitam
1865 2260 2096 2330 quietarr
2145 2259 2198 2313 in

610 2361 806 2419 studiis
829 2359 1074 2416 dulcibus
1099 2368 1152 2414 et
1181 2357 1478 2413 salubribus
1503 2365 1684 2428 agunt.
1715 2364 1895 2410 sancta
1922 2354 2200 2408 delicietur

608 2454 873 2520 Ecclesia,
899 2461 952 2508 et
990 2451 1151 2516 dicat,
1182 2448 1292 2522 Ego
1318 2449 1534 2514 dormio,
1573 2457 1619 2501 et
1661 2462 1747 2501 cor
1788 2463 1954 2500 meum
2000 2446 2194 2516 vigilat.

607 2543 748 2614 Quid
775 2554 878 2612 est,
908 2542 1019 2615 Ego
1060 2543 1277 2607 dormio,
1307 2550 1354 2594 et
1393 2557 1480 2593 cor
1526 2555 1690 2593 meum
1733 2538 1940 2609 vigilat;
1971 2537 2093 2603 nisi,
2126 2537 2197 2591 ita

607 2638 824 2711 quiesco
849 2645 904 2692 ut
930 2635 1177 2690 audiam?
1203 2634 1379 2690 Otium
1412 2648 1588 2688 meum
1613 2647 1715 2686 non
1746 2631 2072 2702 impenditur
2101 2646 2198 2685 nu-

607 2729 832 2787 triendae
857 2728 1094 2792 desidiar,
1123 2725 1217 2782 sed
1243 2723 1596 2796 percipienda:
1617 2725 1911 2794 sapientize.
1945 2722 2056 2794 Ego
2078 2724 2200 2776 dor-

611 2821 735 2886 mio,
767 2829 813 2875 et
832 2835 920 2874 cor
939 2835 1102 2872 meum
1122 2817 1297 2888 vigilat
1328 2831 1347 2870 :
1373 2831 1518 2882 vaco,
1537 2825 1585 2870 et
1609 2814 1764 2869 video
1787 2815 2034 2884 quoniam
2065 2824 2119 2868 tu
2139 2830 2199 2870 es

607 2911 865 2968 Dominus
891 2907 1064 2981 (Psal.
1094 2924 1217 2973 xcv,
1253 2908 1303 2976 1)
1337 2923 1350 2958 :
1383 2906 1507 2976 quia
1533 2906 1783 2976 sapientia
1805 2905 1985 2959 scriba:
2003 2907 2054 2959 in
2075 2915 2200 2960 tem-

608 3021 732 3077 pore
749 3004 877 3068 otii;
903 3012 950 3058 et
969 3003 1056 3074 qui
1078 3002 1362 3056 minaretur
1387 3008 1523 3066 actu,
1545 2998 1654 3068 ipse
1680 2998 1920 3068 percipiet
1940 3014 2048 3051 eam
2071 2996 2198 3070 (Ec-

607 3099 695 3154 cti.
733 3112 960 3162 xxxvm,
991 3095 1103 3168 25).
1134 3094 1247 3166 Ego
1284 3093 1499 3158 dormio,
1541 3100 1585 3146 et
1624 3107 1710 3145 cor
1759 3107 1923 3145 meum
1971 3092 2193 3163 vigilat:

607 3205 707 3260 ego
735 3187 1014 3258 requiesco
1057 3201 1087 3241 a
1126 3186 1417 3256 negotiosis
1448 3183 1675 3250 actibus,
1707 3192 1761 3238 et
1805 3183 2013 3238 animus
2047 3199 2199 3239 meus

607 3279 802 3337 divinis
828 3294 887 3335 se
909 3277 1134 3334 intendit
1161 3277 1437 3333 atfectibus
1460 3277 1500 3330 ί.

683 3373 736 3426 4.
771 3369 876 3427 Sed
900 3370 951 3424 in
981 3369 1044 3424 iis
1068 3369 1157 3440 qui
1191 3369 1292 3423 isto
1321 3367 1480 3422 modo
1507 3367 1742 3422 suaviter
1756 3375 1810 3421 et
1825 3366 2096 3424 humiliter
2115 3384 2199 3424 rc-

608 3463 894 3535 quicscunt
913 3503 928 3528 ,
949 3461 1076 3516 dum
1093 3460 1263 3515 otiose
1279 3457 1575 3514 oblectatur
1593 3457 1850 3523 Ecclesia,
1874 3473 2000 3514 ecce
2026 3459 2198 3530 pulsat

608 3557 698 3612 ille
723 3555 810 3628 qui
835 3554 911 3611 ait
935 3571 948 3608 :
978 3574 996 3606 (
1019 3553 1148 3621 Qua-
1175 3551 1296 3607 dico
1320 3551 1470 3606 vobis
1496 3551 1547 3605 in
1573 3550 1827 3615 tenebris,
1851 3548 2014 3605 dicite
2041 3551 2092 3604 in
2115 3551 2199 3605 lu-

605 3650 786 3716 mine;
813 3657 868 3704 et
891 3646 1032 3719 quod
1065 3646 1118 3700 in
1145 3660 1273 3700 aure
1288 3642 1503 3710 auditis,
1523 3641 1809 3714 przedicate
1825 3657 1986 3714 super
2007 3652 2142 3699 tecta
2174 3663 2192 3696 ι

611 3740 822 3813 (Matth.
847 3755 900 3806 ι,
927 3737 1044 3810 27).
1075 3735 1188 3792 Vox
1216 3751 1345 3807 ergo
1382 3736 1498 3805 ejus
1549 3734 1721 3806 pulsat
1768 3733 1835 3789 ad
1874 3735 2112 3805 januam,
2145 3743 2200 3790 et

605 3831 771 3888 dicit:
801 3849 820 3881 ι
851 3830 1011 3901 Aperi
1060 3827 1212 3894 mihi,
1251 3842 1406 3883 soror
1450 3841 1592 3894 mea,
1641 3827 1880 3897 proxima
1932 3842 2074 3894 mea,
2107 3842 2199 3882 co-

607 3923 785 3979 Iumha
806 3936 945 3988 mea,
971 3921 1202 3992 perfecta
1230 3934 1377 3984 mea;
1406 3919 1529 3989 quia
1551 3928 1712 3991 caput
1735 3934 1912 3974 meum
1935 3920 2198 3990 repletum

606 4022 692 4070 est
721 4028 864 4080 rore,
889 4022 943 4069 et
969 4015 1147 4068 crines
1176 4012 1280 4068 mei
1313 4010 1484 4067 noctis
1512 4011 1693 4081 guttis.
1734 4029 1752 4063 ι
1791 4010 1947 4066 Velut
1974 4011 2016 4064 si
2048 4010 2196 4066 dice-

603 4115 707 4172 ret,
741 4103 818 4161 Tu
851 4119 1027 4172 vacas,
1057 4113 1108 4159 ct
1155 4112 1341 4159 contra
1391 4117 1476 4157 me
1519 4102 1714 4156 ostium
1762 4100 1999 4156 clausum
2035 4103 2192 4157 est':

603 4209 658 4254 tu
691 4197 874 4254 studes
915 4198 1025 4254 otio
1055 4211 1366 4268 paucormn,
1393 4204 1448 4251 et
1475 4195 1780 4250 abundante
1806 4195 2084 4265 iniquitate
2109 4209 2196 4248 re.

602 4291 840 4362 frigescit
885 4289 1119 4345 charitas
1165 4291 1453 4345 multorum
1513 4285 1631 4359 (Id.
1679 4302 1810 4342 xxiv
1838 4326 1854 4353 ,
1905 4285 2027 4358 12).
2082 4286 2195 4341 Nox

603 4384 823 4454 quippe,
855 4382 1105 4451 iniquitas
1131 4389 1213 4435 est
1243 4398 1255 4432 :
1280 4395 1370 4434 ros
1396 4393 1523 4432 vero
1551 4379 1668 4447 ejus
1696 4386 1750 4432 et
1776 4386 1958 4447 gnum,
1990 4377 2040 4431 hi
2073 4387 2197 4432 sunt

602 4473 694 4545 qui
725 4474 1078 4542 refrigescunt
1099 4481 1155 4526 et
1178 4471 1395 4533 cadunt,
1420 4481 1475 4524 et
1501 4468 1699 4523 faciunt
1725 4469 2072 4539 refrigescere
2101 4485 2194 4525 ca-

605 4575 698 4637 put
724 4565 941 4629 Christi,
971 4564 1072 4618 hoc
1091 4571 1195 4628 est,
1223 4573 1280 4617 ut
1305 4578 1411 4618 non
1432 4569 1640 4616 ametur
1663 4561 1820 4616 Deus.
1851 4562 2024 4631 Caput
2051 4563 2195 4619 enim

601 4656 800 4714 Christi
831 4657 970 4711 Deus
996 4655 1046 4726 (1
1070 4654 1186 4709 Cor.
1221 4671 1294 4720 χι,
1321 4655 1396 4724 5).
1426 4653 1530 4709 Sed
1551 4661 1828 4722 portantur
1853 4653 1907 4709 in
1933 4655 2192 4722 crinibus,

602 4749 655 4806 id
683 4757 786 4816 est,
821 4749 876 4804 in
923 4747 1270 4803 sacramentis
1308 4745 1604 4800 visibilibus
1642 4743 1968 4802 tolerantur:
1996 4763 2194 4819 nequa-

599 4857 761 4914 quam
791 4840 1043 4896 interiora
1065 4853 1254 4894 sensus
1280 4839 1564 4908 attingunt.
1586 4837 1769 4893 Pulsat
1797 4854 1925 4908 ergo
1945 4849 2004 4894 ut
2030 4856 2194 4896 excu-

601 4935 698 4989 tiat
721 4933 956 5005 quietem
983 4931 1182 4987 sanctis
1210 4930 1419 4997 otiosis,
1453 4937 1508 4985 et
1527 4928 1743 4991 clamat,
1775 4931 1927 5002 Aperi
1952 4932 2097 4998 mihi,
2125 4932 2193 4989 de

600 5026 859 5096 sanguine
911 5037 1032 5080 meo
1079 5039 1223 5078 soror
1267 5038 1398 5084 mea,
1429 5020 1495 5077 de
1539 5035 1760 5076 accessu
1798 5037 1919 5077 meo
1959 5025 2193 5094 proxima

603 5130 735 5181 mea,
759 5114 828 5170 de
857 5115 1046 5184 spiritu
1087 5129 1208 5169 meo
1236 5113 1468 5168 columba
1498 5129 1628 5176 mea,
1665 5112 1734 5168 de
1773 5128 2023 5169 sermone
2069 5131 2192 5171 meo

601 5220 761 5275 quem
804 5205 1015 5277 plenius
1063 5220 1128 5260 ex
1167 5205 1278 5260 otio
1319 5203 1551 5259 didicisti
1600 5205 1822 5274 perfecta
1869 5221 2018 5270 mea;
2044 5208 2191 5276 aperi

601 5297 753 5363 mihi,
785 5297 1012 5370 praedico
1039 5313 1145 5354 me.
1179 5296 1260 5352 Ad
1283 5311 1378 5353 eos
1407 5297 1602 5368 quippe
1620 5297 1710 5368 qui
1735 5297 2188 5354 clauseruntcon-

599 5400 683 5447 tra
713 5405 817 5458 me,
849 5389 1118 5462 quomodo
1165 5387 1377 5444 intrabo
1421 5390 1536 5445 sine
1580 5388 1895 5459 aperiente?
1924 5391 2191 5459 quomodo

597 5484 740 5540 enim
770 5483 987 5540 audient
1009 5482 1126 5538 sine
1154 5481 1472 5554 praedicante
1505 5482 1678 5554 (Rom.
1704 5497 1756 5548 ι,
1793 5483 1909 5552 14)?

669 5577 724 5631 5.
755 5574 888 5632 Hinc
915 5574 974 5631 tit
997 5582 1056 5630 ut
1077 5574 1240 5631 etiam
1266 5572 1319 5628 hi
1345 5573 1433 5644 qui
1469 5584 1650 5629 amant
1687 5574 1856 5628 otium
1891 5573 2185 5631 studiorum

600 5672 884 5740 bonorum,
911 5679 967 5728 et
1012 5670 1201 5727 nolunt
1246 5668 1452 5741 perpeti
1493 5666 1884 5724 laboriosarum
1915 5669 2188 5726 molestias

664 5809 826 5871 fines
841 5805 1213 5871 Iss.,amitibus.

665 5869 687 5902 ³
708 5875 834 5931 Μ...
855 5875 902 5919 et
931 5865 1095 5919 manu
1115 5881 1192 5918 me
1212 5865 1430 5917 chiustnn
1452 5868 1544 5925 est;
1566 5865 1741 5916 ouum
1773 5877 1911 5928 voce,
1934 5866 2126 5918 cum.

1534 375 1602 435 IN
1637 374 1916 435 JOANNIS
1952 368 2426 443 EVANt-ELIUII,
2465 373 2525 431 S.
2565 375 2934 436 AUGUSTINI

2331 490 2598 557 .ctionum,
2623 509 2689 549 eo
2705 495 2844 566 quod
2871 496 3048 553 minus
3067 498 3286 558 idoneos
3303 502 3367 559 ad
3382 503 3486 563 haec
3499 508 3771 571 ministrando

2310 592 2365 677 et
2389 585 2505 677 sine
2542 561 2960 657 reprehensione
3002 591 3203 662 agenda
3243 609 3301 650 se

2310 675 2358 732 si
2385 675 2498 732 fieri
2526 686 2728 748 posset,
2759 680 2994 752 sanctos:
3017 685 3288 755 apostolos
3311 697 3363 742 et
3390 689 3708 758 prmdimtores
3728 675 3790 758 re.

2309 769 2485 826 ritatis
2529 770 2777 841 antiquos
2818 773 3039 830 excitari
3078 774 3331 833 adversus
3363 779 3688 844 abundantiam
3719 793 3789 849 ini-

2311 860 2550 955 quitatis,
2583 877 2683 933 qua
2707 863 2886 919 fervor
2932 863 3113 938 friguit
3148 867 3431 925 charitatis.
3455 872 3553 929 Sed
3587 877 3630 932 in
3655 881 3716 937 eis
3731 887 3789 955 qui

2307 951 2418 1023 jam
2445 953 2514 1009 de
2532 968 2758 1024 corpore
2795 955 3061 1022 exierunt,
3079 966 3135 1014 et
3155 960 3329 1016 carnis
3357 960 3636 1022 indumento
3655 951 3791 1042 exspo-

2309 1047 2420 1103 liati
2445 1057 2569 1104 sunt
2587 1048 2786 1120 (neque
2807 1050 2950 1106 enim
2971 1051 3040 1107 ab
3060 1067 3122 1108 ea
3147 1055 3380 1124 separati
3409 1056 3560 1127 sunt),
3583 1064 3791 1132 respondet

2308 1141 2567 1210 Ecclesia,
2598 1141 2738 1198 Επιιὶ
2762 1160 2840 1199 me
2864 1145 3037 1199 tunica
3062 1162 3208 1214 mea;
3235 1148 3477 1219 quomodo
3499 1151 3674 1208 induam
3691 1159 3787 1212 eam?

2309 1232 2616 1306 Recipietur
2636 1235 2851 1306 quidem
2883 1237 2972 1293 illa
3004 1240 3200 1308 tunica,
3229 1251 3284 1297 et
3309 1242 3362 1297 in
3390 1247 3465 1298 eis
3489 1247 3568 1317 qui
3585 1247 3672 1316 jam
3691 1253 3790 1307 exuti

2308 1335 2470 1394 sunt,
2517 1343 2701 1384 rursus
2743 1329 3003 1385 vestietur
3041 1345 3204 1388 carne
3249 1333 3478 1392 Ecclesia
3503 1356 3514 1392 :
3539 1354 3630 1394 non
3671 1350 3790 1398 tamen

2308 1437 2452 1476 nunc
2507 1422 2720 1494 quando
2779 1423 3153 1482 fervefaciendi
3197 1438 3323 1484 sunt
3371 1428 3552 1502 frigidi,
3598 1433 3673 1488 sed
3709 1445 3790 1492 tunc

2309 1514 2524 1585 quando
2552 1518 2904 1573 resurrecturi
2927 1527 3054 1574 sunt
3081 1521 3296 1575 mortui.
3325 1519 3480 1577 Passa
3501 1537 3612 1594 ergo
3629 1523 3789 1582 diﬂicnl-

2309 1617 2470 1665 tatcm
2511 1619 2725 1680 propter
2769 1611 3004 1682 inapiam
3043 1612 3443 1684 prmdicatorum
3463 1657 3477 1681 ,
3529 1624 3577 1671 et
3622 1618 3790 1675 recolens

2308 1699 2396 1755 illa
2445 1716 2538 1756 sua
2582 1701 2823 1756 membra
2866 1717 2996 1758 sana
3032 1705 3389 1772 sermonibus,
3414 1716 3579 1763 sancta
3607 1709 3789 1776 moribus,

2305 1791 2400 1847 sed
2440 1793 2552 1862 jam
2591 1803 2750 1849 exuta
2790 1794 3126 1865 corporibus,
3157 1796 3373 1864 ingemit
3399 1807 3452 1852 et
3476 1797 3587 1852 dicit
3609 1798 3790 1867 Ecclesia,

2308 1881 2444 1937 Exui
2473 1899 2551 1938 me
2579 1885 2752 1939 tunica
2779 1903 2927 1953 mea;
2952 1887 3206 1957 quomodo
3235 1888 3442 1944 induam
3473 1890 3608 1944 eam?
3628 1891 3789 1948 Membra

2307 1975 2396 2030 illa
2431 1991 2548 2031 mea
2574 1991 2693 2048 quae
2717 1976 2934 2034 Christo
2960 1980 3171 2049 aperire
3197 1981 3588 2051 evangelizando
3603 1983 3788 2037 excellen-

2308 2069 2512 2126 tissime
2534 2078 2842 2140 potuerunt,
2871 2071 3142 2142 quomodo
3167 2071 3238 2128 ad
3262 2087 3481 2144 corpora
3505 2072 3665 2145 quibus
3684 2083 3787 2130 exuta

2306 2172 2450 2231 sunt,
2481 2163 2661 2220 redire
2687 2180 2829 2221 nunc
2854 2167 3113 2236 possunt?

2377 2256 2431 2312 6.
2463 2255 2663 2313 Deinde
2686 2259 2978 2328 respiciens
3009 2259 3075 2314 ad
3111 2274 3209 2316 eos
3245 2260 3333 2331 qui
3378 2258 3652 2332 praedicare,
3673 2269 3787 2332 etpo.

2305 2348 2458 2419 pulos
2482 2351 2757 2420 acquirere
2785 2366 2846 2406 ac
2873 2367 3079 2424 regere,
3109 2367 3175 2409 ac
3214 2353 3292 2407 sic
3330 2351 3533 2408 Christo
3564 2351 3720 2422 aperire
3738 2361 3789 2404 ut-

2305 2458 2534 2514 cumque
2561 2454 2807 2514 possunt,
2829 2445 2927 2500 sed
2972 2447 3024 2500 in
3072 2445 3156 2501 his
3202 2445 3584 2502 difficultatibus
3603 2445 3788 2500 actionum

2310 2551 2532 2608 peccare
2560 2546 2826 2600 metuunt.
2855 2537 3001 2605 Lavi,
3032 2539 3228 2608 inquit,
3261 2538 3406 2609 pedes
3431 2553 3587 2601 meos;
3617 2535 3787 2607 quomodo

2303 2629 2576 2700 inquinabo
2604 2629 2760 2684 illos?
2785 2629 3036 2700 Quisquis
3067 2631 3216 2686 enim
3249 2631 3302 2686 in
3329 2631 3484 2686 verbo
3510 2644 3602 2685 non
3621 2626 3784 2688 odendit,

2305 2718 2391 2774 hic
2421 2718 2686 2790 perfectus
2715 2728 2799 2775 est
2826 2722 2925 2775 vir.
2961 2720 3028 2775 Et
3063 2721 3186 2790 quis
3213 2731 3296 2777 est
3323 2719 3598 2792 perfectus?
3624 2721 3713 2788 quis
3738 2725 3787 2769 est

2303 2814 2397 2884 qui
2423 2829 2528 2868 non
2559 2812 2782 2869 offendit
2801 2815 2853 2869 in
2885 2823 3030 2869 tanta
3050 2814 3375 2870 abundantia
3403 2813 3669 2884 iniquitatis,
3695 2818 3787 2864 tanto

2305 2905 2501 2976 frigore
2525 2905 2833 2961 charitatis‘!
2860 2904 2987 2960 Lavi
3028 2907 3185 2978 pedes
3225 2923 3396 2972 meos;
3433 2904 3651 2974 quomodo
3678 2901 3786 2970 inqui-

2305 2997 2434 3051 nabo
2455 2997 3035 3068 eos?Quandoquidem
3067 2999 3212 3068 lego,
3239 3008 3293 3053 et
3333 2997 3503 3062 audio,
3533 2995 3672 3050 Nolite
3695 2991 3788 3045 mutii

2306 3093 2535 3164 magistri
2554 3092 2686 3162 ﬁeri,
2715 3092 2920 3161 fratres,
2946 3093 3191 3163 quoniam
3218 3094 3382 3163 majus
3399 3091 3624 3160 judicium
3642 3085 3788 3142 sumitis:

2303 3187 2356 3240 in
2373 3186 2544 3240 multis
2572 3187 2705 3240 enim
2733 3185 3037 3254 offendimus
3063 3202 3241 3240 omnes
3261 3184 3473 3256 (Jacobi.
3495 3199 3563 3249 ιιι,
3586 3176 3788 3250 1,2).Lari

2305 3279 2454 3347 pedes
2479 3294 2650 3342 meos;
2673 3277 2924 3348 quomodo
2966 3277 3244 3348 inquinabo
3281 3293 3365 3332 eos
3381 3277 3406 3329 .9
3429 3275 3526 3332 Sed
3545 3287 3648 3330 ecce
3667 3281 3786 3337 ειπεο.

2303 3381 2356 3426 et
2397 3372 2601 3442 aperio.
2630 3372 2870 3438 Christe,
2900 3372 3015 3426 lava
3045 3387 3172 3439 eos,
3204 3371 3413 3426 Dimitte
3439 3369 3567 3425 nobis
3587 3366 3712 3422 debita
3730 3380 3787 3415 uo-

2305 3473 2432 3530 stra,
2457 3464 2705 3534 quoniam
2735 3478 2838 3518 non
2869 3473 2953 3519 est
2979 3464 3246 3519 exstincta
3273 3463 3496 3520 charitas
3522 3453 3790 3524 nostruquia

2305 3564 2352 3609 et
2388 3571 2479 3609 nos
2519 3556 2816 3610 dimittimus
2861 3555 3167 3610 debitoribus
3208 3557 3392 3611 nostris
3429 3552 3612 3628 (Matth.
3634 3564 3690 3612 γι,
3715 3544 3788 3614 12)-

2303 3645 2528 3713 Quando
2572 3655 2623 3701 te
2665 3647 2929 3713 audimus,
2960 3647 3232 3702 exsultant
3277 3656 3446 3703 tecum
3487 3646 3536 3700 in
3568 3636 3789 3698 calonibus

2303 3753 2423 3793 ossa
2467 3737 2737 3792 humiliata
2766 3737 2935 3810 (Psat.
2971 3755 3020 3802 ι,
3053 3739 3165 3811 10).
3186 3739 3293 3796 Sed
3321 3737 3521 3811 quando
3546 3745 3591 3791 te
3612 3728 3788 3805 pradica-

2302 3844 2442 3896 mus,
2467 3839 2664 3885 terram
2695 3831 2963 3886 calcamus
3004 3841 3063 3887 ut
3107 3833 3203 3888 tibi
3248 3834 3632 3904 aperiamuszct
3651 3825 3737 3881 ideo
3761 3819 3788 3873 si

2303 3921 2764 3992 reprehendimur,
2792 3924 3198 3992 perturbamur;
3231 3926 3275 3979 si
3297 3923 3574 3986 laudamur,
3601 3916 3786 3973 intlamur.

2303 4015 2441 4070 Lava
2458 4014 2618 4086 pedes
2631 4024 2844 4071 nostros
2855 4025 2979 4071 ante
2992 4016 3300 4082 mundatos,
3317 4015 3407 4073 sed
3420 4030 3531 4071 cum
3548 4010 3607 4067 ad
3617 4007 3788 4079 aperien-

2301 4107 2425 4161 dum
2456 4107 2545 4162 tibi
2571 4122 2666 4177 per
2695 4117 2891 4163 terram
2923 4109 3215 4179 pergimus,
3252 4109 3557 4179 inquinatos.
3579 4101 3678 4158 llaec
3691 4095 3786 4151 vobis

2303 4202 2462 4257 hodie
2487 4203 2614 4257 satis
2630 4203 2757 4270 sint,
2774 4202 3126 4258 dilectissimi.
3153 4203 3210 4259 Si
3233 4203 3359 4274 quid
3379 4217 3524 4258 secus
3541 4209 3670 4268 quam
3684 4202 3786 4260 opor-

2303 4295 2402 4350 tuit
2426 4295 2666 4350 dicentes
2690 4293 2934 4351 fortassis
2958 4295 3299 4362 offendimus,
3325 4295 3406 4349 vel
3426 4290 3639 4348 laudibus
3658 4278 3785 4338 ιαπίε

2303 4385 2704 4441 immoderatius
2746 4401 2908 4456 quam
2957 4386 3196 4457 oportuit
3233 4385 3422 4442 elevati
3461 4392 3648 4439 sumus;
3671 4375 3784 4440 ίωΡθ·

2302 4486 2437 4533 trate
2468 4476 2866 4533 inundationem
2906 4476 3132 4549 pedibus
3174 4477 3393 4541 nostris,
3424 4474 3526 4530 Deo
3545 4459 3783 4541 placcntibus

2298 4571 2628 4627 orationibus
2652 4571 2863 4627 vestris.

2787 4681 3108 4738 TRACTAT
3119 4681 3203 4740 US
3233 4680 3414 4738 LVIII.

2299 4797 2374 4850 Ab
2418 4812 2475 4850 eo
2514 4797 2650 4867 quod
2692 4794 2941 4850 Dominus
2984 4796 3138 4866 dicit,
3178 4795 3245 4851 Et
3269 4809 3363 4851 vos
3387 4789 3554 4848 mundi
3577 4773 3780 4847 cstis,§£‘d

2370 4903 2476 4943 non
2515 4902 2743 4953 omnes;
2788 4903 2945 4958 usque
2985 4890 3052 4941 ad
3087 4888 3174 4956 id,
3207 4885 3508 4956 Exemplum
3534 4876 3634 4935 dedi
3656 4868 3779 4926 robii.

2371 4991 2428 5034 ut
2452 4957 2895 5050 quemadmodum
2923 4995 3020 5051 ego
3048 4981 3147 5035 feci
3165 4979 3335 5048 vobis,
3361 4979 3428 5034 ita
3451 4985 3499 5032 et
3524 4986 3605 5028 vos
3623 4957 3779 5022 faciatis.

2369 5073 2494 5144 Cap.
2529 5088 2618 5127 xm
2642 5114 2658 5142 ,
2703 5073 2776 5142 ᾗ.
2811 5071 2999 5130 10-15.

2372 5212 2422 5265 1.
2469 5211 2586 5265 Jam
2630 5209 2718 5264 illa
2758 5209 2917 5264 verba
2956 5208 3264 5280 Evangelii,
3297 5207 3384 5262 ubi
3413 5201 3634 5260 Dominus
3655 5193 3778 5248 litans

2299 5304 2459 5376 pedes
2501 5302 2776 5374 discipulis
2816 5301 2959 5366 suis,
3005 5303 3109 5370 ait,
3160 5301 3260 5368 Qui
3298 5300 3424 5354 totus
3457 5284 3776 5350 astitisti,”

2297 5398 2443 5452 habet
2465 5397 2803 5451 necessitatem
2829 5395 2927 5449 nisi
2956 5395 3106 5466 pedes
3133 5396 3300 5449 lavare
3321 5435 3335 5460 ,
3361 5391 3445 5445 sed
3461 5395 3526 5443 est
3542 5376 3778 5474 εξ

2296 5501 2379 5546 m
2420 5489 2599 5563 (Joan.
2647 5502 2766 5553 xm,
2812 5482 2934 5561 ιο),
2982 5487 3256 5544 Dilectioni
3291 5492 3494 5547 vestrae,
3525 5472 3775 5563 ut

2293 5549 2498 5640 donare
2538 5549 2784 5651 dignatus
2822 5549 2933 5640 est.
2967 5580 3338 5652 exposuimus:
3368 5586 3496 5630 nunc
3519 5561 3635 5639 quod
3654 5549 3776 5652 sui“?
3868 5579 3869 5652 ς

2296 5684 2382 5731 tur
2429 5649 2721 5730 videamus.
2770 5673 2837 5728 Et
2876 5690 2963 5730 vos
2986 5715 3000 5739 ,
3037 5649 3244 5747 inquit,
3281 5667 3446 5724 πικηᾶ
3474 5663 3600 5724 αιίεν

2291 5783 2490 5826 onanes.
2519 5767 2632 5822 Hoc
2656 5765 2785 5837 quid
2815 5768 2885 5822 sit
2912 5782 2980 5823 ne
2999 5739 3372 5838 quaereremus,
3395 5760 3498 5829 ίρεε
3520 5739 3774 5831 “uadis”.

3683 398 3788 458 nos
3868 377 3869 458 ἰ

2301 5857 2546 5932 patefecit
2574 5899 2588 5926 ,
2633 5857 2924 5926 adiungens
2955 5876 2968 5913 :
3003 5858 3205 5913 Sciebat
3230 5853 3353 5909 enim
3379 5849 3579 5922 quisnam
3602 5838 3771 5897 cudi"
3868 5883 3869 5932 ξ
