1963 3197
98 200 143 237 "ut
416 198 420 202 '
602 200 804 233 rascrarus
823 198 912 231 LVIII.
933 201 1046 231 CAPUT
1066 198 1134 230 xm.

95 261 178 295 [raderet
190 274 258 298 curn,-
271 270 404 300 propterea
416 272 468 291 om
493 271 502 289 :
517 262 575 290 Non
591 262 649 290 estis
663 261 752 289 mundi
766 268 861 288 omnes.

86 313 142 351 Quid
153 313 201 341 hoc
211 311 330 348 apertius
339 311 352 338 ?
365 309 481 338 Proinde
494 308 525 336 ad
541 308 677 344 sequentia
689 312 863 335 transeamus.

115 360 138 387 2.
151 358 287 393 Postquam
301 366 360 393 ergo
374 356 434 384 lavit
447 355 521 389 pedes
533 363 619 382 eorum
629 375 636 387 ,
649 358 673 381 et
686 353 780 388 accepit
789 352 864 379 vcsti-

84 411 156 437 mcttlﬂ
175 413 239 438 sua;
262 412 319 431 cum
339 401 490 430 recubuisset
508 401 615 433 iterant,
637 399 700 426 dixit
715 399 750 426 eis
765 406 774 425 :
789 397 866 426 Scitis

83 454 138 492 quid
152 452 249 489 fecerint
267 450 357 478 vobis?
370 449 444 477 Nunc
458 452 499 475 est
513 452 541 474 ιιι
556 447 634 474 beato
648 446 726 492 Petro
740 444 866 472 reddatur

84 490 122 531 illa
139 497 276 535 promissio
296 505 302 523 :
319 495 417 523 dilatus
430 494 500 522 enim
517 494 616 525 fuerat,
632 490 738 527 quando
749 497 864 525 expave-

84 545 158 576 scenti
167 565 174 577 ,
190 547 217 570 et
228 542 341 574 dicenti,
360 540 420 568 Non
431 539 525 567 ιαυαὺὶε
537 538 598 565 mihi
612 537 686 573 pedes
696 537 722 564 in
731 541 864 568 (uernum,

84 596 227 626 responsum
248 592 290 615 est
310 587 350 620 ei,
374 585 448 620 Quod
470 593 515 620 ego
529 585 611 620 facio,
631 588 657 610 tu
676 582 754 610 nescia
772 581 863 614 modo,

83 636 137 665 κὶα
148 640 228 661 autent
239 637 325 668 postea
340 630 420 666 (ibid.
433 631 460 663 8,
474 630 513 665 7).
530 629 598 657 Ecce
608 633 649 656 est
661 628 746 663 ipsum
758 631 864 662 postea;

83 685 129 719 jam
150 687 250 715 tempus
271 684 311 707 est
331 684 358 706 III
382 678 484 706 dicatur
504 675 574 712 quod
588 675 666 711 paulo
680 678 742 701 ante
755 673 866 719 dilatum

84 734 126 758 est.
140 728 237 756 Memor
249 726 337 762 itaque
351 724 478 752 Dominus
491 730 520 750 se
536 720 689 757 promisisse
700 719 754 754 jam
766 718 865 746 dudum

86 774 209 803 scientiam
225 772 286 800 facti
303 771 342 799 sui
357 775 410 798 tam
421 768 549 804 inopinati
561 789 569 801 ,
582 772 636 794 tam
650 765 779 794 mirabilis
789 785 797 798 ,
812 768 865 791 tam

85 819 262 858 expavescendi
276 841 283 852 ,
309 823 336 846 et
359 817 409 845 nisi
433 817 489 851 ipse
510 815 682 843 vehementer
705 811 864 844 terruisset,

86 869 149 897 nullo
162 867 237 896 modo
249 865 363 896 sinendi,
376 869 405 892 ut
418 863 545 899 magister
557 870 609 889 non
622 865 724 889 tantum
736 859 864 894 ipsorum,

84 915 122 943 sed
145 913 317 949 Aagelorum,
342 916 368 939 et
390 910 518 938 Dominus
538 916 590 937 non
611 912 713 935 tantum
731 906 864 941 ipsorum,

82 962 121 990 sed
144 968 229 989 rerum
251 958 388 992 omnium,
414 957 514 985 lavaret
535 955 615 991 pedes
634 953 824 990 disoipulorum
840 955 867 979 et

83 1015 208 1036 servorum
230 1013 339 1034 suorum
363 1012 370 1030 :
394 1003 472 1038 hujus
494 1010 557 1037 ergo
577 1001 641 1029 tanti
665 1000 725 1028 facti
740 1001 866 1036 quoniam

82 1053 229 1088 promiserat
254 1050 392 1078 scientiam
417 1049 528 1080 dicens,
554 1047 624 1075 Scies
650 1052 735 1073 autem
757 1051 866 1081 postea;

82 1098 137 1134 quid
150 1098 181 1126 sit
195 1096 264 1133 quod
280 1096 342 1124 fecit
353 1116 360 1128 ,
376 1096 473 1122 docere
488 1101 557 1121 nunc
570 1092 670 1127 incipit.

110 1145 135 1173 '5.
161 1144 223 1177 Vos,
239 1143 325 1178 inquit
336 1163 342 1173 ,
359 1141 452 1168 vocatis
466 1148 504 1167 me
515 1160 522 1173 ,
540 1139 662 1175 Magister
673 1159 680 1171 ,
697 1143 720 1165 et
736 1137 842 1164 Domine
856 1146 866 1164 :

82 1198 98 1219 ct
116 1192 174 1218 bene
191 1190 294 1222 dicitis;
313 1197 370 1216 sum
389 1187 487 1215 etenim.
507 1186 575 1213 Bene
589 1185 686 1218 dicitis,
700 1184 760 1220 quia
773 1192 866 1211 verum

82 1238 176 1270 dicitis;
198 1245 255 1264 sum
276 1235 373 1271 quippe
386 1234 456 1270 quod
471 1233 568 1260 dicitis.
586 1231 690 1259 Homini
705 1235 865 1266 praeceptum

82 1288 116 1311 est
126 1304 133 1312 .
157 1283 213 1310 Non
231 1287 253 1309 te
273 1281 359 1308 laudet
378 1288 405 1307 os
425 1285 494 1306 tuum
507 1299 514 1311 ,
527 1279 571 1306 sed
584 1278 669 1305 laudet
682 1283 706 1304 te
718 1286 745 1305 os
758 1277 867 1313 prorimi

83 1330 114 1355 ιιιί
134 1328 217 1363 (Prov.
238 1335 313 1355 xxvn
326 1348 334 1360 ,
353 1325 392 1361 2).
409 1324 589 1352 Periculosum
604 1327 645 1350 est
657 1323 727 1350 enim
742 1322 792 1350 sibi
808 1323 866 1358 pla-

82 1383 150 1407 cere,
164 1375 204 1401 cui
218 1372 366 1401 cavendum
380 1375 418 1399 cst
434 1370 581 1406 superbire.
597 1369 643 1397 Ille
659 1374 747 1396 autem
760 1369 805 1405 qui
820 1377 865 1397 su-

83 1429 125 1456 per
134 1421 215 1448 omnia
228 1425 266 1448 est
280 1441 287 1452 ,
302 1423 545 1452 uuantumcumque
557 1426 587 1445 se
601 1416 706 1449 laudet,
718 1425 770 1444 non
782 1425 811 1445 se
821 1425 867 1444 ex-

84 1467 144 1494 tollit
158 1466 274 1495 excelsus
296 1474 303 1492 :
322 1472 371 1492 nec
386 1468 474 1499 potest
488 1467 560 1490 recte
572 1462 625 1490 dici
641 1469 769 1497 arrogans
785 1463 865 1490 Dens.

86 1512 157 1540 Nobis
167 1519 276 1547 namque
291 1509 398 1545 expedit
412 1517 473 1537 eum
487 1516 566 1535 nosse
577 1529 584 1541 ,
600 1515 652 1535 non
669 1507 705 1534 illi
723 1516 729 1534 :
747 1515 795 1535 nec
806 1515 866 1535 cum

87 1559 185 1594 quisque
197 1557 348 1593 cognoscit,
363 1555 385 1583 si
401 1563 453 1596 non
468 1562 497 1582 se
509 1553 607 1582 indicet
618 1553 674 1588 ipse
686 1553 729 1588 qui
744 1553 827 1581 novit.
839 1553 867 1581 Si

85 1611 143 1639 ergo
156 1611 202 1630 non
216 1610 243 1630 se
257 1601 392 1629 laudando
401 1600 477 1636 quasi
489 1599 667 1634 arrogantiam
679 1599 763 1626 vitare
773 1599 866 1627 volue-

87 1650 121 1676 rit
131 1669 138 1682 ,
159 1648 226 1676 nobis
246 1647 406 1683 sapientiam
420 1645 572 1681 denegabit.
589 1645 621 1672 Et
636 1645 791 1680 magistrum
807 1644 867 1680 qui-

84 1695 141 1723 dem
154 1695 216 1730 quod
230 1702 259 1722 sc
274 1702 334 1722 esse
348 1693 413 1721 dicit
426 1714 432 1726 ,
448 1700 527 1720 nemo
542 1691 771 1727 reprehenderet,
787 1692 867 1719 etiam

87 1741 125 1776 qui
145 1748 199 1768 eum
222 1740 286 1768 nihil
310 1746 372 1767 esse
391 1738 463 1766 aliud
484 1746 563 1774 quam
578 1738 713 1765 hominem
726 1737 867 1771 crederet;

88 1787 197 1822 quoniam
213 1786 238 1814 id
250 1785 389 1822 proﬁtetur
403 1784 473 1820 quod
489 1788 516 1811 et
527 1784 576 1818 ipsi
588 1783 710 1811 homines
723 1784 749 1810 in
760 1783 870 1819 quibus-

90 1832 144 1861 libet
162 1832 259 1860 artihus
275 1840 358 1867 usque
373 1831 441 1859 adeo
456 1831 514 1858 sine
526 1830 677 1865 arrogantia
694 1830 868 1874 proﬁtentur,

89 1883 113 1905 ιιι
132 1879 289 1913 professores
304 1882 440 1905 vocentur.
457 1875 533 1910 Quod
547 1883 610 1903 vero
622 1875 760 1903 dominum
774 1880 800 1903 et
812 1876 870 1911 ipse

91 1932 113 1953 se
124 1926 181 1953 dicit
191 1925 379 1960 discipulorum
395 1931 503 1951 suorum
513 1943 520 1956 ,
536 1930 597 1950 cum
612 1921 666 1949 sint
679 1922 715 1949 illi
729 1922 809 1949 etiam
823 1930 868 1950 se-

90 1972 188 2000 cundum
201 1971 328 1999 sazculum
343 1970 448 2005 ingenui
461 1990 469 2002 ,
482 1969 542 2004 quis
555 1968 622 1996 ferat
635 1968 661 1995 in
674 1968 803 1996 homine?
817 1968 869 1996 Sed

91 2017 150 2046 Deus
161 2018 284 2054 loquitur.
299 2016 375 2045 Nulla
390 2020 431 2044 est
445 2016 487 2043 hic
501 2016 581 2043 elatio
593 2020 672 2042 tanta:
686 2014 850 2042 celsitudinis
860 2035 867 2048 ,

91 2064 175 2092 nullum
188 2064 354 2092 mendacium
369 2062 488 2090 veritatis
502 2071 508 2089 :
520 2061 597 2089 nobis
607 2061 745 2096 subjacerc
758 2060 794 2088 illi
806 2060 869 2089 utile

91 2113 125 2136 est
141 2109 283 2137 cclsitudini
294 2129 302 2141 ,
324 2107 402 2136 nobis
417 2107 517 2135 servire
530 2106 594 2134 utile
609 2111 650 2134 est
664 2106 777 2134 veritati.
793 2105 869 2139 Quod

93 2160 116 2182 se
129 2155 258 2183 Dominum
272 2154 353 2187 dicit,
369 2162 422 2181 non
438 2153 475 2181 illi
488 2153 580 2180 vilium
596 2157 636 2180 cst
648 2172 655 2184 ,
668 2151 715 2180 sed
729 2152 805 2179 nobis
823 2151 871 2179 be-

94 2200 209 2229 neﬁcium.
224 2200 371 2236 Cujusdam
383 2198 519 2227 saecularis
533 2198 648 2226 auctoris
663 2198 743 2226 verba
757 2197 868 2225 laudan-

95 2250 141 2279 tur,
157 2248 213 2283 quia
229 2247 315 2279 dixit,
335 2256 344 2272 ι
363 2246 428 2274 Cum
444 2246 530 2273 omnis
544 2245 693 2281 arrogantia
708 2244 799 2272 odiosa
813 2248 868 2278 est,

97 2301 104 2318 ι
118 2298 164 2321 tum
178 2294 220 2322 illa
236 2293 334 2330 ingenii
349 2297 377 2321 et
391 2292 549 2328 eloquentia:
564 2292 648 2319 multo
661 2291 847 2319 molestissima
857 2301 866 2318 ι

95 2338 144 2374 (Cic.
164 2341 187 2367 in
204 2340 235 2374 ρ.
253 2339 394 2373 Ciuilium)
410 2348 416 2365 :
432 2343 458 2366 ct
485 2342 572 2366 tamen
596 2336 666 2365 idem
687 2337 743 2372 ipse
763 2344 823 2365 cum
836 2336 870 2364 de

95 2391 130 2413 sua
149 2386 294 2422 eloquentia
320 2385 492 2421 loqueretur,
507 2393 516 2409 ι
532 2384 668 2416 Dicerem,
693 2384 793 2419 inquit,
812 2391 871 2419 per-

95 2440 102 2455 I
116 2432 197 2460 tectam
207 2454 215 2466 ,
229 2433 252 2460 si
267 2433 301 2460 ita
310 2431 474 2467 iudicarem;
490 2438 539 2458 nec
552 2430 578 2458 in
594 2430 705 2458 veritate
717 2430 817 2457 crimen
828 2437 871 2457 ar-

95 2487 102 2502 ι
116 2480 230 2515 rigantia:
243 2479 457 2515 pertimescerem
473 2487 483 2504 ι
501 2476 555 2514 (Id.
569 2477 595 2504 in
610 2475 737 2512 Oratore).
751 2476 778 2504 Si
792 2476 871 2512 igitur

93 2523 127 2552 ille
137 2525 211 2553 homo
221 2524 458 2560 eloquentissimus
470 2524 496 2550 in
507 2522 618 2550 veritate
628 2522 805 2557 arrogantiam
817 2528 871 2549 non

70 2562 196 2604 itimeret.
218 2569 352 2606 quomodo
372 2569 549 2604 arrogantiam
575 2568 630 2603 ipsa
654 2567 753 2595 veritas
772 2566 871 2594 timet?

95 2613 153 2644 Dicat
164 2624 191 2645 se
202 2616 345 2645 Dominum
359 2615 403 2651 qui
420 2615 548 2642 Dominus
563 2617 621 2646 est,
637 2613 709 2641 dicat
719 2620 812 2641 verum
826 2612 870 2648 qni

93 2663 172 2691 terius
183 2668 224 2692 est
235 2672 242 2697 ;
252 2671 286 2691 ne
300 2671 352 2690 non
363 2662 462 2689 discam
477 2669 527 2696 ego
540 2660 609 2694 quod
624 2660 687 2687 utile
697 2664 748 2691 cst,
758 2659 820 2687 dum
832 2664 872 2687 la-

83 2709 126 2737 'eet
135 2710 175 2738 ille
187 2710 256 2746 quod
270 2714 322 2737 est.
337 2709 509 2736 Beatissimns
522 2707 618 2734 Paulus
628 2727 635 2738 ,
649 2713 701 2733 non
714 2706 803 2740 utique
813 2705 871 2732 uni-

94 2756 179 2788 genitns
202 2757 246 2784 Dei
274 2756 374 2788 Filius,
400 2755 445 2783 sed
461 2753 587 2789 unigeniti
604 2753 649 2780 Dei
664 2752 723 2780 Filii
738 2759 831 2779 servus
845 2756 872 2779 et

94 2804 229 2837 apostolus;
255 2811 306 2830 non
330 2803 443 2836 veritas,
468 2802 515 2830 sed
537 2801 668 2837 particeps
683 2800 820 2832 veritatis;
835 2799 871 2827 ait

96 2847 162 2876 libere
179 2855 204 2877 et
223 2854 392 2882 constanter,
415 2848 446 2875 Et
465 2848 486 2875 si
507 2848 607 2875 voluero
627 2846 748 2882 gloriari,
764 2854 813 2873 non
828 2854 871 2874 ero

94 2894 213 2930 “sipiens;
233 2897 361 2924 veritatem
381 2896 446 2922 enim
462 2896 517 2921 dico
533 2894 564 2930 (ll
580 2893 638 2922 Cor.
658 2902 693 2921 ιιι
704 2914 711 2927 ,
726 2894 764 2929 6).
780 2893 871 2929 Neque

95 2940 189 2969 enim-in
203 2943 304 2978 seipso,
320 2941 366 2969 sed
382 2941 408 2968 in
424 2940 480 2976 ipsa
494 2940 604 2968 veritate
618 2947 677 2974 qua:
691 2939 812 2974 superior
826 2942 868 2967 est

1645 201 1715 234 ΠΜ

921 259 989 295 ipso,
997 263 1024 287 et
1030 258 1166 286 humiliter
1174 261 1201 286 ct
1208 257 1342 286 veraciter
1354 257 1513 294 gloriaretur
1528 267 1536 288 :
1550 260 1676 297 quoniam
1685 264 1714 290 et

919 306 976 342 ipse
983 306 1110 343 pra-cepit
1117 309 1145 333 ut
1152 305 1195 341 qui
1204 305 1332 341 gloriatur
1342 305 1368 333 in
1375 305 1488 335 Domino
1495 306 1646 344 glorietur(l
1654 307 1715 337 tier.

919 361 938 387 I,
948 352 1005 389 3t).
1018 352 1093 380 Itane
1106 360 1158 380 non
1174 352 1279 380 timeret
1292 352 1482 388 insipientiam,
1490 353 1513 382 si
1520 354 1628 390 gloriari
1635 355 1717 384 vellet

920 404 1024 427 amator
1034 399 1181 434 sapientitc;
1192 404 1219 426 et
1231 398 1257 426 in
1267 399 1349 435 gloria
1355 407 1403 428 sua
1417 399 1522 428 timeret
1535 399 1713 436 insipientiam

919 446 975 482 ipsa
984 447 1125 482 sapientia?
1133 446 1189 475 Non
1199 447 1469 484 timuitarrogantiam
1478 448 1522 484 qui
1531 448 1607 481 dixit,
1619 448 1652 476 In
1660 449 1716 477 Do.

919 494 987 521 mino
1008 494 1153 521 laudabitur
1178 494 1265 521 animo
1290 502 1345 522 nica
1365 493 1452 530 (Ριαι.
1468 502 1569 528 xxxIII,
1583 494 1612 531 3)
1625 503 1633 528 ;
1647 501 1674 523 et
1687 495 1715 523 in

921 539 998 567 laude
1005 547 1052 567 sua
1063 540 1168 567 timeret
1177 540 1355 575 arrogantiam
1369 544 1488 576 potestas
1501 540 1616 573 Domini,
1625 540 1651 568 in
1663 548 1716 577 qua

919 585 1042 614 laudatur
1049 585 1137 613 anima
1145 586 1215 614 servi
1223 586 1235 612 ‘l
1243 585 1303 618 Vos,
1313 586 1407 621 inquit,
1415 586 1510 614 vocati:
1522 594 1570 618 me,
1580 585 1716 622 Magister,

919 637 942 659 et
955 631 1064 659 Domine
1076 640 1084 658 :
1099 637 1123 659 et
1137 631 1197 659 bene
1211 632 1306 665 dicitis;
1316 641 1371 660 sum
1381 633 1481 660 ctenim.
1494 633 1555 661 Ideo
1569 633 1639 661 bene
1648 633 1716 662 dici-

919 677 970 710 tis,
991 677 1051 712 quia
1065 685 1123 705 sum
1140 687 1147 705 :
1163 685 1223 705 nam
1237 677 1259 705 si
1274 685 1326 705 non
1340 685 1427 706 essem
1441 678 1512 713 quod
1526 678 1631 712 dicitis,
1647 678 1717 706 male

919 722 1045 751 diceretis
1056 743 1064 756 ,
1084 723 1187 751 etiamsi
1210 731 1253 751 me
1272 723 1424 751 laudaretis.
1440 723 1579 758 Quomodo
1593 732 1657 760 ergo
1670 731 1718 752 IIe-

919 772 993 803 garet
1015 768 1130 802 veritas,
1153 769 1223 804 quod
1244 769 1336 796 dicunt
1356 769 1478 804 discipuli
1499 770 1717 806 veritatisiquo—

919 813 999 841 modo
1020 813 1090 849 quod
1110 814 1201 841 dicunt
1215 814 1258 849 qui
1272 814 1434 849 didicerunt,
1451 820 1559 851 negaret
1575 816 1632 851 ipsa
1645 815 1717 844 unde

919 860 1090 889 didicerunt?
1112 860 1252 895 Quomodo
1275 860 1335 889 fons
1355 866 1433 897 negat
1457 862 1526 897 quod
1541 861 1634 890 bibens
1646 870 1716 899 pra:-

919 907 1009 935 dicat?
1021 906 1154 943 quomodo
1167 907 1211 935 lux
1226 907 1342 935 occultat
1354 907 1425 942 quod
1441 907 1532 936 videns
1547 908 1667 937 indicat?

955 954 981 981 4.
998 962 1007 979 ι
1025 953 1053 981 Si
1068 961 1133 988 ergo
1145 974 1152 986 ,
1167 953 1265 989 inquit,
1281 961 1332 989 ego
1345 953 1396 981 lavi
1412 953 1493 989 pedes
1506 959 1610 982 vestros
1624 954 1716 983 Domi-

920 1007 971 1028 nus
989 1004 1016 1027 et
1035 999 1172 1034 Magister,
1188 999 1292 1028 debetis
1312 1004 1339 1027 et
1359 1007 1408 1027 vos
1422 1000 1491 1028 alter
1505 1000 1613 1028 alterius
1627 1000 1717 1028 lavare

919 1045 1009 1080 pedes.
1024 1045 1182 1080 Exemplum
1194 1045 1264 1072 enim
1275 1044 1336 1073 dedi
1348 1045 1424 1072 vobis
1432 1066 1439 1077 ,
1453 1050 1481 1073 ut
1492 1046 1716 1081 quemadmodum

919 1099 968 1127 ego
989 1091 1039 1119 feci
1061 1091 1153 1125 vobis,
1176 1096 1203 1120 et
1224 1099 1272 1119 vos
1289 1092 1324 1120 ita
1344 1092 1454 1120 faciatis.
1472 1102 1481 1119 ι
1497 1092 1553 1121 Hoc
1567 1098 1625 1127 est,
1639 1093 1718 1122 beate

919 1137 997 1165 Petre
1008 1158 1015 1170 ,
1027 1137 1098 1173 quod
1109 1137 1247 1166 nesciebas
1256 1158 1265 1172 ,
1279 1138 1384 1174 quando
1395 1138 1452 1166 fieri
1465 1146 1518 1167 non
1533 1140 1648 1167 sincbas.
1662 1140 1718 1168 Hoc

920 1185 967 1213 tibi
983 1190 1073 1220 postea
1087 1185 1224 1214 sciendum
1235 1185 1357 1221 promisit
1369 1206 1377 1219 ,
1392 1185 1497 1221 quando
1509 1191 1536 1213 ut
1548 1187 1651 1214 sineres
1662 1192 1716 1215 ler-

919 1232 973 1259 ruit
996 1236 1021 1260 te
1042 1231 1166 1268 Magister
1185 1236 1246 1259 tuus
1263 1236 1290 1259 et
1305 1231 1432 1259 Dominus
1446 1236 1518 1264 tuus,
1533 1232 1623 1260 lavans
1635 1233 1717 1269 pedes

920 1282 988 1305 tuos.
1002 1278 1145 1305 Didicimus
1154 1298 1162 1311 ,
1176 1277 1272 1306 fratres
1284 1299 1292 1312 ,
1305 1277 1480 1306 humilitatem
1492 1278 1527 1306 ab
1537 1278 1666 1312 Excelsa;
1679 1279 1718 1306 ia-

919 1324 1022 1351 ciamus
1034 1324 1147 1352 invicem
1161 1324 1275 1352 humiles
1287 1344 1294 1356 ,
1307 1323 1378 1359 quod
1393 1323 1529 1352 humiliter
1543 1324 1605 1353 fecit
1618 1325 1714 1353 Excel-

920 1377 975 1397 sus.
998 1369 1089 1405 Magna
1105 1375 1146 1398 est
1160 1369 1218 1397 lucc
1230 1369 1427 1398 commendatio
1442 1370 1598 1398 humilitatis
1613 1378 1620 1397 :
1635 1375 1663 1399 et
1676 1370 1716 1398 fa-

920 1415 992 1443 ciunt
1012 1415 1063 1443 sibi
1083 1415 1133 1443 hoc
1146 1415 1258 1443 invicem
1271 1415 1379 1449 fratres,
1396 1416 1476 1444 etiam
1488 1423 1570 1452 opere
1582 1416 1640 1452 ipso
1651 1417 1717 1445 visi-

920 1460 978 1494 bili,
990 1469 1050 1489 cum
1060 1469 1090 1489 se
1100 1461 1213 1489 invicem
1225 1461 1340 1497 hospitio
1354 1461 1499 1497 recipiunt;
1511 1466 1552 1490 est
1566 1463 1635 1491 enim
1646 1462 1717 1499 apud

921 1507 1063 1542 plerosque
1086 1507 1252 1535 consuetudo
1275 1507 1353 1542 hujus
1375 1507 1532 1536 humilitatis
1546 1529 1554 1541 ,
1577 1516 1660 1545 usque
1682 1510 1717 1538 ad

920 1551 1018 1580 factum
1040 1560 1092 1588 quo
1114 1558 1239 1581 cernatur
1256 1560 1393 1588 expressa.
1415 1552 1490 1582 Unde
1502 1554 1645 1590 Apostolus
1655 1563 1716 1584 cum

920 1598 1027 1626 viduam
1043 1598 1118 1633 bene
1137 1599 1258 1627 meritam
1283 1598 1485 1627 commendaret
1499 1620 1507 1633 ,
1530 1593 1567 1627 Si"
1583 1601 1693 1636 hospitio
1708 1622 1717 1634 ,

921 1644 1017 1679 inquit,
1033 1644 1134 1680 recepit,
1148 1644 1170 1672 si
1184 1649 1330 1672 sanctorum
1345 1644 1420 1680 pedes
1433 1645 1493 1673 lavit
1504 1645 1525 1681 (Ι
1537 1645 1602 1673 Tim.
1615 1654 1641 1680 ν,
1659 1646 1716 1683 l0).

922 1689 957 1717 Et
965 1690 1035 1725 apud
1047 1694 1154 1717 sanctos
1168 1691 1327 1726 ubicumque
1345 1691 1403 1719 haec
1414 1692 1580 1719 consuetudo
1594 1700 1647 1720 non
1658 1697 1699 1720 est
1708 1713 1716 1726 ,

922 1736 992 1771 quod
1013 1744 1093 1763 manu
1111 1744 1164 1764 non
1184 1736 1298 1771 faciunt,
1312 1737 1393 1765 corde
1406 1737 1523 1771 faciunt,
1538 1738 1559 1766 si
1574 1738 1600 1766 in
1611 1738 1717 1768 illorum

922 1790 1034 1811 numero
1046 1788 1109 1810 sunt
1121 1783 1217 1818 quibus
1230 1783 1327 1811 dicitur
1338 1784 1364 1811 in
1378 1784 1477 1819 hymno
1489 1784 1625 1813 beatorum
1637 1786 1716 1814 trium

923 1829 1056 1863 virorum,
1077 1828 1235 1863 Benedicite,
1255 1830 1336 1857 sancti
1347 1834 1369 1857 et
1383 1830 1489 1857 humile:
1508 1831 1592 1862 corde.
1607 1830 1717 1860 Domino

925 1874 1012 1911 (Dan.
1034 1883 1074 1908 III,
1097 1875 1154 1911 87).
1168 1875 1250 1903 Multo
1262 1880 1352 1904 autem
1365 1880 1405 1904 est
1418 1877 1512 1905 melius
1522 1897 1529 1910 ,
1542 1882 1569 1905 et
1584 1877 1640 1906 sine
1654 1885 1718 1906 con-

923 1922 1052 1950 troversia
1064 1923 1151 1950 verius
1160 1943 1167 1956 ,
1181 1928 1211 1951 ιιι
1222 1924 1301 1952 ctiam
1312 1924 1434 1952 manibus
1449 1924 1512 1958 ﬁat;
1528 1932 1577 1953 nec
1591 1925 1720 1961 dedigne-

924 1972 966 1995 tur
978 1967 1048 2003 quod
1059 1967 1120 1995 iecit
1130 1967 1251 1996 Christus
1261 1989 1269 2002 ,
1282 1969 1370 1997 facere
1380 1969 1552 1998 christianos.
1567 1970 1635 1999 Cum
1646 1971 1717 1999 enim

923 2013 956 2040 ad
976 2012 1057 2048 pedes
1080 2012 1170 2040 fratris
1192 2013 1333 2042 inclinatur
1352 2022 1467 2051 corpus,
1487 2016 1566 2044 etiam
1588 2017 1615 2044 in
1636 2017 1719 2046 corde

923 2059 981 2095 ipso
994 2060 1036 2087 vel
1049 2059 1180 2087 excitatur
1190 2080 1197 2093 ,
1212 2060 1253 2088 vel
1267 2061 1290 2088 si
1302 2060 1358 2096 jam
1372 2061 1458 2089 inerat
1468 2082 1475 2095 ,
1490 2063 1663 2091 conﬁrmatur
1675 2063 1718 2099 ip-

923 2105 978 2133 sius
989 2105 1145 2133 humilitatis
1154 2105 1274 2134 atl'ectus.

958 2152 985 2180 5.
999 2151 1051 2180 Sed
1065 2157 1177 2188 excepto
1189 2152 1241 2181 isto
1256 2153 1349 2181 morali
1362 2153 1496 2182 intellectu
1505 2175 1513 2188 ,
1529 2154 1565 2183 ita
1575 2161 1624 2183 nos
1637 2155 1717 2191 hujus

922 2197 1049 2226 dominici
1064 2198 1125 2226 facti
1137 2198 1304 2227 altitudinem
1317 2199 1520 2228 commendasse
1532 2201 1702 2230 meminimus
1711 2224 1718 2236 ,

923 2244 994 2281 quod
1016 2244 1129 2273 lavando
1150 2245 1231 2280 pedes
1251 2245 1305 2281 jam
1327 2246 1442 2274 lotorum
1462 2252 1541 2283 atque
1558 2248 1718 2277 mundorum

923 2290 1130 2327 discipulorum.
1151 2291 1340 2327 signiﬁcaverit
1360 2292 1488 2321 Dominus
1501 2299 1609 2330 propter
1624 2294 1719 2324 huma-

923 2344 973 2365 nos
994 2337 1090 2372 quibus
1110 2337 1136 2365 in
1151 2342 1221 2365 terra
1232 2345 1371 2366 versamur
1382 2339 1493 2367 affectus
1503 2360 1510 2372 ,
1524 2344 1553 2368 ut
1565 2345 1719 2376 quamtum-

924 2383 990 2411 libet
1002 2383 1193 2419 profecerimus
1205 2383 1232 2411 in
1244 2384 1456 2420 apprehensione
1465 2385 1575 2420 iustitia:
1584 2407 1592 2419 ,
1604 2387 1719 2416 sciamus

923 2436 973 2457 nos
987 2429 1044 2457 sine
1057 2433 1167 2464 peccato
1179 2437 1231 2457 non
1244 2437 1303 2458 esse
1317 2438 1324 2457 :
1338 2429 1409 2465 quod
1421 2431 1534 2459 subinde
1545 2431 1629 2460 abluit
1639 2433 1720 2461 inter-

924 2474 1048 2510 pellando
1062 2482 1110 2510 pro
1125 2475 1216 2507 nobis,
1232 2483 1294 2503 cum
1305 2483 1413 2504 oramus
1424 2476 1529 2505 Patrem
1543 2477 1588 2513 qui
1601 2478 1628 2505 in
1642 2480 1718 2508 ctelis

924 2524 967 2548 est
976 2541 983 2553 ,
1004 2525 1033 2548 ut
1044 2520 1134 2548 debita
1148 2526 1237 2548 nostra
1254 2521 1369 2549 dimittat
1383 2522 1460 2551 nobis
1472 2544 1479 2556 ,
1494 2523 1563 2552 sicut
1575 2529 1602 2552 et
1614 2532 1664 2553 nos
1678 2525 1720 2554 di-

925 2567 1055 2595 mittimus
1075 2568 1240 2596 debitoribus
1264 2569 1363 2597 nostris
1382 2569 1490 2605 (MattII.
1513 2579 1557 2605 Vl,
1578 2571 1634 2608 12).
1648 2572 1720 2607 Quo—

925 2613 1005 2642 modo
1024 2622 1088 2650 ergo
1108 2614 1141 2642 ad
1155 2615 1225 2643 hunc
1238 2615 1401 2643 intellectum
1415 2616 1511 2652 poterit
1523 2618 1656 2653 pertinere
1668 2618 1721 2647 hoc

925 2660 997 2696 quod
1016 2661 1072 2696 ipse
1088 2666 1179 2697 postea
1192 2661 1300 2696 docuit,
1316 2662 1360 2690 ubi
1373 2662 1412 2690 sui
1426 2663 1487 2691 tacti
1499 2665 1621 2699 exposuit
1634 2665 1716 2692 ratiu-

925 2715 986 2735 nem
999 2707 1090 2735 dicens
1101 2729 1108 2741 ,
1123 2717 1131 2733 ι
1147 2707 1175 2735 Si
1186 2715 1249 2744 ergo
1262 2715 1312 2744 ego
1323 2707 1374 2736 lavi
1384 2713 1487 2737 vestros
1498 2709 1578 2745 pedes
1589 2709 1719 2737 Dominus

925 2757 952 2780 et
962 2753 1101 2789 Magister,
1114 2753 1217 2782 debetis
1232 2759 1259 2782 et
1268 2761 1315 2782 vos
1329 2754 1396 2782 alter
1403 2755 1515 2783 alterius
1524 2755 1613 2782 lavare
1624 2754 1715 2789 pedes.

925 2798 1083 2834 Exemplum
1106 2799 1177 2826 enim
1198 2798 1258 2827 dedi
1279 2799 1353 2827 vobis
1365 2820 1373 2833 ,
1392 2804 1420 2827 ut
1432 2798 1653 2834 quemadmodum
1669 2807 1719 2836 ego

924 2845 1000 2873 vobis
1013 2845 1073 2879 feci,
1081 2845 1116 2873 ita
1131 2850 1159 2874 et
1172 2853 1218 2873 vos
1232 2845 1349 2873 faciatis!
1363 2854 1372 2871 ι
1383 2845 1515 2880 Numquid
1522 2845 1612 2874 dicere
1623 2852 1719 2881 possu-

925 2899 984 2919 mus
996 2891 1066 2928 quod
1080 2892 1160 2920 etiam
1174 2891 1256 2920 frater
1268 2892 1377 2919 fratrem
1387 2899 1401 2917 ει
1414 2891 1502 2919 delicti
1516 2891 1611 2926 poterit
1624 2898 1717 2921 conta-

925 2938 1003 2973 gione
1017 2938 1167 2968 mundare?
1178 2938 1234 2967 lmo
1249 2944 1312 2966 vero
1324 2936 1351 2967 id
1364 2936 1443 2966 etiam
1458 2944 1507 2967 nos
1521 2944 1580 2969 esse
1593 2937 1719 2969 admoni‘
