3926 6374
156 399 176 456 Ι
185 398 271 454 797

157 525 240 567 tem
262 525 335 561 me
361 503 644 566 secundum
705 502 867 556 Deum
919 500 1119 572 accipit,
1152 497 1332 566 accipit
1360 493 1574 564 eumqui
1630 508 1707 546 me

153 603 284 656 misit.
309 598 409 654 Sed
438 614 555 651 cum
601 597 698 650 ista
722 593 950 658 dicebat,
979 609 1080 647 non
1116 590 1182 646 ab
1205 590 1293 644 illo
1337 597 1538 642 natura:
1591 582 1707 649 uni-

152 704 244 758 tas;
273 689 359 745 sed
388 690 435 742 in
467 704 532 742 eo
563 687 646 758 qui
680 685 921 756 mittitur,
951 682 1209 738 mittentis
1235 675 1706 734 commendabatur

154 785 430 840 auctoritas.
465 779 554 836 Sic
587 780 759 850 itaque
789 794 907 832 eum
937 776 1024 852 qui
1054 775 1248 829 missus
1292 781 1374 828 est
1421 769 1704 850 unusquis—

154 892 241 947 que
271 873 507 942 accipiat,
554 878 608 924 ut
658 869 709 924 in
752 869 840 923 illo
867 884 989 926 eum
1030 867 1124 936 qui
1157 865 1294 919 misit
1343 861 1600 922 attendat.
1652 861 1706 917 Si

112 965 113 974 “
159 982 266 1038 ergo
288 963 524 1020 attendas
555 960 820 1016 Christum
863 961 916 1014 in
947 958 1104 1016 Petro
1125 1001 1139 1024 ,
1196 957 1434 1024 invenies
1465 954 1706 1024 discipuli

149 1066 529 1128 pncceptorcm;
587 1054 629 1110 si
679 1061 855 1108 autem
897 1049 1139 1105 attendas
1191 1047 1399 1103 Patrem
1434 1047 1486 1100 in
1538 1045 1704 1111 Filio,

150 1150 357 1204 invenies
382 1146 646 1216 Unigeniti
673 1144 1016 1200 Genitorem:
1048 1157 1109 1195 ac
1135 1141 1280 1195 sicin
1303 1156 1366 1194 eo
1392 1140 1479 1210 qui
1513 1140 1709 1198 missus

100 1257 107 1305 ι
148 1249 232 1306 est,
257 1241 362 1294 sine
387 1240 491 1292 ullo
537 1237 736 1306 accipis
776 1250 960 1290 errore
993 1235 1311 1292 mittentem.
1345 1233 1417 1287 Ea
1449 1248 1567 1301 qua)
1617 1237 1703 1284 se-

150 1342 348 1404 quuntur
378 1331 430 1384 in
474 1329 764 1399 Evangelia
792 1371 806 1396 ,
851 1343 954 1380 non
987 1334 1108 1380 sunt
1139 1325 1396 1395 temporis
1450 1325 1708 1378 brevitate

150 1422 452 1477 marcianda.
510 1421 578 1474 Et
625 1420 741 1482 ideo
791 1434 971 1473 sermo
1009 1418 1131 1484 iste,
1186 1416 1515 1479 eharissimi,
1566 1413 1712 1470 velut

151 1517 297 1584 ovium
326 1524 629 1567 sanctarum
671 1511 838 1576 cibus,
883 1511 926 1564 si
957 1511 1171 1577 sufﬁcit,
1224 1509 1506 1570 salubriter
1537 1509 1710 1578 capia-

151 1616 246 1668 tur;
285 1605 326 1658 si
354 1599 574 1674 exiguus
596 1611 696 1666 est,
726 1602 1152 1656 tlesiderahiliter
1178 1601 1493 1656 ruminctur.

628 1733 1041 1796 TRACTATUS
1079 1733 1192 1791 LX.

85 1873 93 1884 -
153 1849 202 1904 In
223 1850 340 1906 illud
362 1891 374 1914 ,
402 1848 543 1903 Cum
583 1848 698 1901 hsce
725 1845 946 1900 dixisset
967 1844 1121 1900 Iesus
1139 1844 1379 1899 turbatus
1403 1843 1709 1913 estspiritu.

617 1936 769 2006 .Cap.
803 1953 930 2001 xm,
971 1936 1004 2004 ᾗ
1032 1973 1045 1988 .
1071 1936 1161 1991 21.

205 2054 247 2108 t.
282 2051 389 2107 Non
412 2066 581 2120 parva
602 2091 615 2116 ,
651 2047 866 2115 fratres,
901 2063 966 2102 ex
998 2045 1281 2115 Evangelio
1322 2044 1458 2099 beati
1489 2043 1713 2099 Joannis

151 2145 274 2201 nobis
297 2145 613 2216 preponitur
653 2143 877 2213 quazstio
899 2184 914 2206 ,
943 2141 1031 2195 ubi
1055 2141 1129 2194 ait
1161 2157 1172 2192 :
1201 2140 1326 2194 Cum
1356 2140 1463 2193 [nec
1505 2139 1713 2192 dixisset

152 2237 288 2305 Iesus,
325 2238 556 2290 turbatus
600 2246 671 2290 est
703 2236 903 2306 spiritu,
934 2244 979 2288 et
1007 2243 1307 2303 protestatus
1344 2242 1435 2298 est,
1469 2241 1512 2284 et
1551 2231 1677 2284 dixit
1698 2248 1716 2284 :

155 2331 297 2393 Amen,
327 2347 470 2383 amen
505 2328 622 2382 dico
643 2327 800 2389 vobis,
825 2328 942 2395 quia
980 2342 1106 2379 unus
1150 2341 1211 2378 ex
1251 2324 1384 2378 vobis
1425 2323 1586 2376 tradet
1617 2341 1714 2376 me.

153 2419 320 2478 iiiucue
365 2423 616 2477 turbatus
661 2431 741 2475 est
769 2419 946 2486 Jcsus,
998 2435 1101 2473 non
1149 2433 1329 2484 carne,
1360 2417 1452 2472 sed
1490 2417 1713 2489 spiritu,

154 2515 246 2585 quia
270 2515 501 2569 dicturus
540 2514 743 2580 fuerat,
777 2513 923 2567 Unus
955 2529 1016 2567 ex
1044 2512 1178 2565 vobis
1212 2510 1374 2564 tradet
1399 2511 1521 2564 me?
1551 2509 1717 2564 Num-

154 2595 360 2677 quidnam
388 2609 462 2662 illi
499 2608 606 2662 lloc
655 2616 778 2662 tmte
807 2607 1034 2675 primum
1056 2605 1198 2658 venit
1239 2604 1291 2658 in
1331 2609 1598 2667 mentem,
1632 2615 1719 2671 vel

156 2704 252 2764 tunc
287 2699 519 2768 prinmm
550 2699 598 2754 ei
626 2699 802 2752 subito
833 2699 1124 2754 revelatum
1156 2707 1257 2763 est,
1286 2710 1513 2765 eumque
1529 2709 1720 2763 repen-

151 2789 232 2842 tina
260 2792 373 2843 tanti
406 2791 543 2844 mali
573 2793 781 2843 novitas
827 2788 1106 2843 turbavit?
1159 2786 1347 2842 Nonne
1400 2787 1524 2840 hinc
1555 2785 1716 2856 paulo

153 2894 245 2937 ante
268 2884 585 2954 loquebatur
619 2882 821 2949 dicens,
858 2883 956 2950 Qui
976 2880 1250 2933 manducat
1273 2893 1467 2931 mecum
1512 2893 1714 2947 panem,

155 2976 293 3027 latcbit
332 2992 493 3047 super
537 2991 613 3027 me
645 2973 984 3027 calcaueum?
1024 2972 1210 3026 Nonne
1235 2971 1392 3024 etiam
1422 2968 1530 3039 jam
1559 2982 1720 3037 supc-

156 3068 240 3121 tius
264 3068 502 3136 dixerat,
535 3066 603 3119 Et
633 3083 716 3120 vos
747 3066 921 3118 mtmdi
949 3065 1089 3128 estis,
1122 3062 1210 3116 sed
1245 3079 1344 3115 non
1371 3061 1588 3115 omnes?
1619 3059 1720 3114 Ubi

163 3160 782 3233 Evangelistasubjunxit,
809 3159 1010 3214 Sciebat
1041 3157 1169 3211 enim
1196 3158 1427 3226 quisnam
1456 3164 1580 3208 esset
1627 3155 1715 3220 qui

159 3255 337 3319 traderet
359 3272 475 3309 eum
529 3251 721 3322 (Joau.
759 3267 888 3317 xm,
945 3251 1043 3316 18,
1082 3249 1169 3314 10,
1202 3247 1339 3319 1i):
1394 3261 1550 3316 quem
1601 3245 1710 3314 jam

163 3355 210 3404 et
232 3359 338 3405 ante
380 3350 770 3420 signiﬁcaverat
800 3347 980 3400 dicens
1004 3387 1016 3407 ,
1058 3342 1244 3396 Nonne
1268 3357 1357 3411 ego
1412 3357 1495 3394 vos
1527 3338 1719 3393 duode-

162 3441 238 3493 cim
259 3441 388 3511 elegi,
420 3452 462 3494 et
491 3457 621 3494 unus
647 3456 706 3493 ea:
724 3439 857 3492 vobis
911 3436 1141 3490 diabolus
1167 3445 1236 3488 est
1314 3431 1417 3503 (Id.
1448 3448 1502 3485 vr
1524 3475 1537 3497 ,
1573 3430 1660 3496 7|)
1699 3431 1723 3481 ?

164 3531 501 3603 Quidcstergo
525 3531 665 3603 quod
696 3545 836 3583 nunc
871 3529 1103 3580 turbatus
1131 3535 1199 3579 est
1223 3525 1427 3594 spiritu,
1457 3538 1575 3576 cutn
1607 3537 1723 3592 pro-

170 3633 344 3678 testatus
383 3633 478 3692 est,
512 3635 556 3678 et
611 3623 738 3676 dia‘it
767 3639 788 3675 :
827 3620 1016 3685 Amen,
1063 3636 1206 3672 amen
1255 3618 1366 3671 dico
1397 3615 1560 3681 vobis,
1605 3615 1726 3684 quia

166 3732 266 3771 unus
286 3736 339 3772 ea;
359 3718 496 3772 vobis
527 3717 686 3769 tradet
714 3731 788 3768 me
814 3715 840 3767 ?
864 3715 942 3767 An
973 3711 1092 3782 quia
1125 3726 1246 3765 eum
1267 3710 1377 3779 jam
1426 3707 1595 3761 fuerat
1634 3723 1725 3760 ex-

165 3824 448 3879 pressurus,
483 3819 540 3864 ut
569 3825 674 3862 non
707 3809 894 3862 iateret
917 3807 968 3859 in
1001 3805 1228 3866 caeteris,
1264 3801 1356 3855 sed
1380 3800 1723 3855 discernere-

167 3908 233 3956 tur
261 3919 286 3957 a
320 3904 549 3970 ea-Icris,
583 3901 700 3956 ideo
731 3900 956 3953 turbatus
984 3906 1056 3952 est
1083 3895 1305 3966 spiritu?
1335 3895 1415 3948 An
1460 3893 1581 3963 quia
1609 3892 1724 3961 ipse

169 3996 362 4053 traditor
387 3998 494 4068 jam
527 3998 699 4050 fuerat
729 3994 992 4058 exiturus,
1017 3999 1070 4043 ut
1113 3988 1342 4052 Judaeos,
1373 3986 1564 4057 quibus
1614 3985 1720 4039 Do-

165 4088 311 4144 minus
342 4089 408 4143 ab
429 4106 493 4144 eo
523 4087 843 4151 traderetur,
875 4084 1185 4146 adduceret,
1216 4080 1444 4134 turbavit
1486 4093 1604 4132 cum
1635 4078 1728 4131 int-

166 4179 345 4236 mineus
369 4181 540 4251 passio
561 4223 576 4247 ,
608 4189 662 4234 et
685 4177 976 4248 periculum
1009 4175 1307 4245 proximum
1330 4215 1344 4240 ,
1373 4181 1426 4226 et
1454 4170 1726 4225 traditoris

166 4268 449 4341 impendens
466 4289 677 4339 manus,
707 4271 859 4341 cujus
888 4269 1061 4323 fuerat
1085 4267 1441 4338 praecognitus
1472 4264 1722 4318 animus?

166 4359 270 4419 Tale
291 4365 482 4436 quippe
527 4365 628 4419 hoc
649 4373 730 4418 est
757 4361 898 4433 quod
943 4360 1101 4416 Jesus
1141 4359 1367 4414 turbatus
1409 4368 1480 4412 est
1508 4357 1722 4426 spiritu,

167 4456 294 4520 quale
328 4458 476 4511 etiam
508 4455 637 4511 illud
668 4455 809 4525 quod
833 4455 905 4508 ait
930 4495 944 4517 ,
975 4451 1127 4506 Nunc
1148 4452 1318 4504 anima
1369 4467 1480 4504 mea
1530 4448 1728 4502 turbata

172 4555 257 4612 est;
279 4557 324 4603 et
346 4550 461 4620 quid
487 4550 692 4603 dicam?
724 4547 900 4613 Pater,
933 4546 1073 4599 salva
1101 4560 1178 4597 me
1204 4560 1264 4597 ea:
1295 4544 1419 4597 liora
1464 4542 1594 4606 hac;
1641 4541 1728 4594 sed

175 4651 403 4709 praptereu
443 4643 552 4696 veni
583 4643 634 4694 in
677 4641 852 4695 lteram
899 4638 1028 4692 lianc
1074 4635 1199 4708 (Id.
1245 4651 1355 4701 xu,
1397 4635 1513 4707 27).
1580 4634 1729 4689 Sicut

178 4739 287 4800 ergo
321 4742 435 4788 tunc
480 4734 594 4803 ejus
624 4732 798 4786 anima
831 4729 1039 4784 turbata
1075 4736 1159 4785 est
1188 4726 1314 4781 hora
1343 4727 1728 4796 prepinqnante

181 4824 438 4893 passionis;
470 4827 541 4880 ita
566 4825 886 4880 etiamnunc
915 4821 1122 4877 exituro
1145 4819 1171 4874 J
1180 4819 1278 4874 uda
1300 4827 1459 4890 atque
1481 4827 1725 4882 venturo,

180 4922 222 4965 et
240 4917 603 4988 propinquante
627 4925 771 4971 tanto
797 4915 1005 4970 scelere
1037 4910 1306 4968 traditoris
1327 4953 1341 4976 ,
1387 4909 1612 4964 turbatus
1652 4918 1722 4963 est

181 5007 348 5071 spiritu.

238 5096 282 5151 2.
308 5100 560 5157 Turbatus
613 5109 695 5156 est
743 5115 868 5169 ergo
912 5104 1225 5168 potestatem
1263 5095 1462 5151 habens
1500 5092 1731 5164 ponendi

185 5188 376 5247 animam
402 5210 547 5248 suam
572 5235 586 5260 ,
618 5202 669 5250 et
695 5199 1013 5263 potestatein
1038 5187 1242 5242 habens
1261 5188 1452 5241 iterum
1481 5185 1726 5251 sumendi

186 5293 280 5336 eam
353 5285 466 5358 (Id.
520 5303 575 5353 x,
610 5287 675 5339 18
706 5291 743 5356 ).
797 5283 1060 5337 Turbatur
1103 5289 1210 5335 tam
1242 5281 1429 5349 ingens
1463 5289 1728 5349 potestas,

187 5373 390 5432 turbatur
408 5388 568 5450 petra:
602 5377 822 5431 ﬁrmitas
852 5394 864 5429 :
899 5392 967 5438 an,
1011 5373 1184 5444 potius
1226 5390 1280 5427 tn
1306 5387 1372 5427 eo
1401 5381 1578 5425 nostra
1621 5380 1732 5425 tur-

188 5457 313 5523 batur
357 5471 630 5526 inﬁrmitas
661 5471 682 5522 ?
733 5469 804 5524 lta
833 5485 998 5523 vero:
1059 5467 1189 5520 nihil
1212 5467 1482 5538 indignum
1511 5465 1733 5519 credant

189 5561 300 5614 Servi
329 5563 390 5617 de
419 5564 643 5618 Domino
669 5578 798 5629 suo,
844 5562 938 5617 sed
985 5569 1274 5632 agnoscant
1305 5576 1362 5614 se
1412 5559 1645 5613 membra
1683 5560 1733 5613 in

191 5651 333 5718 Capite
357 5671 464 5710 suo.
493 5656 591 5723 Qui
629 5665 867 5710 mortuus
898 5663 980 5709 est
1018 5669 1112 5724 pro
1149 5653 1336 5718 nobis,
1371 5650 1610 5707 turbatus
1653 5661 1735 5707 est

190 5735 307 5796 idem
333 5746 439 5816 ipse
465 5764 559 5819 pro
591 5748 758 5803 nobis.
783 5747 882 5816 Qui
914 5762 1043 5818 ergo
1075 5753 1335 5816 potestate
1363 5754 1604 5800 mortuus
1628 5755 1728 5810 est,

197 5843 420 5910 potestne
447 5842 681 5900 turbatus
706 5853 789 5900 est
823 5840 948 5914 :qui
973 5830 1366 5912 transﬁguravit
1399 5855 1593 5912 corpus
1634 5841 1734 5897 hu—

1153 432 1156 435 .
1216 375 1624 445 TRACTATl'S
1663 373 1774 434 LX.

1816 371 2039 434 carm
2081 369 2216 427 xut.
3250 356 3398 453 vitae

1817 487 2052 541 militatis
2077 496 2273 540 nostrae
2302 484 2582 554 conformo,
2604 486 2811 555 corpori
2840 487 3021 556 gloriae
3072 503 3180 542 sure
3224 488 3244 561 (
3269 487 3390 545 Plii-

1816 580 1944 650 lipp.
2001 595 2089 644 ιιι,
2135 579 2256 648 2t),
2304 578 2695 649 transﬁguravit
2747 580 2906 633 etiam
2955 581 3004 634 in
3046 596 3105 636 se
3154 566 3397 639 aiiectutn

1817 674 2136 728 inﬁrmitatis
2168 681 2386 739 nostra},
2419 675 2748 744 compatiens
2792 673 2942 728 nobis
2981 674 3169 747 affectu
3209 670 3402 732 anima:

1816 782 1944 823 sum.
1968 766 2196 820 Proinde
2224 765 2436 835 quando
2466 766 2704 820 turbatur
2728 779 2972 835 magnus,
3003 765 3171 830 fortis,
3201 779 3399 834 certus,

1817 859 2063 928 invictus,
2110 874 2212 912 non
2235 859 2284 914 ei
2317 859 2605 926 timeamus
2635 860 2786 927 quasi
2823 859 3067 922 deﬁciat;
3092 877 3197 915 non
3229 864 3395 930 perit,

1817 952 1909 1007 sed
1935 962 2032 1007 nos
2070 953 2282 1022 quarrit.
2316 955 2423 1007 Nos
2446 996 2458 1017 ,
2501 953 2712 1023 inquam
2732 996 2745 1022 ,
2777 969 2872 1007 nos
2898 956 3115 1022 omnino
3146 956 3222 1010 sic
3247 972 3400 1027 quar-

1818 1045 1926 1098 rit:
1959 1062 2055 1098 nos
2083 1045 2224 1114 ipsos
2271 1046 2322 1098 in
2373 1045 2514 1099 illius
2545 1043 2940 1114 perturbatione
2990 1047 3284 1110 videamus,
3339 1057 3395 1103 ut

1818 1136 2028 1206 quando
2056 1137 2350 1202 turbamur,
2385 1152 2486 1189 non
2511 1135 2884 1206 desperatione
2909 1153 3205 1206 pereamus.
3233 1134 3406 1206 Quan-

1817 1227 1885 1280 do
1910 1227 2152 1281 turbatur
2179 1229 2268 1296 qui
2299 1243 2402 1281 non
2429 1227 2732 1281 turbaretur
2755 1228 2853 1281 nisi
2893 1230 3100 1296 volens,
3126 1246 3246 1285 eum
3275 1247 3404 1287 con-

1818 1317 2018 1371 solatur
2048 1318 2136 1386 qui
2159 1319 2404 1372 turbatur
2432 1326 2483 1371 et
2508 1318 2713 1373 nolens.

1890 1411 1942 1464 ὅ.
1975 1410 2201 1464 Pereant
2239 1419 2549 1480 argumenta
2579 1410 3046 1485 philosophorum,
3089 1414 3174 1482 qui
3211 1410 3405 1485 negant

1820 1501 1870 1554 in
1893 1501 2185 1570 sapientem
2220 1501 2413 1554 cadere
2443 1501 2868 1572 pertmbationcs
2897 1504 3215 1557 animorum.
3256 1505 3402 1560 Stul-

1820 1603 1923 1647 tatn
1955 1593 2076 1647 fecit
2111 1593 2247 1646 Deus
2309 1592 2621 1662 sapientiam
2667 1592 2824 1662 hujus
2851 1594 3033 1647 mundi
3081 1593 3138 1658 (Ι
3180 1594 3296 1649 Cor.
3351 1614 3404 1664 ι,

1817 1686 1907 1742 20.
1935 1687 1953 1756 )
1979 1703 1994 1751 ;
2020 1695 2072 1742 et
2102 1687 2358 1740 Dominus
2387 1686 2895 1756 novit-cogitationes
2941 1687 3242 1754 hominum,
3275 1689 3408 1760 quol-

1820 1779 1960 1832 niam
1983 1793 2131 1832 vana:
2158 1787 2281 1833 sunt
2361 1776 2545 1849 (Psal.
2579 1794 2710 1832 xcm
2733 1822 2746 1844 ,
2775 1780 2832 1833 Η
2866 1780 2906 1851 ).
2939 1779 3204 1836 Turhctur
3256 1783 3410 1852 plane

1820 1871 2029 1923 animus
2056 1871 2376 1924 christianos
2396 1912 2409 1936 ,
2437 1884 2540 1923 non
2590 1870 2826 1936 miseria,
2860 1871 2952 1925 sed
3002 1871 3360 1928 misericordia
3391 1891 3406 1927 :

1821 1963 1998 2015 timeat
2035 1978 2099 2017 ne
2126 1971 2344 2031 pereant
2369 1962 2609 2016 homines
2635 1963 2873 2028 Christo,
2919 1965 3263 2019 contristetur
3283 1980 3408 2020 cum

1823 2056 1959 2124 perit
2009 2055 2199 2123 aliquis
2234 2054 2483 2118 Christo;
2541 2056 2879 2126 concupiscat
2925 2057 3125 2126 acquiri
3165 2056 3409 2113 homines

1820 2145 2037 2200 Christo
2061 2187 2073 2208 ,
2109 2145 2312 2199 lauetur
2344 2160 2462 2200 cum
2497 2147 2843 2216 acquiruntor
2874 2145 3120 2202 homines
3161 2147 3410 2204 Christo:

1835 2241 2018 2292 timeat
2064 2246 2115 2292 et
2175 2237 2274 2291 sibi
2323 2254 2388 2291 ne
2419 2247 2600 2308 pereat
2627 2237 2862 2305 Christo,
2919 2243 3264 2295 contristetur
3291 2257 3413 2311 pcr-

1823 2331 2053 2400 egrinari
2080 2346 2137 2383 se
2159 2345 2189 2384 a
2217 2329 2454 2393 Christo;
2489 2329 2826 2398 concupiscat
2862 2346 3088 2400 regnare
3113 2349 3230 2387 cum
3252 2335 3412 2390 Chri-

1825 2435 1936 2485 sto,
2007 2423 2218 2476 laetetur
2267 2423 2391 2476 dum
2451 2430 2628 2491 Sperat
2655 2438 2712 2477 se
2739 2434 3078 2492 regnaturum
3126 2441 3243 2480 esse
3295 2431 3418 2484 cum

1823 2517 2054 2570 Christo.
2092 2516 2208 2568 lstzt:
2236 2525 2358 2568 sunt
2384 2524 2528 2569 certe
2555 2525 2781 2584 quatuor
2801 2531 2933 2585 quas
2987 2518 3414 2586 perturbationes

1825 2617 2034 2671 vocant,
2072 2607 2228 2660 timor
2270 2614 2322 2660 et
2351 2606 2583 2672 tristitia,
2631 2620 2783 2659 amor
2820 2613 2873 2659 et
2919 2607 3117 2660 laetitia.
3178 2596 3419 2661 [labeant

1826 2717 1918 2755 eas
1949 2700 2108 2767 justis
2134 2698 2200 2753 de
2217 2699 2394 2752 causis
2419 2697 2581 2752 animi
2616 2697 2921 2763 christiani,
2950 2714 3045 2753 nec
3073 2698 3417 2767 philosopho-

1823 2808 1942 2852 rum
1988 2791 2287 2846 Stoicorum
2310 2833 2326 2856 ,
2359 2790 2442 2846 vel
2485 2803 2942 2858 quorumcumque
2973 2789 3223 2848 similium
3278 2806 3411 2844 con-

1825 2885 2085 2942 sentiatur
2108 2885 2276 2940 errori
2314 2883 2443 2953 :qui
2484 2882 2720 2952 profecto
2775 2883 3218 2951 quemadmodum
3268 2883 3416 2936 vani-

1832 2987 1994 3036 tatem
2026 2978 2333 3036 existimant
2374 2977 2672 3040 veritatem,
2717 2977 2792 3030 sic
2840 2985 3113 3044 stuporem
3166 2976 3422 3044 deputant

1828 3073 2107 3125 sanitatem
2131 3086 2145 3134 ;
2175 3069 2478 3138 ignorantes
2500 3068 2576 3122 sic
2603 3067 2831 3121 hominis
2852 3069 3119 3131 animum,
3161 3068 3418 3136 quemad-

1829 3162 2044 3216 modum
2094 3160 2337 3230 eorporis
2383 3159 2713 3222 membrum,
2770 3157 3416 3228 desperatinsa‘grotare,

1829 3254 2043 3326 quando
2067 3261 2120 3306 et
2145 3253 2345 3307 doloris
2366 3250 2602 3305 amiserit
2634 3265 2872 3304 sensum.
3201 3233 3204 3236 ’

1899 3349 1950 3403 Ii.
1984 3348 2088 3402 Sed
2137 3347 2266 3401 dicit
2315 3345 2552 3414 aliquis:
2599 3344 2860 3412 Nutnquid
2891 3344 3096 3396 animus
3146 3333 3419 3398 christiani

1829 3441 1986 3497 debet
2008 3442 2164 3496 etiam
2185 3448 2357 3494 morte
2389 3438 2728 3508 impendente
2756 3437 2956 3490 turbari
2983 3437 3006 3490 ?
3052 3436 3151 3490 Ubi
3175 3445 3254 3490 est
3279 3438 3420 3492 enim

1830 3535 1968 3605 quod
1997 3535 2066 3588 ait
2091 3535 2396 3603 Apostolus,
2435 3532 2918 3602 concupiscentiam
2963 3546 3019 3584 se
3058 3532 3256 3585 habere.
3308 3531 3419 3584 dis-

1831 3627 1963 3680 solvi
2019 3633 2071 3679 et
2122 3642 2241 3679 esse
2288 3641 2405 3679 eum
2455 3622 2666 3679 Christo
2738 3621 3021 3693 (Philipp.
3072 3639 3108 3684 ι,
3163 3621 3320 3690 233);
3375 3620 3419 3675 si

1832 3718 1957 3771 illud
1987 3717 2125 3785 quod
2152 3717 2499 3787 concupiscit,
2522 3724 2692 3783 potest
2726 3729 2846 3766 eum
2881 3714 3094 3767 turbare
3123 3712 3239 3765 eum
3265 3729 3426 3767 vene-

1833 3809 1944 3862 rit?
1973 3807 2145 3861 Facile
2173 3816 2256 3864 est
2277 3807 2488 3875 quidem
2516 3808 2628 3859 istis
2651 3805 2713 3858 ad
2740 3807 2851 3858 lucc
2882 3804 3224 3874 respondere,
3258 3805 3345 3874 qui
3373 3813 3427 3860 et

1833 3901 1998 3971 ipsam
2027 3899 2261 3952 latitiam
2305 3899 2753 3969 perturbatiora-tn
2786 3908 2990 3952 vocant.
3020 3897 3155 3965 Quid
3200 3897 3243 3951 si
3284 3898 3427 3953 enim

1835 4003 2110 4064 propterea
2141 4002 2315 4046 morte
2354 3992 2662 4045 imminente
2691 3991 2950 4053 turbatur,
2980 3992 3099 4060 quia
3133 4000 3303 4044 morte
3331 3992 3430 4061 itu-

1837 4089 2071 4141 minente
2099 4085 2343 4139 lmtalur?
2374 4084 2475 4138 Sed
2509 4085 2628 4144 hoc,
2656 4085 2896 4152 inquiunt
2917 4125 2929 4143 ,
2983 4084 3228 4153 gaudium
3255 4125 3267 4148 ,
3317 4097 3425 4137 non

1836 4179 2015 4236 lastitia
2048 4177 2365 4232 nominanda
2397 4185 2496 4229 est.
2529 4174 2662 4241 Quid
2698 4184 2779 4228 est
2807 4175 2906 4226 hoc
2933 4215 2946 4238 ,
2979 4176 3076 4226 nisi
3107 4172 3320 4226 easdem
3342 4189 3428 4228 res

1839 4269 2057 4333 sentire,
2087 4279 2139 4322 et
2171 4283 2346 4321 rerum
2377 4266 2584 4318 nomina
2619 4264 2754 4317 velle
2797 4264 3038 4317 mutare?
3084 4263 3276 4317 Verum
3331 4278 3428 4318 nos

1838 4361 2002 4416 sacris
2019 4359 2232 4422 Litteris
2253 4357 2718 4412 accommodentus
2749 4356 2984 4409 auditum
3005 4399 3018 4420 ,
3061 4364 3116 4410 et
3136 4339 3427 4410 secundum

1841 4453 1982 4523 ipsas
2042 4451 2216 4524 potius
2258 4451 2412 4504 istam
2466 4449 2815 4519 qumstionent
2863 4449 3087 4502 Domino
3142 4439 3427 4518 adjuvante

1837 4547 2140 4601 solvamus:
2174 4562 2273 4599 nec
2294 4545 2541 4616 quoniam
2565 4543 2818 4612 scriptum
2852 4550 2948 4606 est,
2986 4542 3108 4595 Cum.
3139 4542 3243 4595 lucc
3269 4541 3428 4596 dixis-

1839 4648 1909 4691 set
1945 4635 2116 4703 Iesus,
2169 4637 2394 4689 turbatus
2444 4646 2512 4689 cst
2563 4637 2774 4705 spiritu,
2828 4635 3065 4689 dicamus
3095 4651 3212 4688 eum
3247 4625 3426 4690 laztitia

1841 4733 2000 4787 fuisse
2056 4733 2350 4796 turbatum;
2402 4746 2467 4785 ne
2497 4731 2671 4784 verbis
2709 4731 2814 4784 suis
2867 4746 2963 4782 nos
2994 4731 3104 4802 ipse
3153 4731 3431 4784 eonvineat

1840 4824 1929 4878 ubi
1966 4823 2130 4888 dicit,
2186 4821 2366 4876 Tristis
2405 4833 2474 4875 est
2528 4824 2695 4887 anima
2744 4839 2849 4874 utea
2901 4838 3055 4891 usque
3097 4821 3163 4874 ad
3224 4831 3431 4874 mortem

1843 4915 2068 4986 (Matth.
2107 4932 2234 4968 χχιί
2259 4957 2270 4978 ,
2304 4913 2434 4984 58.)
2467 4915 2595 4969 Tale
2617 4914 2813 4982 aliquid
2846 4917 3002 4967 etiam
3028 4915 3111 4966 hic
3135 4914 3435 4983 intelligen-

1843 5009 1966 5062 dum
1999 5017 2080 5064 est
2104 5050 2116 5072 ,
2145 5006 2355 5079 quando
2384 5023 2480 5062 suo
2509 5007 2887 5072 traditorcjam
2909 5017 3030 5060 tunc
3059 5007 3171 5060 solo
3195 5008 3431 5076 exituro,

1842 5109 1894 5154 ct
1922 5115 2041 5154 cmn
2059 5100 2167 5154 suis
2187 5098 2343 5153 sociis
2371 5098 2620 5152 continuo
2648 5098 2882 5152 redituro
2900 5141 2912 5164 ,
2936 5098 3084 5152 Iesus
3111 5097 3336 5154 turbatus
3366 5109 3438 5154 est

1843 5195 2044 5265 spiritu.

1917 5289 1966 5343 5.
2005 5285 2318 5341 Firmissimi
2349 5285 2562 5357 quidem
2601 5297 2723 5340 sunt
2749 5285 3058 5352 christiani,
3105 5286 3259 5356 siqui
3291 5292 3433 5348 sunt,

1848 5382 1938 5452 qui
1988 5397 2318 5451 nequaquam
2372 5391 2542 5434 morte
2597 5380 2907 5440 imminente
2957 5381 3236 5440 turbantur
3282 5395 3293 5429 :
3341 5377 3438 5432 sed

1853 5473 2104 5544 numquid
2144 5473 2357 5528 Christo
2405 5472 2702 5528 ﬁrmiores?
2759 5473 2886 5540 Quis
2931 5473 3030 5526 hoc
3071 5469 3438 5524 insanissimus

1845 5566 2082 5642 (dixerit?
2129 5565 2264 5634 Quid
2311 5575 2546 5638 estergo
2583 5565 2720 5636 quod
2765 5566 2852 5619 ille
2896 5566 3132 5619 turbatus
3174 5569 3254 5615 est
3281 5605 3293 5624 ,
3328 5562 3431 5616 nisi

1854 5661 1974 5732 quia
2006 5659 2243 5720 inﬁrmos
2271 5661 2322 5714 in
2354 5676 2448 5715 suo
2467 5676 2710 5730 corpore,
2741 5659 2841 5713 hoc
2867 5667 2944 5712 est
2974 5658 3025 5712 in
3053 5672 3143 5710 sua
3178 5656 3436 5721 Ecclesia,

1855 5769 1965 5809 sua:
2023 5753 2349 5809 inﬁrmitatis
2398 5754 2690 5808 voluntaria
2742 5750 3083 5806 similitudine
3134 5734 3440 5807 coasolatus

1857 5852 1939 5901 est
1969 5863 1982 5901 :
2018 5852 2075 5902 ut
2097 5844 2140 5901 si
2168 5846 2257 5917 qui
2303 5859 2518 5903 suorum
2549 5844 2719 5900 adhuc
2751 5851 2921 5899 morte
2967 5843 3277 5901 imminente
3321 5853 3436 5925 tury
