3926 6370
564 419 704 486 I799

563 553 758 610 bantur
787 545 841 602 in
883 541 1093 616 spiritu,
1140 537 1314 612 ipsum
1354 538 1690 600 intueantur,
1717 549 1784 589 ne
1815 531 1916 586 hoc
1944 528 2058 599 ipso
2088 540 2148 581 se

563 649 808 716 putantes
849 635 1104 708 reprobus
1127 674 1142 700 ,
1189 631 1371 702 pejore
1410 625 1796 699 desperationis
1827 632 1998 678 morte
2026 634 2146 676 sor-

565 713 830 792 beantur?
873 729 1140 797 Quantum
1180 725 1357 795 itaque
1394 720 1590 777 bonum
1633 719 1698 774 de
1745 713 2147 788 participatione

562 824 857 886 divinitatis
887 821 1004 892 ejus
1024 827 1335 890 exspectare
1361 823 1415 870 et
1437 827 1657 884 sperare
1686 808 1961 872 debemus,
1991 803 2145 874 cujus

562 936 659 976 nos
682 927 737 975 et
777 913 1106 989 perturbatio
1143 907 1448 980 trauquillat
1471 949 1486 973 ,
1528 914 1584 961 et
1617 902 1894 960 infirmitas
1933 897 2145 953 ﬁrmat?

557 1012 683 1070 Sive
715 1023 845 1078 ergo
884 1007 992 1062 isto
1038 1005 1155 1059 loco
1198 1000 1370 1072 ipsum
1408 997 1600 1054 Judam
1649 1003 1957 1066 pereuntem
1985 991 2148 1046 mise-

562 1101 730 1161 rando
774 1099 1014 1155 turbatus
1051 1104 1166 1161 est,
1220 1093 1333 1148 sive
1379 1106 1475 1148 sua
1534 1096 1706 1145 morte
1759 1085 2146 1158 propinquante

560 1193 800 1250 turbatus
826 1198 907 1246 est
936 1207 949 1243 :
984 1202 1089 1243 non
1114 1195 1195 1242 est
1226 1194 1401 1240 tamen
1441 1181 1550 1237 ullo
1590 1178 1749 1234 modo
1773 1175 2143 1240 dubitandum,

560 1303 668 1344 non
700 1301 822 1343 eum
847 1282 1010 1338 animi
1039 1277 1344 1335 inﬁrmitate
1363 1319 1379 1344 ,
1421 1273 1515 1330 sed
1545 1280 1808 1346 potestate
1834 1270 2101 1326 turbatum
2127 1285 2142 1334 ;

562 1398 630 1438 ne
674 1378 832 1436 nobis
863 1373 1164 1448 desperatio
1193 1369 1379 1427 salutis
1407 1369 1612 1424 oriatur
1631 1407 1644 1430 ,
1675 1361 1885 1435 quando
1917 1377 2022 1416 non
2049 1375 2145 1430 po-

559 1482 752 1532 testate
775 1515 790 1541 ,
818 1469 912 1528 sed
938 1467 1245 1526 infirmitate
1276 1462 1570 1520 turbamur.
1616 1457 1804 1514 Carnis
1831 1455 2027 1526 quippe
2057 1453 2145 1509 ille

557 1565 777 1640 gerebat
820 1561 1179 1619 inﬁrmitatem
1207 1598 1220 1622 ,
1268 1571 1386 1626 quae
1425 1550 1707 1607 infirmitas
1756 1545 2144 1602 resurrectione

555 1664 870 1728 consumpta
913 1662 1014 1710 est.
1069 1649 1175 1708 Sed
1218 1647 1307 1719 qui
1348 1660 1456 1700 non
1506 1641 1679 1696 solum
1725 1640 1917 1703 homo,
1959 1652 2141 1691 verum

559 1752 717 1808 etiam
746 1749 885 1805 Deus
915 1753 1054 1812 erat,
1086 1737 1338 1797 ineffabili
1362 1734 1614 1792 distantia
1643 1732 1946 1786 universum
1974 1743 2144 1800 genus

558 1843 848 1900 humanum
876 1837 1041 1893 animi
1073 1829 1386 1890 fortitudine
1410 1826 1715 1898 superabat.
1749 1823 1864 1878 Non
1895 1837 2021 1892 ergo
2049 1820 2144 1874 ali-

559 1951 666 2008 quo
692 1942 775 1990 est
815 1937 1040 2001 cogente
1071 1925 1311 1981 turbatus
1332 1963 1346 1986 ,
1379 1919 1475 1976 sed
1511 1916 1739 1973 turbavit
1763 1914 2139 1982 semetipsum;

560 2006 701 2100 quod
732 2026 797 2081 de
831 2024 922 2079 illo
951 2019 1226 2078 evidenter
1249 2027 1561 2087 expressum
1585 2019 1666 2066 est
1693 2051 1706 2075 ,
1740 2006 1953 2080 quando
1982 2006 2143 2060 Laza-

561 2098 678 2176 rum
708 2115 980 2174 suscitavit
1009 2131 1022 2167 :
1050 2127 1172 2170 nam
1204 2109 1273 2166 ibi
1322 2106 1579 2177 scriptum
1609 2111 1690 2157 est
1727 2099 1866 2173 quod
1895 2098 2145 2153 turbave-

557 2217 629 2273 rit
653 2211 997 2283 semetipsum
1027 2205 1203 2276 (Joan.
1237 2219 1289 2258 xt
1311 2241 1325 2266 ,
1353 2200 1442 2272 35)
1467 2241 1480 2262 ,
1526 2206 1585 2252 ut
1608 2196 1708 2250 huc
1740 2191 2062 2262 intelligatur
2090 2198 2144 2245 et

563 2308 650 2365 ubi
676 2323 782 2363 non
802 2281 1057 2373 scriptum
1085 2297 1275 2370 legitur
1292 2336 1306 2360 ,
1341 2302 1394 2349 et
1420 2301 1596 2346 tamen
1624 2303 1743 2343 cum
1767 2284 1957 2355 legitur
1984 2281 2144 2336 fuisse

557 2401 845 2458 turbatum.
877 2394 1138 2452 Alfectum
1169 2387 1364 2460 quippe
1390 2383 1678 2438 humanum
1697 2421 1711 2444 ,
1742 2374 1954 2448 quando
1979 2388 2142 2444 opor-

560 2493 726 2549 tuisse
759 2486 1047 2561 judicavit,
1094 2483 1146 2538 in
1193 2479 1372 2550 seipse
1402 2480 1663 2546 potestate
1685 2466 1974 2526 commovit
1997 2507 2012 2533 ,
2052 2463 2142 2536 qui

559 2584 828 2641 hominem
859 2588 1025 2636 totum
1061 2579 1322 2647 potestate
1350 2565 1604 2637 suscepit.

1057 2681 1467 2744 TRACTATUS
1508 2677 1645 2735 LXI.

559 2812 635 2869 Ab
663 2827 718 2866 eo
734 2807 868 2880 quod
898 2803 1142 2860 Dominus
1167 2802 1256 2865 ait,
1287 2800 1325 2852 A
1337 2812 1479 2860 men,
1502 2809 1657 2849 amen
1679 2792 1798 2848 dico
1820 2791 1988 2854 vobis,
2019 2788 2140 2860 quia

631 2918 768 2960 unus
796 2917 860 2956 ex
889 2897 1041 2954 vobis
1067 2894 1238 2950 tradet
1267 2907 1382 2955 me;
1417 2904 1573 2958 usque
1597 2887 1664 2941 ad
1691 2887 1745 2940 id
1765 2928 1780 2952 ,
1830 2885 1922 2939 ille
1951 2892 2030 2938 est
2057 2881 2141 2937 cui

631 3013 729 3069 ego
758 2994 979 3051 tinctum
1011 3003 1200 3061 panem
1224 2996 1529 3056 porrexero.
1558 2978 1686 3050 Cap.
1715 2993 1829 3043 xm,
1860 2978 1894 3046 Ῡ
1919 2973 2138 3030 .21-26.

635 3133 685 3188 1.
717 3130 829 3186 Hoc
852 3122 1120 3196 Evangelii
1158 3117 1443 3190 capitulum
1470 3156 1484 3182 ,
1516 3113 1706 3170 fratres
1726 3154 1740 3173 .
1767 3111 1838 3166 ita
1868 3109 2019 3166 nobis
2045 3124 2140 3162 cx-

559 3221 859 3300 ponendum
882 3220 981 3274 hac
1007 3217 1234 3273 lectione
1263 3209 1590 3282 pr0positum
1621 3215 1724 3271 est,
1756 3213 1811 3258 ιιι
1837 3203 1948 3274 jam
1980 3203 2141 3257 etiam

556 3295 625 3373 de
655 3314 908 3371 traditore
939 3308 1148 3364 Domini
1178 3321 1273 3376 per
1320 3316 1509 3374 panem
1557 3299 1780 3354 tinctum
1827 3295 1981 3366 eique
2013 3309 2140 3364 por-

559 3417 763 3464 rectum
795 3403 924 3459 satis
947 3398 1223 3455 evidenter
1249 3408 1503 3464 expresso
1528 3387 1724 3459 aliquid
1741 3387 1918 3441 dicere
1944 3384 2141 3440 debea-

558 3515 698 3556 mus.
728 3496 794 3552 Et
819 3493 886 3549 de
908 3492 998 3546 illo
1027 3487 1262 3561 quidem,
1295 3482 1435 3554 quod
1466 3497 1586 3538 eum
1613 3479 1722 3550 jam
1752 3477 2143 3532 demonstratu-

555 3606 647 3646 rus
697 3587 853 3642 Jesus
900 3582 1138 3639 turbatus
1179 3585 1261 3633 est
1303 3574 1529 3645 spiritu,
1577 3569 1844 3642 prtelcrito
1897 3583 2144 3622 sermone

558 3680 786 3738 tisscrui
817 3696 829 3731 :
861 3675 954 3732 sed
991 3669 1242 3728 fortassis
1285 3664 1425 3737 quod
1469 3663 1538 3718 ibi
1567 3677 1671 3716 non
1700 3660 1827 3724 dixi,
1857 3659 2014 3713 etiam
2043 3657 2144 3713 huc

557 3771 714 3830 nobis
765 3768 1018 3825 Dominus
1060 3759 1361 3833 signiﬁcare
1409 3770 1502 3811 sua
1543 3752 1935 3825 perturbatione
1960 3749 2145 3820 digna-

558 3874 647 3920 tus
670 3869 752 3918 est
777 3902 790 3927 ,
822 3857 963 3930 quod
993 3855 1197 3912 scilicet
1227 3850 1388 3905 falsos
1418 3847 1610 3902 fratres
1631 3886 1644 3911 ,
1676 3852 1729 3899 et
1751 3841 2002 3898 dominici
2030 3839 2142 3910 agri

557 3957 645 4014 illa
685 3952 882 4010 zizania
921 3950 992 4005 ita
1037 3961 1256 4002 necesse
1287 3951 1367 3999 est
1406 3955 1573 4011 usque
1605 3937 1671 3992 ad
1704 3937 1890 3992 messis
1934 3943 2142 4004 tempus

555 4049 698 4106 inter
719 4047 977 4102 frumenta
997 4036 1209 4094 tolerari
1234 4032 1446 4105 (Matth.
1465 4046 1582 4097 χιιι,
1606 4027 1696 4094 29,
1713 4024 1828 4098 50),
1851 4035 1909 4080 ιιι
1928 4021 2142 4095 quando

557 4155 622 4197 ex
670 4137 752 4194 eis
795 4133 972 4205 aliqua
1015 4127 1248 4201 separari
1297 4124 1455 4181 etiam
1504 4129 1628 4177 ante
1673 4133 1902 4174 messem
1948 4129 2141 4186 urgens

558 4245 717 4290 causa
747 4225 1037 4298 compellit,
1068 4221 1180 4278 fieri
1203 4219 1319 4276 sine
1343 4215 1597 4272 Ecclesizn
1619 4210 2013 4284 perturbatione
2035 4223 2139 4262 non

557 4325 746 4398 possit.
796 4322 942 4377 Hanc
973 4314 1422 4388 perturbationem
1466 4318 1769 4363 sanctorum
1800 4319 2016 4359 suorum
2048 4317 2142 4372 per

556 4393 926 4473 schismaticos
949 4418 1001 4463 et
1021 4407 1300 4462 haereticos
1321 4403 1568 4466 futuram,
1591 4393 1981 4468 quodammodo
2005 4409 2142 4463 prte-

563 4503 812 4561 nuntians
843 4497 1098 4554 Dominus
1122 4537 1135 4560 ,
1169 4488 1527 4565 praeﬁguravit
1555 4490 1606 4542 iu
1637 4487 1814 4556 seipse
1835 4529 1848 4552 ,
1877 4501 1998 4554 cum
2030 4483 2142 4538 exi-

560 4608 682 4653 turo
708 4593 842 4649 Jt'di
867 4590 1086 4646 homine
1120 4586 1260 4641 malo
1282 4625 1297 4650 ,
1327 4593 1378 4638 et
1404 4579 1836 4637 commixtionem
1863 4575 2138 4643 frumenti,

557 4693 616 4748 in
642 4704 744 4762 qua
783 4687 873 4742 diu
901 4685 1072 4739 fuerat
1115 4679 1406 4742 toleratus,
1448 4675 1783 4745 separatione
1811 4669 2140 4742 apertissima

553 4783 837 4846 rclicturo,
869 4775 1108 4832 turbatus
1134 4780 1214 4829 est
1243 4786 1347 4826 non
1376 4783 1534 4824 carne
1555 4809 1570 4832 ,
1615 4765 1708 4820 sed
1735 4765 1940 4837 spiritu.
1970 4763 2140 4836 Spiri-

560 4877 730 4936 tuales
755 4873 898 4930 enim
927 4869 1045 4942 ejus
1072 4869 1122 4925 in
1155 4863 1458 4937 hujusmodi
1503 4861 1765 4918 seandalis
1795 4877 1898 4916 non
1926 4877 2141 4933 perver-

557 4974 712 5027 sitate
735 5011 751 5036 ,
783 4966 877 5024 sed
923 4962 1182 5021 (haritate
1216 4959 1528 5023 turbantur;
1570 4971 1637 5012 ne
1682 4955 1815 5012 forte
1841 4955 1893 5011 in
1921 4971 2139 5027 separa-

554 5065 699 5119 tione
727 5061 1024 5131 aliquorum
1051 5054 1396 5121 zizaniorum,
1425 5051 1583 5108 simul
1605 5050 1815 5122 aliquod
1844 5049 2141 5107 eradicetur

557 5164 611 5214 ct
640 5155 894 5211 triticum.

624 5246 679 5302 2.
713 5244 962 5301 Turbatus
1000 5243 1175 5314 itaque
1201 5249 1272 5295 est
1296 5238 1447 5294 Iesus
1485 5238 1666 5309 spiritu
1692 5280 1704 5302 ,
1757 5245 1803 5291 et
1841 5244 2140 5308 protestatus

553 5350 647 5406 est,
679 5348 727 5394 et
751 5338 879 5392 dixit
912 5351 929 5391 :
958 5335 1114 5389 Amen
1136 5375 1151 5400 ,
1179 5349 1324 5387 amen
1351 5332 1462 5386 dico
1485 5331 1648 5396 vobis,
1675 5329 1794 5403 quia
1819 5345 1949 5384 unus
1969 5345 2032 5383 ex
2049 5344 2141 5383 vo-

556 5433 629 5489 bis
657 5431 817 5487 tradet
842 5445 938 5484 me.
995 5425 1140 5483 Unus
1169 5443 1230 5480 ea:
1254 5423 1388 5480 vobis
1413 5467 1427 5489 ,
1478 5438 1703 5479 numero
1732 5465 1747 5490 ,
1777 5438 1881 5477 non
1913 5423 2136 5488 merito;

555 5523 751 5598 specie,
783 5537 886 5578 non
917 5521 1110 5576 virtute
1136 5536 1150 5586 ;
1175 5517 1552 5574 commixtione
1575 5515 1859 5587 corporali,
1889 5530 1992 5569 non
2022 5513 2138 5568 vino

554 5619 676 5677 culo
704 5615 998 5688 Spirituali;
1029 5615 1202 5669 carnis
1229 5611 1568 5680 adjunctione
1585 5651 1600 5674 ,
1630 5624 1736 5663 non
1763 5607 1941 5664 cordis
1962 5607 2141 5663 socius

553 5711 757 5766 unitate
787 5727 800 5763 :
829 5707 1049 5779 proinde
1078 5721 1181 5761 non
1210 5707 1300 5776 qui
1319 5720 1381 5760 ex
1412 5704 1564 5759 vobis
1593 5712 1694 5769 est,
1726 5701 1816 5758 sed
1840 5701 1929 5774 qui
1950 5718 2015 5759 ex
2046 5713 2141 5758 v0.-

554 5796 640 5854 bis
663 5799 901 5856 exiturus
933 5810 1036 5856 est.
1063 5799 1192 5852 Nam
1213 5796 1478 5869 quomodo
1503 5797 1603 5851 crit
1635 5811 1818 5851 verum
1844 5796 1983 5867 quod
2011 5812 2138 5866 pro-

560 5898 782 5949 testatus
822 5899 904 5947 est
943 5891 1232 5958 Dominus,
1273 5900 1326 5948 et
1371 5889 1540 5958 dixit,
1591 5887 1735 5946 Unus
1765 5905 1827 5944 ea:
1873 5888 2050 5956 vobis;
2095 5891 2140 5946 si

1496 410 1560 468 IN
1605 407 1884 470 JOANNIS
1923 396 2390 477 EVANGELIUM,
2433 408 2490 464 Β.
2531 405 2898 467 AUGUSTINI

3644 421 3745 477 1800

2257 539 2440 580 verum
2471 533 2552 581 est
2589 525 2732 598 quod
2766 527 2842 582 ait
2868 525 3009 582 idem
3036 526 3151 596 ipse
3179 526 3228 582 in
3255 525 3473 598 Epistula
3499 542 3610 599 sua,
3635 537 3750 607 cujus

2253 625 2336 672 est
2361 616 2462 674 hoc
2485 617 2826 689 Evangelium
2852 660 2866 684 ,
2903 617 2985 674 Ea:
3005 615 3145 674 nobis
3172 620 3388 675 exierunt
3407 663 3420 686 ,
3445 622 3524 676 sed
3546 640 3629 679 non
3646 639 3752 684 erant

2253 727 2316 766 ex
2338 710 2479 765 nobis
2506 726 2524 765 :
2548 727 2667 766 nam
2693 713 2739 767 si
2767 711 2979 784 fuissent
3005 728 3070 769 ea:
3097 713 3274 780 nobis,
3321 715 3593 772 mansisth
3626 721 3752 792 utique

2253 801 2506 858 nobiscum
2527 803 2577 874 (Ι
2604 803 2761 859 Joan.
2793 819 2864 871 ιι,
2897 803 3031 875 i9)?
3072 803 3186 860 Non
3212 814 3324 861 erat
3349 805 3495 876 igitur
3511 824 3568 864 ex
3590 809 3671 865 illis
3685 811 3755 869 Ju-

2252 895 2347 952 das
2381 913 2395 950 :
2425 896 2710 952 mansisset
2735 897 2879 953 enim
2911 913 3031 953 cum
3062 898 3188 966 illis,
3218 898 3260 953 si
3290 907 3430 954 esset
3448 915 3505 956 ex
3529 901 3632 956 illis.
3653 903 3752 972 Quid

2252 996 2334 1044 est
2354 1003 2516 1061 ergo,
2566 987 2713 1045 Unus
2739 1006 2802 1044 ea:
2824 989 2960 1046 vobis
2987 991 3149 1045 tradet
3171 1008 3282 1058 me;
3310 991 3406 1048 nisi
3427 1033 3441 1056 ,
3468 1007 3590 1048 unus
3613 1009 3665 1050 es
3689 1012 3755 1052 vo-

2251 1079 2332 1135 bis
2353 1082 2592 1138 cxiturus
2615 1090 2696 1137 est
2713 1124 2727 1146 ,
2764 1081 2856 1154 qui
2879 1097 2966 1138 me
2993 1082 3207 1138 tradet?
3251 1082 3386 1150 Quia
3408 1092 3459 1138 et
3483 1084 3564 1140 ille
3584 1086 3660 1157 qui
3681 1089 3749 1154 ait,
3785 1061 3792 1118 ί

2254 1170 2317 1227 Si
2339 1172 2553 1241 fuissent
2578 1189 2644 1228 ea:
2667 1175 2811 1228 nobis
2835 1215 2849 1238 ,
2881 1174 3179 1229 mansissent
3211 1173 3379 1239 utique
3403 1175 3660 1244 nobiscum;
3678 1179 3754 1249 jam

2251 1261 2478 1328 dixerat,
2499 1261 2579 1318 Ea:
2594 1264 2734 1318 nobis
2753 1265 2997 1320 exierunt.
3018 1264 3094 1319 Ac
3115 1281 3210 1335 per
3233 1263 3335 1320 hoc
3350 1275 3607 1338 utrumque
3624 1284 3755 1325 verum

2251 1361 2336 1410 est
2359 1396 2373 1419 ,
2403 1364 2456 1410 et
2481 1371 2545 1409 ea:
2567 1355 2708 1410 nobis
2729 1397 2746 1423 ,
2774 1365 2829 1411 et
2858 1372 2958 1410 non
2984 1373 3047 1410 ea:
3066 1355 3208 1410 nobis
3239 1371 3259 1410 :
3284 1355 3559 1412 secundum
3585 1358 3696 1414 aliud
3716 1376 3758 1414 es

2251 1445 2414 1511 nobis,
2445 1446 2735 1501 secundum
2762 1446 2904 1502 aliud
2933 1464 3033 1502 non
3063 1463 3124 1502 ea:
3151 1446 3293 1502 nobis
3315 1465 3336 1514 ;
3360 1447 3624 1503 secundum
3648 1464 3754 1506 com-

2251 1539 2556 1595 munionem
2592 1539 3059 1596 Sacramentorum
3088 1556 3150 1594 ea:
3183 1539 3346 1606 nobis,
3375 1541 3638 1597 secundum
3667 1557 3756 1598 suo-

2252 1649 2368 1688 rum
2402 1633 2777 1704 proprietatem
2808 1633 3088 1690 criminum
3113 1674 3128 1699 ,
3158 1650 3258 1688 non
3284 1650 3348 1688 ea:
3375 1633 3524 1689 nobis.

2323 1729 2376 1782 '5.
2407 1727 2724 1798 Aspiciebant
2751 1744 2867 1798 ergo
2891 1727 2959 1780 ad
2989 1727 3202 1781 invicem
3243 1726 3508 1798 discipuli,
3536 1727 3753 1784 httsilantn

2251 1819 2314 1873 de
2337 1837 2435 1889 quo
2459 1820 2662 1874 diceret.
2692 1820 2778 1876 Sic
2807 1820 3002 1890 quippe
3039 1819 3092 1874 in
3119 1820 3198 1874 eis
3225 1829 3340 1874 erat
3376 1834 3493 1890 erga
3521 1818 3758 1890 Magistrum

2251 1927 2402 1965 suum
2437 1911 2518 1982 pia
2547 1911 2778 1967 charitas
2805 1953 2820 1975 ,
2865 1922 2922 1966 ut
2957 1922 3132 1967 tamen
3177 1927 3273 1968 eos
3328 1911 3546 1969 humana
3587 1912 3756 1968 alterum

2250 2003 2318 2059 de
2344 2005 2511 2060 altero
2539 2005 2834 2060 stimularet
2865 2003 3163 2059 infirmitas.
3197 2003 3331 2059 Nota
3361 2004 3561 2076 quidem
3585 2004 3667 2060 sibi
3683 2013 3760 2059 erat

2250 2093 2506 2165 cujusque
2533 2094 2884 2159 conscientia;
2917 2105 3285 2151 verumtamen
3313 2094 3430 2166 quia
3470 2093 3663 2164 proximi
3682 2102 3762 2149 erat

2252 2185 2449 2256 ignOta,
2497 2185 2567 2240 ita
2614 2186 2713 2240 sibi
2755 2185 3116 2256 unusquisque
3141 2195 3259 2242 erat
3303 2195 3504 2251 certus,
3547 2195 3596 2240 ut
3625 2185 3761 2241 incerti

2251 2286 2432 2331 essent
2459 2286 2511 2332 et
2538 2277 2590 2331 iu
2615 2278 2824 2332 cancris
2851 2277 3042 2348 singuli
3065 2317 3082 2342 ,
3115 2285 3169 2332 et
3192 2278 3246 2332 in
3277 2277 3495 2349 singulis
3521 2276 3686 2332 caeteri.

2321 2369 2373 2422 ὁ.
2407 2367 2538 2422 Erat
2578 2385 2697 2439 ergo
2733 2367 3024 2423 recumbens
3066 2384 3200 2422 unus
3242 2384 3307 2424 ea:
3340 2367 3585 2439 discipulis
3615 2368 3699 2437 ejus
3725 2367 3762 2420 in

2249 2463 2362 2516 sinu
2389 2460 2513 2515 Jesn
2535 2503 2549 2528 ,
2574 2478 2723 2529 quem
2747 2460 2985 2532 diligebat
3011 2459 3185 2516 Iesus.
3219 2459 3356 2529 Quid
3380 2460 3576 2524 dixerit,
3604 2460 3646 2514 in
3662 2460 3760 2524 sinu,

2250 2555 2407 2625 paulo
2446 2563 2565 2626 post
2608 2555 2713 2621 ait,
2747 2555 2833 2610 ubi
2863 2554 3029 2620 dicit,
3056 2570 3217 2624 supra
3248 2563 3419 2624 pectus
3441 2552 3572 2608 Jesu.
3598 2552 3763 2622 lpseest

2248 2646 2483 2703 Joannes
2509 2646 2660 2714 cujus
2688 2655 2768 2701 est
2799 2645 2900 2700 hoc
2938 2645 3285 2715 Evangelium
3310 2685 3322 2708 ,
3355 2645 3486 2700 sicut
3511 2651 3666 2716 postea
3685 2655 3763 2697 ma-

2250 2738 2464 2794 nifestat
2493 2737 2671 2810 (Joan.
2702 2753 2791 2792 xxt
2814 2779 2827 2802 ,
2876 2736 3092 2808 20-24).
3144 2738 3276 2792 Erat
3313 2738 3451 2792 enim
3493 2751 3652 2792 eorum
3683 2731 3763 2788 lue

2250 2829 2578 2887 consuetudo
2618 2829 2707 2900 qui
2749 2843 2928 2884 sacras
2966 2828 3201 2884 Litteras
3246 2827 3399 2883 nobis
3446 2826 3761 2887 ministrarum,

2251 2932 2310 2980 ut
2327 2922 2541 2996 quando
2558 2922 2626 2978 ab
2648 2923 2824 2994 aliquo
2846 2936 3030 2978 eorum
3051 2920 3232 2977 divina
3259 2921 3557 2976 narrabatur
3581 2918 3760 2978 historia,

2250 3031 2373 3071 cum
2411 3013 2478 3070 ad
2529 3014 2766 3085 scipsum
2811 3014 3054 3078 veniret,
3090 3023 3343 3084 tanquam
3375 3012 3440 3068 de
3465 3011 3561 3066 alio
3583 3011 3762 3080 loquere

2251 3117 2370 3175 tur;
2398 3118 2452 3164 et
2491 3109 2569 3164 sic
2603 3124 2663 3163 se
2689 3108 2952 3164 insereret
2977 3105 3150 3162 ordini
3190 3105 3507 3161 narrationis
3532 3118 3654 3167 sum,
3678 3108 3762 3154 tan-

2250 3219 2408 3276 quam
2459 3219 2636 3260 rerum
2680 3212 2950 3273 gestarum
2995 3200 3267 3272 scriptor,
3311 3217 3414 3256 non
3461 3211 3671 3270 tanquam
3707 3192 3764 3249 sui

2251 3296 2417 3368 ipsius
2444 3295 2778 3367 prmdieatur.
2811 3294 2943 3350 Nam
2979 3304 3033 3350 et
3074 3293 3178 3349 hoc
3210 3304 3428 3350 sanctus
3455 3287 3762 3348 Matthzcusfe-

2249 3389 2355 3452 cit,
2401 3387 2493 3457 qui
2537 3401 2657 3442 cum
2689 3386 2740 3441 in
2783 3395 2931 3440 textu
2981 3384 3304 3440 narrationis
3349 3400 3456 3440 sua:
3495 3383 3686 3438 venisset
3717 3375 3764 3430 ad

2250 3480 2482 3549 scipsum
2511 3521 2526 3547 ,
2565 3476 2729 3539 Vidit,
2764 3477 2964 3547 inquit,
2999 3475 3050 3529 in
3080 3476 3268 3530 telonio
3297 3475 3538 3532 sedentem
3562 3470 3765 3542 quemdam

2252 3568 2597 3639 publicanum,
2630 3569 2832 3622 nomine
2860 3566 3184 3634 Matt/neum,
3213 3577 3260 3622 et
3285 3567 3355 3621 ait
3385 3565 3477 3630 illi,
3508 3563 3688 3633 Sequere
3709 3571 3766 3608 me

2253 3657 2464 3730 (Malm.
2496 3676 2545 3713 Ix
2571 3700 2586 3727 ,
2620 3659 2674 3731 9)
2711 3675 2853 3715 :nun
2885 3659 2979 3725 ait,
3012 3658 3155 3714 Vidit
3182 3675 3292 3726 me,
3324 3668 3377 3714 et
3396 3658 3519 3714 dixit
3543 3654 3665 3710 milii.
3685 3650 3764 3706 lloc

2251 3748 2376 3804 fecit
2400 3759 2452 3805 et
2480 3750 2666 3806 beatus
2688 3749 2894 3822 Moyses
2913 3791 2928 3814 ,
2965 3749 3035 3804 ita
3056 3749 3121 3804 de
3150 3751 3334 3821 scipso
3371 3759 3597 3820 tanquam
3618 3744 3673 3797 de
3691 3741 3763 3794 alio

2250 3851 2440 3898 cuncta
2480 3844 2754 3907 narravit,
2805 3851 2856 3896 et
2882 3841 2957 3896 ait
2989 3860 3002 3895 :
3036 3840 3179 3896 Dixit
3225 3841 3470 3896 Dominus
3504 3837 3565 3892 ad
3605 3833 3763 3904 Moysen

2251 3934 2443 4005 (Exod.
2472 3951 2522 3989 vt
2548 3976 2563 4000 ,
2598 3934 2673 4005 l).
2723 3933 3030 3990 lnusitatius
3067 3933 3345 4004 apostolus
3376 3931 3558 3987 Paulus
3580 3972 3593 3995 ,
3630 3941 3709 3982 non
3727 3923 3763 3976 in

2249 4025 2468 4081 lti.~toria
2493 4069 2507 4092 ,
2550 4026 2637 4082 ubi
2680 4041 2858 4082 rerum
2903 4035 3172 4097 gestarum
3207 4025 3488 4096 suscipitur
3521 4013 3763 4092 explicanda

2249 4119 2519 4184 narratio,
2560 4117 2652 4173 sed
2697 4118 2748 4172 in
2787 4117 3027 4188 Epistula
3059 4117 3161 4174 hoc
3203 4117 3345 4173 fecit.
3392 4116 3516 4172 Nam
3550 4113 3697 4182 utique
3719 4105 3764 4162 de

2249 4213 2425 4282 seipse
2469 4211 2540 4266 ait
2572 4227 2584 4262 :
2616 4210 2736 4266 Scio
2775 4210 3025 4265 hominem
3069 4211 3119 4264 in
3146 4210 3349 4265 Christo
3375 4220 3485 4263 ante
3518 4221 3655 4261 annos
3677 4215 3764 4272 qva-

2249 4309 2526 4364 tuordccint
2555 4308 2692 4378 (sive
2713 4307 2764 4362 in
2794 4323 3002 4377 corpore
3021 4349 3034 4374 ,
3079 4305 3182 4360 sive
3219 4316 3360 4360 castra
3385 4319 3585 4375 corpus,
3614 4295 3764 4357 nescio;

2253 4401 2392 4455 Deus
2419 4396 2571 4472 scit),
2601 4410 2804 4469 raptum
2841 4398 3136 4469 hujusmodi
3165 4415 3325 4467 usque
3349 4399 3400 4451 in
3428 4397 3609 4450 tertium
3631 4388 3763 4444 caelat"

2250 4491 2316 4563 (ll
2349 4491 2466 4548 Cor.
2497 4509 2589 4559 xu,
2617 4490 2694 4564 2).
2726 4491 2984 4559 Quocirca
3004 4489 3142 4560 quod
3164 4489 3326 4546 etiam
3346 4489 3428 4544 hic
3453 4487 3618 4542 beatus
3637 4480 3764 4535 Etan-

2247 4586 2433 4656 gclista
2465 4601 2568 4639 non
2597 4584 2704 4649 ait,
2754 4583 2913 4638 Eram
2960 4581 3277 4638 recumbens
3305 4581 3356 4636 in
3397 4580 3512 4636 sinu
3539 4564 3762 4638 Jesu,s€d

2251 4678 2363 4743 ait,
2409 4674 2533 4730 Erat
2577 4675 2872 4729 recumbens
2918 4689 3047 4727 unus
3089 4688 3151 4728 ea:
3187 4671 3483 4744 discipulis;
3523 4670 3761 4722 nostrorum

2250 4777 2527 4824 auctorum
2576 4765 3016 4822 consuetudinem
3064 4778 3417 4836 agnoscamus
3456 4760 3612 4833 potius
3646 4764 3760 4824 quam

2249 4859 2522 4914 miremur.
2573 4856 2707 4925 Quid
2737 4855 2876 4911 enim
2899 4855 3104 4925 deperit
3133 4855 3376 4918 veritati,
3422 4846 3611 4921 quando
3629 4852 3673 4899 et
3701 4850 3762 4893 res

2250 4950 2363 5021 ipsa
2389 4949 2601 5016 dicitur,
2643 4958 2696 5004 et
2724 4947 2882 5003 modo
2914 4945 3142 5016 quodam
3173 4945 3384 5002 dicendi
3409 4937 3635 5015 jactantia
3659 4927 3762 4988 deti-

2251 5045 2428 5102 tatur?
2477 5043 2588 5098 lloc
2635 5043 2829 5114 quippe
2869 5040 3119 5096 narrabat
3159 5039 3302 5112 quod
3348 5038 3412 5094 ad
3457 5036 3560 5108 ejus
3604 5025 3760 5084 laudem

2251 5137 2536 5193 maximam
2569 5135 2883 5206 pertinebat.

2320 5229 2373 5285 5.
2395 5227 2531 5296 Quid
2553 5237 2634 5284 est
2653 5236 2850 5290 autem,
2876 5241 3018 5295 quem
3037 5223 3272 5297 diligebat
3298 5223 3446 5279 Jesus
3465 5221 3489 5275 ?
3510 5211 3646 5288 Quasi
3662 5207 3760 5264 alios

2251 5341 2356 5382 non
2384 5323 2664 5394 diligeret,
2697 5321 2762 5375 dc
2805 5319 2998 5391 quibus
3027 5318 3165 5374 idem
3194 5321 3305 5388 ipse
3330 5315 3546 5372 Joannes
3568 5301 3757 5394 superiltS

2249 5420 2341 5485 ait,
2375 5417 2437 5473 In
2471 5389 2622 5487 ﬁnem
2653 5389 2837 5469 dilexit—
2851 5430 2934 5468 eos
2962 5411 3138 5481 (Joan.
3170 5427 3279 5478 xm,
3310 5410 3384 5481 1).
3417 5409 3475 5463 Ει
3501 5407 3598 5477 ipse
3623 5389 3758 5489 Domi.-

2249 5527 2380 5579 nus,
2414 5510 2468 5565 Μ
2473 5511 2667 5582 ujorem
2691 5507 2784 5561 hac
2803 5506 3094 5560 charitatem
3115 5519 3254 5558 nemo
3274 5502 3434 5565 habet,
3463 5510 3596 5569 quam
3619 5497 3663 5542 ut
3682 5497 3758 5582 att!-

2249 5573 2383 5664 mani
2407 5573 2550 5662 suain
2571 5611 2724 5676 ponat
2751 5617 2843 5670 pro
2869 5599 3045 5654 amicis
3073 5599 3176 5653 suis
3203 5594 3309 5668 (Id.
3341 5607 3431 5659 xv,
3459 5590 3555 5662 i3).
3599 5583 3652 5638 Et
3669 5573 3758 5646 qliii

2251 5707 2528 5758 enumeret
2585 5693 2760 5750 omnia
2817 5691 3110 5747 divinarum
3155 5686 3443 5747 testimonia
3485 5677 3754 5752 paginarum.

2251 5795 2442 5866 quibus
2475 5793 2728 5849 Dominus
2770 5791 2926 5847 Jcsus
2947 5832 2962 5858 ,
2994 5806 3101 5846 non
3133 5790 3267 5846 illius
3294 5797 3455 5854 neque
3483 5786 3643 5833 eorum
3665 5775 3754 5835 (ιιιπ

2250 5899 2375 5946 tunc
2407 5897 2555 5945 erant
2591 5894 2824 5954 tantum,
2865 5883 2958 5940 sed
2985 5886 3143 5941 etiam
3181 5890 3293 5956 post
3324 5880 3586 5931 futurorum
3617 5866 3753 5918 mem'
