3926 6362
183 315 304 385 1801

178 437 374 492 brorum
403 446 641 496 suorum,
663 436 708 486 et
731 428 888 484 totius
908 426 1161 482 Ecclesia:
1171 439 1282 480 sum.
1301 425 1526 480 dilcctor
1549 430 1734 479 osten-

177 522 343 581 ditur?
379 521 481 579 Sed
514 520 751 590 profecto
791 519 916 573 latet
942 517 1027 572 hic
1051 515 1248 587 aliquid
1271 557 1286 582 ,
1332 525 1384 571 et
1405 515 1640 587 pertinet
1665 512 1733 570 ad

177 620 330 674 sinum
352 618 403 671 in
431 630 536 686 quo
562 613 902 670 recumbebat
930 611 1017 681 qui
1050 611 1146 664 ista
1176 609 1405 666 dicebat.
1435 609 1539 664 Per
1557 607 1730 663 sinum

174 709 350 780 quippe
389 706 511 777 quid
556 704 880 777 signiﬁcatur
907 702 1050 758 aliud
1088 717 1246 772 quam
1275 699 1582 757 secretum?
1626 697 1732 754 Sed

173 799 293 854 alius
337 807 414 853 est
465 795 816 867 Opportunior
867 795 1051 861 locus,
1119 793 1207 848 ubi
1269 791 1424 847 nobis
1479 789 1732 845 Dominus

171 888 348 961 aliquid
391 887 555 944 donet
602 888 671 943 de
717 887 819 942 hoc
865 895 1108 953 secreto,
1160 893 1417 956 quantum
1467 880 1728 948 sufﬁciat,

171 981 344 1037 dicere.

230 1072 276 1128 6.
311 1070 483 1126 lnnuit
509 1088 632 1144 ergo
662 1072 839 1128 Simon
872 1070 1088 1136 Petrus,
1130 1078 1178 1125 et
1219 1069 1340 1124 dicit
1381 1068 1447 1123 ei.
1490 1065 1728 1122 Notanda

171 1165 342 1222 locutio
367 1176 464 1230 est,
487 1163 599 1220 dici
629 1163 824 1234 aliquid
843 1180 948 1218 non
965 1161 1227 1227 sonando,
1247 1161 1340 1217 sed
1360 1157 1730 1216 tantummodo

171 1257 415 1314 innuendo
443 1276 456 1310 :
489 1256 672 1312 Innuit
695 1299 711 1321 ,
744 1257 946 1328 inquit,
977 1266 1025 1311 et
1055 1257 1216 1318 dicit;
1247 1255 1428 1326 utique
1461 1251 1730 1308 innuettdo

170 1351 294 1405 dicit.
336 1349 388 1405 Si
427 1349 570 1405 enim
612 1348 894 1418 cogitando
939 1347 1138 1416 aliquid
1165 1345 1392 1410 dicitur,
1425 1344 1560 1400 sicut
1586 1343 1732 1400 Seri-

169 1451 298 1510 ptura
323 1440 586 1510 loquitur,
617 1438 867 1493 Dixerunt
895 1438 1034 1509 apud
1050 1437 1340 1510 semetipsos
1369 1435 1522 1509 (Sap.
1551 1452 1608 1500 tt,
1641 1435 1726 1506 1);

169 1541 338 1601 quanto
387 1530 556 1600 magis
613 1529 918 1593 innueudu,
977 1530 1066 1584 ubi
1107 1529 1219 1599 jam
1274 1527 1417 1583 foras
1459 1528 1730 1599 qualibus-

168 1637 363 1689 cumque
382 1621 550 1692 signis
567 1622 830 1691 promitur
845 1621 986 1692 quod
1005 1620 1176 1675 fuerat
1193 1620 1357 1676 corde
1377 1619 1728 1689 conceptum?

169 1712 280 1780 Quid
299 1728 421 1782 ergo
450 1711 584 1766 dixit
618 1711 924 1766 ittnuendu?
949 1710 1083 1778 Quid
1111 1753 1126 1777 ,
1157 1709 1256 1765 ttisi
1281 1709 1422 1782 qttod
1453 1709 1727 1781 sequitur?

171 1802 273 1870 Quis
293 1814 358 1858 est
381 1803 442 1856 de
460 1820 562 1872 quo
590 1803 715 1856 dicit
738 1803 763 1856 Ρ
805 1802 932 1858 llaec
958 1802 1116 1858 verba
1143 1802 1331 1858 Petrus
1357 1802 1522 1857 innuit
1546 1817 1562 1866 ;
1601 1801 1726 1870 quia

168 1911 252 1950 non
278 1911 401 1949 sono
421 1894 571 1949 vocis
597 1934 616 1957 ,
650 1893 744 1949 sed
772 1904 919 1950 motu
957 1894 1200 1965 corporis
1222 1893 1374 1948 dixit.
1408 1892 1588 1963 Itaque
1612 1908 1726 1946 cum

168 1987 430 2040 recubuisset
456 1987 544 2040 ille
561 2001 726 2056 supra
749 1995 925 2054 pectus
953 1985 1098 2039 Jesu.
1131 1985 1226 2040 Hic
1245 1995 1328 2040 est
1342 1986 1520 2056 utique
1546 1996 1727 2055 pecto-

170 2079 228 2134 ris
255 2079 404 2142 sinus,
435 2079 718 2149 sapientia:
743 2088 1027 2134 secretum.
1052 2076 1187 2131 Dicit
1215 2080 1262 2132 ei
1289 2093 1308 2132 :
1340 2077 1583 2140 Domine,
1614 2079 1727 2148 quis

169 2172 260 2226 est!
285 2170 556 2241 Respondit
583 2169 745 2225 Jesus
778 2185 797 2224 :
825 2169 926 2224 Ille
953 2177 1024 2224 est
1064 2170 1146 2224 cui
1173 2186 1263 2241 ego
1301 2170 1511 2224 tinctum
1545 2186 1727 2240 panem

171 2279 422 2333 perrexere.
457 2261 671 2317 Etcum
698 2263 924 2317 tinxisset
954 2278 1134 2331 panem
1157 2303 1171 2326 ,
1205 2261 1341 2314 dedit
1375 2261 1530 2314 Iuda:
1555 2259 1728 2316 Simo-

170 2356 231 2410 ttis
249 2353 511 2411 Iseariotc.
544 2354 620 2410 Et
648 2362 758 2426 post
787 2370 986 2425 panem,
1014 2365 1130 2408 tunc
1159 2354 1379 2408 introivit
1399 2355 1450 2407 iu
1470 2353 1615 2408 illum
1643 2371 1728 2408 sa-

171 2454 303 2501 tanas.
336 2445 641 2516 Expmsus
678 2454 762 2501 est
805 2444 1058 2510 traditur,
1098 2444 1306 2500 nudata:
1346 2455 1470 2500 sunt
1509 2445 1724 2500 latebra:

171 2539 492 2594 tenebrarum.
539 2539 755 2594 Bonum
796 2546 878 2592 est
907 2537 1046 2608 quod
1077 2537 1314 2608 accepit,
1343 2537 1436 2592 sed
1467 2537 1608 2590 malo
1626 2551 1726 2591 suo

173 2634 371 2701 accepit,
413 2631 536 2704 quia
575 2631 722 2688 tnale
748 2631 944 2686 bonum
970 2631 1142 2686 malus
1169 2632 1394 2702 accepit.
1436 2630 1630 2686 Verum
1657 2629 1725 2687 de

173 2721 254 2776 isto
275 2737 396 2792 pane
422 2723 599 2778 tincto
627 2723 714 2794 qui
745 2730 1021 2793 porrectus
1052 2731 1137 2777 est
1165 2720 1308 2785 ﬁcto,
1332 2731 1384 2776 et
1406 2721 1473 2776 de
1494 2721 1577 2775 his
1605 2736 1724 2793 qua:

173 2826 441 2886 sequuntur,
474 2817 654 2873 multa
683 2815 906 2872 dicenda
943 2824 1067 2870 sunt
1098 2831 1111 2867 :
1144 2813 1338 2885 quibus
1366 2815 1723 2870 necessarium

173 2916 235 2960 est
259 2906 360 2975 plus
388 2908 654 2979 temporis
673 2949 689 2976 ,
713 2923 871 2978 quam
899 2922 1044 2962 nunc
1071 2905 1332 2962 habemus
1356 2905 1466 2976 jam
1495 2906 1546 2960 in
1573 2905 1725 2961 istius

176 2992 258 3052 ine
279 3000 542 3055 sermonis.

637 3105 1046 3164 TRACTATUS
1103 3105 1258 3163 LXII.

179 3218 237 3272 Al
259 3236 307 3275 eo
325 3222 448 3291 quod
475 3221 732 3290 scriptum
757 3230 850 3285 est,
878 3219 945 3275 Et
969 3235 1089 3275 cum
1115 3220 1360 3276 tinxisset
1390 3233 1600 3290 panem.
1631 3219 1725 3275 de-

237 3311 301 3365 dit
319 3311 474 3379 Iudm;
504 3329 674 3383 usque
717 3313 784 3365 ad
810 3311 886 3376 id,
913 3310 1066 3366 Nunc
1090 3311 1411 3367 clariﬁcatus
1438 3321 1523 3368 est
1555 3310 1724 3367 Filius

234 3400 450 3461 hominis.
480 3405 620 3477 Cap.
648 3417 766 3469 xut,
806 3404 839 3473 ᾖ
866 3440 880 3456 .
911 3401 1105 3458 26-31.

234 3536 275 3590 1.
307 3536 785 3602 Scio,charissimi,
837 3536 1044 3591 moveri
1082 3551 1239 3606 posse
1279 3536 1586 3602 nonnullos,
1612 3536 1726 3591 sive

178 3625 268 3694 pios
289 3636 340 3682 ut
371 3629 672 3700 requirant,
697 3627 811 3682 sive
838 3626 1030 3698 impios
1052 3634 1110 3680 ut
1136 3624 1553 3696 reprehendant,
1584 3626 1725 3695 quod

180 3726 478 3788 posteaquam
534 3733 732 3789 panem
785 3718 1006 3774 tinctum
1053 3715 1292 3771 traditori
1324 3731 1422 3772 suo
1471 3717 1726 3772 Dominus

179 3805 313 3872 dedit,
340 3809 616 3866 intraverit
655 3809 706 3864 itt
739 3809 886 3864 illum
923 3818 1158 3864 satanas.
1182 3807 1274 3864 Sic
1297 3811 1442 3864 enim
1467 3808 1724 3879 scriptum

179 3909 240 3952 est
267 3919 278 3952 :
308 3901 363 3955 lit
412 3920 523 3958 cum
582 3902 808 3957 tinxisset
856 3918 1058 3973 panem,
1105 3901 1243 3955 dedit
1288 3899 1444 3954 Iuda:
1503 3900 1727 3956 Simonis

180 3989 432 4061 Itcariotte;
453 4007 495 4052 et
519 4006 637 4066 post
661 4013 841 4067 panem
874 4005 990 4049 tunc
1017 3993 1241 4050 introivit
1263 3994 1314 4048 in
1333 3995 1479 4049 illum
1497 4004 1723 4050 satanas.

180 4083 337 4142 Diettnt
356 4092 490 4145 enim
518 4110 532 4145 :
559 4088 706 4145 Itane
726 4089 828 4144 hoc
847 4089 1042 4144 meruit
1058 4088 1209 4159 panis
1230 4087 1428 4142 Christi
1451 4097 1726 4158 porrectus

180 4177 230 4232 de
251 4195 412 4237 mensa
441 4182 665 4247 Christi,
691 4191 747 4236 ut
770 4191 889 4251 post
917 4182 1060 4236 illum
1098 4181 1321 4237 intraret
1351 4181 1402 4234 itt
1428 4181 1545 4251 ejus
1569 4179 1730 4236 disci-

182 4270 328 4335 pulum
348 4283 558 4329 satanas
577 4274 600 4326 ?
622 4273 826 4340 Quibus
853 4270 1258 4342 respondemus.
1283 4271 1407 4326 hinc
1428 4287 1525 4326 nos
1551 4272 1728 4342 potius

183 4358 330 4418 doceri
360 4381 514 4434 quam
561 4365 631 4418 sit
680 4363 973 4418 cavendum
1023 4364 1162 4418 male
1211 4362 1456 4432 accipere
1502 4361 1724 4418 bonum.

185 4449 365 4509 Multum
394 4458 588 4528 quippe
635 4457 876 4522 interest,
911 4472 1016 4511 non
1047 4455 1172 4527 quid
1201 4455 1448 4527 accipiat,
1491 4455 1584 4511 sed
1608 4456 1729 4526 quis

185 4546 399 4615 accipiat;
426 4564 527 4606 nec
545 4550 702 4619 quale
739 4549 809 4604 sit
835 4548 974 4619 quod
1011 4549 1185 4613 datur,
1217 4548 1310 4605 sed
1335 4549 1507 4621 qualis
1526 4549 1594 4605 sit
1615 4550 1728 4620 ipse

185 4634 252 4687 cui
267 4636 426 4693 datur.
450 4639 583 4695 Nam
609 4650 664 4695 et
683 4639 820 4694 bona
847 4639 1060 4701 obsunt,
1083 4648 1138 4694 et
1165 4639 1302 4695 mala
1326 4649 1566 4711 prosunt,
1590 4641 1729 4697 sicut

185 4720 348 4783 fuerint
377 4731 569 4801 quibus
623 4730 834 4784 dantur.
876 4728 1171 4797 Peccatum,
1222 4733 1390 4802 inquit
1421 4733 1723 4804 Apostolus,

187 4823 230 4866 ut
245 4831 465 4889 appareat
514 4831 792 4894 peccatum,
833 4838 924 4887 per
971 4825 1154 4876 bonum
1199 4822 1324 4877 mihi
1367 4833 1630 4894 operatum
1656 4835 1728 4879 est

189 4912 550 4985 mortemmom.
585 4928 674 4981 vn,
706 4913 820 4985 l3).
854 4913 992 4968 Ecce
1038 4927 1131 4983 per
1175 4913 1373 4968 bonum
1402 4913 1598 4970 factmn
1647 4923 1730 4970 est

189 4999 374 5069 malum,
399 5003 524 5060 dutn
546 5005 686 5061 male
713 5003 970 5073 accipitur
997 5004 1214 5058 bonum.
1238 5003 1472 5074 Itemque
1499 5005 1612 5076 ipse
1631 5005 1726 5074 ait,

195 5087 278 5145 «ιιι
299 5096 647 5166 magnitudine
690 5096 1076 5152 revelationum
1121 5111 1357 5151 mearum
1389 5113 1456 5151 ne
1481 5097 1726 5165 extollar,

192 5184 318 5240 datus
337 5198 413 5242 est
438 5189 560 5244 tttihi
590 5188 835 5244 stimulus
875 5188 1054 5243 carnis
1079 5203 1231 5250 mete.
1263 5189 1480 5256 angelus
1530 5198 1730 5244 satana:

192 5275 264 5344 qui
281 5294 356 5334 me
377 5282 684 5352 colaphizet.
703 5281 927 5351 Propter
947 5280 1089 5351 quod
1113 5290 1193 5334 ter
1215 5280 1493 5334 Dominum
1525 5281 1726 5350 rogavi,

195 5375 240 5418 ut
257 5367 469 5426 auferret
493 5389 612 5428 eum
633 5388 662 5426 a
694 5387 802 5437 me,
835 5382 890 5428 et
907 5371 1043 5427 dixit
1064 5370 1193 5426 mihi
1220 5387 1234 5424 :
1264 5369 1469 5426 Sufﬁcit
1491 5371 1582 5424 tibi
1604 5386 1727 5440 gra-

195 5453 253 5508 tia
277 5473 408 5524 tum;
440 5477 552 5518 nam
579 5464 745 5518 virtus
767 5462 818 5516 itt
851 5461 1156 5518 infirmitate
1173 5459 1442 5532 perﬁcitur
1473 5478 1492 5511 ι
1527 5459 1592 5531 (II
1609 5460 1726 5514 Cor.

195 5557 271 5610 sn,
291 5549 556 5620 7-9).F.cee
586 5569 680 5624 per
722 5554 919 5609 malum
969 5551 1166 5608 factum
1218 5561 1300 5606 est
1340 5552 1560 5617 bonum,
1600 5550 1729 5606 dum

197 5631 310 5693 bene
329 5643 568 5712 accipitur
593 5645 808 5700 malum.
837 5643 972 5715 Quid
1009 5659 1139 5715 ergo
1163 5643 1376 5699 miraris
1397 5641 1442 5698 si
1468 5641 1624 5698 datus
1648 5651 1732 5699 est

197 5724 326 5786 Iudze
345 5733 484 5803 panis
501 5736 712 5804 Christi,
750 5754 845 5808 per
867 5752 1024 5807 quem
1050 5736 1443 5806 maneiparetur
1477 5734 1725 5804 diabolo;

485 5829 700 5890 Ssscw.
731 5831 1009 5892 Aususr.
1048 5828 1131 5888 III

1245 299 1657 367 TRACTATUS
1693 303 1849 362 LXII.
1888 299 2115 360 CAPUT
2146 299 2291 358 XIII.

3285 323 3429 382 l803

1844 436 1964 478 cum
1986 423 2169 481 rideas
2190 441 2224 479 ο
2249 427 2515 482 contrario
2543 427 2723 483 datum
2741 429 2904 485 Paulo
2925 433 3168 502 angelum
3201 436 3426 509 diaboli,

1843 528 1938 583 per
1963 529 2121 586 quem
2144 517 2490 588 perﬁceretur
2517 519 2569 574 in
2595 520 2842 576 Christo?
2871 523 2943 578 Ita
2969 535 3021 579 et
3049 527 3188 581 ιιιςιιυ
3220 529 3424 586 bonum

1841 604 2032 671 obfuit,
2057 616 2114 662 et
2141 609 2336 662 malum
2370 610 2509 665 bono
2543 611 2757 681 profuit.
2784 612 3154 671 llecordantini
3185 618 3326 674 unde
3355 621 3427 676 sit

1841 695 2117 766 scriptum,
2165 698 2476 772 Quicumque
2501 702 2872 758 manducauerit
2895 723 3094 774 panem,
3133 720 3224 762 aut
3249 710 3425 765 biberit

1840 784 2048 841 calicem
2091 786 2297 844 Domini
2322 791 2546 862 indigne,
2574 808 2688 846 rcus
2727 795 2820 848 erit
2843 798 3067 866 corporis
3087 807 3130 851 et
3158 802 3420 870 sanguinis

1841 876 2047 932 Domini
2068 879 2110 947 (ι
2137 877 2256 936 Cor.
2285 898 2361 946 χι,
2384 882 2500 952 27).
2521 884 2584 938 Et
2599 884 2667 939 de
2685 885 2766 940 his
2795 895 2907 942 erat
2937 905 3136 954 sermo,
3165 906 3286 944 cum
3320 892 3422 948 hoc

1839 969 2128 1038 Apostolus
2147 971 2371 1039 diceret,
2414 975 2506 1044 qui
2537 975 2740 1030 Domini
2765 993 2960 1049 corpus
2990 982 3137 1036 velut
3165 985 3323 1038 alium
3346 985 3424 1041 ci-

1838 1058 1965 1114 bum
1994 1062 2284 1131 quemlibet
2309 1064 2604 1123 indiscrete
2649 1069 3085 1141 negligenterqne
3117 1075 3418 1132 sumebant.

1839 1149 1935 1206 Hic
1961 1166 2088 1223 ergo
2109 1153 2153 1207 si
2182 1155 2470 1226 corripitur
2493 1158 2582 1228 qui
2616 1175 2720 1214 non
2747 1160 3022 1230 diiudicat,
3055 1166 3153 1219 hoc
3175 1176 3280 1234 est,
3313 1183 3420 1224 non

1837 1241 2093 1300 discernit
2139 1261 2170 1300 a
2215 1247 2426 1304 caeteris
2473 1249 2608 1304 cibis
2660 1252 2992 1310 Dominieum
3037 1273 3266 1328 corpus;
3311 1277 3418 1332 quo

1837 1334 1998 1390 ntodo
2047 1335 2333 1393 damnatur
2363 1341 2378 1371 ²
2401 1341 2490 1411 qui
2530 1341 2599 1397 ad
2633 1345 2750 1408 ejus
2794 1361 3032 1402 mensam
3062 1348 3265 1419 ﬁngens
3281 1353 3420 1407 ami-

1836 1438 1982 1492 cum,
2011 1428 2215 1483 accedit
2238 1430 2519 1486 inimicus?
2537 1431 2594 1490 Si
2624 1436 3039 1504 reprehensione
3067 1443 3295 1510 tangitur
3323 1459 3420 1498 ne-

1835 1515 2086 1586 gligentia
2126 1521 2477 1588 convivantis,
2527 1539 2630 1594 qua
2659 1540 2812 1594 pmna
2851 1529 3145 1598 percutitur
3171 1532 3419 1589 venditor

1837 1606 2144 1663 invitantis?
2172 1610 2308 1678 Quid
2335 1622 2452 1667 erat
2469 1622 2648 1668 autem
2678 1616 2827 1685 panis
2849 1617 3086 1673 tradituri
3117 1621 3290 1690 datus,
3315 1622 3418 1678 nisi

1835 1695 2226 1755 demonstratio
2255 1703 2340 1756 ctti
2365 1705 2550 1773 gratia:
2582 1703 2767 1760 fuisset
2787 1707 3054 1776 ingratus?

1904 1789 1961 1844 2.
2008 1793 2223 1847 Intravit
2275 1810 2404 1867 ειἩο
2430 1806 2549 1864 post
2587 1796 2728 1852 httttc
2760 1815 2948 1870 pauent
2981 1813 3191 1859 satanas
3237 1806 3288 1861 in
3308 1807 3417 1863 Do-

1835 1882 1966 1937 mini
1998 1883 2331 1951 traditorem,
2363 1896 2418 1941 ul
2448 1887 2552 1943 sibi
2586 1890 2697 1956 jatu
2747 1893 2992 1946 traditum
3018 1894 3223 1961 plenius
3245 1901 3419 1967 possi-

1833 1972 2006 2039 deret,
2041 1976 2273 2046 in-quetn
2316 1979 2462 2047 prius
2485 1979 2778 2035 intraverat
2821 1991 2879 2037 ttt
2907 1984 3196 2054 deciperet.
3237 1987 3420 2060 Neque

1834 2065 1977 2119 enitn
2011 2082 2116 2120 non
2141 2068 2194 2120 itt
2223 2067 2312 2122 illo
2341 2078 2458 2124 erat
2488 2072 2701 2139 quando
2741 2075 2974 2141 perrexit
2993 2077 3057 2128 ad
3084 2075 3315 2146 Judaros,
3366 2093 3422 2138 et

1834 2154 1904 2210 de
1925 2160 2098 2228 pretio
2121 2158 2363 2213 tradendi
2394 2160 2603 2216 Domini
2639 2159 2825 2232 pactus
2843 2177 2947 2227 est.
2979 2181 3100 2223 cum
3129 2169 3241 2225 lucc
3266 2187 3422 2242 aper-

1835 2248 2041 2304 tissime
2085 2248 2258 2306 Lucas
2285 2254 2609 2323 evangelista
2641 2265 2864 2312 testctur
2891 2267 2946 2312 et
2984 2260 3127 2315 dicat
3157 2280 3170 2316 :
3204 2263 3421 2321 Intravit

1833 2351 1999 2396 autem
2025 2353 2232 2397 satanas
2283 2345 2335 2398 in
2371 2343 2584 2411 ludum,
2608 2349 2694 2417 qui
2721 2353 3168 2421 cognominabatur
3197 2355 3420 2414 Iscario-

1833 2442 1928 2496 tes,
1965 2448 2124 2486 unum
2153 2433 2220 2488 de
2263 2435 2563 2501 duodecim;
2609 2447 2656 2491 et
2680 2439 2820 2504 abiit,
2876 2451 2921 2494 et
2951 2443 3145 2498 locutus
3192 2456 3264 2500 est
3305 2466 3418 2503 cum

1833 2524 2144 2594 principibus
2188 2526 2506 2580 sacerdotum
2550 2527 2703 2598 (Luc.
2734 2547 2868 2595 nu.
2899 2533 2999 2589 3et
3027 2534 3103 2607 4).
3141 2537 3278 2594 Ecce
3329 2541 3419 2596 ubi

1831 2616 2132 2672 ostenditur
2174 2617 2316 2688 quod
2355 2619 2466 2689 jam
2514 2619 2804 2677 intraverat
2847 2633 3062 2680 satanas
3101 2624 3151 2679 in
3196 2626 3411 2684 ludam.

1832 2707 1986 2764 Prius
2011 2724 2138 2781 ergo
2159 2709 2472 2780 intraverat,
2504 2711 2838 2771 itnmittendo
2865 2716 2916 2772 itt
2945 2732 3040 2772 cor
3063 2719 3180 2788 ejus
3209 2723 3414 2791 cogita-

1832 2801 2032 2856 tionem
2053 2816 2156 2872 qna
2184 2802 2418 2858 traderet
2455 2803 2726 2860 Christum
2761 2824 2774 2861 :
2805 2807 2926 2863 talis
2953 2809 3093 2865 enim
3113 2813 3224 2880 jam
3250 2828 3415 2871 vene-

1831 2900 1915 2948 rat
1941 2891 2006 2946 ad
2035 2893 2376 2950 cmnandutn.
2414 2895 2566 2951 Nunc
2589 2907 2766 2953 autem
2815 2910 2934 2970 post
2958 2915 3148 2972 panem
3192 2905 3411 2966 intravit

1832 2985 1886 3041 itt
1910 3001 2056 3051 eum,
2085 3003 2189 3042 non
2216 2997 2275 3043 ιιι
2304 2989 2482 3045 adhuc
2529 2991 2764 3048 alienum
2815 3004 3064 3064 tentaret,
3090 3001 3186 3058 sed
3205 3011 3266 3057 ut
3288 3018 3415 3072 pro-

1831 3081 2006 3149 prium
2035 3081 2348 3148 possideret.

1903 3169 1955 3224 3.
1997 3167 2111 3223 Non
2143 3179 2340 3238 autem,
2361 3179 2417 3225 ut
2438 3182 2625 3244 putant
2648 3175 2862 3245 quidam
2880 3179 3209 3250 negligenter
3235 3184 3417 3256 legen-

1833 3266 1935 3326 tes,
1965 3266 2090 3315 tune
2114 3259 2278 3315 Iudas
2301 3260 2498 3316 Christi
2537 3278 2730 3334 corpus
2755 3270 2979 3339 accepit.
3011 3269 3414 3344 Intelligendum

1831 3361 1915 3406 est
1933 3352 2075 3406 enim
2105 3351 2244 3422 quod
2266 3353 2376 3422 jam
2406 3356 2653 3411 omnibtts
2687 3359 2767 3414 eis
2790 3360 3134 3420 distribuerat
3165 3368 3419 3427 Dominus

1831 3443 2232 3501 Sacramentutn
2277 3447 2518 3516 corporis
2567 3459 2622 3504 et
2659 3453 2929 3522 sanguinis
2975 3458 3076 3522 sui,
3108 3458 3196 3514 ubi
3224 3469 3277 3514 et
3302 3462 3419 3533 ipse

1832 3536 1998 3592 Jttdas
2021 3547 2156 3604 erat,
2188 3538 2325 3593 sicut
2351 3548 2569 3594 sanctus
2604 3539 2773 3596 Lucas
2797 3543 3192 3603 evidentissime
3238 3562 3418 3606 narrat

1834 3627 2020 3696 (llud,
2052 3628 2236 3701 19-21)
2271 3645 2284 3682 :
2315 3645 2379 3685 ac
2398 3630 2588 3688 deinde
2617 3633 2684 3688 ad
2713 3633 2814 3690 hoc
2834 3646 3046 3692 ventum
3073 3648 3173 3702 est,
3207 3641 3294 3694 ubi
3324 3659 3415 3698 se—

1832 3719 2061 3772 cundum
2081 3721 2438 3776 narrationem
2459 3721 3027 3793 Joannis'apcrtissitne
3043 3729 3299 3784 [)uminus
3322 3748 3417 3801 per

1833 3809 2123 3865 huccellam
2173 3811 2390 3865 tinctam
2433 3821 2591 3881 atque
2631 3825 2926 3882 porrectam
2971 3833 3124 3872 suum
3169 3822 3420 3891 exprimit

1835 3898 2163 3964 traditorem,
2195 3902 2433 3955 fortassis
2455 3918 2550 3972 per
2571 3905 2719 3972 panis
2746 3906 3053 3964 tinctionetu
3077 3911 3218 3966 illius
3254 3916 3417 3983 signi-

1835 3992 1998 4045 Iicans
2025 3990 2288 4045 ﬁctionem
2311 3992 2354 4046 '.
2383 3989 2498 4046 Non
2542 3993 2684 4048 enim
2731 3999 2906 4052 omnia
2951 4015 3069 4067 ιιιιιε
3123 4003 3414 4071 tinguntur,

1833 4082 2157 4145 abluuntur;
2185 4080 2278 4134 sed
2311 4089 2367 4135 ut
2394 4081 2717 4148 inﬁciautur,
2747 4087 2995 4140 nommlla
3021 4089 3309 4157 tinguntur.
3359 4093 3416 4149 Si

1833 4181 2008 4227 autem
2034 4172 2228 4226 bonum
2247 4171 2445 4241 aliquid
2469 4172 2553 4227 hic
2573 4173 2831 4242 signiﬁcat
2857 4177 3057 4240 tiuclio,
3081 4179 3254 4234 cident
3273 4182 3416 4238 bono

1835 4271 2097 4343 ingratum
2126 4288 2229 4327 ttott
2261 4271 2525 4326 ittttnerito
2553 4281 2635 4327 est
2659 4280 2838 4326 secuta
2868 4272 3158 4330 damnatio.

1903 4365 1957 4420 4.
1998 4364 2186 4421 Adhuc
2221 4373 2397 4420 tamen
2440 4362 2592 4418 Iudae
2636 4378 2904 4434 possessu,
2950 4381 3056 4420 non
3105 4383 3135 4422 a
3167 4369 3413 4440 Domino,

1836 4453 1928 4509 sed
1955 4471 1987 4509 a
2012 4454 2245 4520 diabolo,
2274 4471 2394 4511 cutn
2425 4455 2624 4509 homini
2654 4454 2859 4525 ingrato
2887 4457 3135 4514 intrasset
3181 4463 3332 4530 panis
3359 4463 3411 4517 in

1837 4555 2095 4611 ventrem,
2116 4544 2346 4600 Itostisin
2369 4555 2601 4601 mentem
2626 4563 2638 4600 :
2666 4545 2858 4606 adhuc.
2879 4548 3113 4619 inquam,
3143 4553 3266 4606 tanti
3291 4554 3417 4609 tnali

1831 4637 1940 4706 jam
1967 4636 2130 4692 corde
2176 4639 2419 4706 concepti
2469 4637 2656 4706 plenus
2703 4639 2936 4693 restabat
2975 4639 3217 4708 effectus,
3261 4644 3415 4714 cujus

1831 4728 1941 4799 jam
1989 4739 2332 4798 pnecesserat
2379 4727 2712 4785 damnandus
2763 4729 3006 4788 all'ectus.
3063 4733 3244 4804 Itaque
3296 4752 3419 4792 cum

1838 4821 2093 4876 Dominus
2142 4821 2292 4890 panis
2345 4821 2494 4876 virus
2524 4837 2715 4891 partem
2747 4834 2956 4878 mortuo
2993 4825 3317 4894 tradidisset,
3365 4839 3421 4884 et

1840 4927 2028 4981 pattettt
2047 4910 2308 4966 tradendo
2335 4912 2486 4980 panis
2527 4913 2832 4967 traditurem
2872 4915 3194 4970 ostendisset
3225 4933 3238 4968 :
3270 4917 3421 4982 Quod

1841 5003 1985 5074 facis,
2018 5002 2209 5072 inquit,
2249 5007 2332 5074 [ac
2378 5003 2547 5058 citius.
2583 5003 2695 5058 Non
2735 5007 2986 5074 prmcepit
3043 5007 3274 5075 facinus;
3320 5013 3415 5067 sed

1837 5093 2080 5166 praedixit
2104 5093 2254 5149 Juda:
2277 5093 2494 5158 malum,
2526 5093 2677 5147 nobis
2704 5094 2920 5148 bunttm.
2943 5095 3078 5164 Quid
3107 5101 3247 5154 enim
3269 5101 3420 5157 Juda:

1838 5188 2012 5259 pejus,
2047 5185 2250 5256 etquid
2280 5187 2433 5240 nobis
2469 5186 2658 5240 melius
2685 5201 2842 5255 quam
2885 5189 3108 5245 traditus
3155 5190 3417 5256 Christus,

1838 5281 1904 5334 ab
1931 5281 2022 5335 illo
2046 5279 2302 5334 adversus
2327 5279 2494 5345 illum,
2527 5294 2621 5348 pro
2662 5280 2813 5335 nobis
2840 5292 3031 5350 ιιι-αξιοι·
3072 5284 3248 5337 illum?
3273 5283 3421 5348 Quod

1839 5373 1985 5443 locis,
2035 5374 2118 5443 [ac
2139 5371 2306 5426 citius.
2355 5369 2399 5424 Ο
2438 5371 2656 5426 verbum
2703 5373 2953 5429 libentius
3005 5376 3208 5444 parati,
3257 5389 3417 5443 quam

1840 5463 1986 5518 irati!
2019 5461 2290 5518 overbutn
2319 5477 2424 5516 non
2457 5471 2565 5516 tam
2596 5479 2806 5534 poenam
2842 5467 3148 5535 exprimens
3185 5465 3422 5538 prodito-

1902 5647 1922 5678 ι
1942 5616 2016 5668 Sic
2031 5629 2204 5682 mutes
2221 5621 2330 5668 Mss.
2355 5623 2410 5682 At
2431 5617 2566 5682 Editi,
2591 5618 2824 5682 quomodo
2843 5630 2936 5682 non
2959 5617 3231 5668 damnatur.

1839 5677 2328 5803 πξαωῇίῗῗίἑιιω,
2359 5677 2614 5745 [actionem
2655 5692 2673 5730 :
2703 5680 2860 5730 minus
2894 5679 3046 5738 bene.
3083 5687 3140 5730 ut
3179 5685 3318 5744 patet
3353 5693 3422 5735 ex

2521 5827 2590 5906 {t3
2608 5826 2832 5905 inquam
2846 5835 3064 5903 tc-sept
3083 5832 3117 5906 λ
