3926 6368
450 296 595 356 1807

449 424 573 468 cum
608 405 717 465 illis
740 402 953 460 futurus
987 406 1104 454 erat
1148 407 1316 464 usque
1360 389 1427 447 ad
1465 387 1833 446 ascensionem
1860 395 2030 439 suam.

445 499 733 571 Quodlibet
759 496 950 552 horum
987 490 1109 563 quis
1134 486 1315 559 eligat,
1345 498 1470 540 cum
1492 480 1597 536 fide
1625 493 1732 536 non
1756 474 1943 546 litigat.

518 594 573 650 5.
604 590 682 647 Ne
712 588 799 645 cui
825 594 1003 642 autem
1040 579 1285 637 videatur
1308 575 1599 631 abhorrere
1638 571 1738 626 iste
1788 579 1978 623 sensus
2003 579 2034 618 a

446 699 600 752 vero,
630 696 737 753 quo
764 678 993 735 dicimus
1022 672 1305 729 Dominum
1325 665 1568 723 mortalis
1593 661 1770 718 carnis
1797 671 2039 715 commu-

449 750 686 838 nionem,
719 770 774 825 in
824 782 927 839 qua
950 779 1073 822 cum
1111 758 1389 831 discipulis
1415 771 1583 826 usque
1629 751 1697 809 ad
1736 750 2038 822 passionem

448 868 573 933 fuit,
604 864 903 938 significare
930 858 1167 930 potuisse
1185 853 1436 920 dicendo,
1468 849 1651 905 Adhuc
1672 847 1929 902 modicum
1954 858 2043 899 vo-

452 962 645 1018 biscum
688 972 839 1021 sum;
864 951 1004 1023 apud
1040 950 1203 1006 alium
1242 958 1456 1018 quoque
1503 941 1887 1012 evangelistam
1924 941 2045 1006 post

454 1050 903 1110 resurrectionem
933 1043 1096 1099 verba
1125 1040 1242 1110 ejus
1270 1035 1528 1101 attendat,
1561 1033 1651 1088 ubi
1691 1030 1786 1095 ait,
1816 1028 1943 1084 Hice
1962 1026 2044 1082 lo-

457 1154 605 1200 cutus
630 1157 741 1196 sum
756 1137 914 1204 vobis,
943 1149 1056 1190 cum
1072 1132 1239 1186 adhuc
1260 1145 1416 1185 essem
1438 1126 1684 1183 vobiscum
1703 1121 1853 1194 (Luc.
1893 1134 2044 1185 xnv,

459 1237 553 1309 Îœ)
579 1256 592 1290 :
619 1233 769 1305 quasi
796 1241 922 1286 tunc
951 1243 1058 1284 non
1102 1235 1361 1280 eratcum
1392 1221 1520 1291 ipsis
1557 1217 1714 1275 simul
1743 1211 2047 1271 assistenti-

462 1307 585 1396 bus,
633 1325 955 1390 videntibus,
998 1319 1353 1392 tangentibus,
1407 1312 1856 1386 eolloquentibus.
1908 1307 2049 1377 Quid

463 1432 548 1480 est
572 1435 721 1491 ergo,
749 1434 863 1471 cum
888 1414 1055 1469 adhuc
1096 1426 1255 1467 essent
1278 1408 1550 1471 vobiscum,
1578 1405 1702 1468 nisi,
1725 1417 1847 1458 cum
1875 1400 2052 1456 adhuc

465 1490 651 1570 essem,
686 1509 738 1564 in
784 1522 946 1564 carne
975 1502 1210 1566 mortali,
1244 1501 1296 1555 in
1322 1513 1424 1568 qua
1481 1499 1611 1552 estis
1653 1503 1708 1549 et
1747 1495 1878 1548 vos?
1903 1490 2052 1545 Tunc

464 1604 607 1659 enim
636 1600 849 1672 quidem
886 1597 939 1652 in
963 1596 1152 1651 eadem
1179 1606 1339 1648 carne
1370 1587 1718 1644 resuscitatus
1762 1592 1916 1648 erat;
1955 1581 2051 1638 sed

465 1711 588 1751 cum
620 1694 725 1748 illis
749 1693 802 1747 in
832 1689 1021 1747 eadem
1056 1684 1382 1740 mortalitate
1409 1681 1520 1751 jam
1573 1695 1678 1733 non
1729 1687 1864 1731 erat.
1905 1673 2053 1742 Qua-

468 1796 686 1859 propter
705 1785 843 1839 sicut
859 1780 930 1836 ibi
957 1779 1067 1849 jam
1092 1774 1488 1833 immortalitate
1526 1770 1701 1826 carnis
1731 1767 1944 1823 indutus
1965 1782 2056 1823 ve-

466 1855 663 1935 raciter
688 1874 782 1934 ait.
804 1888 918 1926 cum
945 1868 1114 1923 adhuc
1134 1880 1290 1921 essent
1319 1862 1605 1925 vobiscum;
1637 1859 1727 1915 ubi
1754 1858 1883 1914 nihil
1912 1855 2054 1912 aliud

468 1967 765 2037 intelligere
782 1974 1086 2033 possumus,
1109 1956 1230 2021 nisi,
1254 1971 1375 2011 cum
1396 1952 1567 2009 adhuc
1590 1966 1764 2007 essem
1799 1950 1851 2005 in
1879 1947 2056 2003 carnis

470 2059 791 2119 mortalitate
816 2054 1090 2111 vobiscum
1118 2051 1221 2107 :ita
1248 2059 1306 2105 et
1328 2048 1414 2102 hic
1443 2062 1549 2101 non
1579 2042 1815 2099 absurde
1849 2042 2049 2096 dixisse

469 2152 798 2222 intelligitur,
849 2146 1029 2201 Adhuc
1056 2144 1307 2198 modicum
1333 2140 1586 2194 vobiscum
1630 2153 1766 2201 sum,
1806 2142 2056 2204 tanquam

469 2244 691 2307 diceret,
720 2239 899 2296 adhuc
924 2236 1190 2292 modicum
1216 2233 1355 2287 sicut
1375 2246 1473 2286 vos
1498 2231 1650 2295 estis,
1677 2225 1917 2283 mortalis
1939 2238 2057 2280 sum

469 2350 591 2408 ego.
614 2335 753 2403 Ergo
772 2329 1049 2402 sequentia
1070 2325 1367 2382 videamus.

549 2429 611 2484 4.
648 2424 897 2493 Quterctis
927 2437 1026 2487 me,
1056 2429 1104 2475 et
1121 2420 1249 2475 sicut
1277 2416 1385 2471 dixi
1407 2413 1627 2479 Iudicis,
1658 2427 1759 2478 quo
1778 2428 1870 2483 ego
1906 2410 2058 2479 vado,

470 2536 559 2575 vos
598 2533 700 2572 non
745 2513 950 2587 potestis
996 2511 1184 2577 venire,
1223 2517 1271 2563 et
1311 2505 1448 2562 vobis
1471 2504 1584 2559 dico
1612 2502 1783 2558 modo.
1817 2501 1930 2558 Hoc
1953 2508 2058 2570 est,

470 2610 633 2669 modo
676 2623 782 2664 non
813 2604 1053 2677 potestis.
1082 2599 1282 2658 Judteis
1305 2607 1486 2655 autem
1534 2611 1658 2654 eum
1700 2595 1805 2652 hoc
1832 2594 2058 2664 diceret,

470 2718 579 2758 non
600 2697 803 2755 addidit
827 2695 996 2751 modo.
1018 2693 1109 2749 Isti
1129 2693 1310 2762 itaque
1331 2690 1519 2747 venire
1539 2704 1645 2744 non
1669 2696 1917 2759 poterant
1937 2696 2063 2742 tunc

472 2808 579 2865 quo
601 2791 690 2846 ille
720 2791 849 2853 ilnit,
881 2786 977 2843 sed
998 2790 1245 2856 poterant
1277 2790 1464 2852 postea
1491 2798 1505 2836 :
1535 2794 1656 2835 nam
1699 2778 1802 2835 hoc
1819 2778 2063 2849 apostolo

472 2886 634 2943 Petro
659 2882 995 2953 apertissime
1028 2877 1189 2949 paulo
1217 2883 1338 2947 post
1370 2873 1466 2930 ait.
1494 2872 1632 2929 Cum
1670 2872 1814 2928 enim
1841 2872 2065 2928 dixisset

475 2978 595 3043 ille,
624 2974 858 3036 Domine,
888 2988 989 3042 quo
1016 2969 1204 3025 vadis?
1235 2965 1512 3039 respondit
1538 2965 1611 3034 ei,
1645 2964 1762 3032 Quo
1789 2980 1883 3037 ego
1912 2966 2060 3033 vado,

476 3085 581 3125 non
610 3078 748 3136 potes
773 3082 853 3120 me
893 3065 1042 3120 modo
1067 3061 1208 3136 sequi
1226 3078 1244 3128 ;
1261 3060 1484 3134 sequeris
1511 3069 1680 3114 autem
1706 3056 2062 3130 posteanan.

474 3175 593 3226 xul,
621 3157 732 3229 56).
758 3155 865 3211 Sed
892 3155 995 3209 hoc
1019 3152 1147 3225 quid
1172 3152 1264 3217 sit,
1312 3165 1417 3205 non
1448 3149 1779 3221 negligenter
1818 3156 1902 3202 est
1929 3162 2065 3217 pra:-

481 3245 816 3306 tereundum.
847 3243 963 3311 Quo
985 3242 1128 3298 enim
1150 3239 1303 3311 sequi
1330 3248 1455 3295 tunc
1482 3254 1588 3295 non
1626 3244 1871 3309 poterant
1900 3236 2067 3292 disci-

479 3340 594 3412 puli
621 3337 926 3401 Dominum,
954 3333 1046 3390 sed
1072 3340 1256 3404 postea
1289 3329 1573 3402 poterant?
1603 3330 1660 3385 Si
1681 3328 1977 3386 dixerimus
1999 3327 2066 3385 ad

479 3439 710 3488 mortem
742 3426 981 3483 :homini
1021 3432 1146 3480 nato
1186 3421 1327 3494 quod
1374 3422 1643 3479 invenitur
1687 3429 1921 3493 tempus,
1961 3437 2068 3493 quo

479 3524 549 3579 ad
576 3518 907 3578 moriendum
938 3532 1042 3574 non
1086 3515 1158 3571 sit
1196 3513 1451 3580 idoneus;
1486 3511 1917 3584 quandoquidem
1951 3511 2070 3568 talis

481 3626 566 3674 cst
593 3619 645 3671 in
666 3627 892 3683 corpore
917 3607 1247 3679 corruptibili
1274 3605 1552 3661 hominum
1580 3620 1728 3671 sors,
1759 3613 1818 3659 ut
1854 3619 1962 3659 non
1997 3604 2072 3660 sit

486 3711 540 3764 in
568 3723 630 3763 ea
658 3704 860 3761 facilior
883 3703 990 3757 vita
1017 3714 1174 3770 quam
1217 3697 1404 3753 mors?
1430 3695 1544 3752 Non
1577 3695 1735 3766 igitur
1761 3696 1935 3752 adhuc
1970 3696 2071 3752 mi-

485 3814 587 3855 nus
631 3794 807 3851 idonei
853 3799 1007 3849 erant
1055 3790 1204 3861 sequi
1242 3788 1527 3843 Dominum
1564 3786 1633 3841 ad
1677 3796 1903 3842 mortem
1927 3826 1943 3853 ,
1975 3785 2071 3842 sed

485 3889 663 3944 minus
682 3883 855 3941 idonei
883 3891 1034 3938 erant
1057 3879 1209 3951 sequi
1232 3878 1513 3933 Dominum
1537 3877 1606 3933 ad
1629 3878 1794 3932 vitam
1816 3893 1936 3948 quae
1964 3892 2069 3934 non

490 3979 648 4037 habet
671 3984 918 4031 mortem.
950 3972 1043 4026 ille
1068 3969 1263 4042 quippe
1309 3968 1420 4024 ibat
1444 3968 1734 4034 Dominus,
1764 3975 1821 4022 ut
1846 3982 2071 4037 surgens

485 4087 518 4127 a
542 4067 765 4125 mortuis
787 4065 897 4136 jam
939 4080 1044 4119 non
1084 4069 1400 4125 numeretur,
1438 4068 1493 4114 et
1522 4073 1666 4113 mors
1717 4058 1763 4113 ei
1796 4060 1935 4112 ultra
1966 4073 2071 4113 non

486 4163 853 4219 dominaretur
884 4156 1059 4230 (Rom.
1103 4171 1175 4219 vt,
1203 4155 1283 4220 9).
1311 4152 1623 4207 Moriturum
1653 4151 1850 4222 quippe
1891 4150 2074 4207 Domi-

492 4271 619 4311 num
669 4268 764 4324 pro
810 4249 1014 4321 justitia
1070 4245 1340 4319 quomodo
1382 4243 1492 4313 jam
1545 4244 1755 4299 fuerant
1816 4244 2071 4310 secuturi,

487 4343 946 4414 adhucmartyrio
991 4353 1097 4394 non
1143 4336 1369 4392 maturi?
1413 4335 1521 4390 Aut
1548 4336 1745 4390 iturum
1791 4335 2071 4390 Dominum

490 4436 558 4491 ad
588 4434 1039 4489 immortalitatem
1084 4428 1279 4491 carnis,
1326 4428 1593 4497 quomodo
1618 4427 1728 4497 jam
1757 4427 2077 4484 fuerant'se-

492 4527 691 4589 cuturi,
719 4523 1063 4595 quandolibet
1083 4519 1347 4586 morituri,
1372 4519 1467 4574 sed
1488 4518 1540 4573 in
1563 4519 1743 4574 seaculi
1772 4520 1876 4575 line
1903 4536 2082 4576 resur-

493 4616 721 4674 recturi?
739 4614 1050 4670 Autiturum
1077 4610 1361 4666 Dominum
1381 4608 1447 4664 ad
1463 4609 1641 4666 sinum
1664 4610 1855 4676 Patris,
1878 4627 1977 4667 nec
1996 4628 2083 4669 re-

494 4710 745 4764 licturum
773 4719 888 4771 eos,
922 4702 1062 4759 unde
1085 4717 1195 4763 nec,
1212 4701 1433 4758 recessit
1460 4716 1583 4757 cum
1609 4702 1842 4759 venisset
1868 4702 1934 4758 ad
1965 4718 2080 4771 eos,

497 4800 767 4872 quomodo
791 4799 901 4870 jam
928 4796 1139 4852 fuerant
1173 4794 1405 4851 secuturi
1431 4810 1446 4862 ;
1475 4808 1595 4849 cum
1624 4809 1743 4850 esse
1770 4811 1928 4852 nemo
1956 4811 2082 4867 pos-

497 4894 570 4949 sit
595 4893 646 4947 in
670 4891 758 4946 illa
776 4888 1029 4960 felicitate
1049 4887 1149 4942 nisi
1173 4883 1438 4956 perfectus
1455 4885 1508 4939 in
1529 4883 1830 4941 charitate?
1854 4885 2086 4958 Ideoque

500 4984 700 5039 docens
725 4979 995 5053 quomodo
1021 4978 1196 5033 idonei
1224 4991 1346 5032 esse
1376 4975 1582 5046 possint
1610 4991 1831 5048 pergere
1866 4995 1971 5050 quo
1996 4978 2087 5035 ille

512 5076 883 5141 antecedebat,
912 5072 1234 5139 Mandatum,
1280 5070 1466 5141 inquit,
1520 5085 1707 5124 novum
1744 5069 1810 5124 do
1847 5071 2005 5137 vobis,
2031 5080 2088 5125 ut

505 5168 728 5240 diligatis
753 5167 962 5220 invicem
991 5163 1168 5237 (Joan.
1196 5178 1313 5229 xm,
1341 5163 1453 5233 54).
1480 5161 1546 5217 Hi
1582 5171 1707 5218 sunt
1731 5178 1946 5234 gressus
1973 5164 2090 5234 qui-

507 5263 607 5317 bus
629 5256 933 5329 sequendus
958 5266 1042 5311 est
1059 5254 1302 5311 Christus
1329 5271 1343 5308 :
1366 5254 1463 5310 sed
1483 5252 1550 5310 de
1570 5252 1655 5310 his
1673 5269 1852 5311 sermo
1878 5255 2091 5313 uberior

507 5353 560 5408 in
586 5350 731 5407 aliud
763 5358 975 5421 tempus
1002 5354 1086 5402 est
1109 5343 1452 5402 differendus.

997 5477 1318 5537 TRACTAT
1319 5477 1406 5536 US
1442 5479 1602 5535 LXV.

513 5596 576 5655 1n
604 5597 656 5652 id
685 5596 821 5667 quod
848 5593 1094 5651 Dominus
1121 5594 1226 5661 ait,
1256 5591 1558 5655 Mandatum
1588 5607 1783 5649 novum
1808 5592 1878 5651 do
1905 5592 2088 5661 vobis,

584 5698 640 5743 ut
676 5687 905 5757 diligatis
933 5687 1190 5755 invicem,
1236 5684 1372 5741 sicut
1396 5682 1556 5741 dilexi
1581 5700 1706 5753 vos,
1730 5692 1786 5741 ut
1811 5692 1865 5742 et
1886 5699 1981 5744 vos
2009 5686 2093 5742 in-

1401 277 1466 336 lN
1503 273 1783 334 JOANMS
1820 257 2285 336 EVANGELIUM,
2323 267 2382 326 S.
2421 261 2789 326 AUGUSTINI

3558 264 3677 331 Î¹Ï‰

2217 378 2385 435 vicem
2413 379 2642 451 diligatis
2671 399 2686 435 :
2717 379 2773 434 in
2798 378 2899 433 hoc
2925 384 3248 448 cognoscent
3264 389 3446 434 omnes
3467 376 3681 449 quiamei

2210 468 2452 541 discipuli
2481 471 2631 537 esus,
2654 468 2700 525 si
2725 467 3068 524 dilectionem
3095 465 3382 526 habueritis
3398 482 3451 522 Î¹Î¹Î¹
3468 467 3680 527 invicem.

2211 558 2337 632 Cap.
2364 576 2488 626 xui,
2532 561 2570 630 á¾—
2603 560 2679 631 7.
2710 558 2815 627 54,
2844 559 2935 615 55.

2213 650 2267 705 1.
2308 650 2563 707 Dominus
2604 649 2760 707 .lcSus
2784 650 3091 706 mandatum
3118 664 3313 706 novum
3359 665 3418 707 se
3456 650 3688 722 discipulis

2143 743 2254 801 suis
2277 743 2407 801 dare
2432 751 2679 810 testatur,
2729 752 2787 798 ut
2828 741 3043 815 diligant
3089 743 3315 799 invicem
3345 760 3359 796 :
3392 740 3689 813 Mandatum,

2145 838 2352 910 inquit,
2393 854 2581 893 novum
2607 838 2674 893 do
2700 838 2836 894 vobis
2856 880 2872 906 ,
2923 852 2977 893 ut
3023 838 3247 912 diligatis
3289 838 3510 894 invicem.
3537 838 3695 896 Nonne

2143 929 2253 1000 jam
2282 940 2398 986 erat
2426 930 2529 985 hoc
2558 928 2863 985 mandatum
2890 929 2941 985 in
2968 930 3183 1000 antiqua
3209 928 3465 999 Dciâ€˜lege,
3487 928 3568 985 ubi
3587 931 3698 985 scri-

2148 1032 2298 1094 ptum
2327 1032 2443 1091 est,
2490 1021 2687 1094 Diliges
2733 1024 3020 1092 proximum
3062 1032 3202 1076 tuum
3246 1030 3481 1090 tanquam
3520 1021 3698 1089 teipsuni

2152 1114 2336 1187 (Levii.
2356 1132 2469 1182 XIX,
2495 1115 2618 1187 l8)?
2638 1115 2747 1171 Cur
2764 1130 2892 1187 ergo
2913 1129 3107 1170 novum
3127 1113 3423 1185 appellatur
3441 1128 3471 1168 a
3492 1113 3699 1183 Domino,

2151 1209 2294 1281 quod
2316 1219 2422 1265 tam
2451 1219 2600 1265 vetus
2622 1223 2742 1265 esse
2769 1207 3139 1265 convincitur?
3168 1209 3247 1261 An
3279 1205 3400 1261 ideo
3423 1215 3501 1261 est
3519 1206 3703 1261 manda-

2154 1309 2265 1355 tum
2304 1316 2534 1366 novum,
2577 1301 2699 1370 quia
2725 1310 2885 1356 exuto
2930 1307 3110 1355 vetere
3148 1297 3322 1354 induit
3349 1312 3447 1352 nos
3472 1296 3703 1354 hominem

2155 1392 2390 1447 novum?
2435 1391 2659 1447 lnnovat
2695 1392 2892 1462 quippe
2932 1387 3275 1455 audientem,
3304 1386 3387 1444 vel
3418 1389 3579 1458 potius
3603 1387 3708 1444 obe-

2156 1482 2409 1548 dientem,
2438 1498 2543 1537 non
2567 1481 2743 1537 omnis
2762 1524 2776 1545 ,
2805 1479 2899 1535 sed
2931 1481 3030 1535 ista
3056 1478 3275 1535 dilectio
3306 1493 3461 1548 quam
3492 1477 3707 1532 Dominus

2159 1580 2268 1627 uta
2298 1573 2498 1628 carnali
2529 1572 2815 1628 dilectione
2837 1570 3221 1642 distingueret,
3247 1567 3480 1632 addidit,
3505 1569 3616 1623 sicut
3640 1566 3705 1621 di-

2158 1667 2257 1722 lexi
2285 1684 2389 1722 vos.
2420 1667 2552 1723 Nam
2582 1667 2806 1738 diligunt
2846 1668 3070 1723 invicem
3114 1666 3294 1722 mariti
3322 1677 3377 1721 et
3401 1681 3611 1731 uxores,
3637 1680 3709 1736 pa.

2159 1769 2339 1815 rentes
2380 1766 2434 1814 et
2478 1759 2606 1825 filii,
2635 1768 2691 1814 et
2717 1775 3066 1830 qumcumque
3108 1758 3211 1812 alia
3261 1758 3482 1813 interse
3506 1755 3709 1812 homines

2158 1849 2495 1905 necessitudo
2542 1850 2771 1904 humana
2815 1849 3112 1906 devinxerit
3141 1865 3156 1903 :
3189 1857 3249 1903 ut
3273 1857 3537 1903 taceamus
3562 1845 3621 1902 de
3643 1846 3709 1901 di-

2161 1939 2386 1994 lectione
2411 1939 2661 2009 culpabili
2701 1950 2861 2011 atque
2886 1939 3173 1995 damnabili
3196 1981 3211 2004 ,
3240 1954 3344 2009 qua
3365 1937 3578 2008 diligunt
3600 1937 3709 1991 invi-

2160 2048 2277 2088 cem
2314 2031 2539 2088 adulteri
2569 2043 2623 2088 et
2651 2033 2934 2100 adulterae,
2975 2041 3303 2088 scortatores
3332 2039 3388 2087 et
3411 2033 3710 2095 meretrices,

2161 2131 2216 2178 et
2242 2138 2606 2195 quoscumque
2650 2124 2786 2179 alios
2832 2138 2936 2179 non
2982 2123 3214 2177 ltutnana
3262 2120 3713 2187 necessitudo,sul

2163 2217 2408 2273 humana:
2444 2218 2565 2273 vitae
2608 2219 2764 2273 noxia
2803 2216 3072 2288 turpitudo
3115 2216 3416 2288 conjungit.
3456 2213 3712 2269 Mandatum

2163 2324 2290 2380 ergo
2317 2325 2509 2366 novum
2539 2308 2687 2366 dedit
2728 2309 2883 2364 nobis
2917 2308 3164 2364 Christus
3186 2349 3203 2376 ,
3237 2318 3296 2365 Î¹Î¹Î¹
3318 2308 3585 2379 ddigamus
3609 2305 3714 2360 inri-

2164 2416 2280 2457 ccm
2300 2442 2316 2470 ,
2344 2401 2480 2457 sicut
2507 2411 2561 2455 et
2586 2400 2700 2470 ipse
2719 2399 2906 2456 dilexit
2930 2414 3045 2455 nos.
3090 2400 3318 2455 Dilectio
3362 2400 3459 2454 ista
3485 2411 3575 2453 nos
3592 2398 3713 2452 inno-

2165 2500 2285 2559 vat,
2338 2500 2397 2548 ut
2437 2494 2603 2547 simus
2647 2491 2891 2549 homines
2934 2492 3087 2559 novi,
3146 2490 3396 2547 hzeredcs
3434 2486 3713 2545 Testamcnli

2164 2584 2332 2647 Novi.
2363 2592 2665 2640 cantatores
2692 2582 2883 2640 cantici
2922 2585 3065 2639 novi.
3118 2584 3250 2641 Haec
3284 2582 3526 2642 dilectio.
3561 2581 3717 2635 fratres

2166 2676 2464 2732 charissimi
2484 2716 2499 2738 ,
2531 2676 2779 2745 antiquos
2803 2674 2962 2731 etiam
2989 2683 3117 2730 tmte
3154 2674 3360 2746 iustos,
3384 2683 3505 2728 tunc
3526 2669 3716 2727 Patriar-

2166 2768 2294 2823 chas
2321 2777 2374 2824 et
2405 2767 2698 2838 Prophetas
2717 2808 2733 2833 ,
2760 2768 2897 2822 sicut
2935 2776 3117 2837 postea
3154 2766 3344 2823 beatos
3370 2764 3629 2835 Apostolos
3651 2762 3716 2816 in-

2169 2858 2383 2914 novavit
2412 2876 2425 2912 :
2457 2852 2571 2929 ipsa
2598 2866 2653 2913 et
2680 2874 2820 2913 nunc
2851 2858 3068 2913 innovat
3087 2869 3278 2929 gentes
3297 2900 3312 2925 ,
3344 2866 3397 2912 et
3423 2873 3484 2912 ex
3512 2855 3719 2911 universo

2168 2964 2364 3022 genere
2390 2948 2622 3004 humano
2650 2948 2789 3021 quod
2815 2948 3129 3004 diffunditur
3170 2958 3283 3005 toto
3311 2948 3440 3005 orbe
3466 2956 3716 3011 terrarum,

2170 3041 2294 3096 facit
2321 3052 2375 3096 et
2400 3040 2599 3111 colligit
2624 3041 2875 3110 populum
2915 3056 3110 3095 novum
3130 3082 3147 3104 ,
3176 3056 3376 3111 corpus
3407 3055 3549 3095 novae
3579 3046 3720 3106 nupta:

2172 3130 2289 3187 Filii
2334 3132 2426 3186 Dei
2458 3131 2713 3201 unigeniti
2735 3147 2981 3203 sponsze,
3011 3131 3078 3188 de
3101 3147 3206 3204 qua
3252 3131 3446 3188 dicitur
3472 3132 3522 3186 in
3543 3127 3724 3187 Cantica

2171 3222 2498 3279 Canticorum
2519 3265 2533 3288 ,
2565 3221 2693 3289 Quae
2716 3233 2787 3277 est
2815 3225 2912 3278 ista
2935 3239 3051 3294 qua:
3073 3224 3313 3279 ascendit
3341 3224 3561 3280 dealbata
3586 3219 3721 3294 (Cant.

2175 3332 2268 3372 vut
2289 3358 2303 3382 ,
2334 3316 2369 3373 5
2386 3356 2402 3379 .
2428 3332 2531 3372 sec.
2560 3315 2760 3387 LXX)?
2787 3316 2967 3388 utique
3002 3316 3259 3373 dealbata
3280 3358 3297 3383 ,
3318 3317 3466 3387 ~quia
3491 3316 3721 3375 innovata;

2175 3408 2314 3465 unde
2342 3406 2446 3464 nisi
2477 3408 2724 3465 mandato
2751 3407 2923 3464 novo?
2968 3407 3193 3479 Propter
3227 3408 3373 3480 quod
3416 3423 3507 3479 pro
3540 3404 3722 3462 invicem
3750 3458 3759 3471 ,

2175 3500 2397 3556 sollicita
2418 3511 2542 3557 sunt
2570 3500 2810 3557 membra
2838 3500 2889 3556 in
2916 3514 3015 3566 ea;
3043 3510 3096 3555 et
3115 3502 3160 3555 si
3190 3503 3399 3573 patitur
3427 3516 3576 3556 unum
3594 3511 3725 3552 mem.

2176 3591 2329 3648 brum
2350 3636 2366 3660 ,
2394 3592 2789 3664 compatiuntur
2814 3593 2993 3648 omnia
3019 3593 3298 3662 membra,
3328 3602 3382 3650 et
3419 3594 3462 3648 si
3504 3590 3725 3663 gloriï¬ca-

2177 3690 2262 3739 tur
2316 3698 2481 3738 unum
2532 3683 2865 3747 membrum,
2909 3683 3251 3755 congaudent
3305 3686 3479 3740 omnia
3529 3680 3725 3738 membra

2177 3774 2224 3844 (i
2254 3774 2369 3831 Cor.
2400 3791 2494 3840 xu,
2522 3775 2612 3839 25,
2641 3775 2756 3847 26).
2785 3773 3018 3832 Audiunt
3043 3777 3207 3843 enim,
3247 3787 3408 3847 atque
3430 3775 3722 3837 custodiunt,

2179 3865 2480 3922 Mandatum
2529 3884 2713 3923 novum
2753 3868 2820 3924 do
2867 3866 3035 3934 vobis,
3063 3878 3119 3923 ut
3150 3886 3242 3925 vos
3267 3871 3475 3925 invicem
3494 3865 3725 3940 diligatis:

2178 3976 2283 4016 non
2334 3958 2471 4016 sicut
2511 3976 2571 4017 se
2620 3960 2847 4032 diligunt
2873 3961 2964 4033 qui
3002 3973 3391 4034 corrumpunt,
3422 3978 3518 4019 nec
3541 3961 3725 4016 sieutso

2177 4050 2404 4123 diligunt
2440 4052 2712 4119 homines,
2757 4053 3010 4124 quoniam
3058 4051 3309 4111 homines
3333 4064 3480 4122 sunt;
3508 4052 3593 4109 sed
3614 4051 3724 4106 sicut

2180 4159 2239 4201 se
2261 4144 2515 4215 diligunt,
2546 4144 2795 4215 quoniam
2821 4143 2894 4199 dii
2917 4151 3043 4200 sunt
3066 4153 3120 4200 et
3146 4144 3242 4199 filii
3280 4144 3526 4201 Altissimi
3551 4153 3721 4203 omnes,

2182 4245 2239 4291 ut
2262 4236 2369 4291 sint
2392 4235 2527 4291 Filio
2553 4235 2670 4307 ejus
2694 4236 2854 4292 unico
2892 4235 3084 4293 fratres
3103 4277 3119 4304 ,
3140 4252 3202 4293 ea
3231 4238 3510 4295 dilectione
3536 4236 3720 4292 invicem

2181 4326 2461 4398 diligentes
2481 4369 2496 4394 ,
2525 4342 2627 4397 qua
2668 4326 2782 4398 ipse
2822 4326 3007 4383 dilexit
3045 4343 3175 4396 eos,
3205 4329 3552 4399 perducturus
3573 4342 3651 4383 cos
3670 4320 3722 4379 ad

2184 4420 2330 4476 illum
2357 4419 2514 4475 finem
2540 4420 2630 4490 qui
2656 4419 2885 4475 sufficiat
2910 4419 3019 4489 eis,
3054 4421 3141 4478 ubi
3167 4423 3394 4479 satietur
3418 4424 3471 4479 in
3491 4421 3629 4478 bonis
3650 4415 3723 4471 de-

2184 4510 2436 4567 siderium
2459 4526 2644 4566 eorum
2676 4508 2847 4583 (Psal.
2873 4526 2975 4579 cn,
3005 4510 3083 4584 5).
3111 4511 3262 4569 Tunc
3289 4515 3428 4569 enim
3456 4507 3632 4582 aliquid
3650 4505 3721 4562 de-

2185 4601 2381 4657 siderio
2404 4616 2509 4657 non
2534 4599 2739 4668 deerit,
2784 4601 2996 4672 quando
3033 4602 3209 4658 omnia
3252 4605 3305 4660 in
3345 4604 3579 4660 omnibus
3612 4600 3721 4654 Deus

2186 4693 2290 4750 erit
2315 4692 2362 4766 (Î¹
2384 4692 2503 4749 Cor.
2524 4707 2618 4758 xv,
2641 4690 2756 4766 28).
2786 4691 2930 4749 Talis
2951 4691 3068 4749 linis
3091 4709 3195 4749 non
3219 4693 3379 4751 habet
3401 4694 3567 4750 finem.
3587 4690 3723 4747 Nemo

2189 4783 2260 4839 ibi
2278 4783 2524 4850 moritur,
2551 4798 2659 4855 quo
2684 4798 2839 4839 nemo
2870 4784 3129 4855 pervenit,
3155 4785 3257 4841 nisi
3285 4786 3409 4843 huic
3433 4783 3613 4841 sarculo
3634 4794 3723 4835 mo-

2188 4875 2374 4943 riatur,
2405 4892 2509 4932 non
2538 4887 2710 4930 morte
2737 4877 2992 4945 omnium,
3025 4894 3127 4948 qua
3156 4894 3351 4949 corpus
3376 4880 3444 4936 ab
3467 4878 3623 4935 anima
3647 4873 3722 4930 de-

2189 4966 2412 5034 seritur;
2439 4966 2531 5023 sed
2555 4977 2725 5024 morte
2748 4970 3061 5037 electorum,
3082 4985 3185 5042 qua
3211 4972 3371 5027 etiam
3396 4986 3510 5027 cum
3531 4969 3578 5023 in
3596 4976 3724 5021 came

2192 5060 2401 5117 mortali
2429 5060 2604 5119 adhuc
2625 5072 2891 5129 manetur,
2917 5078 3011 5120 cor
3034 5078 3245 5122 sursum
3270 5067 3500 5137 ponitur.
3525 5062 3592 5118 De
3610 5055 3722 5131 quali

2192 5161 2363 5210 morte
2386 5152 2599 5210 dicebat
2626 5156 2944 5226 Apostolus,
2975 5155 3169 5211 ÎœÎ¿Î½Î¹Î±á½¶
3212 5159 3345 5213 enim
3388 5157 3529 5223 estis,
3569 5162 3610 5208 et
3647 5149 3723 5202 vita

2193 5254 2356 5302 vestra
2399 5245 2694 5302 abscondita
2733 5257 2807 5302 est
2848 5264 2963 5303 cum
2997 5247 3197 5307 Christo
3221 5253 3273 5305 in
3298 5248 3405 5305 Deo
3433 5246 3627 5319 (Caloss.
3654 5255 3721 5300 ut.

2195 5338 2271 5410 5).
2302 5336 2437 5394 Hine
2461 5337 2686 5395 fortasse
2709 5337 2911 5395 dictum
2938 5348 3043 5410 est,
3078 5338 3262 5397 Valide
3285 5352 3357 5397 est
3379 5341 3502 5397 sicut
3527 5351 3642 5392 mors
3658 5330 3722 5385 di-

2197 5431 2343 5487 lectio
2368 5428 2538 5502 (Cant.
2565 5447 2686 5496 vni,
2716 5430 2794 5503 6).
2822 5432 2932 5489 Hac
2950 5434 3091 5489 enim
3115 5434 3397 5493 dilectione
3424 5434 3478 5489 fit
3501 5429 3621 5488 utin
3646 5427 3723 5480 ists

2200 5524 2373 5580 adhuc
2397 5523 2726 5596 corruptibili
2751 5541 2974 5598 corpore
3000 5529 3272 5586 constituti
3319 5530 3585 5585 moriamur
3624 5518 3722 5576 huic

2201 5614 2431 5683 saeculo,
2478 5624 2533 5671 et
2574 5614 2679 5671 vita
2720 5626 2900 5674 nostra
2942 5618 3294 5678 abscondatur
3319 5637 3434 5676 cum
3477 5607 3719 5675 Clu-istoin

2204 5709 2314 5765 Deo
2344 5727 2358 5763 :
2390 5708 2496 5765 imo
2522 5708 2633 5779 ipsa
2660 5708 2876 5769 dilectio
2917 5723 2999 5771 est
3039 5731 3185 5772 lltors
3236 5722 3407 5771 nostra
3452 5709 3650 5773 sarculo,
3673 5705 3718 5757 ei
