3926 6362
228 727 371 769 amor
392 720 578 768 noster
603 712 747 767 exit?
788 710 970 767 Valida
994 720 1078 767 est
1101 726 1228 783 ergo
1247 712 1385 768 sicut
1408 728 1552 768 mors
1572 711 1807 768 dilectio.

224 802 350 873 Quid
372 817 433 858 ea
455 801 718 869 validius,
744 817 850 874 qua
877 803 1103 859 vincitur
1129 802 1395 859 mundus?

285 895 338 951 2.
375 893 550 950 Nolite
578 895 789 965 itaque,
836 893 1027 950 fratres
1063 895 1203 963 mei,
1236 904 1425 965 putare
1452 895 1504 951 in
1532 894 1635 951 hoc
1661 892 1804 966 quod

222 988 288 1044 ait
312 986 601 1053 Dominus,
635 984 941 1040 Mandatum
986 1001 1171 1040 novum
1211 985 1278 1040 do
1302 987 1461 1053 vobis,
1483 996 1538 1039 ut
1564 1002 1649 1040 vos
1670 986 1805 1040 invi-

220 1096 317 1136 cem
336 1079 561 1151 diligatis
578 1120 596 1145 ,
632 1078 761 1135 illud
788 1080 962 1149 majus
988 1078 1408 1150 prretermissum
1434 1094 1554 1135 esse
1578 1078 1803 1135 manda-

218 1184 353 1241 tum,
382 1186 491 1244 quo
534 1172 843 1244 praecipitur
888 1181 945 1227 ut
984 1172 1268 1243 diligamus
1312 1172 1593 1228 Dominum
1635 1171 1803 1228 Deum

217 1275 447 1323 nostrum
476 1280 547 1321 ex
581 1275 695 1321 toto
724 1265 919 1331 corde,
960 1282 1026 1321 ex
1073 1276 1180 1324 tota
1224 1267 1439 1331 anima.
1488 1276 1540 1324 et
1582 1282 1646 1323 ex
1693 1276 1801 1324 tota

214 1367 425 1415 mente:
461 1368 717 1428 tanquam
743 1357 886 1412 enim
935 1357 1036 1413 hoc
1078 1356 1442 1427 praetermisso
1481 1357 1695 1413 videtur
1720 1357 1803 1413 di-

214 1460 342 1506 ctum
363 1489 379 1513 ,
409 1460 467 1503 ut
493 1449 728 1521 diligatis
751 1449 959 1504 invicem
977 1490 993 1515 ,
1024 1450 1170 1504 velut
1195 1448 1295 1506 hoc
1321 1448 1387 1504 ad
1410 1449 1542 1504 illttd
1570 1450 1799 1506 alterum

215 1558 309 1596 non
352 1542 656 1613 pertineat,
699 1556 807 1613 quo
851 1541 1048 1596 dictum
1092 1550 1209 1609 est,
1264 1541 1456 1612 Diliges
1511 1543 1801 1613 proximum

214 1640 344 1684 tuum
372 1640 620 1701 tanquam
650 1631 882 1701 teipsum.
912 1629 979 1684 In
999 1631 1078 1685 Itis
1114 1631 1256 1685 enim
1278 1631 1476 1685 duobus
1501 1633 1796 1703 prwceplis,

213 1723 368 1794 inquit
388 1763 403 1785 ,
429 1732 538 1776 tota
567 1720 680 1776 Lea.~
705 1721 904 1792 pendet,
937 1731 983 1776 et
1009 1721 1283 1792 Propheta:
1307 1722 1517 1794 (Matth.
1542 1739 1671 1789 xxn,
1702 1724 1800 1779 37-

212 1815 311 1886 40).
340 1813 444 1871 Sed
474 1815 620 1870 bene
664 1814 1077 1884 intelligentibus
1125 1825 1409 1886 utrumque
1450 1817 1714 1872 invenitur
1742 1818 1798 1873 in

212 1908 440 1978 singulis.
482 1906 627 1961 Nam
654 1916 710 1962 et
734 1908 824 1978 qui
852 1908 1023 1979 diligit
1066 1907 1268 1974 Deum,
1312 1924 1420 1964 non
1463 1924 1585 1965 eum
1620 1918 1798 1980 potest

211 2007 544 2056 contemnere
589 1998 991 2070 praecipientem
1037 2007 1090 2054 ut
1135 1999 1320 2069 diligat
1362 1999 1695 2069 proximum;
1742 2011 1798 2057 et

212 2091 290 2161 qui
314 2100 494 2146 sancte
518 2106 586 2147 ac
626 2090 977 2161 spiritualiter
1017 2088 1190 2159 diligit
1219 2089 1518 2158 proximum
1540 2131 1556 2157 ,
1588 2090 1715 2161 quid
1740 2091 1794 2146 in

211 2195 270 2237 eo
289 2182 453 2254 diligit
477 2183 582 2237 nisi
620 2182 832 2238 Deum?
878 2181 992 2252 Ipsa
1018 2190 1101 2237 est
1124 2182 1340 2237 dilectio
1367 2181 1437 2236 ab
1463 2179 1609 2237 timui
1641 2198 1796 2238 mun-

212 2272 333 2331 dana
369 2273 668 2330 dilectione
710 2273 939 2329 discreta
960 2315 975 2338 ,
1006 2288 1164 2344 quam
1190 2271 1565 2344 distinguendo
1591 2273 1795 2329 addidit

211 2367 447 2424 Dominus
470 2410 486 2428 .
518 2368 662 2422 sicut
703 2366 859 2422 dilexi
887 2383 991 2422 vos.
1036 2365 1172 2434 Quid
1200 2367 1341 2422 enim
1367 2367 1464 2422 nisi
1513 2367 1678 2423 Deum
1707 2366 1789 2423 di-

212 2458 325 2515 lexit
349 2458 399 2514 in
425 2460 584 2515 nobis
601 2460 630 2514 ?
673 2458 788 2515 Non
814 2459 954 2530 quod
980 2458 1335 2525 habebamus,
1357 2459 1451 2515 sed
1479 2468 1536 2515 ιιι
1565 2460 1792 2516 habere-

213 2565 316 2606 mus
345 2569 358 2604 :
389 2561 444 2606 ut
469 2550 737 2622 perducat
774 2564 872 2605 nos
893 2590 909 2616 ,
938 2534 1075 2605 sicut
1098 2550 1255 2621 paulo
1282 2560 1405 2606 ante
1432 2551 1580 2620 dixi,
1609 2550 1698 2607 ubi
1723 2552 1795 2607 sit

215 2639 337 2698 Deus
357 2643 529 2697 omnia
559 2644 622 2696 in
653 2642 919 2698 omnibus.
946 2641 1033 2698 Sic
1056 2643 1215 2697 etiam
1242 2642 1477 2698 medicus
1499 2652 1644 2700 recte
1661 2642 1793 2700 dici-

215 2743 290 2788 tur
312 2750 480 2805 agros
503 2735 739 2806 diligere
769 2754 782 2790 :
814 2742 868 2791 et
895 2735 1019 2807 quid
1045 2738 1097 2790 in
1117 2736 1198 2792 eis
1223 2735 1324 2791 nisi
1349 2736 1572 2792 salutem
1597 2737 1786 2809 diligit,

216 2840 352 2896 quam
376 2826 517 2894 cupit
549 2827 741 2895 utique
770 2841 1021 2881 revocare
1039 2868 1055 2894 ,
1084 2841 1188 2881 non
1212 2826 1453 2881 morbum
1470 2869 1485 2891 ,
1512 2843 1671 2898 quem
1694 2844 1791 2884 ve-

214 2916 555 2986 nitcxpellere
573 2918 606 2970 ?
649 2916 737 2971 Sic
760 2932 888 2987 ergo
911 2926 966 2971 et
992 2931 1089 2971 nos
1132 2918 1356 2972 invicem
1382 2917 1665 2988 diligamus
1682 2961 1699 2986 ,
1730 2928 1790 2975 ut

213 3016 442 3075 quantum
474 3022 806 3078 possumus,
837 3007 1061 3062 invicem
1104 3007 1170 3062 ad
1222 3007 1523 3065 habendum
1554 3009 1605 3065 in
1636 3010 1790 3068 nobis

214 3094 360 3149 Deum
383 3112 509 3152 cura
534 3096 848 3152 dilectionis
873 3097 1222 3153 attrahamus.
1275 3098 1422 3154 lianc
1447 3099 1786 3158 dilectionem

214 3190 350 3246 nobis
387 3192 550 3248 donat
605 3191 718 3261 ipse
746 3192 833 3263 qui
874 3192 981 3255 ait,
1027 3192 1173 3247 Sicut
1215 3191 1372 3248 dilexi
1399 3210 1484 3249 vos
1506 3236 1522 3261 ,
1553 3205 1608 3249 ut
1631 3205 1679 3251 et
1702 3213 1787 3251 vos

216 3282 412 3354 diligatis
451 3284 695 3338 invicem.
739 3282 821 3337 Ad
860 3283 961 3337 hoc
1001 3298 1129 3353 ergo
1157 3298 1256 3339 nos
1279 3283 1487 3348 dilexit.
1518 3295 1579 3340 ut
1604 3294 1660 3342 et
1689 3302 1787 3343 nos

213 3368 468 3443 diligamus
515 3374 786 3437 invicem;
841 3373 943 3428 hnc
994 3372 1145 3429 nobis
1191 3374 1473 3430 conferens
1519 3376 1786 3448 diligendo

212 3476 296 3516 nos
315 3505 328 3528 ,
359 3474 411 3518 ut
439 3474 633 3519 mutua
658 3461 942 3519 dilectione
967 3462 1394 3534 constringamur
1422 3464 1560 3521 inter
1588 3480 1701 3531 nos,
1731 3476 1787 3523 et

210 3562 304 3610 tam
338 3557 474 3613 dulci
499 3556 722 3612 vinculo
745 3555 1000 3612 connexis
1026 3555 1281 3612 membris
1316 3571 1510 3629 corpus
1536 3559 1667 3614 tanti
1690 3573 1783 3614 ca-

212 3646 319 3713 pitis
340 3648 522 3703 simus.

272 3737 319 3792 3.
357 3736 422 3793 In
446 3739 544 3792 hoc
581 3745 905 3808 cognoscent,
937 3735 1136 3808 inquit,
1165 3754 1337 3793 omnes
1359 3739 1480 3810 quia
1508 3740 1609 3795 mei
1626 3741 1781 3795 disci-

212 3826 308 3885 νειιὶ
335 3830 465 3894 estis,
489 3830 534 3883 si
551 3828 869 3883 dilectionem
890 3827 1161 3883 habueritis
1180 3829 1232 3882 in
1256 3829 1466 3884 invicem
1489 3846 1509 3885 .'
1533 3840 1781 3902 tanquam

211 3916 409 3984 diceret,
431 3920 560 3976 Alia
586 3936 804 3977 munera
832 3935 951 3975 mea
975 3920 1171 3975 habent
1193 3921 1465 3976 vobiscum
1494 3922 1651 3978 etiam
1673 3939 1781 3980 non

212 4012 333 4076 mei,
357 4027 460 4069 non
490 4012 671 4069 solum
697 4021 959 4077 naturam,
988 4013 1146 4066 vitam
1168 4053 1182 4076 ,
1212 4027 1451 4079 sensum,
1492 4014 1776 4084 rationem,

212 4110 258 4157 et
281 4118 390 4159 eam
417 4105 649 4161 salutem
674 4118 793 4173 qua:
814 4102 1112 4157 hominibus
1134 4103 1519 4174 pecoribusque
1538 4120 1779 4161 commu-

212 4192 284 4248 nis
302 4204 410 4262 est;
438 4209 632 4252 verum
672 4195 832 4250 etiam
860 4194 1063 4264 linguas
1085 4234 1102 4261 ,
1131 4195 1474 4250 Sacramenta
1499 4238 1515 4262 ,
1544 4197 1778 4269 prophev

214 4283 355 4349 tiam,
380 4285 660 4343 scientiam
684 4327 701 4353 ,
740 4284 931 4349 tidem,
964 4283 1388 4340 distributionem
1435 4301 1613 4342 rerum
1652 4302 1779 4344 sua-

214 4389 314 4430 rum
357 4378 714 4449 pauperibus,
759 4386 814 4432 et
853 4376 1187 4431 traditionem
1231 4377 1472 4445 corporis
1494 4378 1578 4434 sui
1607 4388 1665 4434 ut
1693 4395 1777 4435 ar-

214 4464 355 4522 deant
381 4487 395 4523 :
421 4469 517 4524 sed
547 4467 798 4540 quoniam
824 4467 1136 4523 eharitatem
1165 4483 1273 4522 non
1300 4467 1517 4535 habent,
1546 4478 1601 4524 ut
1626 4485 1773 4544 cym-

215 4557 316 4613 bala
338 4570 692 4631 concrepant,
722 4559 853 4615 nihil
878 4569 1031 4626 sunt,
1059 4559 1191 4614 nihil
1214 4560 1316 4615 illis
1343 4560 1558 4631 prodest
1581 4561 1627 4633 (l
1654 4561 1773 4618 Cor.

215 4663 333 4716 xm,
364 4652 502 4723 1-5).
522 4651 641 4707 Νοιι
661 4666 790 4723 ergo
819 4652 872 4707 in
900 4651 1003 4706 illis
1027 4651 1270 4722 quamvis
1295 4652 1448 4707 bonis
1471 4654 1777 4710 muneribus

216 4744 365 4809 meis,
394 4761 515 4816 qua:
534 4743 735 4800 habere
764 4753 985 4815 possunt
1012 4745 1172 4799 etiam
1212 4758 1319 4799 non
1361 4743 1604 4814 discipuli
1633 4747 1736 4801 mei
1760 4763 1774 4810 ;

214 4830 295 4885 sed
317 4833 366 4887 in
386 4834 480 4888 hac
507 4843 803 4905 cognoscent
827 4850 996 4888 omnes
1023 4834 1142 4905 quia
1172 4834 1269 4888 mei
1293 4835 1532 4904 discipuli
1559 4836 1706 4901 estis,
1734 4838 1776 4891 si

215 4921 512 4980 dilectionem
532 4925 806 4980 habueritis
828 4925 882 4978 in
906 4924 1131 4978 invicem.
1160 4924 1205 4979 0
1228 4938 1423 4994 sponsa
1443 4922 1638 4981 Christi
1661 4926 1779 4996 pul-

216 5010 327 5066 cbra
351 5013 489 5070 inter
512 5016 787 5071 mulieres!
817 5029 852 5071 ο
876 5013 1118 5070 dealbata
1143 5014 1467 5082 ascendens,
1498 5024 1553 5072 et
1575 5017 1779 5073 incum-

218 5097 333 5157 bens
370 5118 529 5175 super
562 5105 866 5161 fratruelem
904 5105 1088 5159 tuum!
1125 5106 1372 5174 quoniam
1398 5105 1549 5176 cujus
1578 5107 1779 5164 lumine

218 5190 483 5251 illustraris
506 5206 561 5253 ut
582 5198 833 5264 eandeas,
855 5195 969 5266 ejus
988 5195 1252 5266 adjutorio
1274 5195 1476 5253 tuleiris
1496 5214 1562 5255 ne
1578 5198 1738 5255 cadas
1762 5218 1776 5254 :

220 5293 250 5336 o
273 5300 419 5353 quam
447 5288 581 5345 bene
606 5296 851 5345 cantatur
876 5286 969 5342 tibi
1004 5288 1059 5342 in
1089 5285 1180 5341 illo
1203 5289 1423 5342 Cantica
1448 5290 1775 5345 canticorum

220 5375 347 5430 velut
386 5376 720 5446 epithalamio
765 5389 884 5444 tuo,
930 5375 1065 5443 Quia
1101 5378 1321 5431 charitas
1359 5378 1412 5432 in
1448 5378 1641 5433 deliciis
1678 5382 1778 5437 tuis

222 5462 371 5534 (Cant.
398 5484 506 5534 vn,
532 5470 597 5539 ti,
641 5487 739 5526 sec.
770 5468 964 5542 LXX)!
1010 5468 1126 5542 ipsa
1170 5485 1276 5526 non
1325 5472 1618 5541 comperdit
1657 5488 1776 5531 cum

224 5554 381 5626 impiis
398 5561 621 5619 animam
652 5573 829 5627 tuam;
858 5563 972 5633 ipsa
995 5561 1251 5620 discernit
1274 5578 1486 5617 cansmn
1522 5558 1664 5617 tinam
1682 5606 1695 5630 ,
1724 5575 1780 5622 et

222 5646 345 5703 sicut
366 5667 506 5707 mors
522 5654 686 5710 valida
713 5665 816 5724 est,
843 5665 897 5712 et
926 5656 979 5711 in
1003 5655 1205 5712 deliciis
1232 5656 1335 5712 tuis
1360 5664 1462 5713 est.
1490 5654 1658 5723 Quam
1679 5659 1777 5714 mi-

224 5739 361 5794 randi
397 5746 597 5812 generis
641 5761 786 5802 mors
828 5756 937 5812 est,
983 5747 1067 5803 cui
1100 5762 1282 5818 parum
1312 5745 1408 5801 fuit
1448 5762 1552 5802 non
1577 5761 1695 5802 esse
1725 5748 1775 5803 in

226 5832 402 5901 omnis,
429 5834 526 5889 nisi
552 5848 689 5895 esset
713 5840 930 5910 insuper
958 5841 1007 5894 in
1033 5840 1236 5895 deliciis
1259 5843 1273 5898 ε
1305 5838 1410 5896 Sed
1434 5840 1520 5896 hic
1541 5840 1651 5911 jam
1676 5840 1773 5896 iste

1354 412 1768 474 TRACTATUS
1796 413 1983 471 um.
2026 370 2429 472 caeur'xm.

231 529 335 586 vita
359 542 479 586 cum
502 525 638 584 Deo.
680 525 738 583 Si
766 528 908 584 enim
953 542 1099 584 mors
1138 536 1223 585 est
1263 527 1476 600 quando
1497 528 1565 585 de
1584 544 1809 601 corpore

231 634 396 677 anima
417 618 548 682 exit,
571 618 841 691 quomodo
866 635 973 674 non
998 629 1081 676 est
1108 634 1253 675 mors
1276 619 1490 691 quando
1517 619 1586 675 de
1612 619 1811 676 mundo

3374 430 3512 489 I810

1917 542 2097 584 sermo
2122 528 2400 586 claudatur
2430 551 2443 586 :
2472 530 2541 588 ab
2564 532 2668 590 alio
2693 536 2912 593 exordio
2939 542 3217 599 tractanda
3244 555 3370 601 sunt
3392 563 3513 619 quas

1918 629 2227 692 sequuntur.

2398 763 2806 824 TRACTATUS
2843 768 3027 825 LXVI.

1916 873 1994 928 De
2016 891 2075 929 eo
2094 878 2232 948 quod
2254 880 2502 950 sequitur,
2536 880 2675 937 Dicit
2700 884 2748 938 ei
2780 883 2965 940 Simon
2994 884 3183 944 Petrus
3214 905 3230 943 :
3264 889 3511 961 Domine,

1985 981 2092 1038 quo
2115 967 2307 1024 vadis?
2335 986 2496 1044 usque
2538 972 2607 1025 ad
2650 973 2738 1038 id,
2784 976 2954 1031 Amen
2975 1017 2991 1042 ,
3021 990 3177 1034 amen
3218 979 3339 1036 dico
3376 982 3510 1051 tibi;

1985 1071 2090 1113 non
2112 1059 2345 1115 cantabit
2371 1061 2568 1132 gallus,
2597 1064 2768 1121 donec
2797 1075 2880 1122 ter
2906 1082 2993 1123 me
3018 1084 3201 1141 neges.
3230 1071 3359 1144 Cap.
3386 1088 3502 1141 χιιι,

1998 1150 2031 1215 ᾗ
2082 1150 2258 1207 36-58.

1983 1262 2037 1316 1.
2067 1261 2201 1318 Cum
2227 1263 2486 1321 Dominus
2505 1267 2663 1325 Jesus
2687 1280 2923 1327 sanctam
2944 1272 3285 1330 dilectionem
3312 1292 3413 1348 qua
3439 1292 3500 1334 se

1911 1353 2143 1410 invicem
2167 1355 2483 1427 diligerent,
2511 1359 2784 1432 discipulis
2826 1366 3258 1435 commendaret,
3296 1369 3428 1425 Dicit
3452 1373 3500 1426 ei

1912 1442 2091 1499 Simon
2123 1444 2310 1502 Petrus
2337 1465 2357 1501 :
2401 1448 2651 1517 Domine,
2682 1470 2782 1522 quo
2810 1455 2950 1510 vadis
2969 1457 2994 1509 ?
3037 1456 3125 1513 Sic
3168 1459 3351 1530 utique
3398 1463 3500 1519 hoc

1907 1534 2041 1590 dixit
2068 1536 2319 1608 Magistro
2342 1539 2652 1612 discipulus,
2680 1555 2733 1601 et
2758 1546 2985 1603 Domino
3013 1564 3218 1617 servus,
3243 1561 3496 1626 tanquam

1862 1689 1871 1694 _
1906 1627 2061 1698 sequi
2101 1641 2332 1700 paratus.
2380 1632 2665 1703 Propterea
2710 1638 2903 1709 quippe
2946 1640 3235 1709 Dominus,
3262 1645 3350 1715 qui
3380 1646 3501 1717 cjns

1905 1718 2140 1775 animum
2186 1722 2317 1777 vidit
2356 1739 2520 1795 quare
2569 1726 2670 1782 hoc
2717 1729 3152 1801 interrogaverit,
3194 1735 3272 1790 sic
3310 1736 3359 1791 ei
3408 1753 3495 1793 re-

1904 1810 2120 1879 spondit
2152 1830 2165 1867 :
2214 1813 2326 1881 Quo
2355 1830 2445 1886 ego
2483 1816 2642 1884 vado,
2694 1834 2795 1872 non
2845 1831 2984 1890 potes
3021 1839 3100 1877 me
3140 1824 3289 1878 modo
3312 1829 3449 1897 sequi
3474 1844 3494 1881 :

1905 1910 2154 1974 tanquam
2184 1905 2405 1975 diceret,
2438 1907 2661 1979 Propter
2689 1909 2830 1981 quod
2858 1912 3175 1984 interrogas,
3206 1932 3311 1973 non
3340 1927 3495 1989 potes

1904 1994 2083 2049 modo.
2136 1994 2250 2050 Non
2275 1996 2381 2061 ait,
2415 2014 2520 2053 non
2549 2008 2730 2069 potes;
2764 2001 2857 2056 sed
2884 2019 2984 2057 non
3013 2013 3154 2075 potes
3181 2008 3331 2062 modo
3359 2025 3377 2062 :
3407 2009 3492 2064 di-

1903 2082 2154 2140 lationem
2197 2085 2407 2152 intulit,
2454 2103 2560 2144 non
2600 2104 2751 2160 spem
2777 2092 2926 2157 tulit;
2977 2105 3030 2149 et
3070 2098 3310 2153 eamdem
3340 2115 3491 2170 spem

1902 2190 2060 2245 quam
2108 2192 2212 2231 non
2260 2178 2405 2244 tttlit,
2434 2179 2527 2234 sed
2560 2182 2734 2251 potius
2761 2182 2941 2249 dedit,
2974 2189 3212 2256 sequenti
3240 2204 3368 2246 voce
3395 2192 3489 2246 lir-

1901 2269 2083 2332 mavit,
2107 2266 2353 2323 addendo
2382 2278 2540 2340 atque
2566 2272 2811 2339 dicendo,
2836 2274 3071 2345 Sequeris
3099 2290 3265 2333 autem
3293 2293 3485 2352 postea.

1898 2354 2035 2422 Quid
2068 2356 2316 2423 festinas,
2345 2359 2535 2416 Pctre?
2564 2362 2805 2418 Nondum
2833 2372 2885 2420 te
2907 2381 3005 2421 suo
3025 2370 3211 2437 spiritu
3240 2371 3489 2429 solidavit

1900 2455 2068 2515 petra.
2098 2446 2217 2502 Noli
2245 2450 2429 2505 extolli
2458 2454 2847 2521 praesumendo,
2876 2474 2974 2511 non
3002 2470 3140 2528 potes
3162 2464 3309 2517 modo
3333 2480 3351 2517 :
3376 2468 3485 2521 noli

1896 2537 2052 2604 dejici
2083 2539 2435 2610 desperando,
2459 2547 2678 2616 sequeris
2706 2557 2897 2617 postea.
2926 2547 3032 2604 Sed
3053 2551 3226 2609 adhuc
3246 2555 3336 2610 ille
3355 2558 3485 2627 quid

1896 2627 2062 2685 dicit?
2091 2630 2261 2699 Quare
2279 2641 2326 2686 te
2343 2649 2444 2687 non
2471 2651 2674 2704 possunt
2698 2638 2835 2707 sequi
2860 2640 3046 2694 modo?
3065 2643 3298 2697 Animam
3319 2663 3481 2701 nteant

1897 2735 1991 2791 pro
2020 2731 2069 2776 te
2090 2739 2294 2792 ponam.
2342 2723 2481 2791 Quid
2524 2726 2575 2781 in
2618 2728 2797 2785 animo
2835 2731 2950 2799 ejus
2974 2745 3113 2789 essm
3141 2738 3479 2810 cupiditatis,

1894 2812 2141 2879 videbat;
2168 2815 2293 2886 quid
2321 2817 2511 2873 virium
2529 2860 2544 2886 ,
2574 2835 2679 2875 non
2707 2822 2935 2879 videbat.
2970 2825 3298 2885 Voluntatem
3323 2844 3475 2887 suam

1889 2906 2124 2975 jactabat
2154 2907 2393 2965 inlirmns
2412 2952 2426 2974 .
2458 2910 2551 2965 sed
2580 2913 2890 2984 inspiciebat
2922 2918 3273 2975 valetudinem
3305 2924 3478 2980 medi-

1893 3008 2021 3061 cus;
2054 2996 2153 3051 iste
2181 2999 2555 3068 promittebat,
2589 3001 2676 3056 ille
2703 3007 3065 3073 praenoscebat
3098 3027 3111 3064 :
3144 3012 3233 3079 qui
3264 3013 3475 3069 nescieo

1893 3087 2020 3156 bat,
2041 3089 2300 3156 audebat;
2331 3092 2423 3162 qui
2443 3094 2785 3163 przescicbat,
2815 3096 3057 3153 docebat.
3087 3101 3353 3166 Quantum
3373 3105 3479 3161 sibi

1892 3190 2256 3249 assumpserat
2298 3181 2487 3239 Petrus
2532 3186 2787 3243 intuendo
2813 3188 2939 3260 quid
2966 3191 3154 3258 vellet,
3185 3194 3478 3263 ignorando

1890 3271 2017 3340 quid
2044 3273 2258 3342 posset?
2282 3282 2535 3345 quantum
2584 3277 2683 3333 sibi
2728 3293 3117 3351 assumpserat,
3152 3295 3207 3339 ut
3234 3301 3353 3341 eum
3385 3305 3477 3345 ve-

1890 3362 2057 3437 nisset
2082 3365 2339 3422 Dominus
2364 3370 2595 3425 animam
2620 3385 2769 3426 suam
2793 3387 2990 3444 ponere
3015 3391 3111 3445 pro
3136 3379 3321 3435 amicis
3342 3383 3472 3449 suis,

1889 3467 1952 3509 ac
1980 3470 2075 3526 per
2103 3457 2201 3513 hoc
2225 3468 2280 3513 et
2308 3474 2403 3529 pro
2429 3461 2544 3530 ipso
2562 3502 2578 3524 ,
2612 3462 2702 3519 ille
2728 3463 2829 3519 hoc
2859 3465 3084 3521 Domino
3131 3470 3323 3526 olfcrre
3347 3487 3477 3528 con-

1888 3543 2080 3603 ﬁderet
2112 3564 2125 3601 :
2157 3557 2212 3603 et
2238 3549 2468 3605 nondum
2496 3568 2594 3622 pro
2622 3569 2680 3609 se
2706 3555 2879 3625 posita
2908 3558 3082 3612 anima
3110 3559 3328 3628 Christi,
3353 3563 3473 3617 ani—

1888 3651 2028 3692 mam
2051 3653 2202 3695 suam
2227 3641 2563 3709 polliceretur
2580 3659 2639 3699 se
2660 3646 2951 3714 positurum
2969 3663 3087 3704 esse
3108 3664 3203 3718 pro
3222 3650 3473 3708 Christo?

1888 3724 2169 3799 Respondit
2198 3745 2325 3803 ergo
2349 3730 2531 3800 Iesus,
2559 3734 2794 3789 Animam
2838 3745 2976 3792 tuam
3020 3756 3113 3809 pro
3156 3757 3236 3795 me
3277 3745 3475 3812 pones?

1887 3814 2035 3872 Itane
2063 3819 2222 3874 facies
2251 3835 2347 3889 pro
2370 3836 2488 3888 me,
2516 3824 2656 3893 quod
2682 3825 2918 3883 nondum
2958 3843 3057 3899 ego
3095 3845 3194 3901 pro
3222 3834 3311 3887 te?
3341 3833 3471 3887 Ani-

1885 3923 2021 3962 mam
2045 3916 2183 3963 tuam
2210 3927 2303 3981 pro
2327 3929 2405 3967 me
2429 3931 2582 3984 pones
2600 3916 2627 3969 ?
2652 3915 2848 3974 Praaire
2875 3930 3049 3990 potes,
3081 3923 3171 3994 qui
3192 3926 3340 3996 sequi
3362 3942 3470 3983 non

1887 4000 2077 4070 potes?
2121 4000 2259 4069 Quid
2306 4010 2508 4059 tantum
2550 4009 2865 4075 praesumis?
2905 4011 3028 4082 quid
3067 4013 3136 4067 de
3174 4021 3227 4068 te
3266 4018 3474 4071 sentis?

1885 4091 2009 4163 quid
2038 4107 2158 4151 esse
2183 4101 2237 4150 te
2263 4093 2473 4150 credis?
2497 4097 2635 4151 Audi
2661 4099 2787 4168 quid
2813 4101 2888 4155 sis
2918 4119 2932 4155 :
2965 4104 3150 4170 Amen,
3182 4121 3329 4159 amen
3357 4108 3469 4162 dico

1886 4184 1976 4239 tibi
1989 4201 2011 4251 ;
2056 4202 2159 4241 non
2194 4186 2411 4241 cantabit
2452 4189 2621 4260 gallus
2637 4229 2655 4256 ,
2682 4190 2839 4246 donec
2880 4202 2955 4247 ter
2996 4211 3073 4249 me
3115 4211 3280 4267 neges.
3327 4198 3467 4255 Ecce

1884 4276 2152 4347 quomodo
2178 4278 2273 4334 tibi
2297 4279 2402 4336 cito
2425 4280 2706 4351 apparebis
2723 4324 2740 4349 ,
2766 4283 2855 4354 qui
2893 4298 3083 4356 magna
3125 4287 3386 4359 loqueris,
3412 4301 3467 4347 et

1885 4376 1937 4423 te
1961 4369 2234 4437 parvulum
2261 4372 2454 4427 nescis.
2483 4371 2582 4439 Qui
2609 4372 2741 4429 mihi
2767 4376 3033 4445 promittis
3053 4389 3276 4434 mortem
3298 4387 3468 4446 tuam.

1884 4467 1968 4516 ter
1992 4461 2208 4532 negabis
2237 4461 2396 4518 vitam
2423 4473 2588 4519 tuam.
2635 4466 2735 4534 Qui
2762 4476 2812 4522 te
2832 4467 2941 4539 jam
2968 4477 3120 4538 putas
3144 4472 3279 4526 mori
3310 4488 3468 4543 posse

1884 4567 1982 4623 pro
2024 4568 2139 4621 me,
2188 4555 2333 4623 prius
2374 4560 2494 4612 vive
2541 4571 2639 4627 pro
2676 4566 2775 4614 te:
2813 4574 2934 4614 nam
2963 4561 3198 4617 timendo
3241 4574 3468 4622 mortem

1883 4644 2058 4699 carnis
2087 4655 2221 4711 tuas,
2250 4654 2474 4702 mortem
2515 4646 2666 4703 dabis
2706 4649 2897 4705 anima:
2927 4660 3049 4706 tuae.
3089 4653 3293 4721 Quanta
3323 4657 3467 4712 enim

1883 4737 1989 4791 vita
2032 4747 2115 4793 est
2157 4738 2399 4795 conliteri
2444 4739 2744 4807 Christum,
2794 4750 2937 4798 tanta
2964 4758 3110 4800 mors
3153 4753 3236 4801 est
3272 4761 3471 4819 negare

1882 4825 2173 4884 Christum.

1954 4920 2008 4975 2.
2041 4922 2123 4977 An
2151 4922 2425 4993 apostolus
2454 4922 2645 4979 Petrus
2665 4964 2683 4992 ,
2722 4925 2859 4981 sicut
2883 4940 3004 4980 eum
3029 4926 3243 4997 quidam
3280 4928 3468 4987 favore

1885 5026 2139 5084 perverso
2177 5027 2435 5068 excusare
2474 5014 2711 5068 nituntur
2732 5013 2986 5083 (Ambros.
3031 5017 3085 5071 in
3110 5015 3242 5073 Luc.
3281 5024 3466 5092 χιιι),
3522 5036 3529 5067 ί

1881 5103 2150 5159 Christum
2178 5117 2284 5158 non
2324 5104 2575 5174 negavit,
2617 5105 2739 5174 quia
2783 5105 3138 5177 interrogatus
3180 5111 3248 5168 ab
3276 5114 3469 5169 ancilla

1886 5194 2157 5250 hominem
2186 5208 2247 5250 se
2276 5194 2488 5251 nescire
2516 5194 2814 5266 respondit,
2845 5197 2980 5253 sicut
3005 5200 3093 5255 alii
3130 5205 3470 5273 evangelista:

1884 5293 2254 5341 contestantur
2288 5286 2632 5357 expressius?
2677 5287 2839 5354 Quasi
2893 5305 3021 5347 vero
3062 5294 3151 5363 qui
3197 5294 3467 5350 hominem

1882 5376 2154 5435 Christum
2182 5387 2373 5450 negat,
2417 5394 2524 5434 non
2564 5379 2833 5437 Christum
2860 5393 3048 5453 negat;
3079 5395 3131 5440 et
3180 5385 3282 5440 hoc
3322 5387 3373 5440 in
3402 5403 3470 5443 eo

1884 5479 2042 5541 negat
2068 5471 2211 5541 quod
2249 5470 2417 5527 lactus
2442 5479 2528 5527 est
2569 5483 2787 5543 propter
2824 5490 2922 5529 nos
2943 5516 2956 5539 ,
2992 5491 3058 5530 ne
3090 5477 3287 5544 periret
3323 5479 3467 5546 quod

1884 5562 2083 5617 fecerat
2108 5576 2225 5618 nos.
2256 5561 2397 5633 Ergo
2421 5564 2511 5634 qui
2541 5563 2611 5619 ita
2638 5569 2920 5619 conlitctnr
2945 5564 3208 5621 Christum
3257 5569 3421 5623 Deum
3449 5614 3464 5636 ,

1887 5665 1943 5708 nt
1962 5654 2232 5708 hominem
2258 5662 2435 5725 neget,
2460 5669 2566 5708 non
2588 5670 2685 5725 pro
2702 5656 2794 5710 illo
2819 5665 3057 5709 mortuus
3078 5670 3160 5712 est
3185 5659 3465 5726 Christus;

1883 5748 2006 5819 quia
2033 5745 2325 5802 secundum
2356 5744 2626 5800 hominem
2670 5757 2906 5801 mortuus
2938 5757 3019 5801 est
3062 5749 3323 5806 (.lnistns.
3366 5753 3467 5817 Qui

1884 5849 2041 5911 negat
2076 5840 2344 5894 hominem
2376 5838 2662 5905 Christum,
2698 5854 2801 5893 non
2836 5843 3207 5909 reconciliatur
3235 5862 3326 5917 per
3353 5852 3452 5904 nido
