3926 6362
211 334 333 394 “is

204 455 373 526 pinam
393 441 512 498 ideo
535 439 733 496 dictum
761 435 958 491 multas
978 449 1098 490 esse
1119 432 1447 498 mansiones,
1473 430 1592 500 quia
1620 437 1770 482 extra

204 521 408 612 regnum
436 534 693 592 aelurum
722 529 824 586 erit
853 527 1073 598 aliquid,
1107 527 1192 580 ubi
1225 533 1475 580 maneant
1519 523 1656 577 beati
1688 521 1771 574 in-

205 640 439 691 nocentes
475 629 564 698 qui
592 627 706 680 sine
751 623 1018 692 Baptismo
1055 637 1121 676 ex
1151 619 1251 678 bac
1281 619 1384 672 vita
1414 619 1769 687 etnigrat-unt,

202 725 312 796 quia
356 723 468 777 sine
509 719 604 773 illo
634 718 686 770 in
728 730 948 785 regnum
978 713 1234 767 cwlorunt
1267 710 1463 764 intrare
1489 725 1591 762 non
1622 716 1770 777 pote-

202 824 330 874 runt.
364 813 484 867 "me
510 811 643 866 iides
678 824 782 863 non
815 815 895 861 Cal
937 806 1092 868 lides,
1126 804 1374 873 qumtiam
1406 810 1617 856 nonest
1649 816 1771 855 vera

201 916 248 964 et
270 901 522 960 catholica
564 898 712 954 ﬁdes.
753 898 900 951 Itane
950 895 1160 949 tandem
1210 895 1354 948 stulti
1386 892 1631 947 homines
1656 934 1670 953 ,
1720 901 1773 946 et

201 998 482 1056 carnalibus
506 992 919 1064 cogitationibus
955 989 1205 1045 circa-cati
1233 1031 1246 1048 .
1289 1005 1407 1043 cum
1456 986 1770 1055 reprobandi

201 1093 389 1154 essetis,
412 1089 456 1143 si
479 1087 810 1142 mansionem
835 1101 936 1137 non
958 1083 1077 1137 dico
1099 1083 1236 1136 Petri
1262 1092 1311 1134 et
1337 1080 1478 1134 Pauli
1499 1081 1574 1133 vel
1595 1081 1776 1146 cujus-

202 1187 316 1242 libet
357 1182 732 1254 Ap-nstolormn
761 1221 774 1238 ,
817 1177 911 1233 sed
950 1177 1331 1244 cujuscumque
1367 1173 1566 1244 parvuli
1595 1173 1772 1241 bapti-

202 1281 289 1335 ιθιί
331 1293 359 1332 a
402 1292 569 1346 regno
616 1275 873 1329 ctrlorum
919 1270 1267 1339 separaretis;
1317 1283 1418 1322 non
1458 1283 1553 1321 vos
1580 1266 1774 1336 putatis

199 1383 305 1426 esse
345 1365 713 1434 reprobautlos
737 1406 752 1428 ,
781 1363 868 1432 qui
901 1362 1114 1414 domum
1147 1360 1236 1413 Dei
1271 1358 1440 1411 Patris
1464 1353 1586 1411 inde
1616 1371 1767 1425 sepa-

203 1461 356 1520 ratis?
385 1460 497 1518 Non
530 1459 677 1514 enim
722 1448 802 1510 ait
841 1456 1092 1509 litnninns
1117 1495 1131 1517 ,
1171 1454 1224 1507 In
1258 1454 1503 1507 universo
1534 1451 1732 1505 mundo
1756 1494 1770 1518 ,

202 1567 297 1618 aut,
324 1554 372 1608 iu
402 1552 654 1605 universa
681 1559 944 1607 creatura.
980 1556 1090 1609 aut,
1115 1537 1172 1600 in
1205 1546 1308 1599 vita
1340 1546 1419 1599 vel
1449 1543 1775 1599 beatitudine

202 1646 502 1715 sempiterna
530 1644 838 1698 mansiones
865 1641 1042 1692 multm
1071 1651 1192 1693 sunt
1218 1656 1233 1703 ;
1267 1637 1383 1704 sed,
1409 1635 1472 1691 In
1502 1623 1670 1703 domo,
1698 1637 1777 1690 in-

202 1740 318 1810 quit,
356 1738 523 1790 Patris
557 1736 653 1788 mei
683 1735 964 1788 mansiones
994 1732 1168 1785 multa:
1195 1743 1330 1786 sttut.
1363 1730 1546 1785 Nonne
1572 1731 1668 1785 ista
1695 1737 1779 1787 est

203 1831 375 1887 domus
405 1830 490 1885 ubi
521 1827 930 1882 :editicatiouem
973 1826 1230 1881 habemus
1270 1841 1333 1879 ex
1366 1824 1475 1879 Deo
1499 1865 1514 1887 ,
1557 1823 1775 1877 domum

204 1942 294 1982 non
339 1925 700 1981 mattttl'actam
724 1964 738 1988 ,
778 1931 1032 1976 arternam
1072 1922 1122 1974 in
1163 1905 1312 1974 curiis
1348 1919 1410 1988 (ll
1434 1918 1551 1973 Cor.
1578 1935 1644 1984 v,
1679 1916 1778 1988 1)?

205 2015 375 2074 Nonne
429 2016 529 2069 ista
577 2023 662 2068 est
708 2014 900 2068 donius
945 2012 1013 2067 de
1059 2028 1160 2082 qua
1207 2020 1481 2065 cantamus
1522 2007 1773 2077 Domino,

206 2106 332 2162 Beati
363 2109 449 2176 qui
485 2107 719 2160 habitant
753 2107 805 2160 in
844 2106 990 2158 domo
1019 2116 1146 2168 tua;
1177 2106 1226 2157 in
1265 2105 1448 2158 stvt‘ultt
1479 2109 1779 2158 swculorum

205 2201 462 2256 laudabunt
493 2216 542 2254 te
570 2199 745 2269 (Psul.
789 2214 1014 2264 Lsxxttt,
1043 2198 1097 2266 5)
1121 2198 1144 2250 ?
1172 2199 1379 2266 lirgoue
1408 2211 1501 2250 vos
1532 2213 1634 2276 non
1678 2196 1777 2251 do-

203 2307 334 2346 mum
370 2291 632 2361 cujusque
676 2291 921 2360 baptizati
974 2289 1186 2354 fratris,
1227 2277 1317 2343 sed
1358 2288 1574 2342 domum
1616 2288 1780 2357 ipsius

202 2381 286 2442 Dei
308 2384 496 2448 Patris,
527 2383 617 2438 cui
650 2397 837 2436 omnes
881 2382 1072 2436 fratres
1109 2381 1356 2446 dicimus,
1396 2379 1552 2434 Pater
1575 2391 1775 2446 ttoslcr,

205 2475 277 2544 qui
301 2491 348 2527 es
374 2474 426 2528 in
452 2474 596 2528 striis
623 2471 836 2545 (Matth.
863 2488 935 2537 vt,
965 2471 1019 2542 9)
1050 2515 1060 2532 .
1090 2487 1117 2524 a
1147 2486 1309 2542 regno
1343 2487 1592 2552 separare
1618 2473 1782 2526 coelo—

204 2582 325 2632 rtttn,
351 2577 440 2622 aut
467 2584 594 2624 eam
627 2568 705 2622 sic
730 2565 969 2620 dividere
999 2565 1260 2620 audebitis
1283 2607 1297 2631 ,
1329 2575 1384 2619 ιιι
1409 2566 1598 2635 aliqum
1627 2582 1779 2619 man-

203 2659 361 2717 siones
397 2659 521 2729 ejus
548 2658 656 2713 sint
683 2658 738 2711 in
767 2671 930 2727 regno
955 2657 1233 2720 ctelonnn,
1264 2657 1450 2725 aliqua:
1476 2667 1649 2730 autem
1684 2673 1779 2712 cx-

203 2758 273 2808 tra
300 2767 520 2823 regnum
546 2739 847 2806 cteiorum?
873 2750 1054 2815 Absit,
1087 2750 1224 2804 absit
1250 2758 1306 2802 nt
1331 2751 1417 2819 qui
1459 2752 1642 2804 volunt
1683 2751 1778 2804 ba-

207 2843 355 2900 bitarc
385 2844 433 2898 itt
463 2859 636 2914 regno
660 2843 916 2898 caelorum
941 2883 954 2907 ,
988 2842 1037 2895 in
1073 2843 1167 2896 bac
1191 2842 1411 2897 stultitia
1443 2843 1605 2896 velint
1633 2842 1784 2896 babi-

208 2946 305 2990 tare
328 2937 602 2991 vobiscum
635 2953 647 2987 :
683 2935 842 3000 absit,
872 2934 1104 3004 inquam,
1138 2944 1194 2987 ut
1228 2948 1348 2987 cum
1387 2934 1562 2987 omnis
1592 2933 1781 2989 domus

207 3033 523 3097 regnantium
557 3027 789 3081 tiliorum
819 3041 923 3080 non
947 3027 1014 3079 sit
1041 3025 1162 3080 alibi
1189 3023 1289 3079 nisi
1322 3026 1373 3078 in
1402 3040 1586 3097 regno,
1619 3009 1783 3095 ipsius

212 3121 348 3189 regia:
371 3121 569 3174 donius
601 3134 724 3188 pars
749 3119 922 3188 aliqua
951 3133 1061 3171 non
1088 3117 1156 3171 sit
1182 3118 1232 3172 itt
1263 3133 1446 3187 regno.

270 3211 319 3265 ι.
360 3210 417 3265 Et
441 3214 490 3264 si
518 3212 687 3264 abiero
708 3251 722 3276 ,
748 3210 914 3279 inquit
935 3251 950 3274 ,
978 3218 1023 3262 et
1053 3225 1400 3279 prwpm'ttvero
1423 3210 1558 3263 vobis
1581 3209 1744 3263 locum
1765 3227 1785 3275 ;

213 3299 369 3354 iterum
408 3303 556 3360 venio
579 3344 595 3369 ,
624 3314 669 3355 et
695 3302 940 3371 accipiam
969 3286 1057 3354 vos
1083 3302 1149 3352 ad
1169 3302 1446 3372 meipsunt,
1483 3312 1532 3354 ut
1564 3303 1648 3354 ubi
1673 3319 1785 3356 sum

215 3405 292 3462 ego
312 3402 355 3446 et
382 3408 468 3446 vos
497 3393 627 3446 sitis.
660 3391 724 3445 Et
753 3398 853 3462 quo
892 3408 982 3462 ego
1025 3377 1150 3446 vatio
1179 3393 1316 3446 scitis
1335 3433 1350 3457 ,
1384 3403 1430 3446 et
1464 3394 1594 3446 viam
1621 3394 1783 3448 scitis.

214 3481 251 3536 0
273 3483 489 3539 Domine
517 3483 642 3539 Jesu
660 3525 674 3546 ,
706 3483 972 3554 quomodo
991 3485 1140 3538 vadis
1165 3499 1348 3552 parare
1371 3485 1547 3539 locum
1568 3527 1582 3546 ,
1615 3486 1658 3539 si
1678 3486 1784 3554 jam

215 3575 374 3628 multa:
412 3576 724 3630 mansiones
745 3585 868 3628 sunt
896 3574 946 3629 in
978 3563 1138 3629 domo
1169 3575 1338 3630 Patris
1369 3576 1444 3630 ttti
1469 3619 1481 3639 ,
1503 3577 1588 3630 ubi
1614 3587 1784 3632 tecum

215 3660 515 3720 babitabuut
547 3664 654 3720 tuii
709 3669 814 3719 Aut
835 3666 877 3721 si
905 3665 1102 3734 accipis
1137 3681 1230 3719 eos
1256 3666 1319 3719 ad
1355 3667 1580 3735 teipsmn
1607 3709 1620 3732 ,
1653 3683 1788 3738 quo-

217 3755 360 3812 modo
382 3757 580 3812 iterum
605 3757 760 3812 venis
784 3758 870 3826 qtti
901 3772 1002 3811 non
1032 3758 1237 3813 recedis
1257 3758 1279 3811 ?
1301 3743 1403 3812 ista
1422 3799 1436 3822 ,
1456 3758 1753 3814 cliarissimi
1770 3803 1784 3828 ,

219 3846 259 3901 si
300 3847 526 3904 breviter
554 3849 820 3922 explicare
860 3863 1134 3914 conemur,
1166 3860 1421 3918 quantum
1447 3850 1651 3906 \idetur
1690 3853 1787 3905 bo-

224 3937 394 4004 dierno
421 3941 554 4004 satis
577 3956 696 3998 esse
723 3943 956 3996 sermoni
983 3984 997 4008 ,
1031 3951 1296 3997 coarctata
1343 3943 1521 4008 utique
1551 3960 1654 3998 non
1681 3945 1788 3999 cla-

222 4029 429 4097 rebnnt,
470 4042 524 4087 et
547 4033 651 4087 erit
678 4040 792 4102 ipsa
827 4032 1054 4087 brevitas
1080 4034 1245 4087 altera
1292 4033 1590 4090 obscuritas
1620 4053 1633 4089 ε
1667 4052 1791 4106 pro-

225 4117 334 4176 inde
360 4122 463 4179 hoc
483 4123 720 4178 debitqu
747 4123 1058 4178 diti'eramus
1078 4168 1092 4189 ,
1133 4125 1272 4195 quod
1308 4127 1659 4196 opportunius
1699 4143 1793 4182 vo-

229 4209 300 4268 bis
324 4213 699 4271 Patrei‘amiiias
721 4227 906 4270 nostro
927 4217 1182 4287 largiente
1208 4217 1514 4273 reddamus.

642 4347 1054 4428 TBeiCTATUS
1093 4349 1321 4426 mul-

677 4459 746 4528 In
763 4461 986 4530 eamdem
1007 4461 1286 4526 lectionem.

294 4574 344 4631 Ι.
380 4575 566 4650 Deberi
594 4574 782 4642 nobis,
824 4575 1015 4630 fratres
1055 4575 1384 4642 cbarissim-i,
1423 4574 1639 4646 jamque
1675 4591 1794 4632 esse

237 4665 538 4745 reddendum
593 4667 737 4739 quod
781 4667 1191 4733 distuleramus,
1244 4671 1580 4739 agnoscimus
1607 4713 1620 4736 ,
1665 4685 1794 4738 quo-

237 4757 375 4814 modo
396 4759 619 4834 intelligi
650 4759 854 4829 possint
885 4774 988 4814 non
1017 4774 1138 4815 esse
1161 4759 1299 4815 inter
1327 4775 1384 4815 se
1410 4763 1506 4816 ista
1537 4759 1641 4814 duo
1665 4776 1793 4815 con-

238 4851 404 4917 traria,
443 4853 586 4924 quod
615 4867 735 4908 cum
762 4852 990 4908 dixissot
1017 4853 1271 4907 Dominus
1293 4894 1305 4915 ,
1351 4852 1418 4906 In
1448 4853 1596 4907 domo
1624 4852 1797 4909 Patris

239 4943 322 4996 mei
347 4949 623 5010 mansiones
653 4947 830 5004 multa:
853 4948 1064 5011 summi
1090 4963 1192 5018 quo
1222 4947 1410 5013 minus,
1441 4947 1677 5001 dixissem
1706 4963 1795 5000 vo—

236 5030 300 5088 bis
316 5040 425 5106 quia
448 5040 576 5099 uado
604 5056 787 5112 parare
831 5041 966 5094 vobis
1001 5040 1211 5103 locum;
1247 5039 1333 5092 tibi
1394 5039 1524 5092 satis
1564 5037 1799 5091 ostendit

237 5121 342 5181 ideo
367 5146 422 5188 se
450 5133 550 5189 boc
577 5133 680 5188 illis
705 5131 927 5197 dixisse,
959 5130 1081 5201 quia
1109 5130 1212 5200 jam
1241 5131 1310 5184 ibi
1342 5137 1466 5183 sunt
1492 5131 1797 5183 mansiones

236 5220 427 5291 multte,
458 5235 648 5282 etnon
676 5234 760 5281 est
781 5240 916 5295 opus
966 5226 1196 5296 aliquam
1243 5237 1581 5293 prmparare:
1615 5237 1798 5277 rursus

236 5306 380 5374 dicit.
419 5315 483 5373 Et
526 5317 572 5374 si
618 5317 808 5384 abiero,
847 5327 896 5372 et
937 5330 1287 5387 prwparavero
1314 5313 1449 5367 vobis
1478 5314 1682 5378 locum;
1711 5303 1802 5367 ite-

239 5415 336 5468 tum
376 5424 534 5476 vento,
587 5419 634 5468 et
677 5410 923 5479 accipiam
966 5425 1052 5464 vos
1088 5408 1156 5462 ad
1184 5424 1262 5462 me
1289 5409 1477 5478 ipsum,
1514 5416 1568 5463 ut
1593 5407 1680 5460 ubi
1709 5423 1800 5478 ego

244 5506 338 5550 sum
364 5508 407 5554 et
432 5517 512 5560 vos
539 5503 665 5557 sitis.
712 5500 993 5568 Quomodo
1021 5499 1187 5566 vadit,
1215 5507 1269 5554 et
1318 5508 1466 5568 parat
1517 5499 1711 5561 locum,
1755 5499 1798 5552 si

227 5581 333 5660 .jaut
359 5592 526 5654 multa:
554 5593 856 5654 mansiones
900 5602 1023 5647 snnt
1044 5590 1066 5646 ‘i
1088 5590 1142 5646 Si
1187 5607 1292 5660 qtto
1319 5590 1514 5653 minus,
1546 5589 1796 5656 dixisset,

259 5669 378 5734 Vttao
406 5699 597 5752 parare.
624 5685 727 5740 Aut
754 5685 798 5740 si
824 5683 999 5740 adhuc
1018 5681 1283 5754 parandus
1311 5689 1411 5745 est,
1429 5695 1527 5736 cur
1558 5695 1660 5735 non
1689 5695 1802 5737 tne-

251 5767 337 5824 rito
375 5773 610 5856 ditisset,
663 5775 807 5838 Vada
843 5778 1068 5849 parare?
1115 5778 1197 5831 An
1243 5775 1358 5832 ista:
1401 5775 1705 5831 mansiones
1745 5782 1801 5830 et

1271 311 1680 374 TRACTATUS
1717 283 1946 364 LXvut.
1983 305 2208 362 CAPUT
2245 303 2388 363 xw.

3335 313 3470 374 1814

1877 431 2040 489 sunt,
2068 431 2122 478 et
2171 422 2416 493 paranda!
2447 427 2607 479 sunt?
2635 425 2691 482 Si
2743 442 2847 498 quo
2875 429 3048 483 minus
3096 430 3236 483 enim
3264 442 3466 496 essent,

1877 515 2119 580 dixisset,
2159 514 2301 570 Vada
2342 534 2539 585 parare.
2572 519 2637 572 Et
2677 528 2852 574 tamen
2890 522 3009 590 quia
3049 522 3118 575 ita
3151 532 3273 574 sunt
3299 535 3353 574 ut
3379 538 3472 590 pa~

1878 609 2059 664 randa:
2109 610 2246 675 sint,
2290 625 2395 664 non
2448 625 2540 664 eas
2590 610 2734 664 vadit
2797 627 2982 680 parare
3012 612 3149 666 sicut
3180 622 3300 665 stitit
3334 630 3346 665 :
3376 613 3473 668 sed

1877 702 1924 756 si
1951 703 2221 757 abieritet
2241 701 2669 772 paraveritsicut
2698 703 2885 757 futurie
2931 713 3087 767 sunt,
3144 704 3332 758 iterum
3380 720 3472 759 vc-

1879 796 2032 850 niens
2062 795 2288 864 accipiet
2315 809 2440 848 suos
2462 795 2526 849 ad
2578 796 2809 866 seipsum
2833 838 2846 863 ,
2877 806 2934 850 ut
2962 797 3047 850 ubi
3078 807 3160 851 est
3188 797 3298 866 ipse
3319 839 3333 861 ,
3363 798 3472 851 sint

1877 887 2037 941 etiam
2065 887 2186 956 ipsi.
2211 887 2490 950 Quomodo
2515 903 2641 957 ergo
2683 889 2985 942 mansiones
3011 888 3062 941 in
3088 887 3248 941 domo
3301 887 3472 942 Patris

1878 997 1984 1035 non
2011 981 2130 1034 alite
2152 1025 2165 1045 ,
2196 981 2290 1036 sed
2320 982 2446 1051 ipsa:
2473 1025 2486 1046 ,
2515 993 2567 1036 et
2593 983 2708 1038 sine
2737 983 3023 1052 dubiojam
3053 994 3177 1037 sunt
3207 985 3344 1037 sicut
3371 998 3470 1053 pa-

1881 1076 2060 1129 rand:e
2093 1091 2198 1130 non
2230 1086 2374 1139 sunt,
2402 1087 2455 1131 ct
2489 1077 2719 1130 nondum
2753 1087 2874 1128 sunt
2895 1078 3029 1129 sicut
3054 1077 3300 1145 parandae
3321 1076 3471 1130 sunt?

1878 1167 2157 1234 Quomodo
2210 1177 2490 1237 putamus,
2540 1169 2641 1223 nisi
2682 1169 2948 1238 quomodo
2994 1169 3150 1221 ctiam
3211 1170 3472 1237 propheta

1879 1261 2132 1330 prtedicat
2186 1261 2382 1325 Deum,
2434 1261 2555 1331 quia
2608 1260 2732 1316 fecit
2781 1278 2899 1331 quae
2932 1261 3102 1314 futura
3152 1261 3472 1315 sunt?Non

1880 1354 2020 1407 enim
2051 1355 2149 1420 ait,
2181 1354 2281 1422 Qui
2312 1354 2550 1408 facturus
2579 1364 2662 1409 est
2689 1371 2805 1425 qua:
2829 1355 3002 1409 futura
3033 1364 3185 1420 sunt,
3221 1356 3334 1421 sed,
3372 1356 3475 1422 Qui

1881 1445 1998 1516 fecit
2016 1461 2126 1514 qutv
2147 1449 2319 1515 futura
2340 1456 2452 1498 sunt
2495 1443 2647 1514 (Isai.
2697 1461 2822 1510 XLV,
2849 1447 2907 1499 Η
2935 1488 2949 1510 ,
2997 1463 3095 1499 sec.
3121 1446 3308 1517 LXX).
3335 1447 3472 1518 Ergo

1879 1544 1933 1590 et
1960 1534 2086 1590 fecit
2115 1551 2176 1589 ea
2203 1578 2218 1602 ,
2247 1545 2304 1590 et
2323 1535 2555 1590 facturus
2586 1544 2668 1590 est
2695 1551 2777 1590 ea.
2806 1535 2935 1589 Nam
2964 1551 3137 1606 neque
3161 1538 3294 1590 facta
3316 1524 3467 1601 sunt,

1880 1629 1926 1682 si
1957 1629 2074 1698 ipse
2098 1645 2202 1683 non
2233 1627 2355 1683 fecit
2386 1647 2397 1682 :
2431 1645 2601 1699 neque
2628 1628 2798 1682 futura
2828 1639 2951 1682 sunt
2973 1669 2987 1692 ,
3023 1630 3066 1682 si
3109 1629 3220 1698 ipse
3241 1644 3346 1681 non
3395 1627 3472 1682 fe-

1881 1721 2035 1775 cerit.
2070 1721 2221 1775 Fecit
2241 1731 2376 1791 "ergo
2403 1737 2462 1776 ca
2504 1720 2955 1790 priedestinando,
2982 1720 3214 1774 facturus
3237 1731 3318 1774 est
3339 1735 3471 1789 ope-

1882 1816 2070 1869 rando.
2104 1816 2253 1870 Sicut
2276 1815 2570 1885 discipulos
2598 1815 2811 1884 quando
2839 1814 3091 1883 elegerit,
3128 1817 3253 1867 satis
3277 1812 3475 1867 indicat

1885 1905 2275 1976 Evangelium;
2325 1916 2448 1959 tunc
2492 1906 2671 1975 utique
2698 1906 2908 1973 quando
2944 1920 3037 1958 eos
3078 1904 3289 1958 vocavit
3322 1903 3472 1975 (Luc.

1883 2013 1971 2064 vt,
2026 1999 2110 2063 15)
2156 2016 2168 2051 :
2219 2006 2272 2052 et
2315 2006 2490 2051 tamen
2540 1999 2613 2050 ait
2659 1995 2977 2064 Apostolus,
3031 1995 3194 2065 Elegit
3237 2011 3327 2048 nos
3360 2002 3475 2049 ante

1882 2089 2060 2142 mundi
2113 2089 2515 2143 constitutionem
2577 2087 2791 2159 (Ep/tes.
2823 2103 2860 2152 ι,
2899 2088 3001 2174 ᾇὶε
3047 2083 3475 2156 prt‘trdeslinando

1885 2181 2093 2250 utique,
2123 2196 2227 2234 non
2254 2179 2508 2234 vocando.
2560 2179 2698 2243 Quos
2729 2189 2892 2231 autem
2919 2177 3290 2248 prazdestinavit
3313 2219 3326 2241 ,
3361 2176 3477 2229 illos

1885 2284 1931 2327 et
1963 2275 2150 2326 vocavit
2180 2271 2350 2346 (Rom.
2388 2287 2510 2336 vut,
2543 2273 2631 2338 50)
2665 2288 2678 2325 :
2709 2271 2868 2340 elegit
2894 2267 3321 2339 przedcstinando
3355 2276 3478 2344 ante

1885 2365 2066 2419 mundi
2090 2363 2544 2427 constitutionem,
2562 2361 2718 2431 elegit
2734 2360 2972 2414 vocando
2999 2369 3120 2412 ante
3148 2358 3327 2413 mundi
3351 2375 3480 2413 con-

1885 2456 2314 2513 sumtnationem.
2344 2453 2434 2509 Sic
2461 2463 2513 2508 et
2545 2453 2848 2506 mansiones
2879 2450 3195 2519 praeparavit
3239 2458 3292 2504 et
3341 2465 3480 2524 prte-

1886 2558 2068 2619 parat;
2098 2563 2195 2602 nec
2215 2547 2376 2613 alias,
2406 2544 2500 2600 sed
2525 2561 2658 2614 quas
2683 2545 3029 2614 praeparavit,
3061 2543 3155 2597 bas
3184 2551 3474 2612 praeparat,

1883 2641 1974 2710 qui
2005 2639 2127 2694 fecit
2151 2654 2270 2709 qua:
2298 2638 2469 2692 futura
2497 2645 2618 2691 sunt
2651 2655 2662 2689 :
2696 2651 2826 2705 quas
2855 2634 3174 2704 praeparavit
3199 2632 3478 2702 prtedesti-

1889 2733 2097 2796 nando,
2131 2739 2394 2802 praeparat
2425 2727 2713 2798 operando.
2761 2727 2876 2782 .lam
2927 2740 3052 2796 ergo
3082 2732 3205 2779 suat
3247 2724 3300 2778 in
3338 2739 3480 2792 prae-

1887 2823 2247 2879 destinatione
2277 2840 2288 2875 :
2318 2821 2362 2875 si
2394 2835 2498 2891 quo
2521 2821 2695 2874 minus
2718 2861 2732 2886 ,
2756 2818 3009 2882 dixisset,
3041 2814 3134 2870 Ibo
3162 2825 3215 2870 et
3241 2814 3438 2885 parabo
3459 2854 3477 2881 ,

1883 2916 1940 2971 id
1962 2927 2070 2979 est,
2103 2912 2512 2984 przcdestinabo.
2549 2911 2652 2965 Sed
2694 2910 2815 2980 quia
2844 2908 3078 2964 nondum
3117 2916 3240 2962 sunt
3266 2907 3319 2960 in
3345 2921 3477 2976 ope-

1891 2998 2134 3072 ratione,
2172 3006 2238 3060 Et
2276 3006 2318 3059 si
2348 3005 2551 3070 abiero,
2604 3003 2798 3072 inquit,
2855 3012 2902 3054 et
2954 3015 3302 3070 pratparavero
3345 2996 3480 3051 vobis

1892 3100 2093 3163 locum;
2121 3101 2300 3152 iterum
2331 3097 2472 3151 venio
2492 3138 2506 3159 ,
2540 3103 2586 3149 et
2614 3091 2860 3163 accipiant
2889 3108 2974 3146 nos
3000 3091 3066 3144 ad
3093 3092 3356 3162 uteipsum.

1957 3192 2014 3245 Ω.
2058 3191 2214 3244 Parat
2237 3199 2414 3243 autem
2443 3185 2835 3257 quodammodo
2879 3184 3215 3244 mansiones,
3250 3180 3482 3234 mansio-

1891 3283 2046 3338 nilms
2073 3281 2307 3351 parando
2337 3294 2631 3335 mansorcs.
2659 3277 2866 3346 Quippe
2893 3291 3015 3329 cum
3040 3273 3264 3336 dixerit,
3298 3270 3360 3325 In
3392 3272 3484 3325 do-

1893 3393 1974 3430 mo
2028 3374 2199 3428 Patris
2243 3373 2340 3426 mei
2381 3372 2667 3426 mansiones
2702 3369 2872 3422 multa:
2903 3377 3051 3430 sunt;
3080 3365 3202 3435 quid
3233 3371 3481 3434 putamus

1892 3486 2012 3525 esse
2035 3470 2253 3524 domum
2289 3467 2411 3530 Dei,
2441 3466 2540 3520 nisi
2571 3464 2824 3532 templum
2857 3461 2983 3515 Dei?
3005 3458 3154 3526 Quod
3181 3467 3356 3510 autem
3388 3457 3480 3526 sit,

1891 3564 2248 3632 interrogetur
2270 3561 2586 3630 Apostolus,
2610 3567 2661 3612 et
2682 3555 2998 3625 restnmdeat
3025 3571 3035 3603 :
3065 3552 3327 3620 Templum
3349 3545 3483 3604 enim

1898 3655 1990 3710 Dei
2011 3666 2238 3708 sanctum
2265 3663 2363 3714 est,
2387 3651 2520 3720 quod
2540 3650 2654 3703 estis
2685 3665 2768 3701 vos
2793 3647 2831 3715 (Ι
2855 3646 2974 3700 Cor.
3002 3660 3055 3697 ιιι
3074 3686 3086 3705 ,
3120 3644 3230 3702 i7).
3265 3642 3373 3694 lloc
3399 3650 3484 3695 est

1893 3747 2051 3800 etiam
2093 3759 2312 3810 regnum
2369 3741 2487 3797 Dei.
2519 3739 2657 3809 quod
2687 3736 2852 3790 Filius
2877 3735 3165 3788 traditurus
3193 3741 3274 3786 est
3301 3731 3481 3812 Patri:

1895 3836 2036 3893 unde
2066 3836 2196 3889 dicit
2226 3834 2364 3887 idem
2393 3832 2666 3901 apostolus
2688 3872 2701 3893 ,
2746 3828 2957 3881 Initium
3005 3825 3234 3879 Christus
3260 3867 3272 3884 .
3301 3823 3485 3877 deinde

1895 3929 1980 3999 qui
2032 3935 2148 3978 sunt
2178 3923 2364 3978 Christi
2411 3925 2459 3974 in
2507 3919 2770 3990 pl'a’st’ltlllt
2792 3919 2902 3988 ejus
2936 3935 2953 3971 :
2984 3915 3162 3968 deinde
3191 3916 3305 3983 ﬁnis
3330 3956 3343 3980 ,
3373 3930 3485 3967 cum

1897 4019 2160 4075 tradiderit
2199 4030 2407 4086 regnum
2449 4012 2553 4065 Deo
2597 4022 2641 4092 et
2687 4010 2832 4062 Patri
2864 4007 2973 4079 (Id.
3015 4023 3109 4071 xv,
3133 4009 3203 4059 9.5
3220 4004 3371 4074 ctQi)
3396 4022 3408 4069 ;
3435 4003 3487 4057 id

1897 4127 2010 4175 est,
2043 4126 2175 4182 quos
2197 4108 2427 4164 redemit
2455 4105 2710 4182 sanguine
2752 4099 2887 4164 suo,
2931 4097 3203 4152 tradiderit
3244 4103 3486 4149 contem-

1899 4205 2093 4278 plando
2137 4203 2295 4256 etiam
2345 4199 2484 4254 Patri
2527 4211 2642 4250 suo.
2679 4193 2786 4248 lloc
2817 4201 2896 4246 est
2947 4204 3163 4257 regnum
3191 4186 3483 4249 caelorum,

1899 4275 1964 4352 de
1981 4311 2085 4366 quo
2111 4292 2322 4356 dicitur,
2349 4287 2528 4344 Simile
2547 4293 2618 4339 est
2638 4298 2846 4354 regnum
2863 4279 3097 4332 caelorum
3126 4275 3315 4328 homini
3341 4275 3485 4327 senti-

1899 4375 2039 4446 nanti
2066 4389 2248 4442 bonum
2275 4399 2441 4438 semen
2484 4381 2537 4434 in
2575 4395 2698 4450 agro
2725 4392 2834 4429 suo.
2865 4373 3061 4426 Bonum
3089 4379 3253 4422 autem
3279 4383 3446 4456 semen
3471 4409 3486 4433 ,

1901 4484 1951 4535 hi
1983 4489 2099 4536 sunt
2127 4478 2221 4549 ﬁlii
2246 4474 2387 4546 regni
2413 4489 2430 4526 :
2460 4471 2548 4542 qui
2581 4468 2678 4524 etsi
2728 4482 2866 4520 nunc
2895 4463 3090 4517 habent
3121 4459 3380 4529 permixta
3409 4459 3488 4538 zi-

1901 4575 2051 4628 zauia
2075 4614 2088 4637 ,
2119 4570 2290 4624 mittet
2315 4568 2369 4621 in
2406 4564 2509 4618 line
2532 4578 2621 4616 rex
2652 4559 2763 4629 ipse
2792 4556 3022 4624 Angelos
3063 4567 3188 4607 suos
3214 4593 3228 4618 ,
3262 4560 3307 4603 et
3339 4550 3522 4633 θοαὶ-ξ

1902 4673 2016 4737 gent
2062 4663 2123 4715 de
2165 4675 2319 4730 regno
2359 4657 2469 4720 eius
2513 4653 2680 4708 omnia
2721 4647 2981 4704 scandala.
3010 4644 3149 4698 Tunc
3161 4642 3292 4714 justi
3320 4641 3488 4712 fulge-

1902 4734 2021 4811 bunt
2047 4757 2174 4809 sicut
2221 4753 2297 4808 sol
2350 4751 2402 4804 in
2444 4765 2595 4820 regno
2645 4745 2814 4816 thris
2852 4742 2928 4813 sui
2975 4737 3184 4812 (Matth.
3214 4751 3344 4801 xm,
3381 4734 3488 4798 24,

1902 4848 2114 4921 58-45).
2149 4849 2389 4918 Regnum
2420 4841 2636 4918 fulgebit
2665 4839 2714 4916 in
2747 4851 2910 4924 rctng
2931 4876 2944 4900 ,
2973 4846 3107 4924 cum
3135 4841 3492 4924 regno-vene-

1903 4943 1971 4996 rit
1991 4915 2250 5012 regImm,
2280 4933 2419 5004 quod
2450 4947 2588 5012 nunc
2615 4915 2862 5008 orantes,
2915 4933 2968 4976 et
3007 4920 3234 4974 dicimus
3254 4959 3268 4984 ,
3311 4915 3495 4969 Veniat

1903 5005 2112 5102 regnum
2160 5005 2300 5080 tuum
2347 5007 2476 5096 (Id.
2509 5006 2597 5108 vi,
2645 5019 2755 5108 19).
2783 5005 2953 5097 'l‘i'unc
2981 5028 3107 5081 ergo
3132 5009 3240 5080 jam
3270 5023 3493 5088 regnum

1903 5095 2144 5190 vocatur,
2169 5121 2260 5176 sed
2287 5117 2461 5173 adhuc
2487 5095 2812 5170 Coriv'ocatttt'
2843 5095 2857 5162 :i
2885 5109 2929 5162 si
2968 5107 3109 5161 enim
3138 5121 3355 5174 regnum
3388 5117 3494 5156 non

1908 5226 2205 5277 vocaretur,
2228 5210 2479 5281 Culligent
2505 5206 2565 5260 de
2589 5222 2741 5276 regno
2765 5203 2873 5273 ejus
2897 5200 3066 5253 omnia
3094 5197 3354 5260 scandala,
3391 5210 3496 5247 non

1906 5309 2194 5366 diceretur.
2227 5304 2332 5360 Sed
2371 5301 2605 5357 nondum
2636 5307 2818 5367 regnat
2862 5299 2962 5348 boc
2991 5308 3235 5361 regnum.
3266 5287 3497 5368 Proinde

1908 5405 1985 5458 sic
2019 5402 2126 5471 jam
2165 5407 2247 5454 est
2274 5411 2531 5466 regnum,
2573 5401 2630 5446 ut
2658 5387 2777 5445 cum
2801 5371 2876 5443 “de
2912 5387 3000 5440 illo
3043 5383 3264 5436 collecta
3303 5378 3498 5431 fuerint

1913 5494 2087 5550 omnia
2117 5489 2363 5546 scandala
2386 5531 2400 5554 ,
2434 5496 2555 5542 tunc
2599 5480 2872 5556 perveniat
2906 5478 2969 5531 ad
3008 5487 3262 5542 regnum;
3296 5479 3353 5523 ut
3391 5484 3497 5523 non

1911 5588 2081 5642 Solum
2106 5584 2252 5655 regni
2285 5597 2478 5636 nomen
2501 5622 2516 5647 ,
2555 5576 2648 5632 sed
2689 5574 2847 5629 etiam
2885 5564 3139 5636 regnandi
3185 5559 3373 5615 habeat
3402 5576 3496 5654 po-

1911 5687 2177 5736 tesuttem.
2209 5676 2342 5732 Huic
2369 5675 2566 5746 quippe
2595 5683 2759 5739 regno
2805 5665 2872 5720 ad
2910 5662 3184 5717 dexteram
3226 5655 3416 5720 stanti,
3443 5655 3496 5710 in

1916 5772 2020 5827 line
2039 5771 2266 5837 dicetur,
2322 5765 2526 5829 Venite,
2578 5758 2819 5815 benedicti
2858 5754 3032 5810 Patris
3077 5751 3211 5820 mei,
3255 5748 3500 5821 percipitc
