3926 6432
448 341 588 400 I815

450 474 657 533 regnum
679 454 892 527 (Matth.
918 466 1045 521 xxv,
1061 450 1154 525 δι)
1178 448 1264 507 :id
1287 458 1389 517 est,
1412 450 1502 520 qui
1532 460 1761 519 regnum
1787 441 1951 498 cratis
1978 448 2049 496 et.

449 569 558 610 non
581 551 912 621 regnabatis,
943 534 1119 605 venite
1138 589 1153 614 ,
1174 554 1441 616 .regnate;
1470 551 1529 598 ut
1552 541 1693 613 quod
1722 539 1775 594 in
1801 551 1897 608 spe.
1918 533 2037 590 fue-

447 647 601 714 ratis,
630 645 789 700 etiam
818 644 870 697 in
898 655 959 696 re
986 654 1108 695 esse
1132 637 1369 710 possitis.
1398 634 1523 691 Have
1548 647 1677 705 ergo
1702 631 1893 686 domus
1921 628 2033 695 Dei,

451 740 554 794 bne
580 736 837 805 templum
869 732 962 789 Dei
985 775 999 797 ,
1034 732 1136 787 ltoc
1159 743 1382 800 regnum
1415 728 1544 791 Dei,
1571 736 1900 796 regnumque
1925 734 2010 776 cm

450 832 625 886 lorum
646 828 819 882 adhuc
841 826 1153 889 a'dilicatur,
1181 821 1354 878 adhuc
1378 816 1725 882 fabricatur",
1745 814 1920 869 adhuc
1946 826 2033 880 pa-

451 931 624 986 ratur,
654 918 830 973 adhuc
854 923 1225 987 congregatur.
1271 911 1326 967 In
1358 911 1449 966 illo
1495 918 1655 964 erunt
1700 904 2039 971 mansiones,

452 1011 590 1067 sicut
634 1025 727 1064 eas
770 1008 945 1063 adhuc
986 1016 1135 1077 parat
1181 1003 1484 1060 Dominus:
1518 1002 1572 1055 in
1614 998 1708 1054 illo
1738 997 1847 1069 jam
1879 1004 2038 1062 sunt,

453 1104 593 1158 sicut
622 1100 1018 1173 praedestinavit
1037 1098 1148 1168 jam
1181 1095 1458 1152 Dominus.

527 1193 581 1246 5.
621 1190 724 1247 Sed
741 1189 867 1259 quid
898 1198 979 1245 cst
997 1187 1138 1260 quod
1162 1197 1221 1243 ut
1244 1191 1567 1257 prmpararet
1590 1183 1756 1250 abiit,
1779 1196 1903 1237 cum
1930 1195 2039 1251 pro-

459 1281 598 1338 iecto
620 1297 720 1337 nos
750 1282 891 1350 ipsos
921 1289 1247 1351 prmpararet
1272 1280 1314 1344 ',
1346 1276 1488 1347 quod
1510 1291 1615 1330 non
1644 1274 1803 1329 faciet
1825 1273 1868 1328 si
1914 1272 2042 1327 reli-

458 1374 673 1446 querit?
700 1376 968 1443 Agnosco,
1000 1372 1241 1438 Domine,
1264 1378 1323 1424 ut
1350 1384 1565 1440 possum
1592 1384 1606 1420 :
1640 1368 1887 1422 nimirum
1916 1363 2044 1419 illud

455 1467 725 1538 signiﬁcas
746 1506 760 1528 ,
797 1466 918 1536 quia
953 1472 1014 1520 ιιι
1042 1471 1297 1534 parentur
1317 1462 1433 1517 ista:
1480 1459 1785 1516 mansiones
1813 1499 1828 1521 ,
1868 1456 2046 1511 vivere

457 1560 620 1615 debet
641 1560 818 1629 justus
837 1573 904 1614 ex
931 1557 1033 1613 (ide
1062 1555 1238 1629 (Rom.
1263 1569 1316 1620 ι.
1348 1554 1458 1625 l7).
1480 1551 1584 1620 Qui
1605 1550 1747 1606 enim
1768 1564 1798 1603 a
1822 1548 2046 1605 Domino

455 1652 849 1725 peregrinatur,
878 1666 1014 1721 Opus
1045 1650 1204 1705 habet
1253 1663 1321 1703 ex
1367 1646 1471 1703 [ide
1512 1646 1729 1709 vivere;
1779 1643 1902 1714 quia
1953 1657 2048 1712 per

457 1750 597 1803 hanc
621 1746 687 1802 ad
714 1746 946 1814 speciem
973 1739 1437 1811 contemplandum
1487 1748 1706 1809 paratur
1743 1735 1809 1806 (ll
1846 1735 1961 1789 Cor.
1986 1750 2045 1801 v,

456 1836 598 1908 6-8).
639 1834 781 1890 Beati
814 1835 953 1889 enim
1004 1832 1194 1886 mundo
1222 1831 1410 1895 corde,
1446 1830 1566 1900 quin
1592 1828 1693 1898 ipsi
1722 1825 1885 1881 Deum
1911 1826 2050 1879 ride-

456 1926 579 1979 bunt
606 1924 817 1995 (Matth.
840 1939 893 1989 v,
927 1922 983 1991 8)
1006 1939 1018 1975 :
1051 1932 1124 1989 et,
1151 1920 1280 1976 Fide
1304 1921 1514 1975 mundat
1535 1920 1690 1975 corda
1715 1934 1886 1973 eorum
1906 1918 2045 1985 (Act.

458 2031 557 2077 xv,
587 2015 668 2082 9).
698 2012 830 2068 Illud
862 2014 913 2068 in
942 2012 1253 2083 Evangelio,
1293 2011 1397 2067 hoc
1423 2012 1474 2066 in
1495 2012 1873 2080 Apostolorum
1903 2010 2047 2064 Acti-

456 2106 558 2161 bus
603 2106 820 2176 legitur.
874 2104 1031 2159 Fides
1083 2114 1303 2171 autem,
1351 2120 1453 2175 qua
1504 2118 1692 2159 eorum
1743 2102 1834 2174 qui
1880 2102 2050 2158 Deum

462 2196 625 2252 visuri
655 2206 806 2260 sunt,
837 2195 1091 2265 quamdiu
1133 2194 1571 2266 peregrinantur,
1600 2194 1760 2250 corda
1787 2192 2049 2249 mundan-

460 2288 580 2353 tur,
628 2286 769 2359 quod
805 2302 912 2341 non
961 2285 1105 2341 videt
1151 2285 1356 2341 credit:
1388 2300 1509 2341 nam
1535 2286 1580 2340 si
1606 2284 1787 2352 vides,
1816 2300 1921 2341 non
1967 2291 2052 2341 est

460 2377 617 2434 ﬁdes.
655 2377 906 2433 Credenti
958 2377 1227 2445 colligitur
1254 2377 1534 2443 meritum,
1566 2375 1765 2432 videnti
1812 2376 2049 2432 redditur

463 2469 761 2540 prmmium.
793 2468 893 2523 Eat
918 2484 1047 2539 ergo
1080 2469 1337 2525 Dominus
1362 2480 1418 2524 et
1442 2478 1592 2539 paret
1636 2469 1845 2536 locum;
1874 2479 1962 2525 cat
1982 2487 2016 2526 ιι

465 2559 727 2625 videatur,
760 2560 919 2613 lateat
969 2569 1024 2614 ut
1074 2559 1344 2616 credatur.
1376 2559 1523 2615 Tunc
1568 2560 1708 2615 enim
1758 2559 1908 2616 locus
1958 2574 2023 2631 pa

459 2655 710 2721 ratur,si
757 2669 821 2709 ex
870 2652 974 2708 ﬁde
1030 2653 1257 2709 vivatur.
1299 2651 1546 2710 Creditus
1594 2653 1944 2720 desideretur,
1994 2661 2053 2708 ut

461 2743 795 2801 desideratus
828 2744 1086 2799 habeatur
1113 2762 1126 2797 :
1151 2743 1475 2799 desiderium
1501 2742 1824 2807 dilectionis,
1849 2758 2053 2815 praepa-

464 2837 601 2891 ratio
630 2846 711 2891 est
740 2837 1054 2890 mansionis.
1086 2835 1159 2890 Ita
1180 2876 1195 2899 ,
1223 2835 1450 2891 Domine
1469 2875 1486 2901 ,
1515 2849 1643 2904 para
1691 2836 1832 2906 quod
1858 2850 2046 2906 paras:

465 2941 564 2983 nos
609 2928 752 2982 enim
797 2925 888 2981 tibi
931 2941 1118 2996 paras,
1147 2936 1201 2981 et
1226 2934 1277 2981 te
1304 2924 1456 2980 nobis
1479 2941 1671 2997 paras;
1694 2928 1944 2995 quoniam
1974 2927 2051 2982 Io-

464 3034 589 3076 cum
617 3036 769 3090 paras
790 3061 804 3086 ,
834 3030 885 3074 et
916 3020 1005 3074 tibi
1029 3019 1082 3073 in
1111 3019 1291 3085 nobis,
1313 3028 1369 3076 et
1396 3019 1449 3074 in
1475 3030 1528 3074 te
1571 3019 1745 3076 nobis.
1789 3019 1869 3076 Tu
1907 3019 2053 3076 enim

466 3110 683 3175 dixisti,
716 3110 918 3163 Moneta
961 3110 1015 3163 iu
1056 3126 1136 3163 me
1156 3151 1172 3173 ,
1216 3119 1262 3164 et
1287 3126 1377 3181 ego
1405 3110 1457 3164 in
1485 3109 1620 3164 vobis
1643 3108 1818 3176 (Joan.
1848 3124 1937 3175 xv,
1972 3110 2051 3183 4).

465 3199 732 3267 Quantum
761 3202 987 3270 quisque
1035 3201 1195 3257 fuerit
1241 3202 1505 3271 particeps
1550 3202 1819 3270 tui,alius
1840 3203 2049 3272 minus,

466 3289 601 3344 alius
626 3290 878 3359 amplius,
911 3294 1024 3343 haec
1051 3292 1154 3348 erit
1178 3291 1457 3348 diversitas
1487 3294 1823 3363 praemiorum
1850 3308 1948 3363 pro
1971 3293 2052 3349 di-

468 3382 721 3436 versitate
762 3381 1073 3436 meritorum
1100 3400 1113 3434 :
1145 3383 1257 3438 haec
1285 3385 1385 3438 erit
1409 3383 1689 3438 multitudo
1715 3385 2052 3440 mansionum

469 3488 569 3546 pro
587 3474 937 3545 disparilitate
986 3489 1323 3543 manserunt;
1371 3477 1463 3532 sed
1510 3485 1688 3533 tamen
1729 3478 1966 3534 omnium
1997 3479 2051 3534 in

465 3567 764 3622 aeternitate
816 3566 1054 3620 vivorum
1079 3606 1095 3631 ,
1128 3576 1183 3621 et
1209 3567 1326 3621 sine
1347 3568 1447 3622 line
1471 3568 1768 3623 beatorum.
1796 3569 1931 3635 Quid
1970 3579 2053 3625 est

464 3657 609 3730 quod
629 3658 811 3712 vadis?
836 3658 959 3729 quid
989 3667 1073 3713 est
1090 3658 1232 3730 quod
1260 3659 1452 3715 venis?
1480 3659 1535 3716 Si
1552 3660 1688 3714 bene
1715 3671 1767 3717 te
1793 3661 2049 3734 intelligo,

466 3750 728 3805 necunde
753 3750 900 3804 vadis
937 3750 1200 3806 necunde
1234 3751 1420 3816 venis,
1467 3751 1674 3806 recedis
1725 3770 1739 3805 :
1786 3753 1935 3809 vadis
1979 3755 2055 3809 la-

464 3841 663 3904 tendo,
691 3842 840 3897 venis
862 3841 1187 3912 apparando.
1232 3840 1337 3898 Sed
1389 3842 1492 3898 nisi
1532 3857 1749 3899 maneas
1793 3845 2048 3916 regendo,

466 3942 527 3989 ut
558 3934 894 4005 proﬁciamus
919 3934 1053 3989 bene
1079 3932 1338 4001 vivendo;
1365 3935 1637 4005 quomodo
1676 3937 1946 4007 parabitur
1970 3940 2053 3994 lo-

466 4037 563 4080 cus
590 4024 677 4079 ubi
706 4025 970 4093 pessimus
994 4040 1211 4083 manere
1254 4025 1610 4098 perfruendo?
1636 4028 1760 4086 Haec
1783 4030 1851 4086 de
1879 4030 2055 4087 verbis

465 4129 586 4185 qua:
626 4113 841 4169 recitata
887 4126 1011 4170 sunt
1053 4117 1407 4188 evangelitis,
1447 4119 1578 4174 satis
1601 4118 1742 4174 dicta
1769 4119 1909 4183 sint,
1947 4134 2055 4189 quo

465 4220 635 4278 usque
661 4207 733 4261 ait
762 4207 1043 4274 Dominus,
1074 4206 1269 4264 lterum
1299 4210 1472 4277 uenio,
1494 4222 1541 4265 et
1565 4211 1812 4282 accipiam
1856 4228 1944 4266 vos
1984 4214 2056 4267 ad

464 4298 731 4369 meipsum.
763 4298 899 4366 Quid
929 4308 1106 4354 autem
1151 4300 1222 4355 sit
1269 4300 1412 4371 quod
1459 4302 1719 4373 sequitur,
1752 4299 1821 4355 Ut
1849 4301 1934 4355 ubi
1960 4318 2055 4373 ego

466 4403 579 4443 sum
595 4429 611 4455 ,
639 4399 684 4442 et
714 4405 799 4442 vos
828 4390 955 4442 sitis.
977 4388 1041 4442 Et
1056 4406 1157 4462 quo
1183 4405 1275 4461 ego
1302 4389 1433 4445 vado
1460 4391 1595 4445 scitis
1618 4432 1633 4457 ,
1665 4403 1710 4444 et
1735 4392 1866 4445 viam
1884 4393 2020 4449 scitis
2034 4409 2056 4459 ,'

468 4482 593 4546 pdSt
616 4478 1082 4545 interrogationem
1100 4495 1217 4549 qum
1242 4480 1485 4549 sequitur
1502 4496 1532 4534 a
1557 4480 1817 4552 discipulo
1839 4482 2053 4549 factam,

467 4574 718 4634 tanquam
769 4580 864 4634 per
906 4582 1027 4621 eum
1048 4575 1103 4622 et
1139 4583 1238 4623 nos
1287 4568 1704 4641 interrogemus,
1743 4572 1937 4629 melius
1962 4590 2056 4628 au-

469 4654 682 4712 diemus
706 4658 1165 4730 opportuniusque
1193 4661 1557 4718 tractabimus.

948 4793 1356 4854 TRAC'I‘ATUS
1390 4796 1579 4854 LXIX.

468 4908 537 4965 In
566 4910 623 4965 id
644 4910 780 4983 quod
804 4910 1053 4967 Dominus
1087 4912 1243 4984 dicit,
1276 4912 1345 4970 Et
1371 4930 1480 4987 quo
1503 4931 1603 4989 ego
1627 4917 1762 4973 vado
1789 4919 1938 4976 scitis
1955 4962 1971 4990 ,
2003 4933 2059 4980 et

539 5004 680 5058 viam
704 5005 850 5060 scitis
876 5022 889 5069 ;
923 5022 1075 5074 usque
1117 5007 1185 5060 ad
1223 5007 1310 5076 id,
1355 5007 1525 5065 Nemo
1550 5011 1695 5067 venit
1718 5012 1786 5068 ad
1809 5012 2055 5088 Patrem,

541 5095 643 5148 nisi
673 5111 766 5163 per
794 5111 899 5152 me.
931 5098 1059 5167 Cap.
1087 5114 1201 5168 xrv,
1246 5100 1284 5172 γ
1306 5140 1322 5157 .
1351 5100 1475 5159 4οϐ.

543 5208 599 5266 ι.
638 5205 789 5261 Nunc
813 5217 894 5266 est
920 5209 1289 5282 dilectissimi,
1321 5225 1378 5271 ut
1403 5226 1658 5287 quantum
1686 5219 1947 5291 valemus,
1976 5224 2059 5281 in-

472 5300 772 5369 telligamus
800 5301 866 5357 dc
896 5303 1071 5357 verbis
1102 5305 1309 5362 Domini
1358 5312 1742 5380 posterioribus
1773 5316 1970 5387 priora,
2001 5329 2058 5377 et

467 5395 918 5465 consequentibus
962 5398 1311 5465 praecedentia
1347 5441 1366 5470 ,
1424 5405 1477 5458 in
1522 5419 1589 5461 eo
1639 5406 1781 5478 quod
1836 5410 2058 5469 audistis

465 5484 709 5555 apostolo
749 5485 969 5542 Thomre
1019 5488 1364 5563 interroganti
1417 5509 1537 5551 esse
1580 5513 1915 5570 responsum.
1965 5503 2056 5559 Dt-

464 5589 619 5635 xerat
655 5577 798 5635 enim
839 5579 1085 5652 superius
1115 5584 1406 5654 Dominus,
1436 5602 1557 5645 eum
1597 5590 1664 5648 de
1690 5594 2054 5653 mansionibus

526 5710 551 5801 ἔ
568 5710 833 5801 mil?
839 5714 1680 5801 ﬁi!§‘l1"2.f“.’::_ﬁd’i'!€£“!"€€‘"'-

572 5778 837 5836 mam-et,
859 5778 998 5837 juxta
1018 5783 1094 5827 Er.
1116 5778 1263 5844 Lugd.
1289 5788 1343 5832 et
1364 5778 1485 5831 ven.
1540 5790 1599 5835 ﬂ.

1397 331 1465 393 IN
1501 325 1779 389 JOANNIS
1825 318 2298 388 “memon,
2336 319 2396 378 s.
2427 296 2798 374 uacuam:

2148 436 2473 508 loqueretur,
2499 450 2634 507 quas
2656 445 2713 492 et
2738 448 2859 492 esse
2882 433 3018 490 dixit
3037 433 3092 490 in
3121 432 3278 490 domo
3300 434 3478 492 Patris
3502 437 3579 493 sui
3601 479 3616 505 ,
3650 450 3699 496 et

2146 531 2226 587 ire
2251 545 2311 586 se
2337 538 2393 585 ιιι
2417 538 2680 601 prmparct
2704 544 2831 595 eas;
2872 528 2961 586 ubi
2991 526 3347 605 intelleximus
3379 538 3435 585 et
3467 543 3582 586 esse
3608 534 3705 603 μω

2135 619 2447 682 mansiones
2476 625 2619 697 ipsas
2644 625 2698 681 in
2725 624 3215 697 prtcdestinatione,
3244 632 3298 680 et
3323 625 3605 695 praeparari
3628 642 3707 685 eas

2145 734 2265 775 cum
2306 732 2492 775 eorum
2538 716 2627 787 qui
2664 716 2735 772 ibi
2775 716 3012 772 mansuri
3045 723 3189 782 sunt,
3232 730 3329 787 per
3374 713 3534 771 ﬁdem
3569 718 3707 775 corda

2148 811 2491 872 mundantur,
2533 809 2783 880 quoniam
2828 809 2943 879 ipsa
2981 807 3075 863 Dei
3118 807 3309 863 domus
3352 807 3455 878 ipsi
3491 815 3637 875 sunt;
3665 819 3713 866 et

2147 900 2272 973 quid
2319 911 2403 955 est
2446 899 2588 955 aliud
2632 913 2850 954 manere
2893 899 2947 954 in
2985 897 3148 953 domo
3186 896 3299 963 Dei,
3330 911 3497 967 quam
3528 910 3638 954 esse
3666 899 3711 955 in

2151 993 2346 1064 populo
2378 992 2493 1058 Dei,
2521 1007 2642 1047 cum
2670 991 2809 1048 idem
2832 989 3059 1062 populus
3087 988 3247 1045 estin
3275 990 3414 1057 Deo,
3435 997 3492 1046 et
3515 989 3646 1047 Deus
3664 991 3712 1048 ia

2149 1085 2247 1139 eo?
2271 1084 2371 1138 ltnc
2396 1094 2453 1138 ut
2474 1091 2817 1153 prmpararct,
2843 1081 3099 1137 Dominus
3118 1080 3247 1136 abiit
3267 1098 3286 1146 ,-
3314 1090 3377 1136 ut
3396 1080 3651 1137 credendo
3666 1082 3710 1138 iu

2148 1193 2271 1234 eum
2298 1177 2387 1249 qni
2416 1192 2519 1231 non
2551 1175 2781 1243 videtur,
2807 1190 2870 1231 ea
2894 1189 3016 1246 qua:
3037 1174 3088 1229 in
3117 1173 3295 1244 specie
3315 1187 3535 1245 semper
3558 1172 3714 1230 futura

2149 1279 2252 1335 est,
2283 1284 2423 1325 nunc
2447 1284 2540 1340 per
2566 1268 2723 1325 ﬁdem
2753 1268 2962 1325 mansio
2984 1275 3318 1339 praeparetur
3348 1284 3362 1319 :
3394 1274 3606 1336 propter
3627 1267 3714 1325 hoc

2149 1377 2278 1433 ergo
2302 1359 2533 1426 dixerat,
2564 1359 2629 1416 Et
2648 1360 2690 1415 si
2713 1360 2904 1426 abiero,
2935 1368 2981 1414 et
3000 1373 3357 1430 pit-reparavere
3388 1357 3526 1412 vobis
3550 1356 3716 1427 locum,

2149 1455 2329 1509 iterum
2347 1453 2507 1516 venio,
2519 1461 2566 1506 et
2574 1451 2820 1522 accipiam
2834 1466 2920 1505 vos
2930 1449 2999 1504 ad
3013 1450 3110 1505 mei
3113 1465 3279 1520 psum,
3291 1458 3351 1504 ut
3367 1448 3452 1502 ubi
3462 1465 3552 1520 ego
3567 1466 3668 1504 sunt
3680 1461 3719 1505 α

2150 1547 2374 1601 mritis.
2392 1543 2460 1599 Et
2477 1562 2574 1615 quo
2591 1561 2681 1616 ego
2696 1543 2824 1599 vado
2837 1543 2997 1610 scitis,
3010 1552 3055 1598 et
3068 1543 3196 1598 viam
3208 1542 3371 1597 scitis.
3394 1541 3478 1598 Ad
3492 1542 3598 1598 lucc
3619 1543 3719 1599 dic'u

2151 1642 2196 1696 ei
2223 1638 2445 1695 Thomas
2477 1655 2497 1694 :
2521 1637 2757 1704 Domine,
2796 1638 3047 1694 nescimus
3075 1653 3175 1709 quo
3200 1634 3389 1700 uadis;
3416 1645 3464 1690 et
3498 1634 3721 1703 quam

2152 1750 2417 1805 possumus
2437 1734 2568 1787 viam
2597 1731 2765 1787 scire?
2786 1729 3081 1802 Utrumque
3101 1728 3223 1784 illos
3254 1727 3520 1784 Dominus
3535 1727 3718 1785 dixerat

2153 1827 2312 1891 scire,
2337 1834 2621 1895 utrumque
2640 1823 2769 1880 dicit
2797 1823 2899 1880 iste
2925 1822 3153 1887 nescire,
3180 1829 3237 1876 et
3265 1819 3451 1875 locum
3475 1822 3579 1891 quo
3606 1820 3712 1884 itur,

2152 1928 2209 1972 et
2249 1916 2387 1970 viam
2425 1930 2531 1985 qua
2564 1915 2689 1969 itur.
2724 1913 2833 1970 Sed
2865 1914 3034 1969 nescit
3067 1913 3157 1969 ille
3193 1911 3417 1967 mentiri
3451 1928 3466 1965 :
3495 1925 3616 1983 ergo
3649 1912 3721 1967 isti

2154 2005 2415 2073 sciebant,
2459 2016 2516 2062 et
2549 2006 2686 2062 scire
2720 2022 2781 2063 se
2825 2005 3151 2061 nesciebant.
3185 2000 3491 2060 Convineat
3517 2016 3606 2058 eos
3628 2002 3721 2071 jam

2155 2100 2331 2165 scire,
2363 2099 2504 2171 quod
2535 2114 2594 2155 se
2633 2106 2820 2170 putant
2855 2097 3032 2153 adhuc
3065 2112 3236 2167 usque
3279 2096 3516 2153 nescire.
3542 2093 3721 2151 Dicitei

2154 2190 2351 2248 Iesus:
2384 2190 2493 2263 Ego
2517 2207 2628 2246 sum
2662 2191 2762 2256 ria,
2791 2201 2839 2246 et
2873 2190 3074 2256 veritas,
3106 2198 3152 2243 et
3180 2188 3307 2243 vita.
3342 2186 3485 2258 Quid
3510 2195 3608 2254 est,
3637 2186 3722 2240 ira-

2156 2283 2305 2341 tres?
2359 2282 2499 2339 Ecce
2560 2282 2858 2338 audivimus
2907 2282 3226 2352 discipulum
3290 2281 3717 2353 interrogantem,

2155 2374 2454 2432 audivimus
2478 2382 2534 2430 et
2560 2374 2871 2445 magistrum
2899 2373 3183 2431 docentem
3199 2414 3216 2439 ,
3247 2382 3311 2429 et
3336 2372 3570 2429 nondum
3596 2372 3721 2443 cipi-

2155 2482 2306 2532 mus,
2337 2466 2496 2521 etiam
2534 2474 2656 2536 post
2690 2480 2876 2522 vocem
2913 2475 3225 2532 sonantem,
3263 2463 3587 2521 sententiam
3625 2463 3721 2520 lati-

2156 2564 2378 2612 tantem.
2420 2555 2526 2612 Sed
2569 2554 2694 2626 qttid
2734 2571 2840 2610 non
2882 2571 3163 2626 possumus
3203 2555 3453 2626 capere?
3490 2553 3721 2626 Numquid

2156 2656 2404 2719 poterant
2429 2647 2479 2703 ei
2504 2647 2684 2703 dicere
2710 2646 2951 2717 Apostoli
2981 2646 3099 2717 ejus
3122 2662 3245 2702 cum
3276 2646 3478 2719 quibus
3497 2646 3719 2718 loquella-

2157 2748 2264 2806 tur,
2288 2736 2564 2794 Nescimus
2594 2738 2683 2793 te?
2700 2736 2930 2795 Proinde
2954 2738 2997 2793 si
3018 2752 3139 2793 eum
3169 2738 3441 2800 sciebant.
3466 2748 3519 2795 et
3535 2739 3611 2795 via
3626 2738 3722 2809 ἱμε

2157 2839 2272 2894 est,
2303 2829 2440 2884 viam
2480 2829 2718 2885 sciebant
2750 2847 2763 2883 :
2793 2829 2839 2884 si
2864 2844 2986 2884 eum
3017 2829 3289 2895 sciebant,
3324 2838 3382 2886 et
3410 2831 3598 2887 veritas
3628 2832 3720 2900 ipse

2157 2930 2260 2987 est,
2286 2922 2561 2976 veritatem
2580 2921 2818 2979 sciebant
2847 2940 2861 2976 :
2886 2922 2931 2977 si
2967 2938 3088 2977 eum
3121 2922 3391 2992 sciebant,
3418 2933 3474 2979 et
3498 2924 3598 2980 vita
3623 2924 3716 2993 ipse

2158 3022 2259 3077 est,
2292 3015 2454 3069 vitam
2482 3014 2742 3070 sciebant.
2774 3014 2913 3070 Ecce
2940 3014 3079 3070 scire
3108 3015 3347 3072 convicti
3373 3024 3496 3072 sunt
3522 3013 3648 3087 quod
3669 3028 3717 3072 se

2157 3108 2295 3163 scire
2318 3106 2645 3163 nesciebant.
2724 3168 2728 3172 ,

2226 3199 2282 3254 2.
2321 3198 2459 3268 Quid
2474 3199 2633 3269 igitur
2654 3207 2711 3254 et
2735 3213 2835 3255 nos
2862 3199 2915 3255 in
2941 3199 3045 3256 isto
3060 3214 3318 3257 sermone
3338 3216 3444 3257 non
3469 3199 3713 3272 cepimus?

2157 3291 2293 3360 Quid
2324 3290 2537 3361 putatis,
2566 3290 2755 3345 fratres
2781 3290 2911 3357 mei,
2940 3291 3040 3346 nisi
3066 3291 3187 3362 quia
3213 3291 3377 3357 dixit,
3410 3290 3475 3346 Et
3499 3308 3591 3363 quo
3610 3289 3716 3345 unde

2156 3384 2313 3447 scitis,
2358 3394 2404 3437 et
2433 3385 2564 3438 viam
2591 3384 2729 3438 scitis
2752 3383 2778 3437 1'
2805 3382 2871 3438 Et
2895 3398 3019 3440 ecce
3045 3384 3403 3455 cognovimus
3428 3384 3563 3456 quod
3598 3383 3716 3439 scie-

2156 3478 2286 3533 bant
2326 3478 2489 3543 viam,
2517 3477 2639 3547 quia
2668 3475 2907 3533 sciebant
2933 3478 3104 3546 ipsum
3130 3478 3222 3548 qui
3266 3488 3359 3535 est
3385 3478 3467 3533 via
3500 3497 3513 3532 :
3541 3477 3625 3534 sed
3649 3475 3715 3531 via

2156 3577 2240 3624 est
2265 3582 2364 3637 qua
2397 3567 2537 3632 itur;
2566 3565 2820 3638 numquid
2846 3567 2931 3621 via
2959 3574 3043 3623 est
3069 3576 3124 3623 et
3146 3582 3254 3639 quo
3285 3568 3434 3625 itur?
3463 3567 3717 3638 Utrumque

2157 3667 2333 3714 autem
2360 3658 2477 3714 illos
2505 3657 2712 3733 dixerat
2737 3659 2896 3726 scire,
2923 3668 2979 3716 et
3002 3673 3109 3728 quo
3135 3659 3304 3727 vadit,
3333 3670 3392 3716 et
3418 3661 3571 3716 viam.
3595 3660 3715 3726 Opus

2156 3766 2286 3824 ergo
2311 3761 2427 3806 crat
2466 3761 2522 3806 nt
2558 3750 2785 3818 diceret,
2827 3752 2938 3825 Ego
2967 3770 3079 3808 sum
3105 3754 3206 3820 via,
3239 3762 3302 3809 ut
3327 3755 3714 3811 ostendereteol

2157 3842 2246 3914 qui
2278 3858 2399 3898 cum
2429 3844 2648 3908 scirent,
2681 3845 2816 3900 viam
2847 3845 2983 3900 scire
3012 3862 3170 3916 quam
3201 3856 3517 3917 putaverant
3557 3861 3612 3902 se
3635 3857 3716 3900 ne-

2159 3936 2297 3991 scire
2324 3953 2336 3989 :
2364 3933 2488 4006 quid
2514 3944 2692 3990 autem
2720 3950 2857 4007 opus
2881 3946 2993 3993 erat
3021 3946 3080 3992 ut
3105 3937 3331 4008 diceret,
3365 3938 3476 4010 Ego
3501 3954 3606 3993 sunt
3626 3937 3709 4002 ria,

2158 4036 2205 4082 et
2229 4028 2428 4093 veritas,
2474 4038 2523 4083 et
2549 4028 2671 4097 vita,
2698 4044 2822 4086 cum
2860 4031 2943 4085 via
2980 4030 3188 4102 cognita
3218 4046 3325 4103 qua
3358 4033 3477 4096 iret.
3522 4035 3715 4085 restaret

2159 4133 2318 4176 nosse
2345 4135 2450 4190 quo
2492 4120 2631 4186 iret;
2672 4121 2771 4176 nisi
2813 4122 2938 4192 quia
2982 4122 3090 4179 ibat
3115 4120 3182 4179 ad
3211 4123 3513 4188 veritatem,
3541 4117 3711 4178 ibatad

2158 4210 2359 4266 vitam?
2387 4210 2498 4266 Ibat
2517 4227 2647 4283 ergo
2669 4211 2735 4266 ad
2755 4213 3009 4285 seipsum,
3033 4227 3129 4284 per
3143 4213 3404 4284 seipsum.
3431 4214 3497 4269 Et
3518 4225 3608 4268 nos
3624 4221 3711 4279 quo

2159 4303 2320 4370 imus,
2367 4304 2466 4359 nisi
2514 4304 2579 4359 ad
2608 4306 2816 4375 ipsum?
2859 4314 3037 4376 ctqna
3078 4306 3235 4371 imus,
3266 4307 3372 4361 nisi
3415 4321 3509 4377 per
3531 4298 3708 4374 ipsum?

2161 4395 2278 4465 Ipse
2308 4395 2463 4465 igitur
2490 4394 2554 4449 ad
2599 4396 2833 4466 seipsum
2877 4411 2975 4467 per
3016 4396 3292 4467 seipsum;
3324 4412 3422 4453 nos
3457 4397 3522 4451 ad
3563 4395 3708 4465 ipsum

2159 4499 2257 4556 per
2299 4486 2469 4556 ipsum
2500 4503 2513 4539 :
2544 4486 2651 4541 imo
2681 4501 2811 4541 vero
2853 4495 2908 4542 et
2947 4486 3014 4542 ad
3046 4487 3255 4544 Patrem
3305 4498 3361 4545 et
3389 4489 3499 4558 ipse
3523 4495 3574 4542 et
3607 4497 3703 4540 nos.

2159 4576 2291 4634 Nam
2320 4588 2375 4634 et
2400 4578 2468 4635 de
2510 4579 2686 4651 Seipso
2713 4578 2839 4635 alibi
2868 4580 3016 4647 dicit,
3047 4579 3128 4634 Ad
3158 4579 3363 4637 Patrem
3391 4580 3515 4635 cado
3553 4574 3704 4649 (Ιοιιιι.

2161 4688 2268 4740 ινι,
2302 4673 2394 4747 10)
2425 4692 2439 4729 :
2470 4683 2524 4729 et
2551 4672 2654 4729 hoc
2680 4673 2797 4729 loco
2825 4683 3041 4746 propter
3069 4688 3189 4740 nos,
3222 4672 3408 4739 Nemo,
3438 4670 3614 4743 inquit,
3636 4680 3708 4721 υθ-

2160 4766 2234 4821 nit
2256 4766 2325 4821 ad
2355 4763 2583 4833 Patrem,
2600 4766 2697 4821 nisi
2725 4782 2815 4837 per
2834 4782 2949 4841 me._
2965 4766 3044 4822 Ac
3061 4780 3158 4837 per
3183 4765 3288 4822 hoc
3310 4774 3366 4821 et
3393 4766 3503 4836 ipse
3526 4776 3611 4834 per
3632 4772 3682 4813 se

2161 4858 2334 4929 ipsum
2372 4868 2427 4915 et
2451 4858 2516 4914 ad
2544 4859 2777 4930 scipsum
2803 4866 2859 4914 et
2886 4858 2953 4914 ad
2982 4859 3215 4926 Patrem,
3241 4868 3295 4914 et
3323 4870 3423 4913 nos
3452 4871 3541 4926 per
3561 4853 3704 4922 ipsum

2160 4959 2216 5009 et
2242 4951 2308 5008 ad
2337 4952 2509 5023 ipsum
2554 4962 2611 5008 et
2635 4954 2700 5009 ad
2748 4953 2979 5010 Patrem.
3010 4953 3142 5022 Quis
3170 4954 3284 5009 haec
3321 4952 3480 5024 capit,
3521 4947 3609 5004 nisi
3630 4942 3703 5014 qui

2161 5044 2507 5116 Spiritualiter
2546 5046 2717 5115 sapit?
2746 5046 2815 5102 Et
2851 5056 3106 5116 quantum
3139 5055 3227 5102 est
3252 5045 3390 5117 quod
3419 5044 3503 5099 bic
3540 5038 3661 5108 capit
3684 5073 3699 5098 ο

2159 5135 2370 5193 etiamsi
2415 5137 2758 5206 spiritttaliter
2802 5137 2978 5208 sapit?
3020 5136 3254 5203 Fratres,
3288 5134 3409 5208 quid
3436 5149 3467 5189 a
3506 5146 3584 5186 me
3618 5126 3696 5181 ista

2163 5228 2317 5285 vobis
2355 5227 2513 5284 vultis
2539 5228 2772 5302 exponi?
2797 5230 3035 5301 Cogitate
3056 5244 3215 5300 quam
3242 5227 3446 5285 eacclsa
3471 5224 3584 5279 sint.
3627 5214 3699 5271 Vi-

2160 5319 2299 5378 detis
2326 5321 2451 5392 quid
2495 5322 2618 5390 sim,
2661 5322 2815 5377 video
2841 5321 2969 5393 quid
3012 5322 3171 5377 sitis:
3200 5322 3253 5377 in
3292 5318 3530 5376 omnibus
3569 5306 3695 5367 nobis

2161 5428 2356 5484 corpus
2382 5414 2525 5487 quod
2554 5415 2913 5485 corrumpitur
2936 5425 3186 5487 aggravat
3206 5416 3451 5477 animam,
3479 5418 3530 5466 et
3545 5401 3694 5473 depri-

2159 5505 2258 5561 mit
2304 5516 2513 5563 terrena
2567 5506 2880 5563 inbabitatio
2938 5523 3156 5565 sensum
3206 5509 3367 5565 multa
3415 5501 3690 5575 cogitantem

2160 5599 2319 5674 (Sep.
2352 5617 2426 5667 ιχ,
2460 5600 2571 5672 15).
2613 5600 2934 5659 Putamnsne
2961 5619 3240 5674 possumus
3264 5602 3453 5663 dicere,
3478 5593 3553 5650 Ad
3572 5587 3690 5646 tele-

2158 5692 2269 5746 otm'
2293 5691 2517 5747 animam
2543 5709 2724 5759 meam,
2772 5694 2861 5763 qui
2885 5694 3078 5751 habitas
3103 5696 3156 5750 in
3196 5697 3317 5751 mlo
3341 5689 3498 5763 (Psal.
3530 5696 3687 5744 cxxtt.

2161 5784 2258 5854 υτ
2281 5782 2388 5841 Sed
2413 5786 2515 5840 sub
2544 5790 2691 5843 tanto
2718 5785 2953 5857 pondere
2978 5785 3066 5842 ubi
3096 5787 3477 5858 ingemiscimus
3496 5770 3687 5852 αηνδιίο
