3926 6362
180 373 301 435 181⁸1

181 482 415 562 quomodo
435 476 620 535 levabo
637 475 864 533 animam
884 489 1080 557 meam,
1108 472 1213 530 nisi
1234 488 1442 531 mecum
1466 475 1606 530 levet
1630 473 1721 546 qui

180 576 329 653 posuit
353 588 447 646 pro
472 585 555 626 nte
596 566 790 625 suam?
829 567 1006 623 Dicam
1032 581 1160 638 ergo
1186 565 1326 638 quod
1360 580 1597 636 possum,
1634 580 1724 620 ca-

177 673 269 745 piat
303 676 519 723 vestrum
549 663 639 734 qui
675 668 866 733 potest.
900 661 1019 730 Quo
1061 659 1296 715 donante
1341 659 1479 723 dico,
1526 674 1592 713 eo
1619 658 1720 715 do-

177 771 311 822 naute
333 759 462 828 capit
479 757 566 828 qui
588 755 748 825 capit.
765 761 820 809 et
838 767 904 808 eo
927 751 1162 807 donante
1178 750 1348 806 credit
1372 751 1460 820 qui
1483 749 1719 805 nondum

174 855 308 923 capit.
342 849 450 905 Nisi
473 848 616 904 enim
643 844 976 909 credideritis,
1003 842 1174 916 inquit
1202 845 1482 915 propheta,
1514 859 1615 898 non
1640 844 1720 897 in-

174 926 370 1014 telligetis
397 936 547 1009 (lsai.
576 950 663 999 vn,
696 938 751 999 tl,
791 950 892 990 sec.
922 930 1113 1003 LXX).

230 1035 276 1088 5.
306 1031 389 1085 Dic
416 1027 561 1090 mihi,
609 1026 831 1083 Domine
858 1038 1031 1090 meus,
1058 1021 1182 1094 quid
1208 1021 1380 1078 dicam
1419 1023 1587 1078 servis
1617 1023 1721 1079 tuis

174 1123 405 1182 conservis
429 1116 599 1174 meis?
623 1116 856 1173 Thomas
885 1114 1159 1185 apostolus
1180 1123 1238 1168 ut
1266 1124 1318 1169 te
1344 1113 1718 1184 interrogaret,

174 1213 327 1269 habuit
354 1220 401 1266 te
424 1217 544 1264 ante
568 1223 661 1273 se;
705 1222 801 1262 uec
828 1215 1005 1261 tamen
1035 1204 1356 1275 intelligeret
1388 1213 1460 1268 te,
1498 1204 1598 1259 nisi
1627 1203 1723 1258 ha-

175 1304 299 1360 beret
322 1303 368 1360 in
391 1315 448 1356 se
476 1317 489 1353 :
518 1313 619 1368 ego
642 1297 913 1367 interrogo
940 1305 1015 1363 te,
1041 1294 1166 1366 quia
1195 1304 1248 1350 te
1272 1295 1384 1351 scio
1413 1309 1531 1351 esse
1561 1310 1723 1366 super

174 1410 269 1459 me;
313 1393 570 1461 interrogo
621 1398 797 1445 autem
843 1388 1152 1459 inqnantutn
1186 1402 1405 1459 passum
1437 1401 1599 1457 super
1635 1402 1722 1443 me

173 1484 406 1541 elluudere
429 1482 659 1537 animam
687 1494 884 1544 meum,
907 1478 997 1533 ubi
1027 1494 1131 1533 non
1159 1485 1438 1533 sonantem
1464 1487 1519 1534 et
1545 1488 1723 1534 tamen

173 1576 409 1630 docentem
450 1572 659 1628 audiam
701 1582 771 1627 te.
824 1571 915 1625 Die
962 1570 1114 1635 mihi,
1163 1569 1407 1635 obsecro,
1453 1570 1723 1640 quomodo

174 1668 294 1725 vadis
314 1664 376 1719 ad
405 1664 494 1719 te?
521 1661 912 1733 Numquidnam
930 1670 989 1717 ut
1015 1661 1226 1716 venires
1246 1660 1315 1715 ad
1347 1673 1462 1725 nos,
1492 1662 1722 1732 relique-

174 1772 242 1811 ras
269 1766 313 1812 te
343 1774 355 1809 :
387 1755 612 1810 maxime
638 1753 761 1824 quia
790 1767 894 1808 non
925 1766 958 1807 a
987 1752 1158 1822 teipso
1187 1751 1400 1819 venisti,
1428 1751 1520 1807 sed
1569 1751 1725 1807 Pater

173 1856 215 1902 te
242 1846 366 1902 misit
384 1832 554 1900 ?ﬂScio
576 1844 794 1916 quidem
836 1843 978 1914 quod
1016 1852 1070 1899 te
1094 1843 1415 1909 exinanisti;
1455 1843 1549 1898 sed
1598 1846 1722 1914 quia

173 1937 360 1991 formam
384 1937 514 1991 servi
555 1935 809 2006 accepisti
840 1933 1095 2009 (Philipp.
1125 1952 1186 2001 tt,
1217 1936 1298 2007 7),
1332 1949 1436 1990 non
1464 1936 1583 2006 quia
1613 1935 1723 1991 for-

175 2043 286 2081 mam
326 2028 408 2083 Dei
433 2027 515 2082 vel
553 2026 619 2082 ad
661 2043 822 2099 quam
872 2028 1076 2083 redires
1104 2027 1386 2094 demisisti,
1440 2028 1522 2083 vel
1562 2043 1721 2098 quam

176 2120 399 2189 reciperes
443 2120 665 2174 amisisti
701 2137 718 2175 :
749 2128 803 2174 et
834 2128 1008 2176 tamen
1050 2119 1264 2184 venisti,
1310 2128 1365 2175 et
1416 2135 1524 2174 non
1551 2118 1720 2175 solum

176 2224 310 2280 usque
352 2210 412 2264 ad
454 2210 699 2265 carnales
745 2208 951 2272 oculos,
1003 2224 1187 2265 verum
1238 2211 1398 2266 etiam
1451 2225 1619 2280 usque
1652 2210 1723 2267 ad

178 2314 330 2354 manus
353 2300 615 2355 hominum
644 2300 958 2370 pervenisti.
988 2299 1289 2367 Quomodo,
1317 2300 1419 2354 nisi
1443 2301 1493 2354 in
1524 2300 1723 2356 carne?

176 2388 256 2444 Per
289 2392 409 2446 hanc
435 2392 620 2446 venisti
651 2406 879 2447 manens
923 2390 1010 2445 ubi
1040 2405 1183 2457 eras,
1217 2406 1310 2461 per
1354 2392 1492 2447 hanc
1534 2393 1721 2449 redisti

175 2495 258 2535 non
283 2483 565 2554 relinquens
590 2499 699 2554 quo
725 2498 970 2538 veneras.
997 2482 1052 2539 Si
1082 2498 1208 2554 ergo
1238 2498 1334 2555 per
1365 2487 1500 2540 hanc
1528 2484 1719 2541 venisti

175 2580 217 2627 et
239 2574 394 2628 redisti
417 2593 430 2639 ;
458 2591 552 2644 per
574 2575 715 2630 hanc
742 2575 925 2646 procul
952 2574 1114 2629 dubio
1144 2593 1247 2630 non
1276 2576 1448 2630 solum
1482 2576 1637 2632 nobis
1658 2593 1720 2633 es

176 2678 255 2732 qua
280 2666 561 2722 veniremus
601 2665 670 2722 ad
704 2674 778 2729 te,
811 2681 996 2721 verum
1036 2667 1194 2722 etiam
1246 2666 1340 2721 tibi
1369 2683 1469 2738 qua
1510 2670 1719 2725 venires

173 2753 428 2818 ctrcdires,
467 2757 547 2810 via
589 2757 762 2811 luisti.
814 2757 947 2813 Cum
980 2772 1107 2812 vero
1147 2758 1213 2811 ad
1256 2758 1441 2825 vitam,
1474 2759 1616 2829 quod
1659 2776 1719 2818 es

172 2844 277 2915 ipse,
300 2847 406 2913 isti;
444 2849 697 2905 eamdem
740 2848 980 2919 profecto
1018 2864 1235 2906 carnem
1276 2861 1418 2906 lnam
1448 2852 1516 2908 de
1546 2864 1719 2912 morte

170 2934 220 2989 ad
244 2938 379 2992 vitam
403 2939 617 2995 duxisti.
659 2940 814 2995 Aliud
840 2942 1033 3012 quippe
1066 2941 1155 2996 Dei
1191 2941 1418 2997 Verbum
1445 2953 1547 3006 est,
1574 2945 1718 3000 aliud

171 3023 444 3085 homozsed
486 3030 729 3087 Verbum
766 3047 892 3086 caro
935 3030 1132 3087 factum
1162 3042 1265 3098 est,
1309 3033 1360 3087 id
1408 3042 1489 3089 est
1531 3033 1714 3091 homo.

173 3112 264 3171 Non
287 3118 446 3191 itaque
472 3121 572 3177 alia
602 3121 794 3187 Verbi,
822 3121 924 3175 alia
947 3130 1029 3177 est
1050 3123 1280 3177 hominis
1307 3138 1552 3193 persona,
1580 3140 1715 3196 quo-

175 3208 285 3264 niam
309 3222 572 3284 utrumque
594 3223 683 3270 est
710 3214 953 3269 Christus
976 3229 1080 3268 una
1108 3229 1334 3285 persona
1363 3234 1376 3271 :
1401 3231 1466 3271 ac
1490 3232 1587 3287 per
1615 3216 1716 3273 hoc

171 3304 560 3369 quemadmodum
606 3322 741 3362 caro
788 3322 911 3363 cum
958 3318 1163 3362 mortua
1212 3316 1313 3371 est,
1341 3310 1585 3366 Christus
1629 3320 1716 3367 est

170 3403 364 3452 mortuus
384 3414 400 3463 ;
424 3410 476 3454 et
497 3413 617 3455 eum
650 3414 777 3455 caro
804 3399 1009 3471 sepulta
1036 3410 1139 3463 est,
1166 3399 1410 3456 Christus
1428 3413 1510 3456 est
1535 3403 1716 3472 sepul-

174 3489 356 3559 tus(sic
389 3493 522 3547 enim
551 3491 725 3548 corde
760 3493 1029 3547 credimus
1066 3491 1133 3547 ad
1170 3492 1452 3561 justitiam,
1500 3495 1579 3550 sic
1617 3481 1727 3554 ore.

173 3580 505 3638 coulesslonem
533 3584 759 3638 facimus
787 3584 853 3637 ad
892 3583 1115 3638 salutem
1140 3582 1314 3657 [Βοηι.
1347 3600 1403 3652 x,
1435 3585 1522 3659 10]
1544 3584 1565 3659 )
1591 3603 1607 3651 ;
1639 3586 1710 3643 ita

172 3682 265 3725 cum
286 3687 398 3728 caro
421 3689 451 3729 a
491 3689 663 3732 morte
706 3675 849 3730 venit
893 3674 961 3729 ad
988 3675 1173 3744 vitam,
1201 3675 1445 3733 Christus
1474 3681 1618 3735 venit
1643 3680 1711 3736 ad

172 3760 316 3817 vitam.
361 3764 422 3821 Et
459 3769 578 3839 quia
621 3767 853 3822 Verbum
884 3766 977 3822 Dei
1023 3765 1268 3822 Christus
1315 3780 1413 3833 est,
1466 3768 1713 3828 Christus

172 3861 234 3904 est
254 3854 363 3911 vita.
389 3857 458 3912 Ita
485 3862 620 3914 miro
644 3856 877 3930 qnodant
902 3870 955 3913 et
980 3858 1234 3914 inell'abili
1260 3860 1439 3920 modo.
1465 3862 1554 3932 qni
1577 3880 1715 3918 nun-

171 3956 295 4010 quam
315 3948 515 4006 demisit
541 3951 627 4007 vel
658 3950 838 4005 amisit
880 3951 1136 4020 seipsum,
1181 3952 1325 4007 venit
1351 3954 1417 4007 ad
1452 3954 1707 4022 seipsum.

170 4028 359 4092 Venerat
392 4038 586 4107 aute'ln,
633 4048 694 4096 ut
721 4040 918 4096 dictum
948 4049 1050 4108 est,
1084 4056 1180 4112 per
1205 4056 1419 4096 carnem
1460 4043 1601 4100 Deus
1640 4046 1710 4101 ad

172 4118 387 4195 homines,
428 4132 618 4187 veritas
669 4131 737 4186 ad
780 4132 1064 4187 mendaces
1097 4151 1111 4187 :
1146 4134 1285 4188 Deus
1322 4134 1464 4189 enim
1502 4150 1664 4192 verax
1689 4180 1705 4206 ,

170 4218 307 4272 omnis
333 4232 499 4279 autem
527 4225 693 4280 hmno
731 4225 958 4281 mendax
996 4225 1109 4298 (Id.
1144 4242 1220 4292 tu,
1261 4228 1341 4298 4).
1373 4229 1502 4284 Cum
1531 4231 1710 4303 itaque

171 4305 223 4361 ab
242 4309 515 4374 hominibus
535 4319 776 4383 abstulit,
806 4328 966 4389 atque
991 4320 1115 4375 illuc
1135 4320 1222 4376 ubi
1249 4336 1408 4376 nemo
1430 4326 1704 4394 mentitur,

169 4412 342 4462 mntem
367 4425 512 4466 suam
539 4413 771 4477 levavit;
809 4411 946 4467 idem
979 4414 1111 4481 ipse.
1153 4412 1273 4483 quia
1310 4414 1537 4472 Verbum
1581 4432 1708 4473 caro

169 4490 324 4552 factum
355 4513 451 4570 est,
476 4518 570 4573 per
592 4504 849 4573 seipsum,
882 4502 934 4558 id
969 4512 1053 4558 est
1083 4518 1177 4574 per
1202 4519 1441 4571 carnem,
1470 4506 1539 4562 ad
1564 4510 1705 4564 veri-

171 4592 566 4668 Iatetn,qnod.cst
595 4597 731 4667 ipse,
759 4597 1034 4653 remeavit.
1065 4597 1235 4666 Quam
1265 4598 1479 4669 quidem
1507 4602 1706 4659 verita-

171 4684 270 4747 tem,
296 4690 519 4755 quamvis
548 4693 688 4746 inter
730 4692 1034 4757 mendaces,
1061 4699 1116 4748 et
1153 4692 1207 4747 in
1234 4703 1405 4749 morte
1432 4697 1701 4751 servavit:

171 4772 404 4843 aliquando
434 4785 573 4840 enim
598 4785 843 4841 Christus
869 4784 968 4840 l'uit
1003 4796 1265 4854 mortuus,
1293 4786 1388 4843 sed
1430 4803 1702 4858 nunquam

171 4860 243 4919 fuit
265 4868 421 4929 lalsus.

112 4980 141 5019 /
222 4958 265 5011 4.
302 4963 517 5038 Accipite
568 4970 809 5041 quamvis
874 4969 1142 5026 diversum
1190 4980 1247 5027 et
1312 4971 1469 5041 longe
1530 4972 1702 5043 impar

171 5055 440 5123 exmuplum,
466 5069 639 5116 tamen
670 5072 955 5131 utcumque
975 5062 1044 5116 ad
1077 5062 1474 5132 intelligendum
1507 5063 1697 5134 Dcunt,

172 5149 218 5188 ex
241 5138 307 5195 his
331 5161 437 5215 qua!
464 5154 673 5222 propius
698 5154 936 5224 subjecta
961 5161 1086 5208 sunt
1116 5154 1243 5209 Deo.
1273 5153 1413 5211 Ecce
1438 5171 1536 5227 ego
1561 5159 1696 5227 ipse,

173 5238 378 5292 tptautum
400 5242 576 5296 attinet
603 5243 665 5297 ad
688 5246 920 5299 animum
949 5259 1149 5313 meum,
1166 5259 1287 5301 cum
1315 5245 1416 5302 hoc
1435 5261 1536 5302 sun
1555 5251 1701 5319 quod

174 5321 272 5373 estis
291 5336 337 5378 et
361 5344 465 5395 vus,
492 5335 534 5386 si
563 5343 728 5401 taceo,
760 5336 898 5407 apud
941 5337 1202 5409 meipsnm
1233 5351 1351 5391 sum
1382 5354 1397 5391 ε
1429 5339 1475 5391 si
1519 5349 1694 5395 autem

174 5401 323 5473 Ῑοίιιιην
352 5422 490 5477 vobis
531 5428 665 5495 quod
693 5401 1016 5499 intclligatis,
1048 5401 1452 5500 quodammodo
1495 5432 1564 5487 ad
1602 5447 1697 5489 vos

176 5505 382 5575 W060,
420 5527 511 5568 nec
538 5531 622 5571 me
647 5519 910 5590 relinquo,
943 5520 1036 5575 sed
1074 5531 1129 5576 et
1165 5520 1232 5575 ad
1262 5535 1356 5575 vos
1382 5522 1600 5587 accedo,
1641 5533 1695 5580 et

175 5599 256 5689 ιξοει
276 5602 444 5658 recedo
467 5606 601 5667 unde
633 5612 881 5681 procede.
927 5613 1062 5669 Cum
1092 5624 1267 5670 autem
1296 5623 1532 5683 tacuero,
1562 5633 1694 5689 quo-

175 5676 411 5748 dammodo
444 5697 508 5753 ad
547 5676 647 5756 tne-
668 5701 863 5770 redeo;
892 5712 949 5760 et
980 5704 1372 5775 quodammodo
1418 5707 1689 5765 vobiscum

175 5779 347 5848 πιθα),
370 5789 413 5842 st
433 5794 696 5853 tenueritis
722 5794 866 5865 quod
907 5796 1128 5854 audistis
1156 5797 1209 5853 in
1249 5813 1498 5855 sermone
1528 5816 1686 5874 quem

1195 359 1608 420 TRACTATUS
1641 356 1806 416 LXX:
1845 360 2070 422 CAPUT
2105 366 2247 425 XIV.

3266 378 3408 438 1818

1826 474 1967 532 dico.
1993 477 2048 535 Si
2075 477 2176 536 hoc
2202 489 2376 591 potest
2412 483 2589 558 imago
2628 502 2788 559 quam
2825 488 2951 547 fecit
2976 491 3139 560 Deus,
3167 492 3295 565 quid
3322 473 3427 591 poti

1829 576 1933 625 test
1953 586 2056 627 non
2078 588 2108 629 a
2128 574 2237 631 Deo
2259 574 2417 645 l‘aeta,
2450 580 2543 636 sed
2560 597 2625 636 ex
2652 581 2762 638 Deo
2780 594 2899 640 nata
2925 585 3099 658 imago
3122 588 3213 644 Dei
3236 588 3378 645 Deus

1827 660 1977 731 cujus
2007 663 2155 731 illud,
2184 682 2290 737 quo
2310 668 2376 723 ad
2400 686 2496 726 nos
2519 685 2770 743 egressus
2796 683 2901 743 est,
2925 686 2981 732 et
3005 677 3055 732 in
3082 694 3187 750 quo
3206 660 3432 737 anubis

1828 766 2102 823 regressus
2130 768 2232 823 est.
2283 775 2501 834 corpus,
2551 781 2660 820 non
2704 769 2840 823 sicut
2884 785 3034 825 meus
3073 772 3288 843 elapsus
3330 666 3439 935 erit)

1827 855 2013 909 sonus,
2042 846 2135 902 sed
2183 862 2363 906 manet
2411 853 2481 907 ibi
2528 854 2614 910 ubi
2637 855 2749 926 jam
2778 873 2884 913 non
2914 862 3160 929 moritur,
3190 871 3245 918 et
3271 878 3358 917 mo

1828 766 2102 823 regressus
2130 768 2232 823 est,
2283 775 2501 834 corpus,
2551 781 2660 820 non
2704 769 2840 823 sicut
2884 785 3034 825 mens
3073 772 3288 843 elapsus
3330 785 3415 831 est

1825 855 2013 909 sonus,
2042 846 2135 902 sed
2183 862 2363 906 manet
2411 853 2481 907 ibi
2528 854 2614 910 ubi
2637 855 2749 926 jam
2778 873 2884 913 non
2914 862 3160 929 moritur,
3190 871 3245 918 et
3271 878 3358 917 mo

1826 933 1878 988 ei
1921 935 2057 990 ultra
2087 953 2189 994 non
2215 939 2577 1000 dominabitur
2620 946 2796 1015 (Ruut.
2826 965 2897 1014 vt,
2934 950 3023 1025 9)?
3049 952 3208 1007 Multa
3232 955 3301 1010 de
3331 956 3385 1011 hi

1826 1029 2146 1098 evangelicis
2172 1032 2348 1087 verbis
2372 1034 2546 1091 adhuc
2573 1036 2678 1094 dici
2708 1038 2934 1097 fortasse
2958 1054 3208 1115 poterant
3234 1059 3289 1101 et
3313 1029 3414 1104 del

1828 1117 2022 1175 hebant
2051 1139 2067 1177 :
2096 1122 2190 1178 sed
2216 1139 2320 1179 non
2348 1137 2470 1181 sunt
2498 1128 2659 1185 corda
2691 1140 2863 1188 vestra
2889 1136 3252 1203 spiritualinus
3274 1138 3407 1194 cibis

1827 1211 2116 1279 quamlibet
2144 1216 2394 1271 suavibus
2432 1221 2735 1287 oncmnda;
2777 1225 3006 1280 maxime
3033 1228 3154 1297 quia
3194 1230 3411 1299 spiritus

1827 1314 2102 1372 promptus
2140 1314 2241 1372 est,
2269 1322 2396 1364 care
2423 1325 2599 1367 autem
2645 1313 2853 1370 inlirtua
2900 1315 3265 1389 (Matt/axx“,
3292 1324 3404 1395 41).

2325 1418 2733 1481 TRACTATUS
2772 1426 2933 1483 LXX.

1828 1524 1910 1582 De
1943 1542 2003 1582 eo
2036 1530 2175 1602 quod
2201 1530 2449 1588 Dominus
2490 1536 2581 1599 ait,
2610 1536 2666 1593 Si
2695 1541 3079 1609 cnguovissetis
3100 1560 3204 1609 me,
3234 1555 3287 1599 rt
3316 1549 3413 1603 Pa-

1902 1626 2036 1674 trem
2065 1636 2242 1675 meum
2270 1624 2448 1694 utique
2472 1631 2888 1697 cognovissetis;
2916 1649 3070 1703 usque
3094 1637 3163 1689 ad
3183 1636 3259 1697 id.
3295 1637 3408 1695 Non

1897 1710 2076 1767 credis
2099 1715 2221 1784 quia
2248 1729 2349 1785 ego
2376 1719 2428 1772 in
2456 1717 2634 1789 Patre,
2660 1731 2715 1777 et
2742 1724 2899 1779 Pater
2928 1727 2979 1781 in
3008 1743 3094 1783 me
3123 1730 3242 1785 est?
3280 1731 3410 1803 Cap.

1898 1816 2018 1869 xw,
2060 1803 2098 1874 Ῡ
2120 1841 2136 1858 .
2167 1804 2323 1861 7-10.

1899 1915 1955 1969 1.
1995 1915 2169 1973 Verba
2199 1921 2370 1976 sancti
2402 1920 2697 1991 Evangelii,
2742 1923 2953 1991 lratres,
2983 1930 3054 1985 ita
3093 1943 3232 1987 recte
3260 1933 3414 1990 intel-
3470 1972 3482 1985 .

1827 2004 2077 2076 liguntur,
2104 2010 2148 2064 si
2174 2024 2295 2065 cum
2316 2014 2679 2081 superioribus
2698 2019 3033 2087 reperiuntur
3059 2021 3253 2079 habere
3279 2040 3411 2081 cun-

1826 2097 2060 2153 cordiam
2089 2117 2104 2152 :
2133 2102 2421 2158 convenire
2449 2105 2592 2160 enim
2621 2105 2814 2163 debent
2844 2111 3195 2179 praecedentia
3218 2130 3406 2172 conse-

1827 2189 2130 2258 quentibus,
2161 2193 2373 2262 quando
2406 2196 2601 2252 veritas
2631 2198 2878 2269 loquitur.
2912 2200 3167 2272 Superius
3203 2205 3413 2264 dixerat

1827 2281 2101 2349 Dominus,
2127 2301 2147 2336 ι
2171 2284 2293 2341 Etsi
2318 2285 2518 2352 abiero,
2553 2297 2607 2343 et
2633 2304 3000 2360 pra‘parnvcro
3024 2295 3172 2350 vobis
3197 2298 3404 2365 locum;

1826 2371 2017 2428 iterum
2038 2375 2213 2441 venio,
2240 2385 2293 2431 et
2312 2378 2567 2447 accipiam
2594 2394 2686 2434 vos
2710 2382 2775 2434 ad
2803 2384 3082 2452 tneipsum,
3117 2396 3171 2441 ut
3195 2388 3281 2442 ttbi
3311 2405 3411 2461 ego

1824 2477 1963 2530 sum,
1979 2472 2034 2519 et
2059 2478 2154 2519 vos
2169 2465 2313 2547 sitis:
2337 2484 2357 2519 ι
2375 2467 2567 2524 deinde
2585 2469 2876 2535 addiderat,
2898 2492 2916 2523 ι
2947 2473 3014 2528 Ει
3030 2491 3135 2545 quo
3150 2492 3249 2547 ego
3276 2481 3411 2536 vado

1823 2553 1990 2622 scitis,
2004 2563 2060 2611 et
2075 2554 2212 2611 viam
2233 2545 2413 2624 scitis;
2441 2578 2462 2611 ι
2484 2560 2718 2631 nihilque
2730 2563 2868 2617 aliud
2886 2566 3118 2620 ostendit
3138 2545 3256 2624 esse
3269 2570 3411 2639 quod

1823 2641 1973 2709 dixit,
1999 2645 2099 2701 nisi
2119 2647 2239 2717 quia
2263 2648 2433 2718 ipsum
2468 2651 2723 2706 sciebant.
2753 2653 2886 2720 Quid
2919 2672 3045 2727 ergo
3070 2670 3211 2714 esset
3233 2661 3309 2717 ire
3337 2662 3409 2719 ad

1822 2736 2057 2807 seipsum
2100 2753 2197 2809 per
2239 2742 2494 2811 seipsum,
2558 2744 2699 2813 quod
2747 2748 2905 2801 etiam
2957 2749 3227 2822 discipulis
3268 2770 3407 2825 pra:-

1823 2836 1928 2883 stat
1950 2837 2008 2883 ut
2030 2837 2154 2884 eant
2177 2829 2244 2884 ad
2268 2832 2438 2900 ipsum
2467 2848 2562 2903 per
2588 2836 2778 2904 ipsum,
2809 2846 2864 2891 nt
2889 2841 3152 2908 potuimus
3181 2845 3409 2913 pristino

1823 2932 2072 2974 sermone
2095 2919 2204 2990 jam
2244 2920 2495 2978 diximus.
2540 2924 2691 2992 Quod
2736 2927 2912 2999 itaque
2959 2932 3051 2998 ait,
3105 2932 3171 2986 Ut
3198 2933 3282 2987 ubi
3319 2951 3411 3007 ego

1821 3023 1956 3073 sum,
1985 3018 2034 3063 et
2056 3025 2142 3064 vos
2168 3012 2298 3077 sitis,
2327 3013 2417 3067 ubi
2440 3028 2592 3069 erant
2619 3014 2779 3072 futuri
2820 3020 2919 3075 nisi
2952 3021 3003 3076 in
3034 3023 3190 3092 ipso?
3220 3030 3296 3081 Ac
3318 3043 3412 3096 per

1824 3099 1925 3156 hoc
1946 3110 2029 3157 est
2075 3103 2235 3158 etiam
2263 3105 2376 3174 ipse
2415 3105 2469 3161 in
2514 3109 2716 3180 seipso,
2761 3119 2818 3166 et
2848 3111 2966 3167 ideo
3007 3114 3075 3168 ibi
3117 3116 3189 3169 illi
3221 3118 3308 3172 ubi
3357 3128 3414 3174 et

1822 3191 1955 3262 ipse,
1987 3193 2037 3248 id
2081 3204 2184 3263 est,
2228 3196 2280 3250 in
2311 3197 2447 3268 ipso.
2502 3197 2621 3269 ipse
2648 3211 2732 3257 est
2778 3203 2937 3273 igitur
2964 3207 3068 3260 vita
3111 3218 3307 3264 κιαι-(ιιι
3356 3212 3411 3267 in

1820 3298 1924 3354 qua
1954 3284 2116 3341 futuri
2158 3303 2367 3356 sumus,
2396 3306 2518 3347 cum
2548 3295 2814 3363 acceperit
2843 3312 2940 3352 nos
2975 3299 3039 3352 ad
3069 3314 3128 3355 se
3159 3319 3173 3355 :
3200 3312 3252 3357 et
3294 3303 3411 3373 ipsa

1821 3378 1927 3433 vita
1954 3390 2152 3434 :eterna
2182 3381 2323 3451 quod
2353 3384 2467 3453 ipse
2494 3395 2579 3441 est
2609 3387 2661 3440 in
2692 3388 2807 3458 ipso
2829 3400 2931 3457 est,
2963 3400 3020 3446 ut
3044 3393 3131 3448 ubi
3164 3404 3245 3450 est
3271 3395 3406 3467 ipse,

1819 3477 1874 3524 et
1896 3483 1995 3523 nos
2017 3471 2204 3537 simus,
2243 3472 2341 3527 hoc
2370 3484 2473 3541 est,
2503 3477 2555 3532 in
2587 3479 2720 3548 ipso.
2757 3479 2903 3535 Sicut
2927 3483 3059 3536 enim
3087 3485 3230 3540 habet
3253 3485 3410 3543 Pater

1818 3560 1973 3615 vitam
1996 3562 2049 3615 in
2073 3565 2357 3635 setttetipso,
2384 3576 2438 3621 et
2464 3570 2644 3639 utique
2679 3586 2785 3624 non
2807 3573 2945 3625 aliud
2985 3583 3068 3628 est
3105 3578 3209 3631 vita
3246 3594 3405 3647 quam

1818 3650 1999 3718 habet,
2029 3654 2129 3708 nisi
2167 3655 2308 3724 quod
2344 3664 2427 3711 est
2469 3657 2580 3728 ipse
2626 3661 2716 3728 qui
2755 3662 2890 3715 hanc
2919 3662 3077 3717 habet
3113 3682 3128 3718 :
3157 3666 3229 3718 sic
3266 3667 3406 3722 dedit

1818 3740 1957 3797 Filio
1979 3744 2163 3799 habere
2181 3748 2331 3800 vitam
2358 3748 2412 3801 in
2434 3750 2698 3821 semetipso
2728 3751 2904 3823 (Joan.
2928 3768 2980 3821 v,
3002 3752 3120 3826 26),
3149 3769 3269 3810 cum
3292 3761 3406 3828 ipse

1816 3835 1888 3889 sit
1926 3835 2113 3891 eadem
2142 3837 2249 3895 vita
2294 3855 2451 3910 quam
2499 3843 2656 3898 habet
2698 3845 2750 3899 iu
2781 3849 3085 3916 semetipso.
3132 3848 3397 3921 Numquid

1773 3934 1781 3943 '
1815 3936 1993 3982 autem
2019 3944 2117 3984 nos
2146 3930 2251 3984 vita
2273 3933 2414 4001 quod
2445 3944 2526 3988 est
2552 3934 2686 4005 ipse,
2717 3938 2818 3993 hoc
2841 3940 3061 4005 erimus,
3089 3957 3210 3997 cum
3240 3944 3291 3997 in
3314 3945 3403 4002 illa

1814 4018 1939 4083 vita,
1987 4018 2087 4073 hoc
2114 4030 2197 4074 est
2238 4021 2289 4074 in
2323 4022 2438 4091 ipso
2482 4038 2602 4080 esse
2629 4031 2983 4096 coeperimus?
3024 4032 3138 4087 Non
3179 4037 3400 4106 utique,

1815 4109 1936 4179 quia
1962 4109 2074 4179 ipse
2095 4110 2371 4166 existendo
2399 4113 2503 4168 vita
2533 4115 2690 4169 habet
2717 4118 2898 4181 vitam,
2927 4129 2980 4174 et
3010 4120 3125 4189 ipse
3148 4132 3234 4178 est
3257 4110 3418 4194 quod

1815 4200 1994 4267 habet,
2017 4212 2066 4257 et
2093 4203 2233 4273 quod
2264 4204 2368 4259 vita
2397 4214 2480 4261 est
2500 4206 2553 4261 in
2575 4207 2711 4277 ipso,
2743 4210 2856 4280 ipse
2880 4221 2962 4266 est
2986 4213 3039 4267 in
3064 4216 3243 4286 seipso
3263 4234 3276 4270 :
3299 4233 3403 4274 nos

1813 4300 2111 4347 autemnon
2138 4294 2249 4365 ipsa
2273 4296 2403 4365 vita,
2423 4298 2516 4353 sed
2535 4298 2699 4369 ipsius
2728 4300 2848 4356 vitae
2866 4304 3149 4375 participes
3175 4322 3362 4364 smnus
3378 4349 3396 4375 ,

1813 4393 1971 4453 atque
2001 4385 2069 4439 ita
2098 4385 2167 4440 ibi
2195 4387 2414 4455 erimus,
2457 4398 2509 4443 ut
2548 4389 2599 4445 in
2627 4392 2780 4446 nobis
2807 4392 2936 4462 ipsis
2974 4411 3078 4450 non
3109 4400 3248 4469 quod
3284 4400 3399 4471 ipse

1812 4481 2032 4531 estesse
2048 4477 2329 4545 possimus,
2357 4479 2449 4534 sed
2474 4495 2570 4536 nos
2597 4482 2694 4552 ipsi
2722 4498 2826 4538 non
2851 4486 2974 4553 vita,
3008 4487 3178 4558 ipsum
3202 4489 3397 4548 habea-

1810 4578 1933 4618 mus
1961 4565 2142 4629 vitam,
2173 4568 2260 4638 qui
2292 4569 2525 4639 seipsum
2548 4570 2709 4627 habet
2729 4573 2911 4643 vitam,
2934 4591 3002 4631 eo
3023 4579 3163 4649 quod
3191 4580 3303 4651 ipse
3329 4582 3400 4640 sit

1810 4657 1939 4713 vita.
1972 4660 2210 4731 Denique
2248 4662 2361 4731 ipse
2388 4674 2442 4718 et
2472 4663 2523 4717 in
2565 4666 2745 4736 seipso
2768 4676 2852 4723 est
2895 4669 3313 4741 itnmutabiliter,
3344 4683 3402 4733 et

1810 4749 1863 4804 in
1892 4751 2048 4806 Patre
2077 4753 2498 4823 inseparabiliter
2525 4774 2538 4809 :
2567 4772 2665 4813 nos
2700 4773 2825 4815 vero
2851 4775 2972 4816 cum
2998 4762 3050 4817 in
3075 4765 3229 4821 nobis
3267 4767 3398 4838 ipsis

1808 4859 1928 4901 esse
1950 4848 2324 4914 voluissemus,
2371 4850 2438 4904 ad
2478 4866 2576 4906 nos
2604 4854 2747 4922 ipsos
2772 4855 2967 4910 turbati
2996 4871 3213 4924 smnus;
3256 4863 3397 4918 unde

1809 4935 1894 4991 illa
1925 4953 2022 4992 vox
2043 4950 2143 5003 est,
2172 4940 2251 4994 Ad
2273 4942 2518 5013 meipsum
2552 4944 2753 4998 turbata
2779 4955 2854 5000 est
2873 4948 3044 5001 anima
3070 4966 3182 5003 mea
3219 4949 3395 5021 (Psal.

1808 5043 1915 5094 xu,
1948 5026 2003 5102 7)
2034 5047 2047 5084 :
2077 5040 2235 5103 atque
2263 5033 2316 5087 in
2343 5034 2580 5090 deterius
2609 5039 2939 5105 commutati,
2970 5055 3143 5111 neque
3169 5042 3220 5097 id
3251 5046 3396 5115 quod

1807 5119 2021 5186 fuimus,
2053 5138 2268 5179 manere
2293 5127 2583 5195 potuimus.
2612 5128 2744 5184 Cum
2770 5138 2947 5187 autent
2980 5147 3075 5203 per
3097 5134 3271 5207 ipsum
3302 5152 3397 5194 ve-

1808 5228 1981 5267 nttnus
2023 5214 2088 5267 ad
2127 5215 2359 5279 Patrem,
2388 5218 2524 5273 sicut
2559 5219 2653 5283 ait,
2697 5218 2863 5277 Nemo
2887 5225 3017 5280 venit
3049 5226 3118 5280 ad
3144 5225 3352 5284 Patrem
3387 5217 3402 5291 ,

1805 5307 1904 5358 nisi
1940 5296 2030 5377 per
2052 5324 2172 5371 me;
2204 5320 2478 5365 manentes
2511 5312 2563 5366 iu
2598 5314 2709 5380 illo,
2739 5331 2837 5372 nec
2864 5333 2895 5371 a
2925 5317 3082 5376 Patre
3107 5336 3204 5375 nos
3242 5324 3362 5392 quis
3390 5359 3400 5363 -

1802 5413 1961 5468 quam
1992 5401 2184 5469 poterit
2209 5416 2478 5471 separare,
2527 5423 2626 5462 nec
2650 5409 2718 5462 ab
2748 5410 2860 5465 illo.

1872 5492 1927 5545 2.
1966 5490 2300 5549 Connectens
2327 5497 2501 5567 itaque
2530 5505 2905 5573 consequentia
2935 5506 3355 5573 pra-cadentibus
3391 5526 3405 5563 :

1804 5582 1867 5637 Si
1880 5585 2185 5651 eoguoristis
2214 5603 2293 5641 me
2317 5589 2357 5651 ί,
2389 5589 2578 5662 inquit,
2616 5605 2661 5649 et
2687 5595 2891 5649 Patrem
2917 5614 3081 5651 meum
3105 5602 3276 5672 utique
3302 5620 3391 5660 co~

1866 5695 1989 5775 “sic
2013 5696 2058 5744 in
2082 5702 2339 5775 erat,
2377 5699 2427 5751 si
2447 5702 2726 5775 cognouisti;
2744 5717 2857 5768 me;
2886 5704 3043 5775 altero
3074 5709 3220 5774 hujus
3240 5718 3370 5768 versi

1798 5754 1896 5806 culi
1918 5754 2042 5838 Ιοξξοε
2064 5758 2225 5838 utique
2257 5754 2547 5838 (ξορηοδεειῖε
2577 5778 2594 5814 :
2625 5754 2715 5837 sed
2744 5754 2877 5838 nunc
2894 5754 2899 5755 γ
2912 5754 3398 5831 ιιιιιιθὸξῖΜ

1797 5829 1943 5868 manu
1965 5818 2445 5887 babeut'utrobi'que,
2469 5824 2811 5890 cognovimus.
