  <div class='ocr_page' id='page_1' title='image "/cluster/home/n/w/nwhite01/storage/ocr_20150623/35/uva.x000827104/263.png"; bbox 0 0 3926 6370; ppageno 0'>
   <div class='ocr_carea' id='block_1_1' title="bbox 585 357 725 420">
    <p class='ocr_par' dir='ltr' id='par_1_1' title="bbox 585 357 725 420">
     <span class='ocr_line' id='line_1_1' title="bbox 585 357 725 420; baseline 0.014 -2"><span class='ocrx_word' id='word_1_1' title='bbox 585 357 725 420; x_wconf 62' lang='grc' dir='ltr'><strong>ιω</strong></span> 
     </span>
    </p>
   </div>
   <div class='ocr_carea' id='block_1_2' title="bbox 580 469 2164 546">
    <p class='ocr_par' dir='ltr' id='par_1_2' title="bbox 580 469 2164 546">
     <span class='ocr_line' id='line_1_2' title="bbox 580 469 2164 546; baseline -0.007 -11"><span class='ocrx_word' id='word_1_2' title='bbox 580 492 741 544; x_wconf 88' lang='lat' dir='ltr'><strong>unus,</strong></span> <span class='ocrx_word' id='word_1_3' title='bbox 772 475 1013 533; x_wconf 91' lang='lat' dir='ltr'><strong>fecerunt</strong></span> <span class='ocrx_word' id='word_1_4' title='bbox 1056 474 1226 543; x_wconf 92' lang='lat' dir='ltr'><strong>multi,</strong></span> <span class='ocrx_word' id='word_1_5' title='bbox 1253 488 1376 530; x_wconf 91' lang='lat' dir='ltr'><strong>cum</strong></span> <span class='ocrx_word' id='word_1_6' title='bbox 1405 475 1713 546; x_wconf 75' lang='lat' dir='ltr'><strong>loqueretur</strong></span> <span class='ocrx_word' id='word_1_7' title='bbox 1738 489 1833 544; x_wconf 89' lang='lat' dir='ltr'><strong>per</strong></span> <span class='ocrx_word' id='word_1_8' title='bbox 1872 469 2164 542; x_wconf 78' lang='lat' dir='ltr'><strong>discipulos</strong></span> 
     </span>
    </p>
   </div>
   <div class='ocr_carea' id='block_1_3' title="bbox 577 563 2166 641">
    <p class='ocr_par' dir='ltr' id='par_1_3' title="bbox 577 563 2166 641">
     <span class='ocr_line' id='line_1_3' title="bbox 577 563 2166 641; baseline -0.007 -13"><span class='ocrx_word' id='word_1_9' title='bbox 577 569 832 641; x_wconf 74' lang='lat' dir='ltr'><strong>magister</strong></span> <span class='ocrx_word' id='word_1_10' title='bbox 858 568 1060 635; x_wconf 89' lang='lat' dir='ltr'><strong>bonus;</strong></span> <span class='ocrx_word' id='word_1_11' title='bbox 1101 567 1519 636; x_wconf 77' lang='lat' dir='ltr'><strong>contemptibilis</strong></span> <span class='ocrx_word' id='word_1_12' title='bbox 1552 568 1601 623; x_wconf 92' lang='lat' dir='ltr'><strong>ei</strong></span> <span class='ocrx_word' id='word_1_13' title='bbox 1628 580 1785 638; x_wconf 92' lang='lat' dir='ltr'><strong>quem</strong></span> <span class='ocrx_word' id='word_1_14' title='bbox 1811 563 2030 619; x_wconf 82' lang='lat' dir='ltr'><strong>divitem</strong></span> <span class='ocrx_word' id='word_1_15' title='bbox 2071 577 2166 632; x_wconf 90' lang='lat' dir='ltr'><strong>per</strong></span> 
     </span>
    </p>
   </div>
   <div class='ocr_carea' id='block_1_4' title="bbox 580 659 2163 733">
    <p class='ocr_par' dir='ltr' id='par_1_4' title="bbox 580 659 2163 733">
     <span class='ocr_line' id='line_1_4' title="bbox 580 659 2163 733; baseline -0.006 -13"><span class='ocrx_word' id='word_1_16' title='bbox 580 665 811 733; x_wconf 83' lang='lat' dir='ltr'><strong>seipsum</strong></span> <span class='ocrx_word' id='word_1_17' title='bbox 853 661 1086 726; x_wconf 87' lang='lat' dir='ltr'><strong>monuit,</strong></span> <span class='ocrx_word' id='word_1_18' title='bbox 1115 661 1359 717; x_wconf 85' lang='lat' dir='ltr'><strong>amabilis</strong></span> <span class='ocrx_word' id='word_1_19' title='bbox 1386 662 1465 715; x_wconf 91' lang='lat' dir='ltr'><strong>eis</strong></span> <span class='ocrx_word' id='word_1_20' title='bbox 1492 676 1627 731; x_wconf 91' lang='lat' dir='ltr'><strong>quos</strong></span> <span class='ocrx_word' id='word_1_21' title='bbox 1655 677 1720 715; x_wconf 76' lang='lat' dir='ltr'><strong>es</strong></span> <span class='ocrx_word' id='word_1_22' title='bbox 1748 659 1998 715; x_wconf 84' lang='lat' dir='ltr'><strong>divitibus</strong></span> <span class='ocrx_word' id='word_1_23' title='bbox 2030 672 2163 726; x_wconf 89' lang='lat' dir='ltr'><strong>pan-</strong></span> 
     </span>
    </p>
   </div>
   <div class='ocr_carea' id='block_1_5' title="bbox 576 749 2161 828">
    <p class='ocr_par' dir='ltr' id='par_1_5' title="bbox 576 749 2161 828">
     <span class='ocr_line' id='line_1_5' title="bbox 576 749 2161 828; baseline -0.003 -22"><span class='ocrx_word' id='word_1_24' title='bbox 576 769 733 828; x_wconf 81' lang='lat' dir='ltr'><strong>peres</strong></span> <span class='ocrx_word' id='word_1_25' title='bbox 773 769 868 825; x_wconf 91' lang='lat' dir='ltr'><strong>per</strong></span> <span class='ocrx_word' id='word_1_26' title='bbox 894 767 1157 824; x_wconf 80' lang='lat' dir='ltr'><strong>pauperes</strong></span> <span class='ocrx_word' id='word_1_27' title='bbox 1186 752 1329 808; x_wconf 87' lang='lat' dir='ltr'><strong>fecit.</strong></span> <span class='ocrx_word' id='word_1_28' title='bbox 1361 754 1499 808; x_wconf 88' lang='lat' dir='ltr'><strong>Ecce</strong></span> <span class='ocrx_word' id='word_1_29' title='bbox 1524 753 1724 824; x_wconf 79' lang='lat' dir='ltr'><strong>majora</strong></span> <span class='ocrx_word' id='word_1_30' title='bbox 1754 751 1878 807; x_wconf 88' lang='lat' dir='ltr'><strong>fecit</strong></span> <span class='ocrx_word' id='word_1_31' title='bbox 1905 749 2161 820; x_wconf 67' lang='lat' dir='ltr'><strong>praedica-</strong></span> 
     </span>
    </p>
   </div>
   <div class='ocr_carea' id='block_1_6' title="bbox 574 844 1919 914">
    <p class='ocr_par' dir='ltr' id='par_1_6' title="bbox 574 844 1919 914">
     <span class='ocr_line' id='line_1_6' title="bbox 574 844 1919 914; baseline -0.004 -13"><span class='ocrx_word' id='word_1_32' title='bbox 574 855 657 901; x_wconf 88' lang='lat' dir='ltr'><strong>tus</strong></span> <span class='ocrx_word' id='word_1_33' title='bbox 685 860 718 902; x_wconf 86' lang='lat' dir='ltr'><strong>a</strong></span> <span class='ocrx_word' id='word_1_34' title='bbox 746 845 1107 911; x_wconf 81' lang='lat' dir='ltr'><strong>credentibus,</strong></span> <span class='ocrx_word' id='word_1_35' title='bbox 1136 859 1294 914; x_wconf 89' lang='lat' dir='ltr'><strong>quam</strong></span> <span class='ocrx_word' id='word_1_36' title='bbox 1324 844 1532 899; x_wconf 90' lang='lat' dir='ltr'><strong>locutus</strong></span> <span class='ocrx_word' id='word_1_37' title='bbox 1559 844 1919 899; x_wconf 84' lang='lat' dir='ltr'><strong>audientibus.</strong></span> 
     </span>
    </p>
   </div>
   <div class='ocr_carea' id='block_1_7' title="bbox 644 933 2164 1006">
    <p class='ocr_par' dir='ltr' id='par_1_7' title="bbox 644 933 2164 1006">
     <span class='ocr_line' id='line_1_7' title="bbox 644 933 2164 1006; baseline -0.002 -16"><span class='ocrx_word' id='word_1_38' title='bbox 644 936 702 990; x_wconf 75' lang='lat'><strong>2.</strong></span> <span class='ocrx_word' id='word_1_39' title='bbox 750 934 943 993; x_wconf 86' lang='lat' dir='ltr'><strong>Verum</strong></span> <span class='ocrx_word' id='word_1_40' title='bbox 967 935 1067 990; x_wconf 90' lang='lat' dir='ltr'><strong>hoc</strong></span> <span class='ocrx_word' id='word_1_41' title='bbox 1091 936 1265 990; x_wconf 90' lang='lat' dir='ltr'><strong>adhuc</strong></span> <span class='ocrx_word' id='word_1_42' title='bbox 1283 945 1495 1002; x_wconf 82' lang='lat' dir='ltr'><strong>movet,</strong></span> <span class='ocrx_word' id='word_1_43' title='bbox 1525 935 1666 1006; x_wconf 91' lang='lat' dir='ltr'><strong>quod</strong></span> <span class='ocrx_word' id='word_1_44' title='bbox 1695 935 1810 989; x_wconf 67' lang='lat' dir='ltr'><strong>hate</strong></span> <span class='ocrx_word' id='word_1_45' title='bbox 1834 933 2036 1002; x_wconf 84' lang='lat' dir='ltr'><strong>majora</strong></span> <span class='ocrx_word' id='word_1_46' title='bbox 2067 947 2164 1002; x_wconf 86' lang='lat' dir='ltr'><strong>per</strong></span> 
     </span>
    </p>
   </div>
   <div class='ocr_carea' id='block_1_8' title="bbox 571 1029 2162 1102">
    <p class='ocr_par' dir='ltr' id='par_1_8' title="bbox 571 1029 2162 1102">
     <span class='ocr_line' id='line_1_8' title="bbox 571 1029 2162 1102; baseline 0.001 -18"><span class='ocrx_word' id='word_1_47' title='bbox 571 1030 863 1101; x_wconf 81' lang='lat' dir='ltr'><strong>Apostolus</strong></span> <span class='ocrx_word' id='word_1_48' title='bbox 900 1029 1061 1087; x_wconf 88' lang='lat' dir='ltr'><strong>fecit:</strong></span> <span class='ocrx_word' id='word_1_49' title='bbox 1094 1046 1198 1087; x_wconf 92' lang='lat' dir='ltr'><strong>non</strong></span> <span class='ocrx_word' id='word_1_50' title='bbox 1229 1041 1405 1088; x_wconf 90' lang='lat' dir='ltr'><strong>autem</strong></span> <span class='ocrx_word' id='word_1_51' title='bbox 1442 1033 1585 1102; x_wconf 87' lang='lat' dir='ltr'><strong>ipsos</strong></span> <span class='ocrx_word' id='word_1_52' title='bbox 1629 1041 1833 1088; x_wconf 89' lang='lat' dir='ltr'><strong>tantum</strong></span> <span class='ocrx_word' id='word_1_53' title='bbox 1858 1030 2162 1101; x_wconf 83' lang='lat' dir='ltr'><strong>significans</strong></span> 
     </span>
    </p>
   </div>
   <div class='ocr_carea' id='block_1_9' title="bbox 575 1123 2164 1196">
    <p class='ocr_par' dir='ltr' id='par_1_9' title="bbox 575 1123 2164 1196">
     <span class='ocr_line' id='line_1_9' title="bbox 575 1123 2164 1196; baseline 0.001 -18"><span class='ocrx_word' id='word_1_54' title='bbox 575 1123 669 1189; x_wconf 88' lang='lat' dir='ltr'><strong>ait,</strong></span> <span class='ocrx_word' id='word_1_55' title='bbox 697 1123 866 1194; x_wconf 82' lang='lat' dir='ltr'><strong>Opera</strong></span> <span class='ocrx_word' id='word_1_56' title='bbox 888 1139 1006 1195; x_wconf 71' lang='lat' dir='ltr'><strong>qua:</strong></span> <span class='ocrx_word' id='word_1_57' title='bbox 1026 1138 1124 1195; x_wconf 86' lang='lat' dir='ltr'><strong>ego</strong></span> <span class='ocrx_word' id='word_1_58' title='bbox 1147 1125 1281 1180; x_wconf 88' lang='lat' dir='ltr'><strong>facio</strong></span> <span class='ocrx_word' id='word_1_59' title='bbox 1303 1135 1358 1181; x_wconf 93' lang='lat' dir='ltr'><strong>et</strong></span> <span class='ocrx_word' id='word_1_60' title='bbox 1382 1140 1475 1181; x_wconf 86' lang='lat' dir='ltr'><strong>vos</strong></span> <span class='ocrx_word' id='word_1_61' title='bbox 1503 1126 1726 1190; x_wconf 87' lang='lat' dir='ltr'><strong>facietis,</strong></span> <span class='ocrx_word' id='word_1_62' title='bbox 1752 1134 1808 1182; x_wconf 92' lang='lat' dir='ltr'><strong>et</strong></span> <span class='ocrx_word' id='word_1_63' title='bbox 1834 1125 2036 1196; x_wconf 88' lang='lat' dir='ltr'><strong>majora</strong></span> <span class='ocrx_word' id='word_1_64' title='bbox 2068 1125 2164 1180; x_wconf 88' lang='lat' dir='ltr'><strong>bo-</strong></span> 
     </span>
    </p>
   </div>
   <div class='ocr_carea' id='block_1_10' title="bbox 576 1224 2161 1296">
    <p class='ocr_par' dir='ltr' id='par_1_10' title="bbox 576 1224 2161 1296">
     <span class='ocr_line' id='line_1_10' title="bbox 576 1224 2161 1296; baseline 0.003 -21"><span class='ocrx_word' id='word_1_65' title='bbox 576 1234 698 1280; x_wconf 87' lang='lat' dir='ltr'><strong>rum</strong></span> <span class='ocrx_word' id='word_1_66' title='bbox 730 1224 930 1281; x_wconf 88' lang='lat' dir='ltr'><strong>facietis</strong></span> <span class='ocrx_word' id='word_1_67' title='bbox 960 1244 973 1281; x_wconf 95' lang='lat'><strong>:</strong></span> <span class='ocrx_word' id='word_1_68' title='bbox 1003 1226 1095 1282; x_wconf 88' lang='lat' dir='ltr'><strong>sed</strong></span> <span class='ocrx_word' id='word_1_69' title='bbox 1126 1242 1315 1283; x_wconf 87' lang='lat' dir='ltr'><strong>omnes</strong></span> <span class='ocrx_word' id='word_1_70' title='bbox 1338 1226 1404 1283; x_wconf 92' lang='lat' dir='ltr'><strong>ad</strong></span> <span class='ocrx_word' id='word_1_71' title='bbox 1433 1243 1583 1284; x_wconf 91' lang='lat' dir='ltr'><strong>suam</strong></span> <span class='ocrx_word' id='word_1_72' title='bbox 1613 1225 1863 1281; x_wconf 79' lang='lat' dir='ltr'><strong>familiam</strong></span> <span class='ocrx_word' id='word_1_73' title='bbox 1892 1226 2161 1296; x_wconf 84' lang='lat' dir='ltr'><strong>pertinen-</strong></span> 
     </span>
    </p>
   </div>
   <div class='ocr_carea' id='block_1_11' title="bbox 579 1315 2161 1387">
    <p class='ocr_par' dir='ltr' id='par_1_11' title="bbox 579 1315 2161 1387">
     <span class='ocr_line' id='line_1_11' title="bbox 579 1315 2161 1387; baseline 0.001 -21"><span class='ocrx_word' id='word_1_74' title='bbox 579 1320 659 1366; x_wconf 90' lang='lat' dir='ltr'><strong>tes</strong></span> <span class='ocrx_word' id='word_1_75' title='bbox 699 1315 918 1387; x_wconf 87' lang='lat' dir='ltr'><strong>intelligi</strong></span> <span class='ocrx_word' id='word_1_76' title='bbox 966 1316 1168 1379; x_wconf 76' lang='lat' dir='ltr'><strong>volens,</strong></span> <span class='ocrx_word' id='word_1_77' title='bbox 1213 1316 1314 1383; x_wconf 88' lang='lat' dir='ltr'><strong>Qui</strong></span> <span class='ocrx_word' id='word_1_78' title='bbox 1350 1317 1507 1371; x_wconf 84' lang='lat' dir='ltr'><strong>credit</strong></span> <span class='ocrx_word' id='word_1_79' title='bbox 1540 1317 1591 1371; x_wconf 85' lang='lat' dir='ltr'><strong>in</strong></span> <span class='ocrx_word' id='word_1_80' title='bbox 1638 1333 1734 1379; x_wconf 87' lang='lat' dir='ltr'><strong>me,</strong></span> <span class='ocrx_word' id='word_1_81' title='bbox 1786 1316 1973 1385; x_wconf 82' lang='lat' dir='ltr'><strong>inquit,</strong></span> <span class='ocrx_word' id='word_1_82' title='bbox 2007 1332 2161 1386; x_wconf 86' lang='lat' dir='ltr'><strong>apera</strong></span> 
     </span>
    </p>
   </div>
   <div class='ocr_carea' id='block_1_12' title="bbox 574 1408 2160 1483">
    <p class='ocr_par' dir='ltr' id='par_1_12' title="bbox 574 1408 2160 1483">
     <span class='ocr_line' id='line_1_12' title="bbox 574 1408 2160 1483; baseline 0.004 -26"><span class='ocrx_word' id='word_1_83' title='bbox 574 1420 689 1474; x_wconf 72' lang='lat' dir='ltr'><strong>qua!</strong></span> <span class='ocrx_word' id='word_1_84' title='bbox 712 1422 802 1477; x_wconf 85' lang='lat' dir='ltr'><strong>ego</strong></span> <span class='ocrx_word' id='word_1_85' title='bbox 826 1408 959 1477; x_wconf 85' lang='lat' dir='ltr'><strong>facio</strong></span> <span class='ocrx_word' id='word_1_86' title='bbox 978 1451 992 1471; x_wconf 88' lang='lat'><strong>,</strong></span> <span class='ocrx_word' id='word_1_87' title='bbox 1021 1418 1067 1463; x_wconf 90' lang='lat' dir='ltr'><strong>et</strong></span> <span class='ocrx_word' id='word_1_88' title='bbox 1090 1409 1197 1479; x_wconf 87' lang='lat' dir='ltr'><strong>ipse</strong></span> <span class='ocrx_word' id='word_1_89' title='bbox 1216 1411 1385 1483; x_wconf 89' lang='lat' dir='ltr'><strong>faciet,</strong></span> <span class='ocrx_word' id='word_1_90' title='bbox 1416 1418 1463 1464; x_wconf 89' lang='lat' dir='ltr'><strong>et</strong></span> <span class='ocrx_word' id='word_1_91' title='bbox 1486 1412 1681 1481; x_wconf 84' lang='lat' dir='ltr'><strong>majora</strong></span> <span class='ocrx_word' id='word_1_92' title='bbox 1707 1409 1886 1463; x_wconf 87' lang='lat' dir='ltr'><strong>horum</strong></span> <span class='ocrx_word' id='word_1_93' title='bbox 1907 1408 2077 1477; x_wconf 89' lang='lat' dir='ltr'><strong>faciet.</strong></span> <span class='ocrx_word' id='word_1_94' title='bbox 2102 1408 2160 1463; x_wconf 88' lang='lat' dir='ltr'><strong>Si</strong></span> 
     </span>
    </p>
   </div>
   <div class='ocr_carea' id='block_1_13' title="bbox 576 1499 2153 1573">
    <p class='ocr_par' dir='ltr' id='par_1_13' title="bbox 576 1499 2153 1573">
     <span class='ocr_line' id='line_1_13' title="bbox 576 1499 2153 1573; baseline 0.004 -24"><span class='ocrx_word' id='word_1_95' title='bbox 576 1509 705 1566; x_wconf 84' lang='lat' dir='ltr'><strong>ergo</strong></span> <span class='ocrx_word' id='word_1_96' title='bbox 743 1499 833 1568; x_wconf 89' lang='lat' dir='ltr'><strong>qtti</strong></span> <span class='ocrx_word' id='word_1_97' title='bbox 861 1500 1032 1555; x_wconf 80' lang='lat' dir='ltr'><strong>credit</strong></span> <span class='ocrx_word' id='word_1_98' title='bbox 1065 1500 1242 1568; x_wconf 78' lang='lat' dir='ltr'><strong>faciet,</strong></span> <span class='ocrx_word' id='word_1_99' title='bbox 1276 1518 1380 1557; x_wconf 89' lang='lat' dir='ltr'><strong>non</strong></span> <span class='ocrx_word' id='word_1_100' title='bbox 1420 1502 1588 1558; x_wconf 77' lang='lat' dir='ltr'><strong>credit</strong></span> <span class='ocrx_word' id='word_1_101' title='bbox 1623 1503 1802 1573; x_wconf 89' lang='lat' dir='ltr'><strong>utique</strong></span> <span class='ocrx_word' id='word_1_102' title='bbox 1828 1503 1917 1572; x_wconf 87' lang='lat' dir='ltr'><strong>qui</strong></span> <span class='ocrx_word' id='word_1_103' title='bbox 1950 1516 2053 1555; x_wconf 90' lang='lat' dir='ltr'><strong>non</strong></span> <span class='ocrx_word' id='word_1_104' title='bbox 2082 1502 2153 1556; x_wconf 84' lang='lat' dir='ltr'><strong>fa-</strong></span> 
     </span>
    </p>
   </div>
   <div class='ocr_carea' id='block_1_14' title="bbox 576 1587 2158 1664">
    <p class='ocr_par' dir='ltr' id='par_1_14' title="bbox 576 1587 2158 1664">
     <span class='ocr_line' id='line_1_14' title="bbox 576 1587 2158 1664; baseline 0.003 -21"><span class='ocrx_word' id='word_1_105' title='bbox 576 1587 681 1644; x_wconf 86' lang='lat' dir='ltr'><strong>ciet</strong></span> <span class='ocrx_word' id='word_1_106' title='bbox 718 1608 730 1643; x_wconf 93' lang='lat'>:</span> <span class='ocrx_word' id='word_1_107' title='bbox 766 1593 916 1646; x_wconf 82' lang='lat' dir='ltr'><strong>sicuti</strong></span> <span class='ocrx_word' id='word_1_108' title='bbox 952 1602 1054 1658; x_wconf 83' lang='lat' dir='ltr'><strong>est,</strong></span> <span class='ocrx_word' id='word_1_109' title='bbox 1089 1594 1189 1660; x_wconf 91' lang='lat' dir='ltr'><strong>Qui</strong></span> <span class='ocrx_word' id='word_1_110' title='bbox 1215 1594 1379 1664; x_wconf 83' lang='lat' dir='ltr'><strong>diligit</strong></span> <span class='ocrx_word' id='word_1_111' title='bbox 1406 1611 1484 1648; x_wconf 88' lang='lat' dir='ltr'><strong>me</strong></span> <span class='ocrx_word' id='word_1_112' title='bbox 1506 1636 1520 1659; x_wconf 95' lang='lat'><strong>,</strong></span> <span class='ocrx_word' id='word_1_113' title='bbox 1549 1593 1788 1648; x_wconf 85' lang='lat' dir='ltr'><strong>mandata</strong></span> <span class='ocrx_word' id='word_1_114' title='bbox 1810 1610 1919 1647; x_wconf 85' lang='lat' dir='ltr'><strong>utea</strong></span> <span class='ocrx_word' id='word_1_115' title='bbox 1940 1596 2158 1650; x_wconf 77' lang='lat' dir='ltr'><strong>custodit</strong></span> 
     </span>
    </p>
   </div>
   <div class='ocr_carea' id='block_1_15' title="bbox 577 1679 2155 1756">
    <p class='ocr_par' dir='ltr' id='par_1_15' title="bbox 577 1679 2155 1756">
     <span class='ocr_line' id='line_1_15' title="bbox 577 1679 2155 1756; baseline 0.005 -22"><span class='ocrx_word' id='word_1_116' title='bbox 577 1679 758 1752; x_wconf 83' lang='lat' dir='ltr'><strong>(Joan.</strong></span> <span class='ocrx_word' id='word_1_117' title='bbox 788 1699 896 1749; x_wconf 81' lang='lat' dir='ltr'><strong>xw,</strong></span> <span class='ocrx_word' id='word_1_118' title='bbox 927 1684 1016 1753; x_wconf 74' lang='grc'><strong>21)</strong></span> <span class='ocrx_word' id='word_1_119' title='bbox 1040 1702 1053 1749; x_wconf 88' lang='grc'>;</span> <span class='ocrx_word' id='word_1_120' title='bbox 1081 1685 1218 1740; x_wconf 88' lang='lat' dir='ltr'><strong>ttttde</strong></span> <span class='ocrx_word' id='word_1_121' title='bbox 1257 1686 1492 1756; x_wconf 87' lang='lat' dir='ltr'><strong>profecto</strong></span> <span class='ocrx_word' id='word_1_122' title='bbox 1521 1687 1608 1756; x_wconf 89' lang='lat' dir='ltr'><strong>qtti</strong></span> <span class='ocrx_word' id='word_1_123' title='bbox 1636 1702 1740 1741; x_wconf 90' lang='lat' dir='ltr'><strong>non</strong></span> <span class='ocrx_word' id='word_1_124' title='bbox 1766 1687 2014 1752; x_wconf 84' lang='lat' dir='ltr'><strong>custodit,</strong></span> <span class='ocrx_word' id='word_1_125' title='bbox 2050 1704 2155 1742; x_wconf 89' lang='lat' dir='ltr'><strong>non</strong></span> 
     </span>
    </p>
   </div>
   <div class='ocr_carea' id='block_1_16' title="bbox 573 1772 2157 1850">
    <p class='ocr_par' dir='ltr' id='par_1_16' title="bbox 573 1772 2157 1850">
     <span class='ocr_line' id='line_1_16' title="bbox 573 1772 2157 1850; baseline 0.004 -21"><span class='ocrx_word' id='word_1_126' title='bbox 573 1772 763 1843; x_wconf 81' lang='lat' dir='ltr'><strong>diligit.</strong></span> <span class='ocrx_word' id='word_1_127' title='bbox 798 1775 927 1831; x_wconf 87' lang='lat' dir='ltr'><strong>ltent</strong></span> <span class='ocrx_word' id='word_1_128' title='bbox 967 1779 1071 1833; x_wconf 90' lang='lat' dir='ltr'><strong>alio</strong></span> <span class='ocrx_word' id='word_1_129' title='bbox 1101 1778 1236 1841; x_wconf 86' lang='lat' dir='ltr'><strong>loco,</strong></span> <span class='ocrx_word' id='word_1_130' title='bbox 1272 1778 1371 1845; x_wconf 86' lang='lat' dir='ltr'><strong>Qui</strong></span> <span class='ocrx_word' id='word_1_131' title='bbox 1413 1781 1582 1843; x_wconf 87' lang='lat' dir='ltr'><strong>audit,</strong></span> <span class='ocrx_word' id='word_1_132' title='bbox 1614 1780 1812 1850; x_wconf 89' lang='lat' dir='ltr'><strong>inquit,</strong></span> <span class='ocrx_word' id='word_1_133' title='bbox 1862 1780 2006 1834; x_wconf 72' lang='lat' dir='ltr'><strong>verba</strong></span> <span class='ocrx_word' id='word_1_134' title='bbox 2047 1798 2157 1835; x_wconf 87' lang='lat' dir='ltr'><strong>mea</strong></span> 
     </span>
    </p>
   </div>
   <div class='ocr_carea' id='block_1_17' title="bbox 573 1865 2157 1941">
    <p class='ocr_par' dir='ltr' id='par_1_17' title="bbox 573 1865 2157 1941">
     <span class='ocr_line' id='line_1_17' title="bbox 573 1865 2157 1941; baseline 0.004 -23"><span class='ocrx_word' id='word_1_135' title='bbox 573 1865 682 1919; x_wconf 75' lang='lat' dir='ltr'><strong>lucc</strong></span> <span class='ocrx_word' id='word_1_136' title='bbox 707 1875 751 1918; x_wconf 86' lang='lat' dir='ltr'><strong>ct</strong></span> <span class='ocrx_word' id='word_1_137' title='bbox 777 1867 901 1937; x_wconf 81' lang='lat' dir='ltr'><strong>facit</strong></span> <span class='ocrx_word' id='word_1_138' title='bbox 924 1884 1001 1929; x_wconf 88' lang='lat' dir='ltr'><strong>ea,</strong></span> <span class='ocrx_word' id='word_1_139' title='bbox 1032 1868 1262 1922; x_wconf 77' lang='lat' dir='ltr'><strong>simi/dbo</strong></span> <span class='ocrx_word' id='word_1_140' title='bbox 1302 1886 1414 1923; x_wconf 90' lang='lat' dir='ltr'><strong>eum</strong></span> <span class='ocrx_word' id='word_1_141' title='bbox 1441 1871 1543 1924; x_wconf 83' lang='lat' dir='ltr'><strong>viro</strong></span> <span class='ocrx_word' id='word_1_142' title='bbox 1568 1870 1799 1941; x_wconf 83' lang='lat' dir='ltr'><strong>prudenti</strong></span> <span class='ocrx_word' id='word_1_143' title='bbox 1823 1870 1909 1941; x_wconf 89' lang='lat' dir='ltr'><strong>qui</strong></span> <span class='ocrx_word' id='word_1_144' title='bbox 1937 1872 2157 1940; x_wconf 64' lang='lat' dir='ltr'><strong>(ediﬁcat</strong></span> 
     </span>
    </p>
   </div>
   <div class='ocr_carea' id='block_1_18' title="bbox 573 1957 2156 2034">
    <p class='ocr_par' dir='ltr' id='par_1_18' title="bbox 573 1957 2156 2034">
     <span class='ocr_line' id='line_1_18' title="bbox 573 1957 2156 2034; baseline 0.006 -25"><span class='ocrx_word' id='word_1_145' title='bbox 573 1957 778 2011; x_wconf 87' lang='lat' dir='ltr'><strong>domum</strong></span> <span class='ocrx_word' id='word_1_146' title='bbox 800 1975 943 2012; x_wconf 87' lang='lat' dir='ltr'><strong>suam</strong></span> <span class='ocrx_word' id='word_1_147' title='bbox 968 1976 1123 2029; x_wconf 89' lang='lat' dir='ltr'><strong>supra</strong></span> <span class='ocrx_word' id='word_1_148' title='bbox 1151 1970 1342 2032; x_wconf 85' lang='lat' dir='ltr'><strong>petram</strong></span> <span class='ocrx_word' id='word_1_149' title='bbox 1382 1961 1591 2033; x_wconf 75' lang='lat' dir='ltr'><strong>(Matth.</strong></span> <span class='ocrx_word' id='word_1_150' title='bbox 1622 1978 1714 2029; x_wconf 81' lang='lat' dir='ltr'><strong>vu,</strong></span> <span class='ocrx_word' id='word_1_151' title='bbox 1740 1962 1830 2033; x_wconf 66' lang='grc'><strong>24)</strong></span> <span class='ocrx_word' id='word_1_152' title='bbox 1864 1982 1876 2016; x_wconf 90' lang='lat'>:</span> <span class='ocrx_word' id='word_1_153' title='bbox 1911 1964 1997 2033; x_wconf 88' lang='lat' dir='ltr'><strong>qui</strong></span> <span class='ocrx_word' id='word_1_154' title='bbox 2028 1978 2156 2034; x_wconf 77' lang='lat' dir='ltr'><strong>ergo</strong></span> 
     </span>
    </p>
   </div>
   <div class='ocr_carea' id='block_1_19' title="bbox 575 2048 2157 2123">
    <p class='ocr_par' dir='ltr' id='par_1_19' title="bbox 575 2048 2157 2123">
     <span class='ocr_line' id='line_1_19' title="bbox 575 2048 2157 2123; baseline 0.004 -22"><span class='ocrx_word' id='word_1_155' title='bbox 575 2062 679 2102; x_wconf 92' lang='lat' dir='ltr'><strong>non</strong></span> <span class='ocrx_word' id='word_1_156' title='bbox 736 2057 819 2103; x_wconf 84' lang='lat' dir='ltr'><strong>est</strong></span> <span class='ocrx_word' id='word_1_157' title='bbox 862 2048 1049 2104; x_wconf 91' lang='lat' dir='ltr'><strong>similis</strong></span> <span class='ocrx_word' id='word_1_158' title='bbox 1101 2051 1222 2105; x_wconf 86' lang='lat' dir='ltr'><strong>huic</strong></span> <span class='ocrx_word' id='word_1_159' title='bbox 1278 2052 1393 2106; x_wconf 82' lang='lat' dir='ltr'><strong>viro</strong></span> <span class='ocrx_word' id='word_1_160' title='bbox 1438 2052 1718 2121; x_wconf 82' lang='lat' dir='ltr'><strong>prudenti,</strong></span> <span class='ocrx_word' id='word_1_161' title='bbox 1769 2055 1950 2123; x_wconf 81' lang='lat' dir='ltr'><strong>procul</strong></span> <span class='ocrx_word' id='word_1_162' title='bbox 1993 2053 2157 2108; x_wconf 92' lang='lat' dir='ltr'><strong>dubio</strong></span> 
     </span>
    </p>
   </div>
   <div class='ocr_carea' id='block_1_20' title="bbox 573 2139 2155 2210">
    <p class='ocr_par' dir='ltr' id='par_1_20' title="bbox 573 2139 2155 2210">
     <span class='ocr_line' id='line_1_20' title="bbox 573 2139 2155 2210; baseline 0.007 -19"><span class='ocrx_word' id='word_1_163' title='bbox 573 2147 665 2193; x_wconf 88' lang='lat' dir='ltr'><strong>aut</strong></span> <span class='ocrx_word' id='word_1_164' title='bbox 717 2140 875 2194; x_wconf 87' lang='lat' dir='ltr'><strong>verba</strong></span> <span class='ocrx_word' id='word_1_165' title='bbox 924 2139 1036 2196; x_wconf 68' lang='lat' dir='ltr'><strong>hare</strong></span> <span class='ocrx_word' id='word_1_166' title='bbox 1090 2142 1238 2197; x_wconf 89' lang='lat' dir='ltr'><strong>audit</strong></span> <span class='ocrx_word' id='word_1_167' title='bbox 1287 2152 1342 2198; x_wconf 85' lang='lat' dir='ltr'><strong>et</strong></span> <span class='ocrx_word' id='word_1_168' title='bbox 1400 2160 1505 2199; x_wconf 90' lang='lat' dir='ltr'><strong>non</strong></span> <span class='ocrx_word' id='word_1_169' title='bbox 1559 2146 1718 2210; x_wconf 86' lang='lat' dir='ltr'><strong>facit,</strong></span> <span class='ocrx_word' id='word_1_170' title='bbox 1781 2154 1870 2199; x_wconf 89' lang='lat' dir='ltr'><strong>aut</strong></span> <span class='ocrx_word' id='word_1_171' title='bbox 1936 2146 2155 2202; x_wconf 91' lang='lat' dir='ltr'><strong>omnino</strong></span> 
     </span>
    </p>
   </div>
   <div class='ocr_carea' id='block_1_21' title="bbox 572 2231 2151 2306">
    <p class='ocr_par' dir='ltr' id='par_1_21' title="bbox 572 2231 2151 2306">
     <span class='ocr_line' id='line_1_21' title="bbox 572 2231 2151 2306; baseline 0.005 -22"><span class='ocrx_word' id='word_1_172' title='bbox 572 2243 672 2285; x_wconf 89' lang='lat' dir='ltr'><strong>nec</strong></span> <span class='ocrx_word' id='word_1_173' title='bbox 709 2231 872 2285; x_wconf 86' lang='lat' dir='ltr'><strong>audit.</strong></span> <span class='ocrx_word' id='word_1_174' title='bbox 917 2231 1016 2297; x_wconf 87' lang='lat' dir='ltr'><strong>Qui</strong></span> <span class='ocrx_word' id='word_1_175' title='bbox 1056 2235 1233 2299; x_wconf 85' lang='lat' dir='ltr'><strong>credit,</strong></span> <span class='ocrx_word' id='word_1_176' title='bbox 1264 2236 1465 2306; x_wconf 87' lang='lat' dir='ltr'><strong>inquit,</strong></span> <span class='ocrx_word' id='word_1_177' title='bbox 1493 2235 1679 2303; x_wconf 86' lang='lat' dir='ltr'><strong>inme,</strong></span> <span class='ocrx_word' id='word_1_178' title='bbox 1721 2236 1835 2289; x_wconf 86' lang='lat' dir='ltr'><strong>licet</strong></span> <span class='ocrx_word' id='word_1_179' title='bbox 1883 2239 2151 2304; x_wconf 85' lang='lat' dir='ltr'><strong>moriatur,</strong></span> 
     </span>
    </p>
   </div>
   <div class='ocr_carea' id='block_1_22' title="bbox 570 2318 2155 2398">
    <p class='ocr_par' dir='ltr' id='par_1_22' title="bbox 570 2318 2155 2398">
     <span class='ocr_line' id='line_1_22' title="bbox 570 2318 2155 2398; baseline 0.007 -25"><span class='ocrx_word' id='word_1_180' title='bbox 570 2320 696 2375; x_wconf 62' lang='lat' dir='ltr'><strong>uiuet</strong></span> <span class='ocrx_word' id='word_1_181' title='bbox 718 2318 895 2389; x_wconf 86' lang='lat' dir='ltr'><strong>(Joan.</strong></span> <span class='ocrx_word' id='word_1_182' title='bbox 919 2339 992 2387; x_wconf 72' lang='lat' dir='ltr'><strong>XI,</strong></span> <span class='ocrx_word' id='word_1_183' title='bbox 1017 2324 1109 2396; x_wconf 62' lang='grc' dir='ltr'><strong>ιὶὸ)</strong></span> <span class='ocrx_word' id='word_1_184' title='bbox 1150 2342 1162 2378; x_wconf 92' lang='lat'>:</span> <span class='ocrx_word' id='word_1_185' title='bbox 1204 2325 1291 2395; x_wconf 90' lang='lat' dir='ltr'><strong>qui</strong></span> <span class='ocrx_word' id='word_1_186' title='bbox 1324 2342 1450 2396; x_wconf 89' lang='lat' dir='ltr'><strong>ergo</strong></span> <span class='ocrx_word' id='word_1_187' title='bbox 1475 2342 1581 2380; x_wconf 92' lang='lat' dir='ltr'><strong>non</strong></span> <span class='ocrx_word' id='word_1_188' title='bbox 1636 2330 1794 2392; x_wconf 80' lang='lat' dir='ltr'><strong>vivet,</strong></span> <span class='ocrx_word' id='word_1_189' title='bbox 1823 2343 1928 2382; x_wconf 90' lang='lat' dir='ltr'><strong>non</strong></span> <span class='ocrx_word' id='word_1_190' title='bbox 1973 2329 2155 2398; x_wconf 90' lang='lat' dir='ltr'><strong>utique</strong></span> 
     </span>
    </p>
   </div>
   <div class='ocr_carea' id='block_1_23' title="bbox 566 2398 2154 2491">
    <p class='ocr_par' dir='ltr' id='par_1_23' title="bbox 566 2398 2154 2491">
     <span class='ocr_line' id='line_1_23' title="bbox 566 2398 2154 2491; baseline 0.006 -25"><span class='ocrx_word' id='word_1_191' title='bbox 566 2398 754 2466; x_wconf 66' lang='lat' dir='ltr'><strong>credit.</strong></span> <span class='ocrx_word' id='word_1_192' title='bbox 780 2412 907 2469; x_wconf 87' lang='lat' dir='ltr'><strong>Tale</strong></span> <span class='ocrx_word' id='word_1_193' title='bbox 941 2416 1100 2469; x_wconf 89' lang='lat' dir='ltr'><strong>etiam</strong></span> <span class='ocrx_word' id='word_1_194' title='bbox 1131 2415 1232 2469; x_wconf 89' lang='lat' dir='ltr'><strong>hoe</strong></span> <span class='ocrx_word' id='word_1_195' title='bbox 1264 2426 1364 2481; x_wconf 87' lang='lat' dir='ltr'><strong>est,</strong></span> <span class='ocrx_word' id='word_1_196' title='bbox 1412 2417 1511 2483; x_wconf 86' lang='lat' dir='ltr'><strong>Qui</strong></span> <span class='ocrx_word' id='word_1_197' title='bbox 1546 2420 1702 2472; x_wconf 87' lang='lat' dir='ltr'><strong>credit</strong></span> <span class='ocrx_word' id='word_1_198' title='bbox 1730 2420 1782 2474; x_wconf 89' lang='lat' dir='ltr'><strong>in</strong></span> <span class='ocrx_word' id='word_1_199' title='bbox 1814 2437 1889 2474; x_wconf 82' lang='lat' dir='ltr'><strong>me</strong></span> <span class='ocrx_word' id='word_1_200' title='bbox 1909 2462 1922 2485; x_wconf 96' lang='lat'><strong>,</strong></span> <span class='ocrx_word' id='word_1_201' title='bbox 1964 2423 2154 2491; x_wconf 88' lang='lat' dir='ltr'><strong>faciet:</strong></span> 
     </span>
    </p>
   </div>
   <div class='ocr_carea' id='block_1_24' title="bbox 570 2506 2151 2579">
    <p class='ocr_par' dir='ltr' id='par_1_24' title="bbox 570 2506 2151 2579">
     <span class='ocr_line' id='line_1_24' title="bbox 570 2506 2151 2579; baseline 0.007 -22"><span class='ocrx_word' id='word_1_202' title='bbox 570 2518 675 2558; x_wconf 93' lang='lat' dir='ltr'><strong>non</strong></span> <span class='ocrx_word' id='word_1_203' title='bbox 704 2506 884 2575; x_wconf 91' lang='lat' dir='ltr'><strong>utique</strong></span> <span class='ocrx_word' id='word_1_204' title='bbox 906 2507 1075 2562; x_wconf 89' lang='lat' dir='ltr'><strong>credit</strong></span> <span class='ocrx_word' id='word_1_205' title='bbox 1102 2509 1188 2579; x_wconf 91' lang='lat' dir='ltr'><strong>qui</strong></span> <span class='ocrx_word' id='word_1_206' title='bbox 1235 2525 1338 2565; x_wconf 90' lang='lat' dir='ltr'><strong>nou</strong></span> <span class='ocrx_word' id='word_1_207' title='bbox 1371 2510 1541 2566; x_wconf 80' lang='lat' dir='ltr'><strong>faciet.</strong></span> <span class='ocrx_word' id='word_1_208' title='bbox 1586 2511 1720 2579; x_wconf 86' lang='lat' dir='ltr'><strong>Quid</strong></span> <span class='ocrx_word' id='word_1_209' title='bbox 1752 2523 1836 2568; x_wconf 77' lang='lat' dir='ltr'><strong>est</strong></span> <span class='ocrx_word' id='word_1_210' title='bbox 1879 2514 1999 2579; x_wconf 90' lang='lat' dir='ltr'><strong>hoc,</strong></span> <span class='ocrx_word' id='word_1_211' title='bbox 2044 2513 2151 2568; x_wconf 87' lang='lat' dir='ltr'><strong>fra-</strong></span> 
     </span>
    </p>
   </div>
   <div class='ocr_carea' id='block_1_25' title="bbox 571 2595 2153 2668">
    <p class='ocr_par' dir='ltr' id='par_1_25' title="bbox 571 2595 2153 2668">
     <span class='ocr_line' id='line_1_25' title="bbox 571 2595 2153 2668; baseline 0.009 -21"><span class='ocrx_word' id='word_1_212' title='bbox 571 2596 719 2649; x_wconf 85' lang='lat' dir='ltr'><strong>tres?</strong></span> <span class='ocrx_word' id='word_1_213' title='bbox 758 2595 1024 2668; x_wconf 88' lang='lat' dir='ltr'><strong>Numquid</strong></span> <span class='ocrx_word' id='word_1_214' title='bbox 1069 2600 1208 2655; x_wconf 90' lang='lat' dir='ltr'><strong>inter</strong></span> <span class='ocrx_word' id='word_1_215' title='bbox 1235 2602 1515 2657; x_wconf 79' lang='lat' dir='ltr'><strong>credentes</strong></span> <span class='ocrx_word' id='word_1_216' title='bbox 1556 2603 1607 2657; x_wconf 88' lang='lat' dir='ltr'><strong>in</strong></span> <span class='ocrx_word' id='word_1_217' title='bbox 1633 2602 1903 2659; x_wconf 90' lang='lat' dir='ltr'><strong>Cbristmn</strong></span> <span class='ocrx_word' id='word_1_218' title='bbox 1931 2621 2035 2660; x_wconf 92' lang='lat' dir='ltr'><strong>non</strong></span> <span class='ocrx_word' id='word_1_219' title='bbox 2071 2615 2153 2662; x_wconf 87' lang='lat' dir='ltr'><strong>est</strong></span> 
     </span>
    </p>
   </div>
   <div class='ocr_carea' id='block_1_26' title="bbox 570 2688 2150 2767">
    <p class='ocr_par' dir='ltr' id='par_1_26' title="bbox 570 2688 2150 2767">
     <span class='ocr_line' id='line_1_26' title="bbox 570 2688 2150 2767; baseline 0.008 -29"><span class='ocrx_word' id='word_1_220' title='bbox 570 2688 990 2756; x_wconf 83' lang='lat' dir='ltr'><strong>computandas,</strong></span> <span class='ocrx_word' id='word_1_221' title='bbox 1036 2691 1125 2760; x_wconf 90' lang='lat' dir='ltr'><strong>qui</strong></span> <span class='ocrx_word' id='word_1_222' title='bbox 1173 2707 1277 2746; x_wconf 91' lang='lat' dir='ltr'><strong>non</strong></span> <span class='ocrx_word' id='word_1_223' title='bbox 1322 2693 1504 2748; x_wconf 87' lang='lat' dir='ltr'><strong>fecerit</strong></span> <span class='ocrx_word' id='word_1_224' title='bbox 1548 2708 1707 2764; x_wconf 89' lang='lat' dir='ltr'><strong>opera</strong></span> <span class='ocrx_word' id='word_1_225' title='bbox 1752 2696 1949 2765; x_wconf 85' lang='lat' dir='ltr'><strong>majora</strong></span> <span class='ocrx_word' id='word_1_226' title='bbox 1992 2711 2150 2767; x_wconf 87' lang='lat' dir='ltr'><strong>quam</strong></span> 
     </span>
    </p>
   </div>
   <div class='ocr_carea' id='block_1_27' title="bbox 570 2773 2146 2858">
    <p class='ocr_par' dir='ltr' id='par_1_27' title="bbox 570 2773 2146 2858">
     <span class='ocr_line' id='line_1_27' title="bbox 570 2773 2146 2858; baseline 0.006 -27"><span class='ocrx_word' id='word_1_227' title='bbox 570 2773 848 2833; x_wconf 87' lang='lat' dir='ltr'><strong>Christus?</strong></span> <span class='ocrx_word' id='word_1_228' title='bbox 875 2779 1071 2834; x_wconf 90' lang='lat' dir='ltr'><strong>Durum</strong></span> <span class='ocrx_word' id='word_1_229' title='bbox 1092 2792 1193 2844; x_wconf 91' lang='lat' dir='ltr'><strong>est,</strong></span> <span class='ocrx_word' id='word_1_230' title='bbox 1216 2784 1501 2839; x_wconf 83' lang='lat' dir='ltr'><strong>absurdum</strong></span> <span class='ocrx_word' id='word_1_231' title='bbox 1525 2796 1626 2849; x_wconf 91' lang='lat' dir='ltr'><strong>est,</strong></span> <span class='ocrx_word' id='word_1_232' title='bbox 1656 2787 1779 2841; x_wconf 83' lang='lat' dir='ltr'><strong>ferri</strong></span> <span class='ocrx_word' id='word_1_233' title='bbox 1803 2804 1906 2841; x_wconf 86' lang='lat' dir='ltr'><strong>non</strong></span> <span class='ocrx_word' id='word_1_234' title='bbox 1934 2797 2146 2858; x_wconf 77' lang='lat' dir='ltr'><strong>potest:</strong></span> 
     </span>
    </p>
   </div>
   <div class='ocr_carea' id='block_1_28' title="bbox 571 2871 2148 2950">
    <p class='ocr_par' dir='ltr' id='par_1_28' title="bbox 571 2871 2148 2950">
     <span class='ocr_line' id='line_1_28' title="bbox 571 2871 2148 2950; baseline 0.009 -28"><span class='ocrx_word' id='word_1_235' title='bbox 571 2882 678 2924; x_wconf 90' lang='lat' dir='ltr'><strong>non</strong></span> <span class='ocrx_word' id='word_1_236' title='bbox 710 2871 965 2927; x_wconf 89' lang='lat' dir='ltr'><strong>toleratur</strong></span> <span class='ocrx_word' id='word_1_237' title='bbox 992 2873 1091 2928; x_wconf 93' lang='lat' dir='ltr'><strong>nisi</strong></span> <span class='ocrx_word' id='word_1_238' title='bbox 1134 2875 1474 2947; x_wconf 80' lang='lat' dir='ltr'><strong>intelligatur.</strong></span> <span class='ocrx_word' id='word_1_239' title='bbox 1511 2881 1822 2949; x_wconf 84' lang='lat' dir='ltr'><strong>Apostolum</strong></span> <span class='ocrx_word' id='word_1_240' title='bbox 1854 2882 2013 2950; x_wconf 77' lang='lat' dir='ltr'><strong>igitur</strong></span> <span class='ocrx_word' id='word_1_241' title='bbox 2049 2898 2148 2936; x_wconf 81' lang='lat' dir='ltr'><strong>au-</strong></span> 
     </span>
    </p>
   </div>
   <div class='ocr_carea' id='block_1_29' title="bbox 573 2958 2145 3042">
    <p class='ocr_par' dir='ltr' id='par_1_29' title="bbox 573 2958 2145 3042">
     <span class='ocr_line' id='line_1_29' title="bbox 573 2958 2145 3042; baseline 0.008 -29"><span class='ocrx_word' id='word_1_242' title='bbox 573 2958 781 3017; x_wconf 89' lang='lat' dir='ltr'><strong>diattttts</strong></span> <span class='ocrx_word' id='word_1_243' title='bbox 806 2980 821 3015; x_wconf 91' lang='lat'><strong>:</strong></span> <span class='ocrx_word' id='word_1_244' title='bbox 845 2962 1092 3028; x_wconf 84' lang='lat' dir='ltr'><strong>Credenti,</strong></span> <span class='ocrx_word' id='word_1_245' title='bbox 1121 2967 1308 3036; x_wconf 89' lang='lat' dir='ltr'><strong>inquit,</strong></span> <span class='ocrx_word' id='word_1_246' title='bbox 1334 2969 1387 3022; x_wconf 86' lang='lat' dir='ltr'><strong>in</strong></span> <span class='ocrx_word' id='word_1_247' title='bbox 1412 2986 1524 3023; x_wconf 87' lang='lat' dir='ltr'><strong>eum</strong></span> <span class='ocrx_word' id='word_1_248' title='bbox 1544 2971 1627 3040; x_wconf 89' lang='lat' dir='ltr'><strong>qui</strong></span> <span class='ocrx_word' id='word_1_249' title='bbox 1644 2971 1893 3041; x_wconf 77' lang='lat' dir='ltr'><strong>justi/ictu</strong></span> <span class='ocrx_word' id='word_1_250' title='bbox 1917 2972 2145 3042; x_wconf 84' lang='lat' dir='ltr'><strong>impium.</strong></span> 
     </span>
    </p>
   </div>
   <div class='ocr_carea' id='block_1_30' title="bbox 566 3051 2148 3130">
    <p class='ocr_par' dir='ltr' id='par_1_30' title="bbox 566 3051 2148 3130">
     <span class='ocr_line' id='line_1_30' title="bbox 566 3051 2148 3130; baseline 0.009 -26"><span class='ocrx_word' id='word_1_251' title='bbox 566 3051 836 3122; x_wconf 82' lang='lat' dir='ltr'><strong>deputatur</strong></span> <span class='ocrx_word' id='word_1_252' title='bbox 858 3056 985 3125; x_wconf 81' lang='lat' dir='ltr'><strong>ﬁdes</strong></span> <span class='ocrx_word' id='word_1_253' title='bbox 1011 3059 1119 3128; x_wconf 85' lang='lat' dir='ltr'><strong>ejus</strong></span> <span class='ocrx_word' id='word_1_254' title='bbox 1146 3060 1213 3112; x_wconf 88' lang='lat' dir='ltr'><strong>ad</strong></span> <span class='ocrx_word' id='word_1_255' title='bbox 1239 3061 1494 3130; x_wconf 72' lang='lat' dir='ltr'><strong>justitiam</strong></span> <span class='ocrx_word' id='word_1_256' title='bbox 1526 3060 1697 3128; x_wconf 79' lang='lat' dir='ltr'><strong>(Rom.</strong></span> <span class='ocrx_word' id='word_1_257' title='bbox 1737 3079 1809 3126; x_wconf 86' lang='lat' dir='ltr'><strong>tv,</strong></span> <span class='ocrx_word' id='word_1_258' title='bbox 1849 3063 1928 3130; x_wconf 84' lang='lat'><strong>5).</strong></span> <span class='ocrx_word' id='word_1_259' title='bbox 1965 3062 2018 3117; x_wconf 91' lang='lat' dir='ltr'><strong>ltt</strong></span> <span class='ocrx_word' id='word_1_260' title='bbox 2048 3062 2148 3119; x_wconf 90' lang='lat' dir='ltr'><strong>hoc</strong></span> 
     </span>
    </p>
   </div>
   <div class='ocr_carea' id='block_1_31' title="bbox 569 3144 2147 3223">
    <p class='ocr_par' dir='ltr' id='par_1_31' title="bbox 569 3144 2147 3223">
     <span class='ocr_line' id='line_1_31' title="bbox 569 3144 2147 3223; baseline 0.008 -29"><span class='ocrx_word' id='word_1_261' title='bbox 569 3155 732 3210; x_wconf 90' lang='lat' dir='ltr'><strong>opere</strong></span> <span class='ocrx_word' id='word_1_262' title='bbox 762 3144 1013 3200; x_wconf 89' lang='lat' dir='ltr'><strong>faciamus</strong></span> <span class='ocrx_word' id='word_1_263' title='bbox 1043 3162 1202 3216; x_wconf 89' lang='lat' dir='ltr'><strong>opera</strong></span> <span class='ocrx_word' id='word_1_264' title='bbox 1234 3149 1449 3215; x_wconf 80' lang='lat' dir='ltr'><strong>Christi,</strong></span> <span class='ocrx_word' id='word_1_265' title='bbox 1482 3150 1604 3221; x_wconf 89' lang='lat' dir='ltr'><strong>quia</strong></span> <span class='ocrx_word' id='word_1_266' title='bbox 1641 3160 1696 3207; x_wconf 87' lang='lat' dir='ltr'><strong>et</strong></span> <span class='ocrx_word' id='word_1_267' title='bbox 1723 3152 1894 3223; x_wconf 88' lang='lat' dir='ltr'><strong>ipsum</strong></span> <span class='ocrx_word' id='word_1_268' title='bbox 1930 3153 2147 3207; x_wconf 89' lang='lat' dir='ltr'><strong>credere</strong></span> 
     </span>
    </p>
   </div>
   <div class='ocr_carea' id='block_1_32' title="bbox 568 3228 2142 3309">
    <p class='ocr_par' dir='ltr' id='par_1_32' title="bbox 568 3228 2142 3309">
     <span class='ocr_line' id='line_1_32' title="bbox 568 3228 2142 3309; baseline 0.008 -26"><span class='ocrx_word' id='word_1_269' title='bbox 568 3228 620 3283; x_wconf 91' lang='lat' dir='ltr'><strong>in</strong></span> <span class='ocrx_word' id='word_1_270' title='bbox 649 3228 937 3297; x_wconf 87' lang='lat' dir='ltr'><strong>Christum,</strong></span> <span class='ocrx_word' id='word_1_271' title='bbox 968 3250 1102 3303; x_wconf 90' lang='lat' dir='ltr'><strong>opus</strong></span> <span class='ocrx_word' id='word_1_272' title='bbox 1130 3248 1212 3291; x_wconf 92' lang='lat' dir='ltr'><strong>est</strong></span> <span class='ocrx_word' id='word_1_273' title='bbox 1238 3235 1452 3293; x_wconf 89' lang='lat' dir='ltr'><strong>Christi.</strong></span> <span class='ocrx_word' id='word_1_274' title='bbox 1478 3240 1588 3294; x_wconf 85' lang='lat' dir='ltr'><strong>Hoc</strong></span> <span class='ocrx_word' id='word_1_275' title='bbox 1612 3253 1859 3309; x_wconf 88' lang='lat' dir='ltr'><strong>operatur</strong></span> <span class='ocrx_word' id='word_1_276' title='bbox 1888 3242 1938 3295; x_wconf 89' lang='lat' dir='ltr'><strong>in</strong></span> <span class='ocrx_word' id='word_1_277' title='bbox 1972 3244 2142 3306; x_wconf 89' lang='lat' dir='ltr'><strong>nobis,</strong></span> 
     </span>
    </p>
   </div>
   <div class='ocr_carea' id='block_1_33' title="bbox 568 3325 2142 3404">
    <p class='ocr_par' dir='ltr' id='par_1_33' title="bbox 568 3325 2142 3404">
     <span class='ocr_line' id='line_1_33' title="bbox 568 3325 2142 3404; baseline 0.008 -27"><span class='ocrx_word' id='word_1_278' title='bbox 568 3337 673 3378; x_wconf 92' lang='lat' dir='ltr'><strong>non</strong></span> <span class='ocrx_word' id='word_1_279' title='bbox 709 3325 889 3394; x_wconf 89' lang='lat' dir='ltr'><strong>utique</strong></span> <span class='ocrx_word' id='word_1_280' title='bbox 922 3327 1037 3382; x_wconf 91' lang='lat' dir='ltr'><strong>sine</strong></span> <span class='ocrx_word' id='word_1_281' title='bbox 1076 3327 1248 3383; x_wconf 84' lang='lat' dir='ltr'><strong>nobis.</strong></span> <span class='ocrx_word' id='word_1_282' title='bbox 1291 3331 1423 3385; x_wconf 81' lang='lat' dir='ltr'><strong>Audi</strong></span> <span class='ocrx_word' id='word_1_283' title='bbox 1467 3347 1593 3402; x_wconf 89' lang='lat' dir='ltr'><strong>ergo</strong></span> <span class='ocrx_word' id='word_1_284' title='bbox 1622 3335 1764 3402; x_wconf 90' lang='lat' dir='ltr'><strong>jam,</strong></span> <span class='ocrx_word' id='word_1_285' title='bbox 1796 3343 1848 3388; x_wconf 90' lang='lat' dir='ltr'><strong>et</strong></span> <span class='ocrx_word' id='word_1_286' title='bbox 1878 3334 2142 3404; x_wconf 79' lang='lat' dir='ltr'><strong>intelligo,</strong></span> 
     </span>
    </p>
   </div>
   <div class='ocr_carea' id='block_1_34' title="bbox 569 3416 2147 3497">
    <p class='ocr_par' dir='ltr' id='par_1_34' title="bbox 569 3416 2147 3497">
     <span class='ocr_line' id='line_1_34' title="bbox 569 3416 2147 3497; baseline 0.008 -28"><span class='ocrx_word' id='word_1_287' title='bbox 569 3416 670 3483; x_wconf 87' lang='lat' dir='ltr'><strong>Qui</strong></span> <span class='ocrx_word' id='word_1_288' title='bbox 700 3419 855 3471; x_wconf 86' lang='lat' dir='ltr'><strong>credit</strong></span> <span class='ocrx_word' id='word_1_289' title='bbox 886 3420 939 3473; x_wconf 88' lang='lat' dir='ltr'><strong>in</strong></span> <span class='ocrx_word' id='word_1_290' title='bbox 979 3437 1088 3485; x_wconf 86' lang='lat' dir='ltr'><strong>tne,</strong></span> <span class='ocrx_word' id='word_1_291' title='bbox 1120 3438 1271 3493; x_wconf 87' lang='lat' dir='ltr'><strong>opera</strong></span> <span class='ocrx_word' id='word_1_292' title='bbox 1295 3440 1407 3492; x_wconf 73' lang='lat' dir='ltr'><strong>qua:</strong></span> <span class='ocrx_word' id='word_1_293' title='bbox 1429 3441 1520 3495; x_wconf 85' lang='lat' dir='ltr'><strong>ego</strong></span> <span class='ocrx_word' id='word_1_294' title='bbox 1546 3427 1707 3497; x_wconf 88' lang='lat' dir='ltr'><strong>facio,</strong></span> <span class='ocrx_word' id='word_1_295' title='bbox 1752 3438 1797 3480; x_wconf 84' lang='lat' dir='ltr'><strong>et</strong></span> <span class='ocrx_word' id='word_1_296' title='bbox 1822 3428 1930 3496; x_wconf 83' lang='lat' dir='ltr'><strong>ipse</strong></span> <span class='ocrx_word' id='word_1_297' title='bbox 1953 3428 2103 3496; x_wconf 82' lang='lat' dir='ltr'><strong>faciet</strong></span> <span class='ocrx_word' id='word_1_298' title='bbox 2128 3444 2147 3481; x_wconf 92' lang='lat'><strong><em>:</em></strong></span> 
     </span>
    </p>
   </div>
   <div class='ocr_carea' id='block_1_35' title="bbox 565 3510 2148 3588">
    <p class='ocr_par' dir='ltr' id='par_1_35' title="bbox 565 3510 2148 3588">
     <span class='ocr_line' id='line_1_35' title="bbox 565 3510 2148 3588; baseline 0.006 -24"><span class='ocrx_word' id='word_1_299' title='bbox 565 3510 712 3580; x_wconf 87' lang='lat' dir='ltr'><strong>prius</strong></span> <span class='ocrx_word' id='word_1_300' title='bbox 752 3526 852 3581; x_wconf 85' lang='lat' dir='ltr'><strong>ego</strong></span> <span class='ocrx_word' id='word_1_301' title='bbox 880 3510 1049 3579; x_wconf 86' lang='lat' dir='ltr'><strong>facio,</strong></span> <span class='ocrx_word' id='word_1_302' title='bbox 1079 3512 1271 3568; x_wconf 86' lang='lat' dir='ltr'><strong>deinde</strong></span> <span class='ocrx_word' id='word_1_303' title='bbox 1298 3524 1351 3569; x_wconf 92' lang='lat' dir='ltr'><strong>et</strong></span> <span class='ocrx_word' id='word_1_304' title='bbox 1391 3516 1504 3585; x_wconf 89' lang='lat' dir='ltr'><strong>ipse</strong></span> <span class='ocrx_word' id='word_1_305' title='bbox 1534 3516 1720 3582; x_wconf 85' lang='lat' dir='ltr'><strong>faciet;</strong></span> <span class='ocrx_word' id='word_1_306' title='bbox 1763 3519 1885 3588; x_wconf 88' lang='lat' dir='ltr'><strong>quia</strong></span> <span class='ocrx_word' id='word_1_307' title='bbox 1914 3517 2050 3573; x_wconf 89' lang='lat' dir='ltr'><strong>facio</strong></span> <span class='ocrx_word' id='word_1_308' title='bbox 2088 3527 2148 3574; x_wconf 89' lang='lat' dir='ltr'><strong>ut</strong></span> 
     </span>
    </p>
   </div>
   <div class='ocr_carea' id='block_1_36' title="bbox 565 3601 1953 3677">
    <p class='ocr_par' dir='ltr' id='par_1_36' title="bbox 565 3601 1953 3677">
     <span class='ocr_line' id='line_1_36' title="bbox 565 3601 1953 3677; baseline 0.006 -23"><span class='ocrx_word' id='word_1_309' title='bbox 565 3601 741 3655; x_wconf 85' lang='lat' dir='ltr'><strong>faciat.</strong></span> <span class='ocrx_word' id='word_1_310' title='bbox 768 3602 897 3670; x_wconf 73' lang='lat' dir='ltr'><strong>Qua:</strong></span> <span class='ocrx_word' id='word_1_311' title='bbox 926 3619 1107 3672; x_wconf 86' lang='lat' dir='ltr'><strong>opera,</strong></span> <span class='ocrx_word' id='word_1_312' title='bbox 1138 3603 1235 3658; x_wconf 84' lang='lat' dir='ltr'><strong>nisi</strong></span> <span class='ocrx_word' id='word_1_313' title='bbox 1266 3615 1320 3657; x_wconf 89' lang='grc' dir='ltr'><strong>ιιι</strong></span> <span class='ocrx_word' id='word_1_314' title='bbox 1348 3622 1410 3660; x_wconf 81' lang='lat' dir='ltr'><strong>ex</strong></span> <span class='ocrx_word' id='word_1_315' title='bbox 1446 3606 1608 3677; x_wconf 91' lang='lat' dir='ltr'><strong>impio</strong></span> <span class='ocrx_word' id='word_1_316' title='bbox 1630 3607 1804 3676; x_wconf 90' lang='lat' dir='ltr'><strong>justus</strong></span> <span class='ocrx_word' id='word_1_317' title='bbox 1831 3610 1953 3663; x_wconf 87' lang='lat' dir='ltr'><strong>liat?</strong></span> 
     </span>
    </p>
   </div>
   <div class='ocr_carea' id='block_1_37' title="bbox 636 3692 2146 3767">
    <p class='ocr_par' dir='ltr' id='par_1_37' title="bbox 636 3692 2146 3767">
     <span class='ocr_line' id='line_1_37' title="bbox 636 3692 2146 3767; baseline 0.007 -19"><span class='ocrx_word' id='word_1_318' title='bbox 636 3695 687 3748; x_wconf 80' lang='grc'><strong>5.</strong></span> <span class='ocrx_word' id='word_1_319' title='bbox 734 3692 797 3746; x_wconf 82' lang='lat' dir='ltr'><strong>Et</strong></span> <span class='ocrx_word' id='word_1_320' title='bbox 816 3697 1011 3766; x_wconf 86' lang='lat' dir='ltr'><strong>majora</strong></span> <span class='ocrx_word' id='word_1_321' title='bbox 1032 3696 1208 3750; x_wconf 78' lang='lat' dir='ltr'><strong>[torum</strong></span> <span class='ocrx_word' id='word_1_322' title='bbox 1228 3698 1394 3767; x_wconf 86' lang='lat' dir='ltr'><strong>faciet.</strong></span> <span class='ocrx_word' id='word_1_323' title='bbox 1419 3701 1674 3766; x_wconf 87' lang='lat' dir='ltr'><strong>Quorum,</strong></span> <span class='ocrx_word' id='word_1_324' title='bbox 1702 3704 1961 3758; x_wconf 85' lang='lat' dir='ltr'><strong>obsecro?</strong></span> <span class='ocrx_word' id='word_1_325' title='bbox 1983 3704 2146 3759; x_wconf 88' lang='lat' dir='ltr'><strong>Num-</strong></span> 
     </span>
    </p>
   </div>
   <div class='ocr_carea' id='block_1_38' title="bbox 565 3783 2145 3867">
    <p class='ocr_par' dir='ltr' id='par_1_38' title="bbox 565 3783 2145 3867">
     <span class='ocr_line' id='line_1_38' title="bbox 565 3783 2145 3867; baseline 0.009 -32"><span class='ocrx_word' id='word_1_326' title='bbox 565 3783 815 3852; x_wconf 88' lang='lat' dir='ltr'><strong>quidnam</strong></span> <span class='ocrx_word' id='word_1_327' title='bbox 859 3786 1094 3841; x_wconf 87' lang='lat' dir='ltr'><strong>ontnium</strong></span> <span class='ocrx_word' id='word_1_328' title='bbox 1138 3802 1357 3858; x_wconf 86' lang='lat' dir='ltr'><strong>operum</strong></span> <span class='ocrx_word' id='word_1_329' title='bbox 1387 3789 1584 3845; x_wconf 87' lang='lat' dir='ltr'><strong>Citriin</strong></span> <span class='ocrx_word' id='word_1_330' title='bbox 1611 3792 1808 3861; x_wconf 86' lang='lat' dir='ltr'><strong>majora</strong></span> <span class='ocrx_word' id='word_1_331' title='bbox 1857 3794 2010 3859; x_wconf 83' lang='lat' dir='ltr'><strong>facit,</strong></span> <span class='ocrx_word' id='word_1_332' title='bbox 2053 3798 2145 3867; x_wconf 91' lang='lat' dir='ltr'><strong>qui</strong></span> 
     </span>
    </p>
   </div>
   <div class='ocr_carea' id='block_1_39' title="bbox 563 3873 2145 3955">
    <p class='ocr_par' dir='ltr' id='par_1_39' title="bbox 563 3873 2145 3955">
     <span class='ocr_line' id='line_1_39' title="bbox 563 3873 2145 3955; baseline 0.009 -29"><span class='ocrx_word' id='word_1_333' title='bbox 563 3886 682 3926; x_wconf 91' lang='lat' dir='ltr'><strong>cum</strong></span> <span class='ocrx_word' id='word_1_334' title='bbox 714 3873 903 3930; x_wconf 86' lang='lat' dir='ltr'><strong>timore</strong></span> <span class='ocrx_word' id='word_1_335' title='bbox 931 3883 986 3931; x_wconf 92' lang='lat' dir='ltr'><strong>et</strong></span> <span class='ocrx_word' id='word_1_336' title='bbox 1015 3886 1244 3933; x_wconf 85' lang='lat' dir='ltr'><strong>tremore</strong></span> <span class='ocrx_word' id='word_1_337' title='bbox 1272 3895 1421 3934; x_wconf 91' lang='lat' dir='ltr'><strong>suant</strong></span> <span class='ocrx_word' id='word_1_338' title='bbox 1452 3880 1615 3950; x_wconf 91' lang='lat' dir='ltr'><strong>ipsius</strong></span> <span class='ocrx_word' id='word_1_339' title='bbox 1635 3883 1858 3939; x_wconf 91' lang='lat' dir='ltr'><strong>salutem</strong></span> <span class='ocrx_word' id='word_1_340' title='bbox 1895 3896 2145 3955; x_wconf 88' lang='lat' dir='ltr'><strong>operatur</strong></span> 
     </span>
    </p>
   </div>
   <div class='ocr_carea' id='block_1_40' title="bbox 564 3961 2144 4042">
    <p class='ocr_par' dir='ltr' id='par_1_40' title="bbox 564 3961 2144 4042">
     <span class='ocr_line' id='line_1_40' title="bbox 564 3961 2144 4042; baseline 0.011 -27"><span class='ocrx_word' id='word_1_341' title='bbox 564 3961 823 4034; x_wconf 77' lang='lat' dir='ltr'><strong>(Philipp.</strong></span> <span class='ocrx_word' id='word_1_342' title='bbox 853 3982 910 4033; x_wconf 89' lang='lat' dir='ltr'><strong>tt,</strong></span> <span class='ocrx_word' id='word_1_343' title='bbox 946 3968 1068 4040; x_wconf 72' lang='lat'><strong>12)?</strong></span> <span class='ocrx_word' id='word_1_344' title='bbox 1093 3968 1243 4036; x_wconf 87' lang='lat' dir='ltr'><strong>Quod</strong></span> <span class='ocrx_word' id='word_1_345' title='bbox 1282 3972 1463 4042; x_wconf 88' lang='lat' dir='ltr'><strong>utique</strong></span> <span class='ocrx_word' id='word_1_346' title='bbox 1514 3973 1564 4026; x_wconf 90' lang='lat' dir='ltr'><strong>in</strong></span> <span class='ocrx_word' id='word_1_347' title='bbox 1595 3973 1713 4040; x_wconf 93' lang='lat' dir='ltr'><strong>illo,</strong></span> <span class='ocrx_word' id='word_1_348' title='bbox 1747 3975 1841 4030; x_wconf 91' lang='lat' dir='ltr'><strong>sed</strong></span> <span class='ocrx_word' id='word_1_349' title='bbox 1884 3992 1988 4030; x_wconf 90' lang='lat' dir='ltr'><strong>non</strong></span> <span class='ocrx_word' id='word_1_350' title='bbox 2029 3978 2144 4033; x_wconf 87' lang='lat' dir='ltr'><strong>sine</strong></span> 
     </span>
    </p>
   </div>
   <div class='ocr_carea' id='block_1_41' title="bbox 562 4054 2139 4135">
    <p class='ocr_par' dir='ltr' id='par_1_41' title="bbox 562 4054 2139 4135">
     <span class='ocr_line' id='line_1_41' title="bbox 562 4054 2139 4135; baseline 0.01 -26"><span class='ocrx_word' id='word_1_351' title='bbox 562 4054 654 4110; x_wconf 85' lang='lat' dir='ltr'><strong>illo</strong></span> <span class='ocrx_word' id='word_1_352' title='bbox 689 4055 930 4114; x_wconf 75' lang='lat' dir='ltr'><strong>Christus</strong></span> <span class='ocrx_word' id='word_1_353' title='bbox 959 4071 1226 4129; x_wconf 88' lang='lat' dir='ltr'><strong>operatur.</strong></span> <span class='ocrx_word' id='word_1_354' title='bbox 1262 4062 1485 4118; x_wconf 90' lang='lat' dir='ltr'><strong>Prorsus</strong></span> <span class='ocrx_word' id='word_1_355' title='bbox 1519 4064 1690 4135; x_wconf 86' lang='lat' dir='ltr'><strong>majus</strong></span> <span class='ocrx_word' id='word_1_356' title='bbox 1717 4065 1817 4122; x_wconf 91' lang='lat' dir='ltr'><strong>hoc</strong></span> <span class='ocrx_word' id='word_1_357' title='bbox 1846 4082 1965 4123; x_wconf 79' lang='lat' dir='ltr'><strong>esse</strong></span> <span class='ocrx_word' id='word_1_358' title='bbox 1991 4069 2139 4124; x_wconf 78' lang='lat' dir='ltr'><strong>dixe-</strong></span> 
     </span>
    </p>
   </div>
   <div class='ocr_carea' id='block_1_42' title="bbox 561 4148 2141 4228">
    <p class='ocr_par' dir='ltr' id='par_1_42' title="bbox 561 4148 2141 4228">
     <span class='ocr_line' id='line_1_42' title="bbox 561 4148 2141 4228; baseline 0.008 -26"><span class='ocrx_word' id='word_1_359' title='bbox 561 4148 685 4213; x_wconf 87' lang='lat' dir='ltr'><strong>rint,</strong></span> <span class='ocrx_word' id='word_1_360' title='bbox 731 4164 888 4219; x_wconf 88' lang='lat' dir='ltr'><strong>quam</strong></span> <span class='ocrx_word' id='word_1_361' title='bbox 933 4163 1014 4206; x_wconf 92' lang='lat' dir='ltr'><strong>est</strong></span> <span class='ocrx_word' id='word_1_362' title='bbox 1039 4153 1231 4208; x_wconf 88' lang='lat' dir='ltr'><strong>coelum</strong></span> <span class='ocrx_word' id='word_1_363' title='bbox 1260 4162 1314 4208; x_wconf 90' lang='lat' dir='ltr'><strong>et</strong></span> <span class='ocrx_word' id='word_1_364' title='bbox 1357 4164 1516 4219; x_wconf 90' lang='lat' dir='ltr'><strong>terra,</strong></span> <span class='ocrx_word' id='word_1_365' title='bbox 1546 4165 1601 4209; x_wconf 91' lang='lat' dir='ltr'><strong>et</strong></span> <span class='ocrx_word' id='word_1_366' title='bbox 1642 4172 1990 4228; x_wconf 82' lang='lat' dir='ltr'><strong>qtuecuntque</strong></span> <span class='ocrx_word' id='word_1_367' title='bbox 2026 4174 2141 4215; x_wconf 88' lang='lat' dir='ltr'><strong>cer-</strong></span> 
     </span>
    </p>
   </div>
   <div class='ocr_carea' id='block_1_43' title="bbox 562 4241 2143 4308">
    <p class='ocr_par' dir='ltr' id='par_1_43' title="bbox 562 4241 2143 4308">
     <span class='ocr_line' id='line_1_43' title="bbox 562 4241 2143 4308; baseline 0.009 -14"><span class='ocrx_word' id='word_1_368' title='bbox 562 4249 760 4295; x_wconf 87' lang='lat' dir='ltr'><strong>nuntur</strong></span> <span class='ocrx_word' id='word_1_369' title='bbox 801 4241 851 4296; x_wconf 91' lang='lat' dir='ltr'><strong>in</strong></span> <span class='ocrx_word' id='word_1_370' title='bbox 882 4245 1019 4298; x_wconf 77' lang='lat' dir='ltr'><strong>etelo</strong></span> <span class='ocrx_word' id='word_1_371' title='bbox 1058 4254 1109 4299; x_wconf 85' lang='lat' dir='ltr'><strong>et</strong></span> <span class='ocrx_word' id='word_1_372' title='bbox 1136 4245 1185 4299; x_wconf 92' lang='lat' dir='ltr'><strong>in</strong></span> <span class='ocrx_word' id='word_1_373' title='bbox 1232 4255 1393 4300; x_wconf 89' lang='lat' dir='ltr'><strong>terra.</strong></span> <span class='ocrx_word' id='word_1_374' title='bbox 1423 4247 1488 4300; x_wconf 86' lang='lat' dir='ltr'><strong>Et</strong></span> <span class='ocrx_word' id='word_1_375' title='bbox 1526 4250 1718 4303; x_wconf 73' lang='lat' dir='ltr'><strong>cmlutn</strong></span> <span class='ocrx_word' id='word_1_376' title='bbox 1749 4252 1892 4305; x_wconf 92' lang='lat' dir='ltr'><strong>enim</strong></span> <span class='ocrx_word' id='word_1_377' title='bbox 1923 4262 1975 4306; x_wconf 90' lang='lat' dir='ltr'><strong>et</strong></span> <span class='ocrx_word' id='word_1_378' title='bbox 2003 4261 2143 4308; x_wconf 85' lang='lat' dir='ltr'><strong>terra</strong></span> 
     </span>
    </p>
   </div>
   <div class='ocr_carea' id='block_1_44' title="bbox 562 4332 2136 4410">
    <p class='ocr_par' dir='ltr' id='par_1_44' title="bbox 562 4332 2136 4410">
     <span class='ocr_line' id='line_1_44' title="bbox 562 4332 2136 4410; baseline 0.009 -25"><span class='ocrx_word' id='word_1_379' title='bbox 562 4334 807 4387; x_wconf 75' lang='lat' dir='ltr'><strong>transibit</strong></span> <span class='ocrx_word' id='word_1_380' title='bbox 830 4335 849 4403; x_wconf 94' lang='lat'><strong>(</strong></span> <span class='ocrx_word' id='word_1_381' title='bbox 871 4332 1056 4388; x_wconf 79' lang='lat' dir='ltr'><strong>Matth.</strong></span> <span class='ocrx_word' id='word_1_382' title='bbox 1089 4352 1226 4401; x_wconf 77' lang='lat' dir='ltr'><strong>xxiv,</strong></span> <span class='ocrx_word' id='word_1_383' title='bbox 1255 4337 1323 4392; x_wconf 82' lang='lat'><strong>&#39;55</strong></span> <span class='ocrx_word' id='word_1_384' title='bbox 1349 4339 1395 4405; x_wconf 93' lang='lat'><strong>);</strong></span> <span class='ocrx_word' id='word_1_385' title='bbox 1426 4340 1918 4406; x_wconf 64' lang='lat' dir='ltr'><strong>pratdestinatomm</strong></span> <span class='ocrx_word' id='word_1_386' title='bbox 1942 4355 2136 4410; x_wconf 88' lang='lat' dir='ltr'><strong>autem,</strong></span> 
     </span>
    </p>
   </div>
   <div class='ocr_carea' id='block_1_45' title="bbox 562 4421 2144 4502">
    <p class='ocr_par' dir='ltr' id='par_1_45' title="bbox 562 4421 2144 4502">
     <span class='ocr_line' id='line_1_45' title="bbox 562 4421 2144 4502; baseline 0.01 -29"><span class='ocrx_word' id='word_1_387' title='bbox 562 4421 612 4473; x_wconf 90' lang='lat' dir='ltr'><strong>id</strong></span> <span class='ocrx_word' id='word_1_388' title='bbox 642 4430 725 4476; x_wconf 88' lang='lat' dir='ltr'><strong>est</strong></span> <span class='ocrx_word' id='word_1_389' title='bbox 750 4437 931 4475; x_wconf 89' lang='lat' dir='ltr'><strong>eorum</strong></span> <span class='ocrx_word' id='word_1_390' title='bbox 961 4439 1093 4493; x_wconf 92' lang='lat' dir='ltr'><strong>quos</strong></span> <span class='ocrx_word' id='word_1_391' title='bbox 1116 4426 1345 4493; x_wconf 61' lang='lat' dir='ltr'><strong>pratscit,</strong></span> <span class='ocrx_word' id='word_1_392' title='bbox 1368 4428 1514 4481; x_wconf 89' lang='lat' dir='ltr'><strong>salus</strong></span> <span class='ocrx_word' id='word_1_393' title='bbox 1534 4439 1587 4482; x_wconf 89' lang='lat' dir='ltr'><strong>et</strong></span> <span class='ocrx_word' id='word_1_394' title='bbox 1606 4422 1912 4498; x_wconf 60' lang='lat' dir='ltr'><strong>jtt&#39;stiticatio</strong></span> <span class='ocrx_word' id='word_1_395' title='bbox 1933 4449 2144 4502; x_wconf 85' lang='lat' dir='ltr'><strong>perma-</strong></span> 
     </span>
    </p>
   </div>
   <div class='ocr_carea' id='block_1_46' title="bbox 561 4512 2139 4584">
    <p class='ocr_par' dir='ltr' id='par_1_46' title="bbox 561 4512 2139 4584">
     <span class='ocr_line' id='line_1_46' title="bbox 561 4512 2139 4584; baseline 0.01 -20"><span class='ocrx_word' id='word_1_396' title='bbox 561 4512 726 4566; x_wconf 90' lang='lat' dir='ltr'><strong>nebit.</strong></span> <span class='ocrx_word' id='word_1_397' title='bbox 761 4512 815 4565; x_wconf 93' lang='lat' dir='ltr'><strong>In</strong></span> <span class='ocrx_word' id='word_1_398' title='bbox 848 4514 949 4566; x_wconf 88' lang='lat' dir='ltr'><strong>illis</strong></span> <span class='ocrx_word' id='word_1_399' title='bbox 987 4523 1187 4568; x_wconf 90' lang='lat' dir='ltr'><strong>tantum</strong></span> <span class='ocrx_word' id='word_1_400' title='bbox 1224 4531 1383 4584; x_wconf 85' lang='lat' dir='ltr'><strong>epera</strong></span> <span class='ocrx_word' id='word_1_401' title='bbox 1415 4519 1534 4582; x_wconf 94' lang='lat' dir='ltr'><strong>Dei,</strong></span> <span class='ocrx_word' id='word_1_402' title='bbox 1567 4520 1618 4573; x_wconf 89' lang='lat' dir='ltr'><strong>itt</strong></span> <span class='ocrx_word' id='word_1_403' title='bbox 1668 4522 1748 4574; x_wconf 85' lang='lat' dir='ltr'><strong>his</strong></span> <span class='ocrx_word' id='word_1_404' title='bbox 1777 4533 1953 4577; x_wconf 88' lang='lat' dir='ltr'><strong>autem</strong></span> <span class='ocrx_word' id='word_1_405' title='bbox 1983 4526 2139 4580; x_wconf 89' lang='lat' dir='ltr'><strong>etiam</strong></span> 
     </span>
    </p>
   </div>
   <div class='ocr_carea' id='block_1_47' title="bbox 561 4602 2138 4681">
    <p class='ocr_par' dir='ltr' id='par_1_47' title="bbox 561 4602 2138 4681">
     <span class='ocr_line' id='line_1_47' title="bbox 561 4602 2138 4681; baseline 0.01 -26"><span class='ocrx_word' id='word_1_406' title='bbox 561 4610 644 4655; x_wconf 87' lang='lat' dir='ltr'><strong>est</strong></span> <span class='ocrx_word' id='word_1_407' title='bbox 672 4602 843 4672; x_wconf 88' lang='lat' dir='ltr'><strong>imago</strong></span> <span class='ocrx_word' id='word_1_408' title='bbox 874 4603 984 4657; x_wconf 87' lang='lat' dir='ltr'><strong>Dei.</strong></span> <span class='ocrx_word' id='word_1_409' title='bbox 1013 4604 1117 4658; x_wconf 88' lang='lat' dir='ltr'><strong>Sed</strong></span> <span class='ocrx_word' id='word_1_410' title='bbox 1145 4615 1199 4659; x_wconf 88' lang='lat' dir='ltr'><strong>et</strong></span> <span class='ocrx_word' id='word_1_411' title='bbox 1232 4607 1282 4660; x_wconf 93' lang='lat' dir='ltr'><strong>in</strong></span> <span class='ocrx_word' id='word_1_412' title='bbox 1311 4606 1484 4671; x_wconf 59' lang='lat' dir='ltr'><strong>caelis,</strong></span> <span class='ocrx_word' id='word_1_413' title='bbox 1507 4608 1691 4675; x_wconf 88' lang='lat' dir='ltr'><strong>Sedes,</strong></span> <span class='ocrx_word' id='word_1_414' title='bbox 1722 4611 2138 4681; x_wconf 85' lang='lat' dir='ltr'><strong>Dominationes,</strong></span> 
     </span>
    </p>
   </div>
   <div class='ocr_carea' id='block_1_48' title="bbox 562 4692 2142 4776">
    <p class='ocr_par' dir='ltr' id='par_1_48' title="bbox 562 4692 2142 4776">
     <span class='ocr_line' id='line_1_48' title="bbox 562 4692 2142 4776; baseline 0.011 -29"><span class='ocrx_word' id='word_1_415' title='bbox 562 4692 916 4763; x_wconf 84' lang='lat' dir='ltr'><strong>Principalus,</strong></span> <span class='ocrx_word' id='word_1_416' title='bbox 937 4696 1254 4761; x_wconf 86' lang='lat' dir='ltr'><strong>Potestates,</strong></span> <span class='ocrx_word' id='word_1_417' title='bbox 1280 4698 1619 4771; x_wconf 75' lang='lat' dir='ltr'><strong>Arehangeli,</strong></span> <span class='ocrx_word' id='word_1_418' title='bbox 1640 4704 1822 4772; x_wconf 82' lang='lat' dir='ltr'><strong>Angeli</strong></span> <span class='ocrx_word' id='word_1_419' title='bbox 1841 4720 2000 4776; x_wconf 81' lang='lat' dir='ltr'><strong>opera</strong></span> <span class='ocrx_word' id='word_1_420' title='bbox 2019 4720 2142 4765; x_wconf 82' lang='lat' dir='ltr'><strong>sunt</strong></span> 
     </span>
    </p>
   </div>
   <div class='ocr_carea' id='block_1_49' title="bbox 560 4787 2136 4872">
    <p class='ocr_par' dir='ltr' id='par_1_49' title="bbox 560 4787 2136 4872">
     <span class='ocr_line' id='line_1_49' title="bbox 560 4787 2136 4872; baseline 0.011 -31"><span class='ocrx_word' id='word_1_421' title='bbox 560 4787 785 4849; x_wconf 87' lang='lat' dir='ltr'><strong>Christi;</strong></span> <span class='ocrx_word' id='word_1_422' title='bbox 817 4791 1068 4860; x_wconf 88' lang='lat' dir='ltr'><strong>nutttquid</strong></span> <span class='ocrx_word' id='word_1_423' title='bbox 1095 4793 1253 4847; x_wconf 88' lang='lat' dir='ltr'><strong>etiant</strong></span> <span class='ocrx_word' id='word_1_424' title='bbox 1277 4793 1358 4847; x_wconf 88' lang='lat' dir='ltr'><strong>his</strong></span> <span class='ocrx_word' id='word_1_425' title='bbox 1380 4795 1628 4865; x_wconf 86' lang='lat' dir='ltr'><strong>operibus</strong></span> <span class='ocrx_word' id='word_1_426' title='bbox 1658 4798 1854 4869; x_wconf 78' lang='lat' dir='ltr'><strong>majora</strong></span> <span class='ocrx_word' id='word_1_427' title='bbox 1882 4798 2019 4866; x_wconf 89' lang='lat' dir='ltr'><strong>facit,</strong></span> <span class='ocrx_word' id='word_1_428' title='bbox 2050 4805 2136 4872; x_wconf 87' lang='lat' dir='ltr'><strong>qni</strong></span> 
     </span>
    </p>
   </div>
   <div class='ocr_carea' id='block_1_50' title="bbox 558 4882 2138 4956">
    <p class='ocr_par' dir='ltr' id='par_1_50' title="bbox 558 4882 2138 4956">
     <span class='ocr_line' id='line_1_50' title="bbox 558 4882 2138 4956; baseline 0.009 -21"><span class='ocrx_word' id='word_1_429' title='bbox 558 4892 815 4951; x_wconf 85' lang='lat' dir='ltr'><strong>operante</strong></span> <span class='ocrx_word' id='word_1_430' title='bbox 844 4883 894 4938; x_wconf 93' lang='lat' dir='ltr'><strong>in</strong></span> <span class='ocrx_word' id='word_1_431' title='bbox 932 4900 991 4939; x_wconf 87' lang='lat' dir='ltr'><strong>se</strong></span> <span class='ocrx_word' id='word_1_432' title='bbox 1014 4882 1228 4941; x_wconf 76' lang='lat' dir='ltr'><strong>Christo</strong></span> <span class='ocrx_word' id='word_1_433' title='bbox 1248 4928 1262 4953; x_wconf 92' lang='lat'><strong>,</strong></span> <span class='ocrx_word' id='word_1_434' title='bbox 1289 4900 1608 4956; x_wconf 89' lang='lat' dir='ltr'><strong>cooperatur</strong></span> <span class='ocrx_word' id='word_1_435' title='bbox 1635 4899 1886 4946; x_wconf 66' lang='lat' dir='ltr'><strong>aeternam</strong></span> <span class='ocrx_word' id='word_1_436' title='bbox 1916 4895 2138 4949; x_wconf 88' lang='lat' dir='ltr'><strong>salutem</strong></span> 
     </span>
    </p>
   </div>
   <div class='ocr_carea' id='block_1_51' title="bbox 558 4975 2141 5054">
    <p class='ocr_par' dir='ltr' id='par_1_51' title="bbox 558 4975 2141 5054">
     <span class='ocr_line' id='line_1_51' title="bbox 558 4975 2141 5054; baseline 0.01 -29"><span class='ocrx_word' id='word_1_437' title='bbox 558 4986 621 5027; x_wconf 87' lang='lat' dir='ltr'><strong>ac</strong></span> <span class='ocrx_word' id='word_1_438' title='bbox 659 4975 1086 5041; x_wconf 86' lang='lat' dir='ltr'><strong>justificationem</strong></span> <span class='ocrx_word' id='word_1_439' title='bbox 1118 4979 1305 5032; x_wconf 86' lang='lat' dir='ltr'><strong>suam?</strong></span> <span class='ocrx_word' id='word_1_440' title='bbox 1332 4978 1447 5033; x_wconf 87' lang='lat' dir='ltr'><strong>Non</strong></span> <span class='ocrx_word' id='word_1_441' title='bbox 1487 4981 1570 5035; x_wconf 91' lang='lat' dir='ltr'><strong>hic</strong></span> <span class='ocrx_word' id='word_1_442' title='bbox 1599 4981 1769 5037; x_wconf 89' lang='lat' dir='ltr'><strong>audeo</strong></span> <span class='ocrx_word' id='word_1_443' title='bbox 1811 4986 2141 5054; x_wconf 57' lang='lat' dir='ltr'><strong>praecipitare</strong></span> 
     </span>
    </p>
   </div>
   <div class='ocr_carea' id='block_1_52' title="bbox 561 5066 2137 5146">
    <p class='ocr_par' dir='ltr' id='par_1_52' title="bbox 561 5066 2137 5146">
     <span class='ocr_line' id='line_1_52' title="bbox 561 5066 2137 5146; baseline 0.011 -31"><span class='ocrx_word' id='word_1_444' title='bbox 561 5066 876 5119; x_wconf 84' lang='lat' dir='ltr'><strong>sententiam</strong></span> <span class='ocrx_word' id='word_1_445' title='bbox 903 5085 914 5119; x_wconf 91' lang='lat'>:</span> <span class='ocrx_word' id='word_1_446' title='bbox 945 5068 1203 5138; x_wconf 79' lang='lat' dir='ltr'><strong>intelligat</strong></span> <span class='ocrx_word' id='word_1_447' title='bbox 1228 5070 1315 5140; x_wconf 87' lang='lat' dir='ltr'><strong>qui</strong></span> <span class='ocrx_word' id='word_1_448' title='bbox 1346 5082 1556 5141; x_wconf 89' lang='lat' dir='ltr'><strong>potest,</strong></span> <span class='ocrx_word' id='word_1_449' title='bbox 1584 5073 1789 5141; x_wconf 90' lang='lat' dir='ltr'><strong>judicet</strong></span> <span class='ocrx_word' id='word_1_450' title='bbox 1814 5076 1900 5145; x_wconf 87' lang='lat' dir='ltr'><strong>qni</strong></span> <span class='ocrx_word' id='word_1_451' title='bbox 1925 5086 2137 5146; x_wconf 88' lang='lat' dir='ltr'><strong>potest,</strong></span> 
     </span>
    </p>
   </div>
   <div class='ocr_carea' id='block_1_53' title="bbox 559 5158 2135 5237">
    <p class='ocr_par' dir='ltr' id='par_1_53' title="bbox 559 5158 2135 5237">
     <span class='ocr_line' id='line_1_53' title="bbox 559 5158 2135 5237; baseline 0.01 -28"><span class='ocrx_word' id='word_1_452' title='bbox 559 5166 733 5210; x_wconf 80' lang='lat' dir='ltr'><strong>ult-unt</strong></span> <span class='ocrx_word' id='word_1_453' title='bbox 757 5158 927 5227; x_wconf 85' lang='lat' dir='ltr'><strong>majus</strong></span> <span class='ocrx_word' id='word_1_454' title='bbox 951 5162 1020 5215; x_wconf 90' lang='lat' dir='ltr'><strong>sit</strong></span> <span class='ocrx_word' id='word_1_455' title='bbox 1039 5162 1209 5231; x_wconf 80' lang='lat' dir='ltr'><strong>iustos</strong></span> <span class='ocrx_word' id='word_1_456' title='bbox 1231 5178 1414 5219; x_wconf 86' lang='lat' dir='ltr'><strong>creare</strong></span> <span class='ocrx_word' id='word_1_457' title='bbox 1435 5180 1592 5235; x_wconf 90' lang='lat' dir='ltr'><strong>quam</strong></span> <span class='ocrx_word' id='word_1_458' title='bbox 1617 5166 1806 5237; x_wconf 83' lang='lat' dir='ltr'><strong>impios</strong></span> <span class='ocrx_word' id='word_1_459' title='bbox 1826 5168 2135 5235; x_wconf 85' lang='lat' dir='ltr'><strong>justifieare.</strong></span> 
     </span>
    </p>
   </div>
   <div class='ocr_carea' id='block_1_54' title="bbox 556 5248 2139 5327">
    <p class='ocr_par' dir='ltr' id='par_1_54' title="bbox 556 5248 2139 5327">
     <span class='ocr_line' id='line_1_54' title="bbox 556 5248 2139 5327; baseline 0.011 -29"><span class='ocrx_word' id='word_1_460' title='bbox 556 5248 713 5302; x_wconf 66' lang='lat' dir='ltr'><strong>tierte</strong></span> <span class='ocrx_word' id='word_1_461' title='bbox 734 5248 873 5302; x_wconf 88' lang='lat' dir='ltr'><strong>enim</strong></span> <span class='ocrx_word' id='word_1_462' title='bbox 896 5250 940 5303; x_wconf 85' lang='lat' dir='ltr'><strong>si</strong></span> <span class='ocrx_word' id='word_1_463' title='bbox 962 5253 1178 5320; x_wconf 77' lang='lat' dir='ltr'><strong>:‘equalis</strong></span> <span class='ocrx_word' id='word_1_464' title='bbox 1198 5262 1281 5308; x_wconf 86' lang='lat' dir='ltr'><strong>est</strong></span> <span class='ocrx_word' id='word_1_465' title='bbox 1301 5265 1584 5327; x_wconf 87' lang='lat' dir='ltr'><strong>utrumque</strong></span> <span class='ocrx_word' id='word_1_466' title='bbox 1611 5260 1878 5327; x_wconf 78' lang='lat' dir='ltr'><strong>potentiae,</strong></span> <span class='ocrx_word' id='word_1_467' title='bbox 1905 5259 2004 5315; x_wconf 86' lang='lat' dir='ltr'><strong>hoc</strong></span> <span class='ocrx_word' id='word_1_468' title='bbox 2029 5277 2139 5316; x_wconf 89' lang='lat' dir='ltr'><strong>ma-</strong></span> 
     </span>
    </p>
   </div>
   <div class='ocr_carea' id='block_1_55' title="bbox 552 5338 2138 5422">
    <p class='ocr_par' dir='ltr' id='par_1_55' title="bbox 552 5338 2138 5422">
     <span class='ocr_line' id='line_1_55' title="bbox 552 5338 2138 5422; baseline 0.009 -30"><span class='ocrx_word' id='word_1_469' title='bbox 552 5338 685 5404; x_wconf 85' lang='lat' dir='ltr'><strong>joris</strong></span> <span class='ocrx_word' id='word_1_470' title='bbox 706 5348 789 5395; x_wconf 90' lang='lat' dir='ltr'><strong>est</strong></span> <span class='ocrx_word' id='word_1_471' title='bbox 819 5340 1212 5397; x_wconf 71' lang='lat' dir='ltr'><strong>tttiscricordite.</strong></span> <span class='ocrx_word' id='word_1_472' title='bbox 1248 5344 1360 5399; x_wconf 79' lang='lat' dir='ltr'><strong>Hoc</strong></span> <span class='ocrx_word' id='word_1_473' title='bbox 1389 5360 1459 5401; x_wconf 86' lang='lat' dir='ltr'><strong>est</strong></span> <span class='ocrx_word' id='word_1_474' title='bbox 1502 5351 1644 5404; x_wconf 85' lang='lat' dir='ltr'><strong>enim</strong></span> <span class='ocrx_word' id='word_1_475' title='bbox 1676 5368 1914 5419; x_wconf 86' lang='lat' dir='ltr'><strong>magnum</strong></span> <span class='ocrx_word' id='word_1_476' title='bbox 1942 5355 2138 5422; x_wconf 78' lang='lat' dir='ltr'><strong>pietatis</strong></span> 
     </span>
    </p>
   </div>
   <div class='ocr_carea' id='block_1_56' title="bbox 554 5435 2138 5514">
    <p class='ocr_par' dir='ltr' id='par_1_56' title="bbox 554 5435 2138 5514">
     <span class='ocr_line' id='line_1_56' title="bbox 554 5435 2138 5514; baseline 0.008 -27"><span class='ocrx_word' id='word_1_477' title='bbox 554 5444 942 5498; x_wconf 77' lang='lat' dir='ltr'><strong>sacramentum,</strong></span> <span class='ocrx_word' id='word_1_478' title='bbox 970 5435 1106 5505; x_wconf 84' lang='lat' dir='ltr'><strong>quod</strong></span> <span class='ocrx_word' id='word_1_479' title='bbox 1133 5438 1503 5507; x_wconf 82' lang='lat' dir='ltr'><strong>manifestatum</strong></span> <span class='ocrx_word' id='word_1_480' title='bbox 1524 5452 1594 5495; x_wconf 88' lang='lat' dir='ltr'><strong>est</strong></span> <span class='ocrx_word' id='word_1_481' title='bbox 1622 5443 1674 5496; x_wconf 88' lang='lat' dir='ltr'><strong>in</strong></span> <span class='ocrx_word' id='word_1_482' title='bbox 1699 5460 1868 5511; x_wconf 87' lang='lat' dir='ltr'><strong>carne,</strong></span> <span class='ocrx_word' id='word_1_483' title='bbox 1883 5445 2138 5514; x_wconf 79' lang='lat' dir='ltr'><strong>justi/ica-</strong></span> 
     </span>
    </p>
   </div>
   <div class='ocr_carea' id='block_1_57' title="bbox 555 5526 2137 5606">
    <p class='ocr_par' dir='ltr' id='par_1_57' title="bbox 555 5526 2137 5606">
     <span class='ocr_line' id='line_1_57' title="bbox 555 5526 2137 5606; baseline 0.009 -28"><span class='ocrx_word' id='word_1_484' title='bbox 555 5534 661 5578; x_wconf 87' lang='lat' dir='ltr'><strong>tum</strong></span> <span class='ocrx_word' id='word_1_485' title='bbox 691 5537 762 5578; x_wconf 83' lang='lat' dir='ltr'><strong>est</strong></span> <span class='ocrx_word' id='word_1_486' title='bbox 782 5526 833 5579; x_wconf 86' lang='lat' dir='ltr'><strong>in</strong></span> <span class='ocrx_word' id='word_1_487' title='bbox 856 5526 1075 5594; x_wconf 81' lang='lat' dir='ltr'><strong>Spiritu,</strong></span> <span class='ocrx_word' id='word_1_488' title='bbox 1103 5530 1341 5599; x_wconf 84' lang='lat' dir='ltr'><strong>apparuit</strong></span> <span class='ocrx_word' id='word_1_489' title='bbox 1376 5532 1600 5602; x_wconf 79' lang='lat' dir='ltr'><strong>Angelis,</strong></span> <span class='ocrx_word' id='word_1_490' title='bbox 1631 5537 1959 5606; x_wconf 75' lang='lat' dir='ltr'><strong>pra&#39;dicatum</strong></span> <span class='ocrx_word' id='word_1_491' title='bbox 1985 5548 2055 5591; x_wconf 90' lang='lat' dir='ltr'><strong>est</strong></span> <span class='ocrx_word' id='word_1_492' title='bbox 2082 5539 2137 5593; x_wconf 84' lang='lat' dir='ltr'><strong>in</strong></span> 
     </span>
    </p>
   </div>
   <div class='ocr_carea' id='block_1_58' title="bbox 554 5616 2135 5699">
    <p class='ocr_par' dir='ltr' id='par_1_58' title="bbox 554 5616 2135 5699">
     <span class='ocr_line' id='line_1_58' title="bbox 554 5616 2135 5699; baseline 0.008 -28"><span class='ocrx_word' id='word_1_493' title='bbox 554 5616 798 5688; x_wconf 69' lang='lat' dir='ltr'><strong>gentibus.</strong></span> <span class='ocrx_word' id='word_1_494' title='bbox 838 5618 1083 5672; x_wconf 87' lang='lat' dir='ltr'><strong>creditum</strong></span> <span class='ocrx_word' id='word_1_495' title='bbox 1110 5629 1181 5674; x_wconf 86' lang='lat' dir='ltr'><strong>est</strong></span> <span class='ocrx_word' id='word_1_496' title='bbox 1208 5621 1261 5675; x_wconf 87' lang='lat' dir='ltr'><strong>in</strong></span> <span class='ocrx_word' id='word_1_497' title='bbox 1292 5622 1497 5690; x_wconf 85' lang='lat' dir='ltr'><strong>mundo,</strong></span> <span class='ocrx_word' id='word_1_498' title='bbox 1528 5636 1837 5698; x_wconf 84' lang='lat' dir='ltr'><strong>assumptum</strong></span> <span class='ocrx_word' id='word_1_499' title='bbox 1865 5628 2003 5681; x_wconf 86' lang='lat' dir='ltr'><strong>estin</strong></span> <span class='ocrx_word' id='word_1_500' title='bbox 2024 5630 2135 5699; x_wconf 87' lang='lat' dir='ltr'><strong>glo-</strong></span> 
     </span>
    </p>
   </div>
   <div class='ocr_carea' id='block_1_59' title="bbox 552 5709 2135 5787">
    <p class='ocr_par' dir='ltr' id='par_1_59' title="bbox 552 5709 2135 5787">
     <span class='ocr_line' id='line_1_59' title="bbox 552 5709 2135 5787; baseline 0.008 -24"><span class='ocrx_word' id='word_1_501' title='bbox 552 5710 673 5780; x_wconf 87' lang='lat' dir='ltr'><strong>ria(</strong></span> <span class='ocrx_word' id='word_1_502' title='bbox 699 5709 715 5764; x_wconf 94' lang='lat' dir='ltr'><strong>l</strong></span> <span class='ocrx_word' id='word_1_503' title='bbox 746 5709 880 5763; x_wconf 85' lang='lat' dir='ltr'><strong>Tim.</strong></span> <span class='ocrx_word' id='word_1_504' title='bbox 908 5727 984 5776; x_wconf 88' lang='grc' dir='ltr'><strong>ιιι,</strong></span> <span class='ocrx_word' id='word_1_505' title='bbox 1019 5713 1083 5768; x_wconf 76' lang='grc'><strong>16</strong></span> <span class='ocrx_word' id='word_1_506' title='bbox 1104 5711 1146 5785; x_wconf 91' lang='grc'><strong>).</strong></span> <span class='ocrx_word' id='word_1_507' title='bbox 1188 5713 1291 5769; x_wconf 83' lang='lat' dir='ltr'><strong>Sed</strong></span> <span class='ocrx_word' id='word_1_508' title='bbox 1322 5716 1499 5770; x_wconf 89' lang='lat' dir='ltr'><strong>omnia</strong></span> <span class='ocrx_word' id='word_1_509' title='bbox 1527 5731 1687 5787; x_wconf 86' lang='lat' dir='ltr'><strong>opera</strong></span> <span class='ocrx_word' id='word_1_510' title='bbox 1714 5718 1910 5773; x_wconf 85' lang='lat' dir='ltr'><strong>Christi</strong></span> <span class='ocrx_word' id='word_1_511' title='bbox 1939 5720 2135 5776; x_wconf 88' lang='lat' dir='ltr'><strong>intelli-</strong></span> 
     </span>
    </p>
   </div>
   <div class='ocr_carea' id='block_1_60' title="bbox 552 5801 2130 5877">
    <p class='ocr_par' dir='ltr' id='par_1_60' title="bbox 552 5801 2130 5877">
     <span class='ocr_line' id='line_1_60' title="bbox 552 5801 2130 5877; baseline 0.008 -24"><span class='ocrx_word' id='word_1_512' title='bbox 552 5811 683 5870; x_wconf 69' lang='lat' dir='ltr'><strong>gere</strong></span> <span class='ocrx_word' id='word_1_513' title='bbox 709 5801 915 5869; x_wconf 60' lang='lat' dir='ltr'><strong>abigit,</strong></span> <span class='ocrx_word' id='word_1_514' title='bbox 946 5801 1149 5874; x_wconf 59' lang='grc' dir='ltr'><strong>Παίονα</strong></span> <span class='ocrx_word' id='word_1_515' title='bbox 1180 5805 1363 5861; x_wconf 78' lang='lat' dir='ltr'><strong>[torum</strong></span> <span class='ocrx_word' id='word_1_516' title='bbox 1400 5808 1569 5877; x_wconf 79' lang='lat' dir='ltr'><strong>faciet,</strong></span> <span class='ocrx_word' id='word_1_517' title='bbox 1604 5809 1744 5863; x_wconf 92' lang='lat' dir='ltr'><strong>nulla</strong></span> <span class='ocrx_word' id='word_1_518' title='bbox 1773 5826 1868 5864; x_wconf 85' lang='lat' dir='ltr'><strong>nos</strong></span> <span class='ocrx_word' id='word_1_519' title='bbox 1896 5812 2130 5866; x_wconf 85' lang='lat' dir='ltr'><strong>necessi-</strong></span> 
     </span>
    </p>
   </div>
   <div class='ocr_carea' id='block_1_61' title="bbox 1537 350 2936 421">
    <p class='ocr_par' dir='ltr' id='par_1_61' title="bbox 1537 350 2936 421">
     <span class='ocr_line' id='line_1_61' title="bbox 1537 350 2936 421; baseline -0.003 -5"><span class='ocrx_word' id='word_1_520' title='bbox 1537 358 1606 415; x_wconf 86' lang='lat' dir='ltr'><strong>IN</strong></span> <span class='ocrx_word' id='word_1_521' title='bbox 1640 354 1917 415; x_wconf 75' lang='lat' dir='ltr'><strong>JOANNIS</strong></span> <span class='ocrx_word' id='word_1_522' title='bbox 1956 351 2426 421; x_wconf 79' lang='lat' dir='ltr'><strong>EVANGELIUM,</strong></span> <span class='ocrx_word' id='word_1_523' title='bbox 2469 350 2527 410; x_wconf 87' lang='lat' dir='ltr'><strong>S.</strong></span> <span class='ocrx_word' id='word_1_524' title='bbox 2568 354 2936 413; x_wconf 76' lang='lat' dir='ltr'><strong>AUGUSTINI</strong></span> 
     </span>
    </p>
   </div>
   <div class='ocr_carea' id='block_1_62' title="bbox 2279 468 3767 549">
    <p class='ocr_par' dir='ltr' id='par_1_62' title="bbox 2279 468 3767 549">
     <span class='ocr_line' id='line_1_62' title="bbox 2279 468 3767 549; baseline 0.015 -27"><span class='ocrx_word' id='word_1_525' title='bbox 2279 476 2361 523; x_wconf 85' lang='lat' dir='ltr'><strong>tas</strong></span> <span class='ocrx_word' id='word_1_526' title='bbox 2386 469 2545 540; x_wconf 88' lang='lat' dir='ltr'><strong>cogit.</strong></span> <span class='ocrx_word' id='word_1_527' title='bbox 2580 468 2778 526; x_wconf 81' lang='lat' dir='ltr'><strong>Horum</strong></span> <span class='ocrx_word' id='word_1_528' title='bbox 2803 471 2944 527; x_wconf 90' lang='lat' dir='ltr'><strong>enim</strong></span> <span class='ocrx_word' id='word_1_529' title='bbox 2971 472 3190 530; x_wconf 90' lang='lat' dir='ltr'><strong>forsitan</strong></span> <span class='ocrx_word' id='word_1_530' title='bbox 3214 475 3362 541; x_wconf 78' lang='lat' dir='ltr'><strong>dixit,</strong></span> <span class='ocrx_word' id='word_1_531' title='bbox 3383 492 3492 549; x_wconf 69' lang='lat' dir='ltr'><strong>qua:</strong></span> <span class='ocrx_word' id='word_1_532' title='bbox 3517 482 3562 536; x_wconf 89' lang='lat' dir='ltr'><strong>in</strong></span> <span class='ocrx_word' id='word_1_533' title='bbox 3582 483 3651 538; x_wconf 85' lang='lat' dir='ltr'><strong>illa</strong></span> <span class='ocrx_word' id='word_1_534' title='bbox 3671 485 3767 545; x_wconf 77' lang='lat' dir='ltr'><strong>liora</strong></span> 
     </span>
    </p>
   </div>
   <div class='ocr_carea' id='block_1_63' title="bbox 2271 558 3770 650">
    <p class='ocr_par' dir='ltr' id='par_1_63' title="bbox 2271 558 3770 650">
     <span class='ocr_line' id='line_1_63' title="bbox 2271 558 3770 650; baseline 0.007 -33"><span class='ocrx_word' id='word_1_535' title='bbox 2271 558 2497 617; x_wconf 84' lang='lat' dir='ltr'><strong>faciebat</strong></span> <span class='ocrx_word' id='word_1_536' title='bbox 2518 582 2531 616; x_wconf 87' lang='lat'><strong>:</strong></span> <span class='ocrx_word' id='word_1_537' title='bbox 2557 572 2681 617; x_wconf 89' lang='lat' dir='ltr'><strong>tunc</strong></span> <span class='ocrx_word' id='word_1_538' title='bbox 2702 572 2880 621; x_wconf 91' lang='lat' dir='ltr'><strong>antem</strong></span> <span class='ocrx_word' id='word_1_539' title='bbox 2898 565 3057 620; x_wconf 88' lang='lat' dir='ltr'><strong>verba</strong></span> <span class='ocrx_word' id='word_1_540' title='bbox 3076 565 3197 623; x_wconf 85' lang='lat' dir='ltr'><strong>fidei</strong></span> <span class='ocrx_word' id='word_1_541' title='bbox 3216 568 3446 635; x_wconf 87' lang='lat' dir='ltr'><strong>faciebat,</strong></span> <span class='ocrx_word' id='word_1_542' title='bbox 3463 581 3512 626; x_wconf 90' lang='lat' dir='ltr'><strong>et</strong></span> <span class='ocrx_word' id='word_1_543' title='bbox 3530 572 3587 628; x_wconf 87' lang='lat' dir='ltr'><strong>de</strong></span> <span class='ocrx_word' id='word_1_544' title='bbox 3601 578 3770 650; x_wconf 77' lang='lat' dir='ltr'><strong>lIlStlpe.</strong></span> 
     </span>
    </p>
   </div>
   <div class='ocr_carea' id='block_1_64' title="bbox 2271 652 3773 739">
    <p class='ocr_par' dir='ltr' id='par_1_64' title="bbox 2271 652 3773 739">
     <span class='ocr_line' id='line_1_64' title="bbox 2271 652 3773 739; baseline 0.012 -34"><span class='ocrx_word' id='word_1_545' title='bbox 2271 652 2417 707; x_wconf 76' lang='lat' dir='ltr'><strong>ribus</strong></span> <span class='ocrx_word' id='word_1_546' title='bbox 2446 652 2615 708; x_wconf 88' lang='lat' dir='ltr'><strong>fuerat</strong></span> <span class='ocrx_word' id='word_1_547' title='bbox 2644 656 2962 723; x_wconf 69' lang='lat' dir='ltr'><strong>praelocutus</strong></span> <span class='ocrx_word' id='word_1_548' title='bbox 2989 655 3194 724; x_wconf 87' lang='lat' dir='ltr'><strong>dicens,</strong></span> <span class='ocrx_word' id='word_1_549' title='bbox 3238 658 3396 713; x_wconf 82' lang='lat' dir='ltr'><strong>Verba</strong></span> <span class='ocrx_word' id='word_1_550' title='bbox 3416 678 3519 729; x_wconf 80' lang='lat' dir='ltr'><strong>qua.l</strong></span> <span class='ocrx_word' id='word_1_551' title='bbox 3546 682 3623 736; x_wconf 80' lang='lat' dir='ltr'><strong>ego</strong></span> <span class='ocrx_word' id='word_1_552' title='bbox 3643 670 3773 739; x_wconf 84' lang='lat' dir='ltr'><strong>loquor</strong></span> 
     </span>
    </p>
   </div>
   <div class='ocr_carea' id='block_1_65' title="bbox 2270 744 3769 829">
    <p class='ocr_par' dir='ltr' id='par_1_65' title="bbox 2270 744 3769 829">
     <span class='ocr_line' id='line_1_65' title="bbox 2270 744 3769 829; baseline 0.013 -34"><span class='ocrx_word' id='word_1_553' title='bbox 2270 744 2425 807; x_wconf 79' lang='lat' dir='ltr'><strong>vobis,</strong></span> <span class='ocrx_word' id='word_1_554' title='bbox 2447 760 2478 797; x_wconf 92' lang='lat' dir='ltr'><strong>a</strong></span> <span class='ocrx_word' id='word_1_555' title='bbox 2499 746 2688 815; x_wconf 86' lang='lat' dir='ltr'><strong>meipso</strong></span> <span class='ocrx_word' id='word_1_556' title='bbox 2709 763 2807 799; x_wconf 88' lang='lat' dir='ltr'><strong>non</strong></span> <span class='ocrx_word' id='word_1_557' title='bbox 2832 747 3006 815; x_wconf 84' lang='lat' dir='ltr'><strong>loquor</strong></span> <span class='ocrx_word' id='word_1_558' title='bbox 3026 764 3044 800; x_wconf 91' lang='lat'><strong><em>:</em></strong></span> <span class='ocrx_word' id='word_1_559' title='bbox 3074 745 3228 802; x_wconf 80' lang='lat' dir='ltr'><strong>Pater</strong></span> <span class='ocrx_word' id='word_1_560' title='bbox 3250 764 3410 803; x_wconf 88' lang='lat' dir='ltr'><strong>autem</strong></span> <span class='ocrx_word' id='word_1_561' title='bbox 3435 752 3484 805; x_wconf 84' lang='lat' dir='ltr'><strong>in</strong></span> <span class='ocrx_word' id='word_1_562' title='bbox 3512 771 3579 808; x_wconf 86' lang='lat' dir='ltr'><strong>me</strong></span> <span class='ocrx_word' id='word_1_563' title='bbox 3598 774 3769 829; x_wconf 79' lang='lat' dir='ltr'><strong>manens,</strong></span> 
     </span>
    </p>
   </div>
   <div class='ocr_carea' id='block_1_66' title="bbox 2268 836 3770 919">
    <p class='ocr_par' dir='ltr' id='par_1_66' title="bbox 2268 836 3770 919">
     <span class='ocr_line' id='line_1_66' title="bbox 2268 836 3770 919; baseline 0.009 -29"><span class='ocrx_word' id='word_1_564' title='bbox 2268 836 2379 905; x_wconf 84' lang='lat' dir='ltr'><strong>ipse</strong></span> <span class='ocrx_word' id='word_1_565' title='bbox 2421 838 2544 907; x_wconf 84' lang='lat' dir='ltr'><strong>facit</strong></span> <span class='ocrx_word' id='word_1_566' title='bbox 2586 854 2760 908; x_wconf 85' lang='lat' dir='ltr'><strong>opera.</strong></span> <span class='ocrx_word' id='word_1_567' title='bbox 2788 838 2937 893; x_wconf 87' lang='lat' dir='ltr'><strong>Tunc</strong></span> <span class='ocrx_word' id='word_1_568' title='bbox 2966 841 3123 910; x_wconf 81' lang='lat' dir='ltr'><strong>igitur</strong></span> <span class='ocrx_word' id='word_1_569' title='bbox 3158 843 3314 897; x_wconf 82' lang='lat' dir='ltr'><strong>verba</strong></span> <span class='ocrx_word' id='word_1_570' title='bbox 3353 843 3462 913; x_wconf 85' lang='lat' dir='ltr'><strong>ejus</strong></span> <span class='ocrx_word' id='word_1_571' title='bbox 3495 858 3623 901; x_wconf 88' lang='lat' dir='ltr'><strong>erant</strong></span> <span class='ocrx_word' id='word_1_572' title='bbox 3655 866 3770 919; x_wconf 81' lang='lat' dir='ltr'><strong>opera</strong></span> 
     </span>
    </p>
   </div>
   <div class='ocr_carea' id='block_1_67' title="bbox 2269 928 3770 1010">
    <p class='ocr_par' dir='ltr' id='par_1_67' title="bbox 2269 928 3770 1010">
     <span class='ocr_line' id='line_1_67' title="bbox 2269 928 3770 1010; baseline 0.012 -30"><span class='ocrx_word' id='word_1_573' title='bbox 2269 928 2408 997; x_wconf 89' lang='lat' dir='ltr'><strong>ejus.</strong></span> <span class='ocrx_word' id='word_1_574' title='bbox 2438 928 2504 983; x_wconf 87' lang='lat' dir='ltr'><strong>Et</strong></span> <span class='ocrx_word' id='word_1_575' title='bbox 2535 930 2714 999; x_wconf 89' lang='lat' dir='ltr'><strong>utiqne</strong></span> <span class='ocrx_word' id='word_1_576' title='bbox 2758 931 2932 986; x_wconf 88' lang='lat' dir='ltr'><strong>minus</strong></span> <span class='ocrx_word' id='word_1_577' title='bbox 2975 944 3055 987; x_wconf 85' lang='lat' dir='ltr'><strong>est</strong></span> <span class='ocrx_word' id='word_1_578' title='bbox 3097 934 3253 988; x_wconf 82' lang='lat' dir='ltr'><strong>verba</strong></span> <span class='ocrx_word' id='word_1_579' title='bbox 3278 934 3488 1003; x_wconf 71' lang='lat' dir='ltr'><strong>justitim</strong></span> <span class='ocrx_word' id='word_1_580' title='bbox 3525 942 3770 1010; x_wconf 65' lang='lat' dir='ltr'><strong>praedicare,</strong></span> 
     </span>
    </p>
   </div>
   <div class='ocr_carea' id='block_1_68' title="bbox 2269 1021 3771 1105">
    <p class='ocr_par' dir='ltr' id='par_1_68' title="bbox 2269 1021 3771 1105">
     <span class='ocr_line' id='line_1_68' title="bbox 2269 1021 3771 1105; baseline 0.009 -31"><span class='ocrx_word' id='word_1_581' title='bbox 2269 1021 2413 1092; x_wconf 83' lang='lat' dir='ltr'><strong>quod</strong></span> <span class='ocrx_word' id='word_1_582' title='bbox 2456 1024 2578 1078; x_wconf 86' lang='lat' dir='ltr'><strong>fecit</strong></span> <span class='ocrx_word' id='word_1_583' title='bbox 2608 1033 2804 1093; x_wconf 63' lang='lat' dir='ltr'><strong>praeter</strong></span> <span class='ocrx_word' id='word_1_584' title='bbox 2823 1039 2941 1091; x_wconf 91' lang='lat' dir='ltr'><strong>nos,</strong></span> <span class='ocrx_word' id='word_1_585' title='bbox 2975 1041 3129 1095; x_wconf 88' lang='lat' dir='ltr'><strong>quam</strong></span> <span class='ocrx_word' id='word_1_586' title='bbox 3159 1026 3347 1096; x_wconf 91' lang='lat' dir='ltr'><strong>impios</strong></span> <span class='ocrx_word' id='word_1_587' title='bbox 3372 1026 3649 1095; x_wconf 84' lang='lat' dir='ltr'><strong>jttstillcare,</strong></span> <span class='ocrx_word' id='word_1_588' title='bbox 3672 1039 3771 1105; x_wconf 79' lang='lat' dir='ltr'><strong>quod</strong></span> 
     </span>
    </p>
   </div>
   <div class='ocr_carea' id='block_1_69' title="bbox 2270 1113 3773 1193">
    <p class='ocr_par' dir='ltr' id='par_1_69' title="bbox 2270 1113 3773 1193">
     <span class='ocr_line' id='line_1_69' title="bbox 2270 1113 3773 1193; baseline 0.01 -26"><span class='ocrx_word' id='word_1_589' title='bbox 2270 1113 2342 1167; x_wconf 89' lang='lat' dir='ltr'><strong>ita</strong></span> <span class='ocrx_word' id='word_1_590' title='bbox 2371 1113 2493 1168; x_wconf 80' lang='lat' dir='ltr'><strong>facit</strong></span> <span class='ocrx_word' id='word_1_591' title='bbox 2520 1115 2573 1168; x_wconf 92' lang='lat' dir='ltr'><strong>in</strong></span> <span class='ocrx_word' id='word_1_592' title='bbox 2603 1115 2776 1179; x_wconf 90' lang='lat' dir='ltr'><strong>nobis,</strong></span> <span class='ocrx_word' id='word_1_593' title='bbox 2807 1124 2864 1169; x_wconf 89' lang='lat' dir='ltr'><strong>ttt</strong></span> <span class='ocrx_word' id='word_1_594' title='bbox 2889 1114 3140 1171; x_wconf 67' lang='lat' dir='ltr'><strong>faciamus</strong></span> <span class='ocrx_word' id='word_1_595' title='bbox 3159 1124 3213 1172; x_wconf 89' lang='lat' dir='ltr'><strong>et</strong></span> <span class='ocrx_word' id='word_1_596' title='bbox 3246 1132 3361 1172; x_wconf 91' lang='lat' dir='ltr'><strong>nos.</strong></span> <span class='ocrx_word' id='word_1_597' title='bbox 3387 1118 3551 1193; x_wconf 77' lang='lat' dir='ltr'><strong>Restat</strong></span> <span class='ocrx_word' id='word_1_598' title='bbox 3571 1122 3773 1192; x_wconf 66' lang='lat' dir='ltr'><strong>inquinare</strong></span> 
     </span>
    </p>
   </div>
   <div class='ocr_carea' id='block_1_70' title="bbox 2267 1206 3772 1281">
    <p class='ocr_par' dir='ltr' id='par_1_70' title="bbox 2267 1206 3772 1281">
     <span class='ocr_line' id='line_1_70' title="bbox 2267 1206 3772 1281; baseline 0.008 -23"><span class='ocrx_word' id='word_1_599' title='bbox 2267 1206 2549 1276; x_wconf 59' lang='lat' dir='ltr'><strong>qnomod.</strong></span> <span class='ocrx_word' id='word_1_600' title='bbox 2569 1208 2931 1277; x_wconf 84' lang='lat' dir='ltr'><strong>accipiendum</strong></span> <span class='ocrx_word' id='word_1_601' title='bbox 2973 1209 3058 1274; x_wconf 87' lang='lat' dir='ltr'><strong>sit,</strong></span> <span class='ocrx_word' id='word_1_602' title='bbox 3114 1209 3470 1280; x_wconf 84' lang='lat' dir='ltr'><strong>Quodcumque</strong></span> <span class='ocrx_word' id='word_1_603' title='bbox 3512 1216 3707 1281; x_wconf 73' lang='lat' dir='ltr'><strong>petieritis</strong></span> <span class='ocrx_word' id='word_1_604' title='bbox 3735 1217 3772 1271; x_wconf 77' lang='lat' dir='ltr'><strong>in</strong></span> 
     </span>
    </p>
   </div>
   <div class='ocr_carea' id='block_1_71' title="bbox 2268 1298 3774 1376">
    <p class='ocr_par' dir='ltr' id='par_1_71' title="bbox 2268 1298 3774 1376">
     <span class='ocr_line' id='line_1_71' title="bbox 2268 1298 3774 1376; baseline 0.007 -27"><span class='ocrx_word' id='word_1_605' title='bbox 2268 1298 2469 1351; x_wconf 81' lang='lat' dir='ltr'><strong>nomine</strong></span> <span class='ocrx_word' id='word_1_606' title='bbox 2496 1314 2622 1361; x_wconf 80' lang='lat' dir='ltr'><strong>meo,</strong></span> <span class='ocrx_word' id='word_1_607' title='bbox 2656 1299 2749 1353; x_wconf 82' lang='lat' dir='ltr'><strong>hac</strong></span> <span class='ocrx_word' id='word_1_608' title='bbox 2778 1300 2981 1369; x_wconf 89' lang='lat' dir='ltr'><strong>faciam.</strong></span> <span class='ocrx_word' id='word_1_609' title='bbox 3013 1299 3234 1368; x_wconf 86' lang='lat' dir='ltr'><strong>Propter</strong></span> <span class='ocrx_word' id='word_1_610' title='bbox 3265 1300 3424 1356; x_wconf 88' lang='lat' dir='ltr'><strong>multa</strong></span> <span class='ocrx_word' id='word_1_611' title='bbox 3451 1302 3578 1358; x_wconf 88' lang='lat' dir='ltr'><strong>enim</strong></span> <span class='ocrx_word' id='word_1_612' title='bbox 3598 1320 3692 1375; x_wconf 65' lang='lat' dir='ltr'><strong>qua</strong></span> <span class='ocrx_word' id='word_1_613' title='bbox 3713 1322 3774 1376; x_wconf 78' lang='lat' dir='ltr'><strong>pe-</strong></span> 
     </span>
    </p>
   </div>
   <div class='ocr_carea' id='block_1_72' title="bbox 2268 1388 3774 1462">
    <p class='ocr_par' dir='ltr' id='par_1_72' title="bbox 2268 1388 3774 1462">
     <span class='ocr_line' id='line_1_72' title="bbox 2268 1388 3774 1462; baseline 0.004 -19"><span class='ocrx_word' id='word_1_614' title='bbox 2268 1397 2387 1443; x_wconf 94' lang='lat' dir='ltr'><strong>tunt</strong></span> <span class='ocrx_word' id='word_1_615' title='bbox 2418 1389 2598 1443; x_wconf 85' lang='lat' dir='ltr'><strong>fideles</strong></span> <span class='ocrx_word' id='word_1_616' title='bbox 2624 1388 2741 1459; x_wconf 85' lang='lat' dir='ltr'><strong>ejus</strong></span> <span class='ocrx_word' id='word_1_617' title='bbox 2760 1430 2776 1455; x_wconf 91' lang='lat'><strong>,</strong></span> <span class='ocrx_word' id='word_1_618' title='bbox 2820 1406 2917 1445; x_wconf 84' lang='lat' dir='ltr'><strong>nec</strong></span> <span class='ocrx_word' id='word_1_619' title='bbox 2940 1391 3204 1460; x_wconf 88' lang='lat' dir='ltr'><strong>accipiunt</strong></span> <span class='ocrx_word' id='word_1_620' title='bbox 3221 1436 3234 1453; x_wconf 88' lang='lat'><strong>,</strong></span> <span class='ocrx_word' id='word_1_621' title='bbox 3267 1408 3372 1446; x_wconf 88' lang='lat' dir='ltr'><strong>non</strong></span> <span class='ocrx_word' id='word_1_622' title='bbox 3398 1409 3544 1462; x_wconf 82' lang='lat' dir='ltr'><strong>parra</strong></span> <span class='ocrx_word' id='word_1_623' title='bbox 3565 1393 3666 1449; x_wconf 83' lang='lat' dir='ltr'><strong>hinc</strong></span> <span class='ocrx_word' id='word_1_624' title='bbox 3684 1412 3774 1451; x_wconf 78' lang='lat' dir='ltr'><strong>exo-</strong></span> 
     </span>
    </p>
   </div>
   <div class='ocr_carea' id='block_1_73' title="bbox 2267 1481 3774 1555">
    <p class='ocr_par' dir='ltr' id='par_1_73' title="bbox 2267 1481 3774 1555">
     <span class='ocr_line' id='line_1_73' title="bbox 2267 1481 3774 1555; baseline 0.006 -21"><span class='ocrx_word' id='word_1_625' title='bbox 2267 1483 2403 1535; x_wconf 88' lang='lat' dir='ltr'><strong>ritur</strong></span> <span class='ocrx_word' id='word_1_626' title='bbox 2424 1481 2645 1550; x_wconf 77' lang='lat' dir='ltr'><strong>qttmslio</strong></span> <span class='ocrx_word' id='word_1_627' title='bbox 2677 1500 2690 1536; x_wconf 95' lang='lat'>:</span> <span class='ocrx_word' id='word_1_628' title='bbox 2718 1482 2811 1537; x_wconf 86' lang='lat' dir='ltr'><strong>sed</strong></span> <span class='ocrx_word' id='word_1_629' title='bbox 2837 1484 3083 1553; x_wconf 90' lang='lat' dir='ltr'><strong>quoniam</strong></span> <span class='ocrx_word' id='word_1_630' title='bbox 3110 1499 3292 1539; x_wconf 87' lang='lat' dir='ltr'><strong>sermo</strong></span> <span class='ocrx_word' id='word_1_631' title='bbox 3318 1485 3416 1539; x_wconf 87' lang='lat' dir='ltr'><strong>iste</strong></span> <span class='ocrx_word' id='word_1_632' title='bbox 3441 1486 3543 1555; x_wconf 87' lang='lat' dir='ltr'><strong>jam</strong></span> <span class='ocrx_word' id='word_1_633' title='bbox 3579 1487 3774 1544; x_wconf 76' lang='lat' dir='ltr'><strong>clauden-</strong></span> 
     </span>
    </p>
   </div>
   <div class='ocr_carea' id='block_1_74' title="bbox 2263 1570 3777 1647">
    <p class='ocr_par' dir='ltr' id='par_1_74' title="bbox 2263 1570 3777 1647">
     <span class='ocr_line' id='line_1_74' title="bbox 2263 1570 3777 1647; baseline 0.007 -21"><span class='ocrx_word' id='word_1_634' title='bbox 2263 1570 2365 1626; x_wconf 90' lang='lat' dir='ltr'><strong>dus</strong></span> <span class='ocrx_word' id='word_1_635' title='bbox 2384 1584 2466 1627; x_wconf 87' lang='lat' dir='ltr'><strong>est</strong></span> <span class='ocrx_word' id='word_1_636' title='bbox 2492 1615 2506 1637; x_wconf 95' lang='lat'><strong>,</strong></span> <span class='ocrx_word' id='word_1_637' title='bbox 2539 1574 2588 1627; x_wconf 91' lang='lat' dir='ltr'><strong>ei</strong></span> <span class='ocrx_word' id='word_1_638' title='bbox 2629 1574 3029 1629; x_wconf 78' lang='lat' dir='ltr'><strong>consideranda:</strong></span> <span class='ocrx_word' id='word_1_639' title='bbox 3071 1587 3231 1647; x_wconf 82' lang='lat' dir='ltr'><strong>atque</strong></span> <span class='ocrx_word' id='word_1_640' title='bbox 3277 1578 3553 1633; x_wconf 64' lang='lat' dir='ltr'><strong>tractanda:</strong></span> <span class='ocrx_word' id='word_1_641' title='bbox 3579 1579 3777 1636; x_wconf 72' lang='lat' dir='ltr'><strong>tribuatur</strong></span> 
     </span>
    </p>
   </div>
   <div class='ocr_carea' id='block_1_75' title="bbox 2262 1662 2859 1733">
    <p class='ocr_par' dir='ltr' id='par_1_75' title="bbox 2262 1662 2859 1733">
     <span class='ocr_line' id='line_1_75' title="bbox 2262 1662 2859 1733; baseline 0 -15"><span class='ocrx_word' id='word_1_642' title='bbox 2262 1662 2453 1718; x_wconf 83' lang='lat' dir='ltr'><strong>saltem</strong></span> <span class='ocrx_word' id='word_1_643' title='bbox 2478 1678 2635 1733; x_wconf 85' lang='lat' dir='ltr'><strong>parva</strong></span> <span class='ocrx_word' id='word_1_644' title='bbox 2656 1663 2859 1718; x_wconf 88' lang='lat' dir='ltr'><strong>dilatio.</strong></span> 
     </span>
    </p>
   </div>
   <div class='ocr_carea' id='block_1_76' title="bbox 2719 1757 3396 1814">
    <p class='ocr_par' dir='ltr' id='par_1_76' title="bbox 2719 1757 3396 1814">
     <span class='ocr_line' id='line_1_76' title="bbox 2719 1757 3396 1814; baseline 0.003 -2"><span class='ocrx_word' id='word_1_645' title='bbox 2719 1757 3126 1814; x_wconf 76' lang='lat' dir='ltr'><strong>TR.\CTATUS</strong></span> <span class='ocrx_word' id='word_1_646' title='bbox 3163 1758 3396 1814; x_wconf 79' lang='lat' dir='ltr'><strong>LXXI&quot;.</strong></span> 
     </span>
    </p>
   </div>
   <div class='ocr_carea' id='block_1_77' title="bbox 2663 1847 3438 1904">
    <p class='ocr_par' dir='ltr' id='par_1_77' title="bbox 2663 1847 3438 1904">
     <span class='ocr_line' id='line_1_77' title="bbox 2663 1847 3438 1904; baseline 0.003 -2"><span class='ocrx_word' id='word_1_647' title='bbox 2663 1847 2795 1902; x_wconf 82' lang='lat' dir='ltr'><strong>Item</strong></span> <span class='ocrx_word' id='word_1_648' title='bbox 2821 1866 2873 1903; x_wconf 82' lang='grc' dir='ltr'><strong>ιη</strong></span> <span class='ocrx_word' id='word_1_649' title='bbox 2902 1850 3127 1903; x_wconf 79' lang='lat' dir='ltr'><strong>eamdem</strong></span> <span class='ocrx_word' id='word_1_650' title='bbox 3155 1851 3438 1904; x_wconf 85' lang='lat' dir='ltr'><strong>lectionem.</strong></span> 
     </span>
    </p>
   </div>
   <div class='ocr_carea' id='block_1_78' title="bbox 2335 1960 3774 2034">
    <p class='ocr_par' dir='ltr' id='par_1_78' title="bbox 2335 1960 3774 2034">
     <span class='ocr_line' id='line_1_78' title="bbox 2335 1960 3774 2034; baseline 0.005 -20"><span class='ocrx_word' id='word_1_651' title='bbox 2335 1961 2387 2014; x_wconf 79' lang='grc'><strong>1.</strong></span> <span class='ocrx_word' id='word_1_652' title='bbox 2428 1960 2671 2030; x_wconf 83' lang='lat' dir='ltr'><strong>Magnam</strong></span> <span class='ocrx_word' id='word_1_653' title='bbox 2699 1975 2847 2027; x_wconf 83' lang='lat' dir='ltr'><strong>Spem</strong></span> <span class='ocrx_word' id='word_1_654' title='bbox 2883 1962 3137 2017; x_wconf 88' lang='lat' dir='ltr'><strong>Dominus</strong></span> <span class='ocrx_word' id='word_1_655' title='bbox 3172 1964 3284 2018; x_wconf 84' lang='lat' dir='ltr'><strong>suis</strong></span> <span class='ocrx_word' id='word_1_656' title='bbox 3318 1965 3549 2034; x_wconf 87' lang='lat' dir='ltr'><strong>promisit</strong></span> <span class='ocrx_word' id='word_1_657' title='bbox 3574 1969 3774 2034; x_wconf 82' lang='lat' dir='ltr'><strong>speranti-</strong></span> 
     </span>
    </p>
   </div>
   <div class='ocr_carea' id='block_1_79' title="bbox 2262 2049 3774 2127">
    <p class='ocr_par' dir='ltr' id='par_1_79' title="bbox 2262 2049 3774 2127">
     <span class='ocr_line' id='line_1_79' title="bbox 2262 2049 3774 2127; baseline 0.003 -22"><span class='ocrx_word' id='word_1_658' title='bbox 2262 2050 2416 2127; x_wconf 6' lang='lat' dir='ltr'><strong>busj’,</strong></span> <span class='ocrx_word' id='word_1_659' title='bbox 2443 2049 2629 2105; x_wconf 87' lang='lat' dir='ltr'><strong>dicens</strong></span> <span class='ocrx_word' id='word_1_660' title='bbox 2655 2068 2668 2104; x_wconf 92' lang='lat'><strong>:</strong></span> <span class='ocrx_word' id='word_1_661' title='bbox 2705 2050 2837 2116; x_wconf 83' lang='lat' dir='ltr'><strong>Quia</strong></span> <span class='ocrx_word' id='word_1_662' title='bbox 2863 2068 2955 2122; x_wconf 87' lang='lat' dir='ltr'><strong>ego</strong></span> <span class='ocrx_word' id='word_1_663' title='bbox 2978 2054 3046 2106; x_wconf 90' lang='lat' dir='ltr'><strong>ad</strong></span> <span class='ocrx_word' id='word_1_664' title='bbox 3084 2051 3291 2107; x_wconf 81' lang='lat' dir='ltr'><strong>Patrem</strong></span> <span class='ocrx_word' id='word_1_665' title='bbox 3316 2055 3464 2121; x_wconf 81' lang='lat' dir='ltr'><strong>vado,</strong></span> <span class='ocrx_word' id='word_1_666' title='bbox 3494 2067 3536 2108; x_wconf 85' lang='lat' dir='ltr'><strong>et</strong></span> <span class='ocrx_word' id='word_1_667' title='bbox 3561 2058 3774 2127; x_wconf 80' lang='lat' dir='ltr'><strong>quodcum-</strong></span> 
     </span>
    </p>
   </div>
   <div class='ocr_carea' id='block_1_80' title="bbox 2260 2125 3776 2220">
    <p class='ocr_par' dir='ltr' id='par_1_80' title="bbox 2260 2125 3776 2220">
     <span class='ocr_line' id='line_1_80' title="bbox 2260 2125 3776 2220; baseline 0.005 -26"><span class='ocrx_word' id='word_1_668' title='bbox 2260 2125 2369 2212; x_wconf 36' lang='lat' dir='ltr'><strong>que.</strong></span> <span class='ocrx_word' id='word_1_669' title='bbox 2382 2143 2618 2212; x_wconf 86' lang='lat' dir='ltr'><strong>petieritis</strong></span> <span class='ocrx_word' id='word_1_670' title='bbox 2643 2144 2695 2196; x_wconf 88' lang='lat' dir='ltr'><strong>in</strong></span> <span class='ocrx_word' id='word_1_671' title='bbox 2717 2146 2917 2198; x_wconf 84' lang='lat' dir='ltr'><strong>nomine</strong></span> <span class='ocrx_word' id='word_1_672' title='bbox 2946 2162 3074 2211; x_wconf 84' lang='lat' dir='ltr'><strong>meo,</strong></span> <span class='ocrx_word' id='word_1_673' title='bbox 3109 2146 3204 2200; x_wconf 85' lang='lat' dir='ltr'><strong>hoc</strong></span> <span class='ocrx_word' id='word_1_674' title='bbox 3227 2148 3432 2217; x_wconf 87' lang='lat' dir='ltr'><strong>faciam.</strong></span> <span class='ocrx_word' id='word_1_675' title='bbox 3464 2148 3547 2211; x_wconf 83' lang='lat' dir='ltr'><strong>Sic</strong></span> <span class='ocrx_word' id='word_1_676' title='bbox 3572 2165 3675 2220; x_wconf 86' lang='lat' dir='ltr'><strong>ergo</strong></span> <span class='ocrx_word' id='word_1_677' title='bbox 3692 2165 3776 2218; x_wconf 82' lang='lat' dir='ltr'><strong>per—</strong></span> 
     </span>
    </p>
   </div>
   <div class='ocr_carea' id='block_1_81' title="bbox 2260 2233 3774 2310">
    <p class='ocr_par' dir='ltr' id='par_1_81' title="bbox 2260 2233 3774 2310">
     <span class='ocr_line' id='line_1_81' title="bbox 2260 2233 3774 2310; baseline 0.005 -23"><span class='ocrx_word' id='word_1_678' title='bbox 2260 2233 2397 2287; x_wconf 84' lang='lat' dir='ltr'><strong>rexit</strong></span> <span class='ocrx_word' id='word_1_679' title='bbox 2433 2233 2498 2287; x_wconf 88' lang='lat' dir='ltr'><strong>ad</strong></span> <span class='ocrx_word' id='word_1_680' title='bbox 2530 2233 2772 2298; x_wconf 87' lang='lat' dir='ltr'><strong>Patrem,</strong></span> <span class='ocrx_word' id='word_1_681' title='bbox 2804 2247 2860 2289; x_wconf 90' lang='lat' dir='ltr'><strong>ut</strong></span> <span class='ocrx_word' id='word_1_682' title='bbox 2900 2251 3003 2290; x_wconf 88' lang='lat' dir='ltr'><strong>non</strong></span> <span class='ocrx_word' id='word_1_683' title='bbox 3046 2236 3372 2306; x_wconf 84' lang='lat' dir='ltr'><strong>relinqueret</strong></span> <span class='ocrx_word' id='word_1_684' title='bbox 3403 2240 3687 2310; x_wconf 81' lang='lat' dir='ltr'><strong>indigentes,</strong></span> <span class='ocrx_word' id='word_1_685' title='bbox 3709 2239 3774 2295; x_wconf 85' lang='lat' dir='ltr'><strong>sed</strong></span> 
     </span>
    </p>
   </div>
   <div class='ocr_carea' id='block_1_82' title="bbox 2259 2324 3775 2400">
    <p class='ocr_par' dir='ltr' id='par_1_82' title="bbox 2259 2324 3775 2400">
     <span class='ocr_line' id='line_1_82' title="bbox 2259 2324 3775 2400; baseline 0.003 -22"><span class='ocrx_word' id='word_1_686' title='bbox 2259 2324 2535 2378; x_wconf 80' lang='lat' dir='ltr'><strong>exaudiret</strong></span> <span class='ocrx_word' id='word_1_687' title='bbox 2564 2333 2820 2393; x_wconf 82' lang='lat' dir='ltr'><strong>petentes.</strong></span> <span class='ocrx_word' id='word_1_688' title='bbox 2852 2324 2955 2382; x_wconf 90' lang='lat' dir='ltr'><strong>Sed</strong></span> <span class='ocrx_word' id='word_1_689' title='bbox 2990 2327 3113 2396; x_wconf 90' lang='lat' dir='ltr'><strong>quid</strong></span> <span class='ocrx_word' id='word_1_690' title='bbox 3149 2337 3253 2387; x_wconf 87' lang='lat' dir='ltr'><strong>est,</strong></span> <span class='ocrx_word' id='word_1_691' title='bbox 3282 2329 3608 2400; x_wconf 83' lang='lat' dir='ltr'><strong>quodcumque</strong></span> <span class='ocrx_word' id='word_1_692' title='bbox 3624 2332 3775 2400; x_wconf 82' lang='lat' dir='ltr'><strong>petieri-</strong></span> 
     </span>
    </p>
   </div>
   <div class='ocr_carea' id='block_1_83' title="bbox 2259 2414 3774 2490">
    <p class='ocr_par' dir='ltr' id='par_1_83' title="bbox 2259 2414 3774 2490">
     <span class='ocr_line' id='line_1_83' title="bbox 2259 2414 3774 2490; baseline 0.007 -25"><span class='ocrx_word' id='word_1_693' title='bbox 2259 2415 2342 2479; x_wconf 87' lang='lat' dir='ltr'><strong>tis,</strong></span> <span class='ocrx_word' id='word_1_694' title='bbox 2374 2428 2493 2468; x_wconf 90' lang='lat' dir='ltr'><strong>eum</strong></span> <span class='ocrx_word' id='word_1_695' title='bbox 2535 2414 2809 2468; x_wconf 85' lang='lat' dir='ltr'><strong>videamus</strong></span> <span class='ocrx_word' id='word_1_696' title='bbox 2853 2415 3160 2487; x_wconf 88' lang='lat' dir='ltr'><strong>plerumque</strong></span> <span class='ocrx_word' id='word_1_697' title='bbox 3195 2418 3380 2474; x_wconf 83' lang='lat' dir='ltr'><strong>fideles</strong></span> <span class='ocrx_word' id='word_1_698' title='bbox 3405 2420 3515 2488; x_wconf 88' lang='lat' dir='ltr'><strong>ejus</strong></span> <span class='ocrx_word' id='word_1_699' title='bbox 3544 2428 3716 2490; x_wconf 83' lang='lat' dir='ltr'><strong>petere.</strong></span> <span class='ocrx_word' id='word_1_700' title='bbox 3737 2428 3774 2475; x_wconf 83' lang='lat' dir='ltr'><strong>et</strong></span> 
     </span>
    </p>
   </div>
   <div class='ocr_carea' id='block_1_84' title="bbox 2258 2505 3774 2579">
    <p class='ocr_par' dir='ltr' id='par_1_84' title="bbox 2258 2505 3774 2579">
     <span class='ocr_line' id='line_1_84' title="bbox 2258 2505 3774 2579; baseline 0.005 -23"><span class='ocrx_word' id='word_1_701' title='bbox 2258 2519 2360 2557; x_wconf 91' lang='lat' dir='ltr'><strong>non</strong></span> <span class='ocrx_word' id='word_1_702' title='bbox 2390 2505 2666 2574; x_wconf 80' lang='lat' dir='ltr'><strong>aeripere?</strong></span> <span class='ocrx_word' id='word_1_703' title='bbox 2697 2507 2776 2558; x_wconf 84' lang='lat' dir='ltr'><strong>An</strong></span> <span class='ocrx_word' id='word_1_704' title='bbox 2820 2506 2953 2561; x_wconf 88' lang='lat' dir='ltr'><strong>forte</strong></span> <span class='ocrx_word' id='word_1_705' title='bbox 3000 2520 3282 2577; x_wconf 86' lang='lat' dir='ltr'><strong>propterea</strong></span> <span class='ocrx_word' id='word_1_706' title='bbox 3314 2514 3432 2579; x_wconf 89' lang='lat' dir='ltr'><strong>quia</strong></span> <span class='ocrx_word' id='word_1_707' title='bbox 3464 2511 3589 2565; x_wconf 90' lang='lat' dir='ltr'><strong>male</strong></span> <span class='ocrx_word' id='word_1_708' title='bbox 3614 2513 3774 2579; x_wconf 65' lang='lat' dir='ltr'><strong>tntum!</strong></span> 
     </span>
    </p>
   </div>
   <div class='ocr_carea' id='block_1_85' title="bbox 2256 2595 3772 2670">
    <p class='ocr_par' dir='ltr' id='par_1_85' title="bbox 2256 2595 3772 2670">
     <span class='ocr_line' id='line_1_85' title="bbox 2256 2595 3772 2670; baseline 0.004 -20"><span class='ocrx_word' id='word_1_709' title='bbox 2256 2595 2385 2650; x_wconf 83' lang='lat' dir='ltr'><strong>Nam</strong></span> <span class='ocrx_word' id='word_1_710' title='bbox 2416 2596 2515 2649; x_wconf 87' lang='lat' dir='ltr'><strong>hoc.</strong></span> <span class='ocrx_word' id='word_1_711' title='bbox 2541 2598 2883 2666; x_wconf 65' lang='lat' dir='ltr'><strong>exprobravit</strong></span> <span class='ocrx_word' id='word_1_712' title='bbox 2909 2604 3183 2670; x_wconf 85' lang='lat' dir='ltr'><strong>apostolus</strong></span> <span class='ocrx_word' id='word_1_713' title='bbox 3222 2603 3453 2657; x_wconf 69' lang='lat' dir='ltr'><strong>lacubus</strong></span> <span class='ocrx_word' id='word_1_714' title='bbox 3479 2604 3642 2660; x_wconf 86' lang='lat' dir='ltr'><strong>dicens</strong></span> <span class='ocrx_word' id='word_1_715' title='bbox 3667 2623 3677 2658; x_wconf 89' lang='lat'><strong>:</strong></span> <span class='ocrx_word' id='word_1_716' title='bbox 3702 2603 3772 2656; x_wconf 81' lang='lat' dir='ltr'><strong>Pe-</strong></span> 
     </span>
    </p>
   </div>
   <div class='ocr_carea' id='block_1_86' title="bbox 2256 2690 3772 2773">
    <p class='ocr_par' dir='ltr' id='par_1_86' title="bbox 2256 2690 3772 2773">
     <span class='ocr_line' id='line_1_86' title="bbox 2256 2690 3772 2773; baseline 0.009 -31"><span class='ocrx_word' id='word_1_717' title='bbox 2256 2690 2378 2755; x_wconf 86' lang='lat' dir='ltr'><strong>titis,</strong></span> <span class='ocrx_word' id='word_1_718' title='bbox 2406 2703 2451 2745; x_wconf 82' lang='lat' dir='ltr'><strong>et</strong></span> <span class='ocrx_word' id='word_1_719' title='bbox 2481 2711 2580 2748; x_wconf 89' lang='lat' dir='ltr'><strong>non</strong></span> <span class='ocrx_word' id='word_1_720' title='bbox 2606 2698 2857 2767; x_wconf 81' lang='lat' dir='ltr'><strong>accipitis,</strong></span> <span class='ocrx_word' id='word_1_721' title='bbox 2886 2716 2943 2753; x_wconf 88' lang='lat' dir='ltr'><strong>eo</strong></span> <span class='ocrx_word' id='word_1_722' title='bbox 2966 2701 3100 2769; x_wconf 86' lang='lat' dir='ltr'><strong>quod</strong></span> <span class='ocrx_word' id='word_1_723' title='bbox 3121 2704 3256 2755; x_wconf 84' lang='lat' dir='ltr'><strong>male</strong></span> <span class='ocrx_word' id='word_1_724' title='bbox 3284 2704 3477 2773; x_wconf 84' lang='lat' dir='ltr'><strong>petatis,</strong></span> <span class='ocrx_word' id='word_1_725' title='bbox 3501 2714 3549 2756; x_wconf 88' lang='lat' dir='ltr'><strong>ut</strong></span> <span class='ocrx_word' id='word_1_726' title='bbox 3568 2704 3612 2757; x_wconf 87' lang='lat' dir='ltr'><strong>in</strong></span> <span class='ocrx_word' id='word_1_727' title='bbox 3635 2719 3772 2756; x_wconf 78' lang='lat' dir='ltr'><strong>concu-</strong></span> 
     </span>
    </p>
   </div>
   <div class='ocr_carea' id='block_1_87' title="bbox 2255 2782 3773 2867">
    <p class='ocr_par' dir='ltr' id='par_1_87' title="bbox 2255 2782 3773 2867">
     <span class='ocr_line' id='line_1_87' title="bbox 2255 2782 3773 2867; baseline 0.01 -36"><span class='ocrx_word' id='word_1_728' title='bbox 2255 2782 2511 2851; x_wconf 82' lang='lat' dir='ltr'><strong>piscentiis</strong></span> <span class='ocrx_word' id='word_1_729' title='bbox 2555 2788 2729 2840; x_wconf 86' lang='lat' dir='ltr'><strong>vestris</strong></span> <span class='ocrx_word' id='word_1_730' title='bbox 2765 2790 3026 2845; x_wconf 77' lang='lat' dir='ltr'><strong>insumatis</strong></span> <span class='ocrx_word' id='word_1_731' title='bbox 3067 2791 3284 2860; x_wconf 79' lang='lat' dir='ltr'><strong>(Jacobi</strong></span> <span class='ocrx_word' id='word_1_732' title='bbox 3311 2810 3385 2856; x_wconf 79' lang='lat' dir='ltr'><strong>tv,</strong></span> <span class='ocrx_word' id='word_1_733' title='bbox 3417 2795 3504 2867; x_wconf 80' lang='grc'><strong>3).</strong></span> <span class='ocrx_word' id='word_1_734' title='bbox 3543 2794 3657 2849; x_wconf 81' lang='lat' dir='ltr'><strong>Male</strong></span> <span class='ocrx_word' id='word_1_735' title='bbox 3683 2808 3773 2863; x_wconf 80' lang='lat' dir='ltr'><strong>ergo</strong></span> 
     </span>
    </p>
   </div>
   <div class='ocr_carea' id='block_1_88' title="bbox 2255 2878 3773 2954">
    <p class='ocr_par' dir='ltr' id='par_1_88' title="bbox 2255 2878 3773 2954">
     <span class='ocr_line' id='line_1_88' title="bbox 2255 2878 3773 2954; baseline 0.009 -29"><span class='ocrx_word' id='word_1_736' title='bbox 2255 2888 2446 2928; x_wconf 88' lang='lat' dir='ltr'><strong>usurus</strong></span> <span class='ocrx_word' id='word_1_737' title='bbox 2484 2892 2549 2929; x_wconf 88' lang='lat' dir='ltr'><strong>eo</strong></span> <span class='ocrx_word' id='word_1_738' title='bbox 2579 2878 2719 2947; x_wconf 90' lang='lat' dir='ltr'><strong>quod</strong></span> <span class='ocrx_word' id='word_1_739' title='bbox 2755 2881 2863 2933; x_wconf 82' lang='lat' dir='ltr'><strong>\‘Ull</strong></span> <span class='ocrx_word' id='word_1_740' title='bbox 2887 2882 3126 2950; x_wconf 80' lang='lat' dir='ltr'><strong>accipere</strong></span> <span class='ocrx_word' id='word_1_741' title='bbox 3150 2925 3164 2947; x_wconf 91' lang='lat'><strong>,</strong></span> <span class='ocrx_word' id='word_1_742' title='bbox 3214 2885 3324 2939; x_wconf 90' lang='lat' dir='ltr'><strong>Deo</strong></span> <span class='ocrx_word' id='word_1_743' title='bbox 3355 2887 3521 2954; x_wconf 87' lang='lat' dir='ltr'><strong>potius</strong></span> <span class='ocrx_word' id='word_1_744' title='bbox 3550 2886 3773 2940; x_wconf 67' lang='lat' dir='ltr'><strong>miserante</strong></span> 
     </span>
    </p>
   </div>
   <div class='ocr_carea' id='block_1_89' title="bbox 2254 2968 3772 3044">
    <p class='ocr_par' dir='ltr' id='par_1_89' title="bbox 2254 2968 3772 3044">
     <span class='ocr_line' id='line_1_89' title="bbox 2254 2968 3772 3044; baseline 0.008 -27"><span class='ocrx_word' id='word_1_745' title='bbox 2254 2980 2357 3019; x_wconf 88' lang='lat' dir='ltr'><strong>ttmt</strong></span> <span class='ocrx_word' id='word_1_746' title='bbox 2389 2968 2595 3038; x_wconf 83' lang='lat' dir='ltr'><strong>accipit.</strong></span> <span class='ocrx_word' id='word_1_747' title='bbox 2630 2970 2856 3026; x_wconf 87' lang='lat' dir='ltr'><strong>Proinde</strong></span> <span class='ocrx_word' id='word_1_748' title='bbox 2886 2973 2931 3026; x_wconf 88' lang='lat' dir='ltr'><strong>si</strong></span> <span class='ocrx_word' id='word_1_749' title='bbox 2963 2973 3063 3027; x_wconf 90' lang='lat' dir='ltr'><strong>ltoc</strong></span> <span class='ocrx_word' id='word_1_750' title='bbox 3088 2974 3155 3028; x_wconf 88' lang='lat' dir='ltr'><strong>ab</strong></span> <span class='ocrx_word' id='word_1_751' title='bbox 3183 2975 3276 3028; x_wconf 87' lang='lat' dir='ltr'><strong>illo</strong></span> <span class='ocrx_word' id='word_1_752' title='bbox 3305 2978 3493 3044; x_wconf 89' lang='lat' dir='ltr'><strong>petitur</strong></span> <span class='ocrx_word' id='word_1_753' title='bbox 3512 2977 3635 3032; x_wconf 90' lang='lat' dir='ltr'><strong>unde</strong></span> <span class='ocrx_word' id='word_1_754' title='bbox 3659 2976 3772 3029; x_wconf 84' lang='lat' dir='ltr'><strong>homo</strong></span> 
     </span>
    </p>
   </div>
   <div class='ocr_carea' id='block_1_90' title="bbox 2253 3058 3773 3138">
    <p class='ocr_par' dir='ltr' id='par_1_90' title="bbox 2253 3058 3773 3138">
     <span class='ocr_line' id='line_1_90' title="bbox 2253 3058 3773 3138; baseline 0.007 -27"><span class='ocrx_word' id='word_1_755' title='bbox 2253 3058 2475 3114; x_wconf 73' lang='lat' dir='ltr'><strong>lmdatur</strong></span> <span class='ocrx_word' id='word_1_756' title='bbox 2515 3063 2813 3129; x_wconf 81' lang='lat' dir='ltr'><strong>exauditus,</strong></span> <span class='ocrx_word' id='word_1_757' title='bbox 2866 3066 3032 3136; x_wconf 83' lang='lat' dir='ltr'><strong>magis</strong></span> <span class='ocrx_word' id='word_1_758' title='bbox 3076 3069 3422 3122; x_wconf 88' lang='lat' dir='ltr'><strong>metuendum</strong></span> <span class='ocrx_word' id='word_1_759' title='bbox 3467 3082 3544 3124; x_wconf 89' lang='lat' dir='ltr'><strong>est</strong></span> <span class='ocrx_word' id='word_1_760' title='bbox 3580 3084 3638 3124; x_wconf 88' lang='lat' dir='ltr'><strong>ne</strong></span> <span class='ocrx_word' id='word_1_761' title='bbox 3671 3068 3773 3138; x_wconf 84' lang='lat' dir='ltr'><strong>quod</strong></span> 
     </span>
    </p>
   </div>
   <div class='ocr_carea' id='block_1_91' title="bbox 2254 3150 3773 3223">
    <p class='ocr_par' dir='ltr' id='par_1_91' title="bbox 2254 3150 3773 3223">
     <span class='ocr_line' id='line_1_91' title="bbox 2254 3150 3773 3223; baseline 0.008 -22"><span class='ocrx_word' id='word_1_762' title='bbox 2254 3160 2435 3218; x_wconf 83' lang='lat' dir='ltr'><strong>posset</strong></span> <span class='ocrx_word' id='word_1_763' title='bbox 2457 3168 2561 3205; x_wconf 90' lang='lat' dir='ltr'><strong>non</strong></span> <span class='ocrx_word' id='word_1_764' title='bbox 2586 3152 2713 3206; x_wconf 90' lang='lat' dir='ltr'><strong>dare</strong></span> <span class='ocrx_word' id='word_1_765' title='bbox 2734 3150 3014 3223; x_wconf 86' lang='lat' dir='ltr'><strong>propitius.</strong></span> <span class='ocrx_word' id='word_1_766' title='bbox 3044 3158 3135 3210; x_wconf 87' lang='lat' dir='ltr'><strong>det</strong></span> <span class='ocrx_word' id='word_1_767' title='bbox 3155 3159 3342 3214; x_wconf 87' lang='lat' dir='ltr'><strong>iratus.</strong></span> <span class='ocrx_word' id='word_1_768' title='bbox 3370 3161 3447 3214; x_wconf 79' lang='lat' dir='ltr'><strong>Au</strong></span> <span class='ocrx_word' id='word_1_769' title='bbox 3477 3177 3571 3214; x_wconf 90' lang='lat' dir='ltr'><strong>non</strong></span> <span class='ocrx_word' id='word_1_770' title='bbox 3590 3159 3773 3214; x_wconf 83' lang='lat' dir='ltr'><strong>videmus</strong></span> 
     </span>
    </p>
   </div>
   <div class='ocr_carea' id='block_1_92' title="bbox 2251 3238 3771 3323">
    <p class='ocr_par' dir='ltr' id='par_1_92' title="bbox 2251 3238 3771 3323">
     <span class='ocr_line' id='line_1_92' title="bbox 2251 3238 3771 3323; baseline 0.008 -29"><span class='ocrx_word' id='word_1_771' title='bbox 2251 3238 2519 3296; x_wconf 80' lang='lat' dir='ltr'><strong>lsraelitas</strong></span> <span class='ocrx_word' id='word_1_772' title='bbox 2541 3245 2681 3299; x_wconf 87' lang='lat' dir='ltr'><strong>malo</strong></span> <span class='ocrx_word' id='word_1_773' title='bbox 2722 3261 2818 3299; x_wconf 87' lang='lat' dir='ltr'><strong>suo</strong></span> <span class='ocrx_word' id='word_1_774' title='bbox 2848 3247 3159 3316; x_wconf 84' lang='lat' dir='ltr'><strong>impetrasse</strong></span> <span class='ocrx_word' id='word_1_775' title='bbox 3192 3251 3336 3318; x_wconf 90' lang='lat' dir='ltr'><strong>quod</strong></span> <span class='ocrx_word' id='word_1_776' title='bbox 3367 3252 3598 3323; x_wconf 81' lang='lat' dir='ltr'><strong>ettlpaltili</strong></span> <span class='ocrx_word' id='word_1_777' title='bbox 3624 3266 3771 3306; x_wconf 85' lang='lat' dir='ltr'><strong>concu-</strong></span> 
     </span>
    </p>
   </div>
   <div class='ocr_carea' id='block_1_93' title="bbox 2254 3331 3771 3406">
    <p class='ocr_par' dir='ltr' id='par_1_93' title="bbox 2254 3331 3771 3406">
     <span class='ocr_line' id='line_1_93' title="bbox 2254 3331 3771 3406; baseline 0.008 -26"><span class='ocrx_word' id='word_1_778' title='bbox 2254 3331 2507 3399; x_wconf 85' lang='lat' dir='ltr'><strong>piscentia</strong></span> <span class='ocrx_word' id='word_1_779' title='bbox 2532 3334 2831 3400; x_wconf 83' lang='lat' dir='ltr'><strong>petierunt?</strong></span> <span class='ocrx_word' id='word_1_780' title='bbox 2856 3334 3249 3406; x_wconf 86' lang='lat' dir='ltr'><strong>Concupierant</strong></span> <span class='ocrx_word' id='word_1_781' title='bbox 3269 3341 3411 3394; x_wconf 89' lang='lat' dir='ltr'><strong>enim</strong></span> <span class='ocrx_word' id='word_1_782' title='bbox 3434 3342 3657 3395; x_wconf 88' lang='lat' dir='ltr'><strong>carnibus</strong></span> <span class='ocrx_word' id='word_1_783' title='bbox 3672 3339 3771 3392; x_wconf 80' lang='lat' dir='ltr'><strong>vesci</strong></span> 
     </span>
    </p>
   </div>
   <div class='ocr_carea' id='block_1_94' title="bbox 2252 3418 3769 3495">
    <p class='ocr_par' dir='ltr' id='par_1_94' title="bbox 2252 3418 3769 3495">
     <span class='ocr_line' id='line_1_94' title="bbox 2252 3418 3769 3495; baseline 0.008 -24"><span class='ocrx_word' id='word_1_784' title='bbox 2252 3418 2436 3487; x_wconf 84' lang='lat' dir='ltr'><strong>(Nunt.</strong></span> <span class='ocrx_word' id='word_1_785' title='bbox 2459 3438 2531 3483; x_wconf 75' lang='lat' dir='ltr'><strong>xu,</strong></span> <span class='ocrx_word' id='word_1_786' title='bbox 2556 3423 2666 3492; x_wconf 71' lang='grc'><strong>52),</strong></span> <span class='ocrx_word' id='word_1_787' title='bbox 2682 3426 2872 3493; x_wconf 89' lang='lat' dir='ltr'><strong>quibus</strong></span> <span class='ocrx_word' id='word_1_788' title='bbox 2899 3427 3177 3495; x_wconf 89' lang='lat' dir='ltr'><strong>plnebatur</strong></span> <span class='ocrx_word' id='word_1_789' title='bbox 3189 3446 3383 3485; x_wconf 90' lang='lat' dir='ltr'><strong>mantta</strong></span> <span class='ocrx_word' id='word_1_790' title='bbox 3404 3432 3470 3486; x_wconf 90' lang='lat' dir='ltr'><strong>de</strong></span> <span class='ocrx_word' id='word_1_791' title='bbox 3487 3431 3626 3486; x_wconf 67' lang='lat' dir='ltr'><strong>caelo.</strong></span> <span class='ocrx_word' id='word_1_792' title='bbox 3642 3429 3769 3485; x_wconf 83' lang='lat' dir='ltr'><strong>Fasti-</strong></span> 
     </span>
    </p>
   </div>
   <div class='ocr_carea' id='block_1_95' title="bbox 2250 3509 3771 3593">
    <p class='ocr_par' dir='ltr' id='par_1_95' title="bbox 2250 3509 3771 3593">
     <span class='ocr_line' id='line_1_95' title="bbox 2250 3509 3771 3593; baseline 0.008 -30"><span class='ocrx_word' id='word_1_793' title='bbox 2250 3509 2465 3566; x_wconf 88' lang='lat' dir='ltr'><strong>diebant</strong></span> <span class='ocrx_word' id='word_1_794' title='bbox 2508 3515 2704 3584; x_wconf 91' lang='lat' dir='ltr'><strong>quippe</strong></span> <span class='ocrx_word' id='word_1_795' title='bbox 2744 3518 2883 3586; x_wconf 88' lang='lat' dir='ltr'><strong>quod</strong></span> <span class='ocrx_word' id='word_1_796' title='bbox 2920 3518 3221 3586; x_wconf 84' lang='lat' dir='ltr'><strong>habebant;</strong></span> <span class='ocrx_word' id='word_1_797' title='bbox 3271 3532 3326 3576; x_wconf 90' lang='lat' dir='ltr'><strong>et</strong></span> <span class='ocrx_word' id='word_1_798' title='bbox 3352 3523 3489 3593; x_wconf 88' lang='lat' dir='ltr'><strong>quod</strong></span> <span class='ocrx_word' id='word_1_799' title='bbox 3525 3539 3617 3577; x_wconf 87' lang='lat' dir='ltr'><strong>non</strong></span> <span class='ocrx_word' id='word_1_800' title='bbox 3650 3523 3771 3575; x_wconf 77' lang='lat' dir='ltr'><strong>habe-</strong></span> 
     </span>
    </p>
   </div>
   <div class='ocr_carea' id='block_1_96' title="bbox 2252 3601 3773 3684">
    <p class='ocr_par' dir='ltr' id='par_1_96' title="bbox 2252 3601 3773 3684">
     <span class='ocr_line' id='line_1_96' title="bbox 2252 3601 3773 3684; baseline 0.008 -30"><span class='ocrx_word' id='word_1_801' title='bbox 2252 3601 2409 3667; x_wconf 86' lang='lat' dir='ltr'><strong>bant,</strong></span> <span class='ocrx_word' id='word_1_802' title='bbox 2444 3603 2776 3671; x_wconf 90' lang='lat' dir='ltr'><strong>impttdcnter</strong></span> <span class='ocrx_word' id='word_1_803' title='bbox 2820 3608 3107 3676; x_wconf 86' lang='lat' dir='ltr'><strong>petebant:</strong></span> <span class='ocrx_word' id='word_1_804' title='bbox 3138 3613 3291 3680; x_wconf 84' lang='lat' dir='ltr'><strong>quasi</strong></span> <span class='ocrx_word' id='word_1_805' title='bbox 3329 3629 3432 3667; x_wconf 87' lang='lat' dir='ltr'><strong>non</strong></span> <span class='ocrx_word' id='word_1_806' title='bbox 3461 3615 3630 3668; x_wconf 88' lang='lat' dir='ltr'><strong>melius</strong></span> <span class='ocrx_word' id='word_1_807' title='bbox 3666 3622 3773 3684; x_wconf 82' lang='lat' dir='ltr'><strong>pete-</strong></span> 
     </span>
    </p>
   </div>
   <div class='ocr_carea' id='block_1_97' title="bbox 2251 3699 3769 3771">
    <p class='ocr_par' dir='ltr' id='par_1_97' title="bbox 2251 3699 3769 3771">
     <span class='ocr_line' id='line_1_97' title="bbox 2251 3699 3769 3771; baseline 0.009 -26"><span class='ocrx_word' id='word_1_808' title='bbox 2251 3702 2389 3758; x_wconf 89' lang='lat' dir='ltr'><strong>rent,</strong></span> <span class='ocrx_word' id='word_1_809' title='bbox 2441 3711 2543 3748; x_wconf 82' lang='lat' dir='ltr'><strong>nnn</strong></span> <span class='ocrx_word' id='word_1_810' title='bbox 2597 3706 2651 3750; x_wconf 92' lang='lat' dir='ltr'><strong>ut</strong></span> <span class='ocrx_word' id='word_1_811' title='bbox 2689 3699 2837 3753; x_wconf 87' lang='lat' dir='ltr'><strong>cibus</strong></span> <span class='ocrx_word' id='word_1_812' title='bbox 2885 3702 2973 3771; x_wconf 91' lang='lat' dir='ltr'><strong>qui</strong></span> <span class='ocrx_word' id='word_1_813' title='bbox 3022 3702 3209 3757; x_wconf 83' lang='lat' dir='ltr'><strong>deerat</strong></span> <span class='ocrx_word' id='word_1_814' title='bbox 3256 3706 3515 3762; x_wconf 83' lang='lat' dir='ltr'><strong>indecenti</strong></span> <span class='ocrx_word' id='word_1_815' title='bbox 3563 3707 3769 3761; x_wconf 85' lang='lat' dir='ltr'><strong>desiderio</strong></span> 
     </span>
    </p>
   </div>
   <div class='ocr_carea' id='block_1_98' title="bbox 2252 3788 3770 3861">
    <p class='ocr_par' dir='ltr' id='par_1_98' title="bbox 2252 3788 3770 3861">
     <span class='ocr_line' id='line_1_98' title="bbox 2252 3788 3770 3861; baseline 0.011 -27"><span class='ocrx_word' id='word_1_816' title='bbox 2252 3793 2608 3852; x_wconf 67' lang='lat' dir='ltr'><strong>praestaretur,</strong></span> <span class='ocrx_word' id='word_1_817' title='bbox 2638 3788 2730 3842; x_wconf 89' lang='lat' dir='ltr'><strong>sed</strong></span> <span class='ocrx_word' id='word_1_818' title='bbox 2764 3800 2818 3842; x_wconf 88' lang='lat' dir='ltr'><strong>ttt</strong></span> <span class='ocrx_word' id='word_1_819' title='bbox 2844 3791 2932 3846; x_wconf 92' lang='lat' dir='ltr'><strong>ille</strong></span> <span class='ocrx_word' id='word_1_820' title='bbox 2956 3793 3045 3861; x_wconf 91' lang='lat' dir='ltr'><strong>qui</strong></span> <span class='ocrx_word' id='word_1_821' title='bbox 3076 3793 3263 3849; x_wconf 83' lang='lat' dir='ltr'><strong>aderat</strong></span> <span class='ocrx_word' id='word_1_822' title='bbox 3290 3809 3476 3852; x_wconf 85' lang='lat' dir='ltr'><strong>sanato</strong></span> <span class='ocrx_word' id='word_1_823' title='bbox 3506 3798 3684 3852; x_wconf 85' lang='lat' dir='ltr'><strong>fastidio</strong></span> <span class='ocrx_word' id='word_1_824' title='bbox 3705 3811 3770 3850; x_wconf 60' lang='lat' dir='ltr'><strong>suo</strong></span> 
     </span>
    </p>
   </div>
   <div class='ocr_carea' id='block_1_99' title="bbox 2251 3878 3769 3950">
    <p class='ocr_par' dir='ltr' id='par_1_99' title="bbox 2251 3878 3769 3950">
     <span class='ocr_line' id='line_1_99' title="bbox 2251 3878 3769 3950; baseline 0.008 -24"><span class='ocrx_word' id='word_1_825' title='bbox 2251 3885 2503 3930; x_wconf 88' lang='lat' dir='ltr'><strong>meretur.</strong></span> <span class='ocrx_word' id='word_1_826' title='bbox 2537 3878 2762 3943; x_wconf 87' lang='lat' dir='ltr'><strong>Quando</strong></span> <span class='ocrx_word' id='word_1_827' title='bbox 2810 3883 2954 3936; x_wconf 90' lang='lat' dir='ltr'><strong>cnint</strong></span> <span class='ocrx_word' id='word_1_828' title='bbox 3000 3900 3098 3938; x_wconf 92' lang='lat' dir='ltr'><strong>nos</strong></span> <span class='ocrx_word' id='word_1_829' title='bbox 3126 3885 3393 3941; x_wconf 85' lang='lat' dir='ltr'><strong>delectant</strong></span> <span class='ocrx_word' id='word_1_830' title='bbox 3425 3890 3587 3950; x_wconf 88' lang='lat' dir='ltr'><strong>mala,</strong></span> <span class='ocrx_word' id='word_1_831' title='bbox 3616 3899 3660 3942; x_wconf 85' lang='lat' dir='ltr'><strong>et</strong></span> <span class='ocrx_word' id='word_1_832' title='bbox 3694 3900 3769 3940; x_wconf 88' lang='lat' dir='ltr'><strong>non</strong></span> 
     </span>
    </p>
   </div>
   <div class='ocr_carea' id='block_1_100' title="bbox 2249 3965 3769 4048">
    <p class='ocr_par' dir='ltr' id='par_1_100' title="bbox 2249 3965 3769 4048">
     <span class='ocr_line' id='line_1_100' title="bbox 2249 3965 3769 4048; baseline 0.009 -30"><span class='ocrx_word' id='word_1_833' title='bbox 2249 3965 2508 4021; x_wconf 84' lang='lat' dir='ltr'><strong>delectant</strong></span> <span class='ocrx_word' id='word_1_834' title='bbox 2547 3970 2702 4037; x_wconf 88' lang='lat' dir='ltr'><strong>bona,</strong></span> <span class='ocrx_word' id='word_1_835' title='bbox 2738 3988 2923 4041; x_wconf 78' lang='lat' dir='ltr'><strong>rogare</strong></span> <span class='ocrx_word' id='word_1_836' title='bbox 2951 3975 3208 4031; x_wconf 73' lang='lat' dir='ltr'><strong>debemus</strong></span> <span class='ocrx_word' id='word_1_837' title='bbox 3256 3982 3432 4048; x_wconf 85' lang='lat' dir='ltr'><strong>potius</strong></span> <span class='ocrx_word' id='word_1_838' title='bbox 3461 3982 3608 4036; x_wconf 90' lang='lat' dir='ltr'><strong>Deuut</strong></span> <span class='ocrx_word' id='word_1_839' title='bbox 3631 3990 3677 4034; x_wconf 89' lang='grc' dir='ltr'><strong>ιιι</strong></span> <span class='ocrx_word' id='word_1_840' title='bbox 3700 3979 3769 4032; x_wconf 81' lang='lat' dir='ltr'><strong>de-</strong></span> 
     </span>
    </p>
   </div>
   <div class='ocr_carea' id='block_1_101' title="bbox 2252 4057 3768 4140">
    <p class='ocr_par' dir='ltr' id='par_1_101' title="bbox 2252 4057 3768 4140">
     <span class='ocr_line' id='line_1_101' title="bbox 2252 4057 3768 4140; baseline 0.011 -30"><span class='ocrx_word' id='word_1_841' title='bbox 2252 4057 2445 4113; x_wconf 79' lang='lat' dir='ltr'><strong>lectent</strong></span> <span class='ocrx_word' id='word_1_842' title='bbox 2485 4062 2654 4126; x_wconf 83' lang='lat' dir='ltr'><strong>bona,</strong></span> <span class='ocrx_word' id='word_1_843' title='bbox 2699 4081 2853 4133; x_wconf 83' lang='lat' dir='ltr'><strong>quam</strong></span> <span class='ocrx_word' id='word_1_844' title='bbox 2903 4076 2957 4119; x_wconf 90' lang='lat' dir='ltr'><strong>ttt</strong></span> <span class='ocrx_word' id='word_1_845' title='bbox 2982 4068 3346 4126; x_wconf 85' lang='lat' dir='ltr'><strong>concedantur</strong></span> <span class='ocrx_word' id='word_1_846' title='bbox 3375 4076 3525 4126; x_wconf 88' lang='lat' dir='ltr'><strong>mala.</strong></span> <span class='ocrx_word' id='word_1_847' title='bbox 3560 4071 3656 4128; x_wconf 68' lang='lat' dir='ltr'><strong>Non</strong></span> <span class='ocrx_word' id='word_1_848' title='bbox 3679 4070 3768 4140; x_wconf 72' lang='lat' dir='ltr'><strong>quia</strong></span> 
     </span>
    </p>
   </div>
   <div class='ocr_carea' id='block_1_102' title="bbox 2249 4151 3767 4233">
    <p class='ocr_par' dir='ltr' id='par_1_102' title="bbox 2249 4151 3767 4233">
     <span class='ocr_line' id='line_1_102' title="bbox 2249 4151 3767 4233; baseline 0.011 -29"><span class='ocrx_word' id='word_1_849' title='bbox 2249 4151 2443 4204; x_wconf 89' lang='lat' dir='ltr'><strong>malum</strong></span> <span class='ocrx_word' id='word_1_850' title='bbox 2468 4162 2547 4207; x_wconf 88' lang='lat' dir='ltr'><strong>est</strong></span> <span class='ocrx_word' id='word_1_851' title='bbox 2575 4171 2733 4208; x_wconf 83' lang='lat' dir='ltr'><strong>carne</strong></span> <span class='ocrx_word' id='word_1_852' title='bbox 2774 4160 2938 4221; x_wconf 73' lang='lat' dir='ltr'><strong>vesci,</strong></span> <span class='ocrx_word' id='word_1_853' title='bbox 2969 4177 3087 4213; x_wconf 83' lang='lat' dir='ltr'><strong>eum</strong></span> <span class='ocrx_word' id='word_1_854' title='bbox 3116 4161 3182 4216; x_wconf 87' lang='lat' dir='ltr'><strong>de</strong></span> <span class='ocrx_word' id='word_1_855' title='bbox 3214 4162 3313 4219; x_wconf 87' lang='lat' dir='ltr'><strong>hac</strong></span> <span class='ocrx_word' id='word_1_856' title='bbox 3345 4181 3402 4219; x_wconf 84' lang='lat' dir='ltr'><strong>re.</strong></span> <span class='ocrx_word' id='word_1_857' title='bbox 3431 4166 3630 4232; x_wconf 64' lang='lat' dir='ltr'><strong>lorincns</strong></span> <span class='ocrx_word' id='word_1_858' title='bbox 3663 4165 3767 4233; x_wconf 55' lang='lat' dir='ltr'><strong>Ap&quot;-</strong></span> 
     </span>
    </p>
   </div>
   <div class='ocr_carea' id='block_1_103' title="bbox 2248 4243 3766 4322">
    <p class='ocr_par' dir='ltr' id='par_1_103' title="bbox 2248 4243 3766 4322">
     <span class='ocr_line' id='line_1_103' title="bbox 2248 4243 3766 4322; baseline 0.007 -27"><span class='ocrx_word' id='word_1_859' title='bbox 2248 4243 2417 4296; x_wconf 84' lang='lat' dir='ltr'><strong>slolus</strong></span> <span class='ocrx_word' id='word_1_860' title='bbox 2446 4245 2606 4311; x_wconf 87' lang='lat' dir='ltr'><strong>dicat,</strong></span> <span class='ocrx_word' id='word_1_861' title='bbox 2644 4246 2818 4300; x_wconf 82' lang='lat' dir='ltr'><strong>Omnis</strong></span> <span class='ocrx_word' id='word_1_862' title='bbox 2849 4263 3076 4303; x_wconf 82' lang='lat' dir='ltr'><strong>creatura</strong></span> <span class='ocrx_word' id='word_1_863' title='bbox 3098 4251 3195 4305; x_wconf 87' lang='lat' dir='ltr'><strong>Dei</strong></span> <span class='ocrx_word' id='word_1_864' title='bbox 3212 4256 3342 4309; x_wconf 87' lang='lat' dir='ltr'><strong>bona</strong></span> <span class='ocrx_word' id='word_1_865' title='bbox 3362 4265 3451 4322; x_wconf 85' lang='lat' dir='ltr'><strong>est,</strong></span> <span class='ocrx_word' id='word_1_866' title='bbox 3474 4267 3517 4310; x_wconf 85' lang='lat' dir='ltr'><strong>et</strong></span> <span class='ocrx_word' id='word_1_867' title='bbox 3543 4255 3653 4308; x_wconf 81' lang='lat' dir='ltr'><strong>nihil</strong></span> <span class='ocrx_word' id='word_1_868' title='bbox 3672 4252 3766 4321; x_wconf 80' lang='lat' dir='ltr'><strong>abji-</strong></span> 
     </span>
    </p>
   </div>
   <div class='ocr_carea' id='block_1_104' title="bbox 2248 4334 3766 4415">
    <p class='ocr_par' dir='ltr' id='par_1_104' title="bbox 2248 4334 3766 4415">
     <span class='ocr_line' id='line_1_104' title="bbox 2248 4334 3766 4415; baseline 0.006 -31"><span class='ocrx_word' id='word_1_869' title='bbox 2248 4334 2477 4388; x_wconf 84' lang='lat' dir='ltr'><strong>cieudum</strong></span> <span class='ocrx_word' id='word_1_870' title='bbox 2497 4336 2633 4404; x_wconf 85' lang='lat' dir='ltr'><strong>quod</strong></span> <span class='ocrx_word' id='word_1_871' title='bbox 2652 4355 2763 4391; x_wconf 84' lang='lat' dir='ltr'><strong>cum</strong></span> <span class='ocrx_word' id='word_1_872' title='bbox 2805 4342 3089 4409; x_wconf 86' lang='lat' dir='ltr'><strong>gratiarum</strong></span> <span class='ocrx_word' id='word_1_873' title='bbox 3115 4346 3313 4399; x_wconf 87' lang='lat' dir='ltr'><strong>actione</strong></span> <span class='ocrx_word' id='word_1_874' title='bbox 3354 4348 3588 4412; x_wconf 83' lang='lat' dir='ltr'><strong>accipitur</strong></span> <span class='ocrx_word' id='word_1_875' title='bbox 3614 4345 3647 4415; x_wconf 92' lang='grc' dir='ltr'><strong>(Ι</strong></span> <span class='ocrx_word' id='word_1_876' title='bbox 3670 4343 3766 4396; x_wconf 82' lang='lat' dir='ltr'><strong>Tim.</strong></span> 
     </span>
    </p>
   </div>
   <div class='ocr_carea' id='block_1_105' title="bbox 2249 4424 3768 4502">
    <p class='ocr_par' dir='ltr' id='par_1_105' title="bbox 2249 4424 3768 4502">
     <span class='ocr_line' id='line_1_105' title="bbox 2249 4424 3768 4502; baseline 0.006 -28"><span class='ocrx_word' id='word_1_877' title='bbox 2249 4437 2318 4485; x_wconf 88' lang='lat' dir='ltr'><strong>tv,</strong></span> <span class='ocrx_word' id='word_1_878' title='bbox 2351 4424 2407 4494; x_wconf 76' lang='grc'><strong>4)</strong></span> <span class='ocrx_word' id='word_1_879' title='bbox 2441 4444 2452 4478; x_wconf 88' lang='lat'><strong>:</strong></span> <span class='ocrx_word' id='word_1_880' title='bbox 2485 4427 2577 4480; x_wconf 85' lang='lat' dir='ltr'><strong>sed</strong></span> <span class='ocrx_word' id='word_1_881' title='bbox 2609 4429 2727 4496; x_wconf 89' lang='lat' dir='ltr'><strong>quia</strong></span> <span class='ocrx_word' id='word_1_882' title='bbox 2762 4430 3047 4486; x_wconf 66' lang='lat' dir='ltr'><strong>sicutitem</strong></span> <span class='ocrx_word' id='word_1_883' title='bbox 3080 4434 3190 4502; x_wconf 86' lang='lat' dir='ltr'><strong>ipse</strong></span> <span class='ocrx_word' id='word_1_884' title='bbox 3219 4436 3310 4496; x_wconf 84' lang='lat' dir='ltr'><strong>ait,</strong></span> <span class='ocrx_word' id='word_1_885' title='bbox 3342 4437 3527 4490; x_wconf 77' lang='lat' dir='ltr'><strong>Malum</strong></span> <span class='ocrx_word' id='word_1_886' title='bbox 3546 4449 3608 4490; x_wconf 84' lang='lat' dir='ltr'><strong>est</strong></span> <span class='ocrx_word' id='word_1_887' title='bbox 3625 4433 3768 4489; x_wconf 80' lang='lat' dir='ltr'><strong>homini</strong></span> 
     </span>
    </p>
   </div>
   <div class='ocr_carea' id='block_1_106' title="bbox 2246 4513 3765 4596">
    <p class='ocr_par' dir='ltr' id='par_1_106' title="bbox 2246 4513 3765 4596">
     <span class='ocr_line' id='line_1_106' title="bbox 2246 4513 3765 4596; baseline 0.011 -34"><span class='ocrx_word' id='word_1_888' title='bbox 2246 4513 2333 4581; x_wconf 90' lang='lat' dir='ltr'><strong>qui</strong></span> <span class='ocrx_word' id='word_1_889' title='bbox 2362 4531 2451 4583; x_wconf 83' lang='lat' dir='ltr'><strong>per</strong></span> <span class='ocrx_word' id='word_1_890' title='bbox 2480 4515 2806 4580; x_wconf 65' lang='lat' dir='ltr'><strong>oﬂensionem</strong></span> <span class='ocrx_word' id='word_1_891' title='bbox 2844 4522 3111 4574; x_wconf 80' lang='lat' dir='ltr'><strong>mtmducat</strong></span> <span class='ocrx_word' id='word_1_892' title='bbox 3153 4526 3169 4595; x_wconf 91' lang='lat'><strong>(</strong></span> <span class='ocrx_word' id='word_1_893' title='bbox 3196 4525 3342 4579; x_wconf 78' lang='lat' dir='ltr'><strong>llom.</strong></span> <span class='ocrx_word' id='word_1_894' title='bbox 3389 4543 3490 4592; x_wconf 78' lang='lat' dir='ltr'><strong>xw,</strong></span> <span class='ocrx_word' id='word_1_895' title='bbox 3519 4527 3640 4596; x_wconf 67' lang='lat'><strong>20);</strong></span> <span class='ocrx_word' id='word_1_896' title='bbox 3672 4520 3765 4577; x_wconf 83' lang='lat' dir='ltr'><strong>etsi</strong></span> 
     </span>
    </p>
   </div>
   <div class='ocr_carea' id='block_1_107' title="bbox 2251 4602 3764 4686">
    <p class='ocr_par' dir='ltr' id='par_1_107' title="bbox 2251 4602 3764 4686">
     <span class='ocr_line' id='line_1_107' title="bbox 2251 4602 3764 4686; baseline 0.005 -32"><span class='ocrx_word' id='word_1_897' title='bbox 2251 4602 2479 4660; x_wconf 87' lang='lat' dir='ltr'><strong>hominis</strong></span> <span class='ocrx_word' id='word_1_898' title='bbox 2523 4605 2906 4675; x_wconf 83' lang='lat' dir='ltr'><strong>offensionem,</strong></span> <span class='ocrx_word' id='word_1_899' title='bbox 2957 4623 3153 4681; x_wconf 85' lang='lat' dir='ltr'><strong>quanto</strong></span> <span class='ocrx_word' id='word_1_900' title='bbox 3194 4618 3361 4686; x_wconf 83' lang='lat' dir='ltr'><strong>magis</strong></span> <span class='ocrx_word' id='word_1_901' title='bbox 3404 4617 3525 4670; x_wconf 86' lang='lat' dir='ltr'><strong>Dei?</strong></span> <span class='ocrx_word' id='word_1_902' title='bbox 3567 4616 3701 4681; x_wconf 72' lang='lat' dir='ltr'><strong>Cujus</strong></span> <span class='ocrx_word' id='word_1_903' title='bbox 3730 4614 3764 4662; x_wconf 88' lang='lat' dir='ltr'><strong>in</strong></span> 
     </span>
    </p>
   </div>
   <div class='ocr_carea' id='block_1_108' title="bbox 2248 4693 3765 4776">
    <p class='ocr_par' dir='ltr' id='par_1_108' title="bbox 2248 4693 3765 4776">
     <span class='ocr_line' id='line_1_108' title="bbox 2248 4693 3765 4776; baseline 0.004 -30"><span class='ocrx_word' id='word_1_904' title='bbox 2248 4693 2497 4751; x_wconf 88' lang='lat' dir='ltr'><strong>lsraelitis</strong></span> <span class='ocrx_word' id='word_1_905' title='bbox 2528 4714 2630 4753; x_wconf 89' lang='lat' dir='ltr'><strong>non</strong></span> <span class='ocrx_word' id='word_1_906' title='bbox 2659 4716 2820 4770; x_wconf 80' lang='lat' dir='ltr'><strong>parva</strong></span> <span class='ocrx_word' id='word_1_907' title='bbox 2855 4711 2969 4756; x_wconf 87' lang='lat' dir='ltr'><strong>erat</strong></span> <span class='ocrx_word' id='word_1_908' title='bbox 2993 4704 3234 4771; x_wconf 44' lang='lat' dir='ltr'><strong>offensio,</strong></span> <span class='ocrx_word' id='word_1_909' title='bbox 3265 4709 3535 4775; x_wconf 80' lang='lat' dir='ltr'><strong>repudiare</strong></span> <span class='ocrx_word' id='word_1_910' title='bbox 3558 4706 3672 4776; x_wconf 85' lang='lat' dir='ltr'><strong>quod</strong></span> <span class='ocrx_word' id='word_1_911' title='bbox 3696 4704 3765 4754; x_wconf 66' lang='lat' dir='ltr'><strong>dt-</strong></span> 
     </span>
    </p>
   </div>
   <div class='ocr_carea' id='block_1_109' title="bbox 2248 4783 3765 4862">
    <p class='ocr_par' dir='ltr' id='par_1_109' title="bbox 2248 4783 3765 4862">
     <span class='ocr_line' id='line_1_109' title="bbox 2248 4783 3765 4862; baseline 0.005 -26"><span class='ocrx_word' id='word_1_912' title='bbox 2248 4783 2338 4837; x_wconf 90' lang='lat' dir='ltr'><strong>bat</strong></span> <span class='ocrx_word' id='word_1_913' title='bbox 2364 4787 2642 4855; x_wconf 85' lang='lat' dir='ltr'><strong>sapientia,</strong></span> <span class='ocrx_word' id='word_1_914' title='bbox 2673 4798 2719 4843; x_wconf 89' lang='lat' dir='ltr'><strong>et</strong></span> <span class='ocrx_word' id='word_1_915' title='bbox 2746 4800 2924 4858; x_wconf 85' lang='lat' dir='ltr'><strong>petere</strong></span> <span class='ocrx_word' id='word_1_916' title='bbox 2951 4793 2998 4845; x_wconf 91' lang='lat' dir='ltr'><strong>id</strong></span> <span class='ocrx_word' id='word_1_917' title='bbox 3028 4794 3166 4861; x_wconf 87' lang='lat' dir='ltr'><strong>quod</strong></span> <span class='ocrx_word' id='word_1_918' title='bbox 3196 4797 3423 4852; x_wconf 88' lang='lat' dir='ltr'><strong>inhiabat</strong></span> <span class='ocrx_word' id='word_1_919' title='bbox 3450 4798 3765 4862; x_wconf 67' lang='grc' dir='ltr'><strong>οιιιιιξιιιιίεςοη·</strong></span> 
     </span>
    </p>
   </div>
   <div class='ocr_carea' id='block_1_110' title="bbox 2251 4871 3763 4955">
    <p class='ocr_par' dir='ltr' id='par_1_110' title="bbox 2251 4871 3763 4955">
     <span class='ocr_line' id='line_1_110' title="bbox 2251 4871 3763 4955; baseline 0.005 -31"><span class='ocrx_word' id='word_1_920' title='bbox 2251 4871 2317 4925; x_wconf 85' lang='lat' dir='ltr'><strong>tiu</strong></span> <span class='ocrx_word' id='word_1_921' title='bbox 2347 4889 2360 4923; x_wconf 88' lang='lat'>:</span> <span class='ocrx_word' id='word_1_922' title='bbox 2389 4878 2628 4942; x_wconf 73' lang='lat' dir='ltr'><strong>quamvis</strong></span> <span class='ocrx_word' id='word_1_923' title='bbox 2660 4879 2730 4931; x_wconf 92' lang='lat' dir='ltr'><strong>illi</strong></span> <span class='ocrx_word' id='word_1_924' title='bbox 2762 4895 2859 4932; x_wconf 87' lang='lat' dir='ltr'><strong>nec</strong></span> <span class='ocrx_word' id='word_1_925' title='bbox 2903 4890 3158 4949; x_wconf 87' lang='lat' dir='ltr'><strong>peterent,</strong></span> <span class='ocrx_word' id='word_1_926' title='bbox 3183 4884 3274 4938; x_wconf 88' lang='lat' dir='ltr'><strong>sed</strong></span> <span class='ocrx_word' id='word_1_927' title='bbox 3311 4886 3429 4955; x_wconf 81' lang='lat' dir='ltr'><strong>quia</strong></span> <span class='ocrx_word' id='word_1_928' title='bbox 3456 4885 3621 4940; x_wconf 88' lang='lat' dir='ltr'><strong>deerat</strong></span> <span class='ocrx_word' id='word_1_929' title='bbox 3654 4896 3763 4936; x_wconf 82' lang='lat' dir='ltr'><strong>untr-</strong></span> 
     </span>
    </p>
   </div>
   <div class='ocr_carea' id='block_1_111' title="bbox 2248 4967 3764 5030">
    <p class='ocr_par' dir='ltr' id='par_1_111' title="bbox 2248 4967 3764 5030">
     <span class='ocr_line' id='line_1_111' title="bbox 2248 4967 3764 5030; baseline 0.007 -15"><span class='ocrx_word' id='word_1_930' title='bbox 2248 4974 2537 5018; x_wconf 77' lang='lat' dir='ltr'><strong>mut-arent.</strong></span> <span class='ocrx_word' id='word_1_931' title='bbox 2568 4967 2673 5021; x_wconf 82' lang='lat' dir='ltr'><strong>Sed</strong></span> <span class='ocrx_word' id='word_1_932' title='bbox 2715 4981 2769 5022; x_wconf 92' lang='lat' dir='ltr'><strong>ut</strong></span> <span class='ocrx_word' id='word_1_933' title='bbox 2807 4972 3062 5025; x_wconf 82' lang='lat' dir='ltr'><strong>sciremus</strong></span> <span class='ocrx_word' id='word_1_934' title='bbox 3104 4989 3205 5027; x_wconf 90' lang='lat' dir='ltr'><strong>non</strong></span> <span class='ocrx_word' id='word_1_935' title='bbox 3247 4977 3337 5028; x_wconf 84' lang='lat' dir='ltr'><strong>Dei</strong></span> <span class='ocrx_word' id='word_1_936' title='bbox 3366 4986 3641 5030; x_wconf 84' lang='lat' dir='ltr'><strong>creaturam</strong></span> <span class='ocrx_word' id='word_1_937' title='bbox 3676 4983 3764 5024; x_wconf 63' lang='lat' dir='ltr'><strong>c556</strong></span> 
     </span>
    </p>
   </div>
   <div class='ocr_carea' id='block_1_112' title="bbox 2246 5051 3761 5119">
    <p class='ocr_par' dir='ltr' id='par_1_112' title="bbox 2246 5051 3761 5119">
     <span class='ocr_line' id='line_1_112' title="bbox 2246 5051 3761 5119; baseline 0.003 -14"><span class='ocrx_word' id='word_1_938' title='bbox 2246 5051 2594 5119; x_wconf 88' lang='lat' dir='ltr'><strong>culpabilem,</strong></span> <span class='ocrx_word' id='word_1_939' title='bbox 2627 5057 2721 5110; x_wconf 88' lang='lat' dir='ltr'><strong>sed</strong></span> <span class='ocrx_word' id='word_1_940' title='bbox 2763 5059 3172 5116; x_wconf 85' lang='lat' dir='ltr'><strong>inobedientiam</strong></span> <span class='ocrx_word' id='word_1_941' title='bbox 3204 5075 3557 5119; x_wconf 79' lang='lat' dir='ltr'><strong>contumacem</strong></span> <span class='ocrx_word' id='word_1_942' title='bbox 3584 5072 3630 5117; x_wconf 89' lang='lat' dir='ltr'><strong>et</strong></span> <span class='ocrx_word' id='word_1_943' title='bbox 3654 5061 3761 5113; x_wconf 83' lang='lat' dir='ltr'><strong>inor-</strong></span> 
     </span>
    </p>
   </div>
   <div class='ocr_carea' id='block_1_113' title="bbox 2245 5140 3765 5225">
    <p class='ocr_par' dir='ltr' id='par_1_113' title="bbox 2245 5140 3765 5225">
     <span class='ocr_line' id='line_1_113' title="bbox 2245 5140 3765 5225; baseline 0.017 -31"><span class='ocrx_word' id='word_1_944' title='bbox 2245 5140 2477 5195; x_wconf 90' lang='lat' dir='ltr'><strong>dinatant</strong></span> <span class='ocrx_word' id='word_1_945' title='bbox 2517 5147 2891 5214; x_wconf 87' lang='lat' dir='ltr'><strong>cupiditatem;</strong></span> <span class='ocrx_word' id='word_1_946' title='bbox 2921 5168 3023 5205; x_wconf 90' lang='lat' dir='ltr'><strong>tton</strong></span> <span class='ocrx_word' id='word_1_947' title='bbox 3055 5142 3268 5223; x_wconf 88' lang='lat' dir='ltr'><strong>propter</strong></span> <span class='ocrx_word' id='word_1_948' title='bbox 3310 5172 3546 5225; x_wconf 78' lang='lat' dir='ltr'><strong>pot-cum,</strong></span> <span class='ocrx_word' id='word_1_949' title='bbox 3572 5152 3650 5206; x_wconf 84' lang='lat' dir='ltr'><strong>sed</strong></span> <span class='ocrx_word' id='word_1_950' title='bbox 3674 5163 3765 5218; x_wconf 72' lang='lat'><strong>9&quot;&quot;</strong></span> 
     </span>
    </p>
   </div>
   <div class='ocr_carea' id='block_1_114' title="bbox 2248 5238 3759 5316">
    <p class='ocr_par' dir='ltr' id='par_1_114' title="bbox 2248 5238 3759 5316">
     <span class='ocr_line' id='line_1_114' title="bbox 2248 5238 3759 5316; baseline 0.009 -32"><span class='ocrx_word' id='word_1_951' title='bbox 2248 5242 2364 5301; x_wconf 87' lang='lat' dir='ltr'><strong>pter</strong></span> <span class='ocrx_word' id='word_1_952' title='bbox 2386 5248 2601 5302; x_wconf 85' lang='lat' dir='ltr'><strong>pomum</strong></span> <span class='ocrx_word' id='word_1_953' title='bbox 2622 5248 2846 5295; x_wconf 87' lang='lat' dir='ltr'><strong>mortem</strong></span> <span class='ocrx_word' id='word_1_954' title='bbox 2873 5242 3073 5311; x_wconf 90' lang='lat' dir='ltr'><strong>printus</strong></span> <span class='ocrx_word' id='word_1_955' title='bbox 3100 5238 3759 5316; x_wconf 61' lang='lat' dir='ltr'><strong>homoinvenit(Cenanti).</strong></span> 
     </span>
    </p>
   </div>
   <div class='ocr_carea' id='block_1_115' title="bbox 2246 5326 3760 5408">
    <p class='ocr_par' dir='ltr' id='par_1_115' title="bbox 2246 5326 3760 5408">
     <span class='ocr_line' id='line_1_115' title="bbox 2246 5326 3760 5408; baseline 0.017 -30"><span class='ocrx_word' id='word_1_956' title='bbox 2246 5332 2299 5378; x_wconf 88' lang='lat' dir='ltr'><strong>et</strong></span> <span class='ocrx_word' id='word_1_957' title='bbox 2325 5326 2461 5381; x_wconf 76' lang='lat' dir='ltr'><strong>Esau</strong></span> <span class='ocrx_word' id='word_1_958' title='bbox 2492 5332 2747 5398; x_wconf 88' lang='lat' dir='ltr'><strong>primatus</strong></span> <span class='ocrx_word' id='word_1_959' title='bbox 2769 5349 2894 5389; x_wconf 89' lang='lat' dir='ltr'><strong>suos</strong></span> <span class='ocrx_word' id='word_1_960' title='bbox 2924 5351 3029 5389; x_wconf 90' lang='lat' dir='ltr'><strong>non</strong></span> <span class='ocrx_word' id='word_1_961' title='bbox 3058 5351 3267 5407; x_wconf 85' lang='lat' dir='ltr'><strong>propter</strong></span> <span class='ocrx_word' id='word_1_962' title='bbox 3291 5340 3549 5408; x_wconf 78' lang='lat' dir='ltr'><strong>gallinam,</strong></span> <span class='ocrx_word' id='word_1_963' title='bbox 3572 5334 3650 5390; x_wconf 73' lang='lat' dir='ltr'><strong>sed</strong></span> <span class='ocrx_word' id='word_1_964' title='bbox 3668 5343 3760 5401; x_wconf 67' lang='lat' dir='ltr'><strong>Pm&#39;</strong></span> 
     </span>
    </p>
   </div>
   <div class='ocr_carea' id='block_1_116' title="bbox 2246 5418 3376 5500">
    <p class='ocr_par' dir='ltr' id='par_1_116' title="bbox 2246 5418 3376 5500">
     <span class='ocr_line' id='line_1_116' title="bbox 2246 5418 3376 5500; baseline 0.011 -31"><span class='ocrx_word' id='word_1_965' title='bbox 2246 5426 2364 5485; x_wconf 88' lang='lat' dir='ltr'><strong>pter</strong></span> <span class='ocrx_word' id='word_1_966' title='bbox 2389 5418 2692 5495; x_wconf 87' lang='lat' dir='ltr'><strong>lenticulam</strong></span> <span class='ocrx_word' id='word_1_967' title='bbox 2723 5425 2949 5491; x_wconf 91' lang='lat' dir='ltr'><strong>perdidit</strong></span> <span class='ocrx_word' id='word_1_968' title='bbox 2980 5426 3087 5499; x_wconf 91' lang='lat' dir='ltr'><strong>(Id.</strong></span> <span class='ocrx_word' id='word_1_969' title='bbox 3118 5445 3237 5492; x_wconf 74' lang='lat' dir='ltr'><strong>xxv,</strong></span> <span class='ocrx_word' id='word_1_970' title='bbox 3265 5429 3376 5500; x_wconf 67' lang='lat' dir='ltr'><strong>3t).</strong></span> 
     </span>
    </p>
   </div>
   <div class='ocr_carea' id='block_1_117' title="bbox 2314 5513 3758 5591">
    <p class='ocr_par' dir='ltr' id='par_1_117' title="bbox 2314 5513 3758 5591">
     <span class='ocr_line' id='line_1_117' title="bbox 2314 5513 3758 5591; baseline -0.008 -9"><span class='ocrx_word' id='word_1_971' title='bbox 2314 5514 2369 5566; x_wconf 57' lang='grc' dir='ltr'><strong>Ἰ·</strong></span> <span class='ocrx_word' id='word_1_972' title='bbox 2411 5513 2687 5581; x_wconf 83' lang='lat' dir='ltr'><strong>Quomodo</strong></span> <span class='ocrx_word' id='word_1_973' title='bbox 2724 5532 2853 5587; x_wconf 84' lang='lat' dir='ltr'><strong>ergo</strong></span> <span class='ocrx_word' id='word_1_974' title='bbox 2893 5519 3282 5591; x_wconf 81' lang='lat' dir='ltr'><strong>intelligendum</strong></span> <span class='ocrx_word' id='word_1_975' title='bbox 3323 5531 3421 5584; x_wconf 83' lang='lat' dir='ltr'><strong>est,</strong></span> <span class='ocrx_word' id='word_1_976' title='bbox 3459 5519 3758 5586; x_wconf 68' lang='lat' dir='ltr'><strong>Quadrantes!</strong></span> 
     </span>
    </p>
   </div>
   <div class='ocr_carea' id='block_1_118' title="bbox 2245 5606 3753 5686">
    <p class='ocr_par' dir='ltr' id='par_1_118' title="bbox 2245 5606 3753 5686">
     <span class='ocr_line' id='line_1_118' title="bbox 2245 5606 3753 5686; baseline -0.001 -27"><span class='ocrx_word' id='word_1_977' title='bbox 2245 5606 2502 5677; x_wconf 82' lang='lat' dir='ltr'><strong>petieritis,</strong></span> <span class='ocrx_word' id='word_1_978' title='bbox 2535 5607 2628 5659; x_wconf 87' lang='lat' dir='ltr'><strong>hoc</strong></span> <span class='ocrx_word' id='word_1_979' title='bbox 2657 5609 2860 5679; x_wconf 88' lang='lat' dir='ltr'><strong>faciam,</strong></span> <span class='ocrx_word' id='word_1_980' title='bbox 2897 5612 2940 5665; x_wconf 91' lang='lat' dir='ltr'><strong>si</strong></span> <span class='ocrx_word' id='word_1_981' title='bbox 2972 5613 3108 5668; x_wconf 77' lang='lat' dir='ltr'><strong>Deus</strong></span> <span class='ocrx_word' id='word_1_982' title='bbox 3133 5616 3299 5686; x_wconf 89' lang='lat' dir='ltr'><strong>aliqua</strong></span> <span class='ocrx_word' id='word_1_983' title='bbox 3324 5615 3601 5685; x_wconf 87' lang='lat' dir='ltr'><strong>petentibus</strong></span> <span class='ocrx_word' id='word_1_984' title='bbox 3625 5606 3753 5663; x_wconf 81' lang='lat' dir='ltr'><strong>ﬁdeli-</strong></span> 
     </span>
    </p>
   </div>
   <div class='ocr_carea' id='block_1_119' title="bbox 2243 5697 3752 5769">
    <p class='ocr_par' dir='ltr' id='par_1_119' title="bbox 2243 5697 3752 5769">
     <span class='ocr_line' id='line_1_119' title="bbox 2243 5697 3752 5769; baseline 0.003 -16"><span class='ocrx_word' id='word_1_985' title='bbox 2243 5698 2344 5753; x_wconf 90' lang='lat' dir='ltr'><strong>btts</strong></span> <span class='ocrx_word' id='word_1_986' title='bbox 2370 5697 2532 5752; x_wconf 89' lang='lat' dir='ltr'><strong>etiam</strong></span> <span class='ocrx_word' id='word_1_987' title='bbox 2571 5701 2901 5757; x_wconf 89' lang='lat' dir='ltr'><strong>consulendo</strong></span> <span class='ocrx_word' id='word_1_988' title='bbox 2929 5719 3036 5761; x_wconf 91' lang='lat' dir='ltr'><strong>non</strong></span> <span class='ocrx_word' id='word_1_989' title='bbox 3073 5706 3225 5763; x_wconf 77' lang='lat' dir='ltr'><strong>facit?</strong></span> <span class='ocrx_word' id='word_1_990' title='bbox 3258 5706 3342 5762; x_wconf 84' lang='lat' dir='ltr'><strong>An</strong></span> <span class='ocrx_word' id='word_1_991' title='bbox 3359 5706 3490 5762; x_wconf 85' lang='lat' dir='ltr'><strong>forte</strong></span> <span class='ocrx_word' id='word_1_992' title='bbox 3511 5703 3629 5761; x_wconf 78' lang='lat' dir='ltr'><strong>solis</strong></span> <span class='ocrx_word' id='word_1_993' title='bbox 3645 5704 3752 5769; x_wconf 78' lang='grc' dir='ltr'><strong>Δρο-</strong></span> 
     </span>
    </p>
   </div>
   <div class='ocr_carea' id='block_1_120' title="bbox 2306 5822 3001 5888">
    <p class='ocr_par' dir='ltr' id='par_1_120' title="bbox 2306 5822 3001 5888">
     <span class='ocr_line' id='line_1_120' title="bbox 2306 5822 3001 5888; baseline 0.02 -20"><span class='ocrx_word' id='word_1_994' title='bbox 2306 5824 2323 5853; x_wconf 75' lang='grc' dir='ltr'>ί</span> <span class='ocrx_word' id='word_1_995' title='bbox 2351 5828 2399 5869; x_wconf 87' lang='lat' dir='ltr'><strong>In</strong></span> <span class='ocrx_word' id='word_1_996' title='bbox 2423 5822 2578 5873; x_wconf 82' lang='lat' dir='ltr'><strong>tribus</strong></span> <span class='ocrx_word' id='word_1_997' title='bbox 2593 5831 2721 5888; x_wconf 38' lang='lat' dir='ltr'><strong>Mssa</strong></span> <span class='ocrx_word' id='word_1_998' title='bbox 2743 5827 3001 5881; x_wconf 78' lang='lat' dir='ltr'><strong>orantibus.</strong></span> 
     </span>
    </p>
   </div>
  </div>
