3926 6364
133 343 258 405 1825

129 462 262 522 stolis
278 459 478 516 dictum
507 455 759 513 debemus
787 453 1059 525 accipere?
1079 451 1252 507 Absit.
1283 451 1434 510 Unde
1455 454 1598 509 enim
1620 451 1688 507 ad

129 561 221 613 hoc
250 559 391 608 venit
420 560 479 605 ut
506 550 723 613 diceret,
756 545 999 617 superius
1037 545 1275 612 dixerat,
1311 545 1412 612 Qui
1452 545 1607 599 credit
1636 542 1689 599 in

126 664 220 712 ιιιε,
250 660 400 714 opera
427 659 547 716 quia
573 658 661 713 ego
687 641 821 713 facio
842 681 857 704 ,
888 640 1072 711 faciet,
1105 647 1152 693 et
1177 640 1374 705 maiora
1397 638 1577 692 horum
1605 642 1688 709 fa-

124 750 206 796 ciet
236 755 255 793 :
288 737 354 793 de
378 750 483 805 qua
515 750 577 791 re
606 733 831 802 pristino
858 747 1104 788 sermone
1135 733 1496 788 tractavimus.
1527 731 1592 786 Et
1622 745 1689 786 ne

122 831 377 901 quisquam
409 825 514 880 hoc
543 825 638 880 sibi
664 823 951 888 tribueret,
982 833 1041 877 ut
1067 822 1226 877 etiam
1267 821 1352 876 illa
1380 836 1542 890 opera
1570 836 1687 875 ma-

118 922 218 990 jora
244 919 476 988 seipsum
522 916 693 971 facere
735 912 1076 978 ostenderet,
1106 912 1325 983 adjecit,
1373 922 1532 984 atque
1575 913 1684 968 ait:

123 1013 237 1080 Quia
259 1028 345 1082 ego
374 1010 444 1063 ad
470 1007 681 1063 Patrem
705 1007 867 1073 vado;
904 1016 951 1060 et
988 1006 1334 1076 quodcumque
1371 1007 1607 1077 petieritis
1634 1006 1689 1060 in

120 1103 298 1158 nomine
316 1117 447 1162 meo,
471 1099 568 1154 hoc
591 1099 796 1171 faciam.
823 1096 1087 1167 Numquid
1111 1098 1162 1151 in
1185 1112 1304 1153 eum
1327 1098 1424 1152 soli
1448 1097 1688 1167 Apostoli

118 1192 486 1249 crediderunt?
532 1190 612 1246 Ad
641 1205 737 1245 eos
761 1189 939 1259 itaque
968 1188 1283 1259 loquebatur
1308 1187 1557 1273 diceiqdo,
1589 1186 1688 1254 Qui

120 1283 252 1338 credit
291 1283 343 1336 in
373 1297 481 1347 me,
512 1282 567 1336 in
590 1281 781 1352 quibus
806 1293 873 1335 co
899 1279 1132 1335 donante
1159 1279 1317 1334 etiam
1349 1295 1447 1334 nos
1480 1294 1686 1346 sumus,

120 1374 193 1444 qui
231 1373 405 1443 utique
447 1386 558 1426 non
610 1369 980 1441 quodcumque
1026 1369 1337 1439 petierimus
1376 1368 1683 1440 accipimus.

122 1465 246 1537 Ipsos
270 1479 484 1534 quoque
512 1462 849 1518 beatissimos
877 1460 920 1514 si
952 1461 1248 1531 cogitemus
1276 1459 1577 1529 Apostolos,
1608 1459 1687 1513 iu-

120 1557 334 1612 venimus
360 1570 486 1610 eum
520 1554 611 1623 qui
655 1552 772 1622 plus
791 1551 1038 1607 omnibus
1063 1549 1350 1613 laboravit,
1376 1564 1484 1603 non
1509 1557 1686 1604 autem

120 1651 232 1721 ipse,
252 1649 341 1705 sed
366 1648 543 1719 gratia
575 1646 665 1702 Dei
691 1660 813 1701 cum
843 1646 960 1714 ipso
981 1644 998 1713 (
1021 1642 1180 1698 ICor.
1200 1658 1291 1707 xv,
1319 1644 1446 1713 10),
1479 1652 1558 1698 ter
1586 1643 1688 1697 Do-

121 1741 294 1796 minum
332 1753 560 1809 rogasse
601 1745 658 1791 ut
684 1736 752 1791 ab
779 1751 846 1791 eo
879 1734 1177 1790 discederet
1202 1733 1423 1803 angelus
1451 1741 1680 1796 solante,

119 1847 201 1886 nec
225 1841 393 1885 tamen
419 1829 568 1898 quod
610 1835 889 1897 rogaverat
925 1825 1197 1893 accepisse
1216 1822 1281 1894 (ll
1307 1823 1423 1877 Cor.
1459 1839 1555 1889 xit,
1603 1821 1681 1893 8).

120 1921 233 1991 Quid
276 1920 549 1985 dicemus,
591 1916 969 1973 charissimi‘?
1002 1916 1379 1970 Putaliimnsne
1419 1916 1519 1969 hoc
1558 1928 1685 1984 pro-

123 2013 310 2067 missum
329 2011 417 2066 tibi
433 2011 535 2073 ait,
562 2011 923 2079 Quodcumque
948 2007 1205 2079 petieritis,
1231 2008 1323 2061 hoc
1353 2007 1557 2078 faciant,
1588 2023 1685 2062 nec

124 2105 358 2175 Apostolis
386 2103 559 2159 fuisse
597 2103 665 2156 ab
711 2102 801 2156 illo
841 2100 1197 2169 completum?
1241 2100 1307 2154 Et
1350 2099 1435 2154 cui
1470 2098 1683 2154 tandem

124 2196 236 2266 quod
260 2196 525 2264 promittit
546 2194 805 2265 implebit,
836 2193 881 2248 si
903 2194 1184 2264 Apostolus
1211 2207 1337 2247 suos
1362 2190 1416 2245 in
1438 2206 1531 2246 sua
1562 2206 1689 2261 pro-

126 2289 342 2344 missione
369 2288 679 2344 fraudavit?

180 2379 226 2433 3.
258 2378 458 2449 Evigila
504 2379 682 2449 igitur.
730 2377 890 2431 homo
938 2375 1128 2442 ﬁdelis,
1160 2384 1215 2430 et
1254 2375 1535 2447 vigilanter
1560 2374 1684 2431 audi

126 2470 238 2542 quod
282 2472 388 2527 illic
428 2471 666 2544 positum
697 2479 799 2536 est,
830 2470 883 2524 in
921 2470 1121 2524 nomine
1151 2486 1257 2524 meo
1285 2487 1304 2523 :
1332 2470 1503 2540 ipsum
1541 2469 1685 2525 enim

123 2561 464 2633 quodcumque,
506 2578 611 2616 non
660 2561 753 2625 ait,
802 2559 1061 2631 petieritis
1104 2570 1423 2631 utcumque;
1468 2559 1584 2624 sed,
1631 2561 1687 2614 in

126 2654 289 2707 notitiae
326 2669 469 2707 meo.
503 2652 605 2719 Qui
639 2651 881 2721 promisit
904 2666 1032 2721 ergo
1057 2659 1164 2705 tam
1204 2666 1450 2720 magnum
1483 2651 1686 2706 beneﬁ-

126 2745 260 2805 cium.
283 2744 419 2815 quid
448 2744 710 2800 vocatur?
741 2741 933 2813 Utique
954 2741 1196 2797 Christus
1224 2742 1380 2798 Jesus
1405 2762 1416 2795 :
1440 2742 1685 2799 Christus

127 2838 345 2909 signiﬁcat
408 2854 615 2910 regem,
663 2836 818 2894 Jesns
860 2837 1122 2909 signiﬁcat
1167 2837 1495 2893 Salvatorem
1530 2855 1542 2891 :
1577 2854 1684 2893 non

129 2930 270 3000 utique
289 2947 387 2986 nos
423 2930 602 2984 salvos
625 2929 800 2992 faciet,
829 2930 1150 2999 quicumque
1178 2944 1292 2995 rex,
1322 2928 1414 2984 sed
1455 2944 1548 2984 rex
1577 2929 1685 2984 Sal-

128 3028 278 3087 vator;
301 3038 359 3077 ac
395 3037 495 3090 per
523 3019 624 3074 boe
650 3018 1022 3089 quodcumque
1050 3020 1277 3088 petimus
1297 3018 1549 3073 adversus
1577 3020 1684 3075 uti-

131 3109 292 3166 litatem
334 3110 552 3173 salutis,
605 3125 710 3164 non
760 3109 989 3180 petimus
1028 3108 1083 3163 in
1128 3108 1343 3164 nomine
1371 3110 1680 3165 Salvatoris.

132 3199 354 3259 Ettatueu
396 3203 514 3273 ipse
552 3199 795 3257 Salvator
835 3209 937 3265 est,
967 3215 1069 3254 non
1096 3202 1268 3255 solum
1310 3200 1521 3271 quando
1559 3200 1685 3256 facit

131 3292 241 3362 quod
278 3294 533 3364 petimus,
573 3306 755 3346 verum
799 3291 958 3346 etiam
995 3290 1206 3361 quando
1233 3306 1335 3346 non
1364 3291 1519 3353 facit;
1546 3307 1682 3363 quo-

132 3385 242 3438 niam
272 3384 418 3457 quod
461 3385 609 3440 videt
650 3385 754 3454 peti
796 3394 979 3440 contra
1010 3385 1258 3449 salutem,
1290 3401 1395 3440 non
1444 3386 1683 3443 faciendo

134 3474 270 3542 potius
307 3492 371 3532 se
424 3475 642 3531 exhibet
689 3474 1035 3531 Salvatorem.
1071 3475 1226 3531 Novit
1262 3477 1402 3531 enim
1446 3479 1683 3535 medicus

133 3564 226 3634 quid
252 3581 341 3635 pro
369 3581 490 3633 sua,
516 3564 642 3636 quid
667 3575 850 3620 contra
879 3581 1028 3619 suam
1056 3567 1277 3620 salutem
1301 3576 1486 3637 poscat
1508 3583 1681 3639 aegro.

26 3638 35 3713 ξ
134 3664 224 3719 tus;
246 3666 289 3712 el
310 3658 437 3714 ideo
459 3660 726 3711 contraria
754 3656 1018 3722 poscentis
1052 3671 1158 3710 non
1181 3655 1304 3711 facit
1333 3638 1678 3727 voluntatem,

133 3753 175 3798 ut
195 3745 335 3804 faciat
373 3748 677 3802 sanitatem.
721 3747 1052 3817 Quapropter
1089 3746 1300 3815 quando
1342 3748 1583 3804 volumus
1626 3758 1683 3805 ut

135 3834 640 3910 faciatqnodcumqne
657 3837 904 3908 petimus,
925 3852 1031 3892 non
1050 3846 1352 3908 utcumque,
1375 3839 1468 3893 sed
1502 3841 1552 3894 in
1581 3856 1681 3895 no-

26 3948 33 3989 :
106 3928 245 3995 lmine
269 3932 383 4001 ejus
406 3940 669 4000 petamus,
700 3928 803 3984 hoe
829 3938 912 3984 est
940 3929 994 3983 in
1029 3930 1244 3984 nomine
1268 3929 1557 3984 Salvator-is
1584 3947 1679 4001 pe-

136 4027 289 4078 tamus.
316 4023 434 4079 Non
479 4039 607 4094 ergo
635 4033 817 4078 contra
866 4034 1100 4077 nostram
1131 4024 1354 4078 saltttem
1395 4033 1633 4094 petamus
1663 4042 1676 4078 :

24 4136 35 4189 ξ
134 4116 244 4182 Ψιοά
267 4118 309 4172 si
341 4117 545 4179 fecerit,
592 4133 698 4171 non
738 4126 794 4172 ut
832 4116 1074 4172 Salvator
1102 4116 1246 4184 facit,
1285 4119 1425 4189 quod
1472 4129 1554 4175 est
1581 4136 1680 4175 no-

135 4219 230 4260 men
251 4209 361 4279 ejus
387 4209 632 4264 ﬁdelibus
653 4208 787 4276 ejus.
823 4207 919 4262 Est
945 4209 1140 4278 quippe
1178 4209 1352 4278 impiis
1381 4222 1435 4265 et
1462 4211 1681 4267 damna-

137 4301 217 4359 lor,
252 4300 333 4369 qui
362 4301 612 4371 dignatur
653 4298 895 4354 ﬁdelibus
937 4314 1057 4355 esse
1099 4300 1357 4356 Salvator.
1408 4303 1506 4369 Qui
1553 4319 1680 4375 ergo

135 4390 266 4445 credit
295 4393 345 4447 in
373 4409 519 4459 eum,
575 4391 943 4463 quodcumque
990 4394 1202 4464 petierit
1242 4396 1291 4448 in
1339 4410 1404 4449 eo
1444 4397 1675 4463 nomine,

136 4480 247 4546 quod
266 4492 344 4539 est
374 4484 480 4539 illis
511 4484 599 4554 qui
624 4483 846 4539 credunt
869 4484 920 4537 in
944 4498 1087 4547 eum,
1119 4483 1220 4539 hoc
1246 4485 1398 4551 facit;
1430 4488 1678 4557 quoniam

138 4568 215 4627 huc
236 4575 360 4633 sicut
387 4577 630 4633 Salvator
662 4576 804 4632 facit.
832 4577 888 4632 Si
923 4587 1097 4633 autem
1124 4577 1214 4648 qui
1256 4579 1308 4632 in
1338 4594 1460 4634 eum
1487 4582 1675 4646 credit,

137 4662 296 4735 aliquid
332 4685 428 4739 per
467 4669 814 4740 ignorantiam
856 4679 1040 4724 contra
1067 4684 1216 4724 suam
1257 4668 1478 4726 salutem
1522 4674 1673 4742 petit,

139 4765 220 4809 non
258 4758 304 4813 in
331 4761 550 4815 nomine
594 4759 885 4817 Salvatoris
927 4761 1088 4830 petit;
1118 4761 1240 4832 quia
1282 4762 1523 4818 Salvator
1562 4764 1678 4835 ejus

138 4858 219 4901 non
239 4852 346 4918 erit,
368 4852 412 4906 si
433 4852 576 4924 quod
605 4852 723 4921 ejus
756 4853 982 4907 salutem
1012 4853 1250 4925 impedit,
1285 4853 1488 4911 fecerit.
1521 4855 1677 4913 Unde

140 4944 238 4994 tunc
260 4945 462 5017 expedit
506 4944 678 5015 potius
725 4952 783 4999 ut
829 4961 934 4999 non
986 4943 1225 4999 faciendo
1273 4956 1487 5017 prop'er
1532 4947 1674 5018 quod

140 5025 388 5103 invocatur,
422 5036 577 5091 iaciat
619 5035 759 5105 quod
787 5047 1020 5091 vocatur.
1054 5036 1337 5105 Propterea
1366 5054 1469 5094 non
1499 5039 1671 5095 solum

141 5112 351 5189 Salvator,
375 5127 467 5181 sed
506 5127 665 5181 etiam
710 5128 959 5197 magister
1000 5127 1191 5193 bonus,
1232 5138 1287 5183 ut
1318 5131 1475 5185 faciat
1509 5132 1677 5202 quod-

143 5219 327 5285 tumque
375 5219 705 5287 petierimus,
760 5220 811 5273 in
860 5220 971 5290 ipsa
1024 5224 1266 5276 oratione
1307 5237 1466 5293 quam
1523 5223 1675 5279 nobis

140 5295 270 5371 dedit,
295 5307 468 5364 docuit
511 5310 638 5381 quid
682 5320 955 5380 prtamus;
1006 5322 1062 5366 nt
1100 5315 1260 5367 etiam
1307 5314 1383 5368 sic
1412 5314 1673 5385 intelliga-

142 5401 233 5448 ntus
263 5412 357 5453 non
399 5412 579 5470 petere
621 5416 719 5457 nos
755 5402 805 5455 in
836 5404 1047 5458 nomine
1074 5404 1333 5474 magistri,
1364 5405 1505 5477 quod
1535 5407 1672 5478 peti-

142 5489 235 5539 mus
260 5498 438 5556 pneter
460 5492 695 5563 regulam
722 5492 887 5561 ipsius
907 5496 1213 5565 magisterii.

193 5576 235 5632 l.
269 5580 397 5639 Sane
417 5584 662 5656 quaedam
686 5587 925 5656 quamvis
950 5586 1002 5644 in
1022 5590 1236 5647 nomine
1260 5591 1375 5662 ejus
1405 5580 1669 5663 petamus,

292 5722 358 5779 8.,
527 5718 750 5785 didm“,
774 5720 1058 5777 carissimi?
1101 5732 1175 5777 Er.
1199 5729 1344 5791 Lugd.
1393 5737 1512 5780 ven.
1559 5738 1669 5784 ων.

143 5776 539 5835 Misimus.»

1153 326 1559 394 τιιΑοτΑτυε
1594 332 1830 392 LXXIV.
1870 335 2098 396 CAPUT
2137 337 2277 396 XIV.

1795 450 1848 506 id
1878 459 1959 509 est
1983 453 2277 510 secundum
2312 454 2644 513 Salvatorem
2666 465 2721 515 et
2750 461 3046 520 secundum
3073 465 3387 538 magistrum

1796 555 2068 615 petamus;
2103 563 2209 604 non
2237 557 2364 605 tunc
2389 549 2602 623 quando
2640 552 2870 624 petimus
2910 553 3171 625 facit,sed
3211 568 3389 617 tamen

1794 637 1936 694 facit.
1966 640 2150 712 Neque
2185 643 2328 697 enim
2356 644 2479 713 quia
2518 655 2573 701 et
2600 644 2728 700 illud
2751 648 2983 718 petimus
3007 658 3065 705 ut
3093 652 3270 708 veniat
3294 669 3387 711 re-

1793 746 1956 801 gnum
2002 734 2119 802 Dei,
2151 744 2431 806 propterea
2472 752 2578 792 non
2623 737 2748 794 facit
2792 741 2935 812 quod
2982 744 3230 814 petimus.
3260 748 3387 818 quia

1794 841 1903 881 non
1922 831 2099 884 statim
2128 846 2249 885 cum
2272 831 2362 886 illo
2388 831 2440 886 iu
2469 834 2767 889 mternitate
2785 849 3072 905 regnamus
3101 856 3115 893 :
3141 838 3388 898 differtur

1794 922 1936 978 enim
1964 923 2105 994 quod
2133 925 2384 994 petimus,
2417 942 2524 982 non
2552 936 2792 999 negatur.
2825 928 3203 988 Verumtamen
3230 948 3390 990 oran-

1794 1019 1876 1067 tes
1924 1021 2173 1084 tanquam
2224 1017 2549 1073 seminantes
2598 1033 2703 1073 non
2756 1018 3100 1088 deﬁciamus;
3146 1031 3390 1094 tempore

1794 1101 1936 1155 enim
1967 1103 2184 1172 praprio
2223 1114 2484 1161 metemus
2513 1105 2711 1179 (Galat.
2737 1124 2811 1174 γι,
2845 1108 2924 1182 9).
2948 1111 3015 1166 Et
3051 1112 3208 1168 simul
3236 1122 3388 1184 pcta-

1792 1205 1912 1246 mus
1939 1194 2150 1264 quando
2182 1194 2316 1251 bene
2348 1196 2610 1267 petimus.
2657 1208 2716 1253 ut
2757 1214 2861 1255 non
2907 1200 3066 1257 faciat
3092 1203 3232 1275 quod
3280 1219 3388 1262 non

1793 1280 1928 1337 bene
1960 1286 2223 1354 petimus;
2246 1287 2368 1357 quia
2391 1298 2446 1342 et
2475 1288 2540 1343 ad
2569 1287 2671 1344 hoc
2698 1291 2928 1358 pertinet
2951 1293 3090 1363 quod
3117 1294 3171 1349 in
3196 1295 3385 1353 eadem

1791 1374 2033 1429 oratione
2068 1375 2334 1433 dominica
2379 1377 2625 1445 dicimus,
2660 1377 2743 1434 Ne
2776 1398 2867 1436 nos
2907 1382 3098 1456 inferas
3138 1385 3194 1440 in
3220 1396 3386 1442 tenta-

1792 1465 1977 1520 tionem
2004 1466 2216 1538 (Matth.
2245 1486 2321 1537 vr,
2351 1470 2532 1542 9-15).
2565 1472 2749 1543 Neque
2782 1474 2927 1529 enim
2963 1491 3124 1545 parva
3152 1486 3237 1534 est
3264 1488 3385 1535 ten-

1792 1557 1941 1619 tatio,
1974 1558 2017 1612 si
2044 1570 2229 1613 contra
2262 1570 2405 1616 tuam
2434 1562 2503 1616 sit
2544 1578 2756 1619 causam
2799 1574 2885 1619 tua
2927 1567 3236 1635 postulatio.
3267 1568 3381 1625 Non

1790 1657 1967 1702 autem
1996 1651 2325 1721 negligenter
2351 1652 2672 1709 audiendum
2703 1663 2804 1721 est,
2830 1656 2973 1725 quod
3004 1657 3280 1724 Dominus,
3312 1675 3382 1716 ne

1791 1740 2066 1809 quisquam
2095 1757 2215 1796 eum
2247 1751 2455 1812 putaret
2483 1742 2622 1814 quod
2646 1759 2705 1800 se
2726 1745 2970 1815 promisit
2998 1745 3177 1804 facere
3195 1758 3383 1818 peten-

1791 1830 1950 1893 tibus,
1980 1830 2095 1886 sine
2125 1831 2283 1888 Patre
2310 1848 2430 1889 esse
2461 1832 2741 1901 facturum,
2771 1850 2893 1891 cum
2932 1836 3170 1903 dixisset,
3201 1839 3383 1905 Quod-

1788 1939 1996 1994 cumque
2033 1926 2269 1994 petieritis
2298 1928 2350 1979 in
2375 1927 2576 1981 nomine
2600 1944 2729 1993 meo,
2760 1927 2854 1982 Itoc
2885 1929 3090 1999 faciam,
3128 1931 3383 1988 continuo

1788 2015 2032 2083 subjecit,
2064 2015 2132 2070 Ut
2157 2016 2471 2086 gloriﬁcatur
2508 2017 2665 2073 Pater
2705 2019 2759 2073 iu
2805 2018 2965 2083 Filio,
2996 2021 3040 2075 si
3064 2022 3185 2091 quid
3222 2023 3382 2093 petie-

1788 2106 1898 2159 ritis
1922 2107 1975 2161 in
2020 2108 2222 2162 nomine
2264 2125 2392 2177 meo,
2425 2109 2519 2163 hoc
2561 2111 2767 2180 faciam.
2818 2110 2972 2166 Nullo
3021 2113 3180 2168 modo
3224 2115 3383 2186 igitur

1788 2197 1905 2252 sine
1931 2198 2085 2254 Patre
2127 2199 2231 2255 hoc
2274 2200 2446 2256 Filius
2479 2203 2626 2270 facit,
2669 2203 3094 2274 quandoquidem
3131 2208 3265 2261 utin
3292 2208 3382 2265 illo

1789 2288 1949 2344 Pater
1974 2290 2322 2358 gloriﬁcetur,
2364 2304 2644 2362 propterea
2690 2294 2835 2349 facit.
2880 2295 3030 2351 Facit
3067 2312 3194 2368 ergo
3224 2298 3383 2355 Pater

1790 2378 1841 2433 in
1873 2380 2029 2447 Filio,
2059 2389 2115 2436 ut
2152 2382 2319 2438 Filius
2345 2383 2670 2454 glot'ilicetur
2714 2384 2764 2438 in
2814 2385 2970 2441 Patre
3001 2404 3012 2439 :
3043 2396 3098 2441 et
3125 2388 3248 2444 facit
3287 2388 3379 2444 Fi-

1789 2471 1891 2526 lius
1925 2471 1976 2527 in
2013 2472 2170 2529 Patre
2191 2515 2205 2537 ,
2234 2482 2292 2528 ιιι
2323 2474 2484 2531 Pater
2505 2475 2833 2546 gloriﬁcetur
2858 2476 2909 2532 in
2937 2476 3104 2544 Filio;
3128 2480 3380 2550 quoniam

1789 2577 1949 2617 unum
1980 2573 2102 2618 sunt
2128 2563 2287 2620 Pater
2310 2574 2365 2620 et
2384 2564 2568 2620 Filius.

2237 2697 2650 2758 TRACTATUS
2687 2700 2901 2759 LXXIV

1789 2809 1866 2865 De
1892 2827 1948 2865 eo
1976 2812 2110 2884 quod
2137 2812 2234 2880 ait,
2261 2812 2319 2869 Si
2347 2812 2565 2885 diligitis
2585 2830 2694 2882 me,
2723 2815 2972 2873 mandata
2999 2832 3114 2873 mea
3136 2828 3374 2889 servate;

1857 2920 2013 2974 usque
2046 2903 2114 2958 ad
2151 2904 2226 2972 id,
2269 2905 2424 2976 Apud
2467 2922 2563 2963 vos
2609 2909 2863 2975 manebit,
2903 2918 2958 2966 et
2991 2910 3042 2966 in
3076 2911 3226 2968 vobis
3249 2913 3373 2970 erit.

1857 2994 1987 3066 Cap.
2015 3011 2133 3066 xw,
2175 2998 2214 3068 Ῡ
2235 3036 2253 3054 .
2279 2998 2467 3055 1547.

1859 3128 1912 3184 t.
1952 3129 2285 3199 Audivimus,
2314 3131 2523 3199 fratres,
2557 3150 2679 3191 cum
2706 3136 3051 3211 Evangelium
3085 3140 3373 3212 legeretur,

1787 3217 2073 3276 Dominum
2119 3221 2385 3278 dicentem
2425 3242 2439 3279 :
2478 3224 2538 3279 St
2584 3225 2795 3298 diligitis
2837 3246 2936 3296 me,
2982 3231 3224 3287 mandata
3265 3250 3378 3290 mea

1785 3320 1975 3364 servate
2014 3321 2106 3366 :et
2147 3328 2238 3384 ego
2281 3314 2465 3386 rogabo
2506 3313 2734 3385 Patrem,
2771 3326 2817 3373 et
2850 3318 3009 3375 alium
3052 3320 3379 3380 Paracletum

1786 3400 1923 3456 dabit
1951 3402 2089 3459 vobis
2107 3445 2122 3469 ,
2153 3414 2208 3459 ut
2237 3417 2436 3461 maneat
2465 3409 2718 3463 vobiscum
2745 3411 2796 3466 in
2824 3422 3089 3480 cateruam,
3123 3417 3378 3486 Spiritum

1787 3494 2027 3559 veritatis,
2059 3512 2204 3565 quem
2245 3497 2463 3553 mundus
2500 3515 2601 3554 non
2643 3511 2803 3570 potest
2845 3506 3106 3575 accipere;
3128 3509 3249 3571 quia
3275 3526 3379 3565 non

1783 3587 1913 3642 videt
1941 3605 2075 3655 eam,
2121 3606 2212 3645 nec
2256 3591 2347 3644 scit
2384 3609 2515 3646 eum.
2559 3592 2658 3649 Vos
2695 3606 2862 3649 autem
2901 3600 3209 3670 cognoscetis
3235 3616 3374 3670 cum,

1784 3679 1903 3748 quia
1948 3679 2088 3748 apud
2128 3696 2214 3735 vos
2257 3684 2493 3750 manebit,
2522 3693 2569 3738 et
2611 3686 2664 3739 in
2704 3686 2840 3740 vobis
2878 3690 2991 3743 erit.
3038 3689 3197 3747 Multa
3226 3701 3372 3763 sunt,

1784 3784 1902 3838 qua:
1953 3769 2005 3823 in
2055 3770 2171 3825 istis
2218 3774 2396 3841 paucis
2439 3776 2615 3831 verbis
2656 3777 2864 3833 Domini
2894 3782 3250 3852 requirantur;
3278 3784 3375 3842 sed

1784 3862 2007 3915 multum
2038 3871 2122 3917 est
2159 3862 2225 3916 ad
2255 3880 2351 3919 nos
2374 3867 2457 3921 vel
2485 3868 2661 3923 omnia
2683 3886 2802 3939 qum
2830 3870 2917 3927 hic
2937 3876 3223 3944 quaerenda
3249 3884 3378 3934 sunt

1783 3965 2044 4020 quaerere,
2071 3952 2154 4007 vel
2182 3954 2360 4009 omnia
2397 3972 2518 4024 qute
2547 3958 2631 4012 hic
2656 3960 2944 4029 qtueritnus
2979 3964 3239 4022 invenire.
3264 3966 3374 4025 Ve-

1783 4051 2079 4098 rumtamen
2109 4054 2364 4115 quantum
2394 4047 2549 4135 nobis
2580 4049 2839 4108 Dominus
2865 4054 3065 4111 donare
3102 4058 3369 4129 dignatur,

1783 4148 1879 4203 pro
1924 4143 2103 4189 nostra
2143 4145 2197 4190 et
2238 4147 2415 4192 vestra
2459 4140 2772 4208 capacitate,
2800 4143 2924 4211 quid
2967 4145 3144 4203 dicere
3171 4149 3371 4206 debea-

1784 4242 1923 4293 mus,
1951 4235 2004 4282 et
2043 4227 2171 4298 quid
2211 4229 2396 4286 audire
2433 4230 2692 4296 debeatis,
2727 4235 3083 4305 attendentes,
3116 4255 3210 4309 per
3247 4255 3367 4311 nos,

1781 4318 2100 4385 charissimi,
2141 4322 2281 4391 quod
2325 4337 2606 4391 possumus
2650 4325 2866 4392 sumite,
2894 4336 2948 4383 et
2986 4330 3055 4385 ab
3098 4329 3188 4385 illo
3224 4332 3369 4402 quod

1782 4423 1886 4463 non
1920 4424 2200 4478 possumus
2229 4413 2447 4481 poscite.
2487 4414 2740 4484 Spiritum
2771 4418 3094 4487 paracletum
3123 4421 3372 4481 Christus

1782 4502 2025 4570 promisit
2085 4504 2382 4573 Apostolis;
2439 4521 2544 4576 quo
2598 4515 2774 4563 autem
2823 4509 2984 4565 modo
3043 4515 3368 4586 promiserit,

1780 4592 2143 4651 advertamus.
2171 4595 2233 4650 Si
2259 4595 2468 4667 diligitis
2494 4613 2606 4665 me,
2634 4599 2823 4671 inquit,
2855 4604 3095 4659 mandata
3124 4623 3233 4661 mea
3256 4622 3369 4662 ser-

1780 4694 1889 4739 vate
1916 4699 1935 4738 :
1962 4695 2007 4738 et
2042 4702 2135 4756 ego
2155 4687 2340 4757 rogabo
2367 4685 2594 4755 Patrem,
2626 4699 2672 4743 et
2699 4690 2856 4746 alium
2880 4690 3205 4750 Paracletum
3230 4698 3372 4754 dabit

1780 4776 1933 4838 vobis,
1962 4787 2018 4831 ut
2046 4789 2244 4832 maneat
2285 4778 2535 4834 vobiscum
2572 4780 2625 4835 iu
2663 4791 2921 4849 (sternam,
2954 4785 3204 4857 Spiritum
3234 4790 3367 4844 veri-

1783 4868 1918 4921 tatis.
1967 4867 2064 4923 llie
2108 4878 2191 4923 est
2237 4870 2415 4939 utique
2457 4871 2507 4923 in
2563 4869 2820 4928 Trinitate
2862 4872 3089 4943 Spiritus
3128 4889 3364 4949 sanctus,

1780 4973 1938 5028 quem
1970 4959 2113 5014 Patri
2142 4971 2196 5016 et
2226 4960 2358 5015 Filio
2400 4963 2902 5019 consubstantialem
2950 4975 3005 5021 et
3039 4976 3385 5029 comternnm‘

1781 5049 1914 5105 ﬁdes
1941 5050 2205 5107 catholica
2240 5052 2524 5108 conﬁtetur
2551 5071 2565 5108 :
2597 5054 2710 5123 ipse
2735 5057 2907 5112 estde
2939 5073 3045 5128 quo
3068 5059 3196 5117 dicit
3223 5065 3369 5136 Apo-

1777 5140 1967 5206 stolus,
2001 5140 2235 5196 Charitas
2262 5140 2355 5197 Dei
2377 5141 2565 5209 diﬂ‘usa
2596 5154 2669 5199 est
2705 5147 2759 5201 in
2797 5147 3029 5205 cordibus
3060 5154 3247 5208 nostris
3276 5172 3371 5225 per

1781 5230 2028 5301 Spiritum
2075 5243 2327 5300 sanciunt,
2374 5233 2462 5305 qui
2505 5236 2652 5291 datus
2694 5247 2768 5293 est
2814 5238 2955 5294 nobis
2998 5241 3173 5313 (Rom.
3208 5247 3365 5315 v.5).

1777 5322 2055 5390 Quomodo
2078 5339 2206 5395 ergo
2229 5324 2483 5380 Dominus
2513 5325 2659 5393 dicit,
2684 5327 2744 5384 Si
2768 5330 2979 5401 diligitis
3003 5350 3102 5400 me,
3125 5335 3368 5391 mandata

1778 5433 1889 5471 utea
1926 5426 2115 5472 servate
2148 5433 2169 5472 :
2203 5427 2249 5473 et
2277 5436 2367 5491 ego
2392 5421 2579 5491 rogabo
2622 5421 2850 5490 Patrem,
2872 5436 2918 5481 et
2939 5427 3099 5482 alium
3121 5427 3367 5485 Paracle-

1777 5517 1883 5562 tuin
1925 5508 2063 5563 dabit
2112 5508 2287 5574 vobis;
2312 5526 2435 5566 cum
2478 5511 2579 5568 hoc
2606 5513 2749 5571 dicat
2792 5516 2862 5573 de
2902 5518 3101 5590 Spiritu
3153 5529 3361 5592 sancto,

1774 5617 1932 5672 quem
1973 5602 2076 5657 nisi
2106 5601 2418 5672 habeamus,
2453 5621 2551 5662 nec
2580 5606 2802 5679 diligere
2846 5609 3010 5664 Deum
3055 5627 3358 5682 possumus,

1776 5710 1877 5753 nec
1894 5696 2014 5763 ejus
2033 5696 2280 5754 mandata
2307 5700 2558 5757 servare?
2578 5699 2857 5769 Quomodo
2876 5701 3140 5772 diligimus
3163 5714 3218 5762 ut
3236 5721 3364 5769 eum

1777 5786 2121 5860 accipiamus,
2151 5804 2309 5861 quem
2356 5790 2457 5848 nisi
2500 5789 2807 5859 habeamus,
2835 5790 3053 5863 diligere
3083 5812 3189 5855 non
3213 5801 3363 5859 vale-
