  <div class='ocr_page' id='page_1' title='image "/cluster/home/n/w/nwhite01/storage/ocr_20150623/35/uva.x000827104/265.png"; bbox 0 0 3926 6372; ppageno 0'>
   <div class='ocr_carea' id='block_1_1' title="bbox 574 312 716 376">
    <p class='ocr_par' dir='ltr' id='par_1_1' title="bbox 574 312 716 376">
     <span class='ocr_line' id='line_1_1' title="bbox 574 312 716 376; baseline -0.028 1"><span class='ocrx_word' id='word_1_1' title='bbox 574 312 716 376; x_wconf 65' lang='grc'><strong>1887</strong></span> 
     </span>
    </p>
   </div>
   <div class='ocr_carea' id='block_1_2' title="bbox 575 402 2168 499">
    <p class='ocr_par' dir='ltr' id='par_1_2' title="bbox 575 402 2168 499">
     <span class='ocr_line' id='line_1_2' title="bbox 575 402 2168 499; baseline -0.025 -3"><span class='ocrx_word' id='word_1_2' title='bbox 575 435 733 495; x_wconf 81' lang='lat' dir='ltr'><strong>mus?</strong></span> <span class='ocrx_word' id='word_1_3' title='bbox 757 436 852 489; x_wconf 87' lang='lat' dir='ltr'><strong>aut</strong></span> <span class='ocrx_word' id='word_1_4' title='bbox 876 420 1144 498; x_wconf 86' lang='lat' dir='ltr'><strong>quomodo</strong></span> <span class='ocrx_word' id='word_1_5' title='bbox 1169 415 1418 499; x_wconf 87' lang='lat' dir='ltr'><strong>mandata</strong></span> <span class='ocrx_word' id='word_1_6' title='bbox 1437 410 1768 497; x_wconf 77' lang='lat' dir='ltr'><strong>servabimus</strong></span> <span class='ocrx_word' id='word_1_7' title='bbox 1794 414 1853 464; x_wconf 94' lang='lat' dir='ltr'><strong>ut</strong></span> <span class='ocrx_word' id='word_1_8' title='bbox 1876 420 1999 463; x_wconf 91' lang='lat' dir='ltr'><strong>eum</strong></span> <span class='ocrx_word' id='word_1_9' title='bbox 2027 402 2168 460; x_wconf 90' lang='lat' dir='ltr'><strong>acci-</strong></span> 
     </span>
    </p>
   </div>
   <div class='ocr_carea' id='block_1_3' title="bbox 578 502 2168 604">
    <p class='ocr_par' dir='ltr' id='par_1_3' title="bbox 578 502 2168 604">
     <span class='ocr_line' id='line_1_3' title="bbox 578 502 2168 604; baseline -0.026 -17"><span class='ocrx_word' id='word_1_10' title='bbox 578 520 802 604; x_wconf 80' lang='lat' dir='ltr'><strong>piamus,</strong></span> <span class='ocrx_word' id='word_1_11' title='bbox 832 534 992 594; x_wconf 78' lang='lat' dir='ltr'><strong>quem</strong></span> <span class='ocrx_word' id='word_1_12' title='bbox 1034 513 1134 569; x_wconf 92' lang='lat' dir='ltr'><strong>uisi</strong></span> <span class='ocrx_word' id='word_1_13' title='bbox 1174 512 1492 574; x_wconf 82' lang='lat' dir='ltr'><strong>habeamus,</strong></span> <span class='ocrx_word' id='word_1_14' title='bbox 1517 502 1762 604; x_wconf 73' lang='lat' dir='ltr'><strong>mandata</strong></span> <span class='ocrx_word' id='word_1_15' title='bbox 1801 513 2016 604; x_wconf 68' lang='lat' dir='ltr'><strong>servare</strong></span> <span class='ocrx_word' id='word_1_16' title='bbox 2060 508 2168 550; x_wconf 90' lang='lat' dir='ltr'><strong>non</strong></span> 
     </span>
    </p>
   </div>
   <div class='ocr_carea' id='block_1_4' title="bbox 580 589 2169 694">
    <p class='ocr_par' dir='ltr' id='par_1_4' title="bbox 580 589 2169 694">
     <span class='ocr_line' id='line_1_4' title="bbox 580 589 2169 694; baseline -0.02 -21"><span class='ocrx_word' id='word_1_17' title='bbox 580 589 897 694; x_wconf 60' lang='lat' dir='ltr'><strong>ptissunttm?</strong></span> <span class='ocrx_word' id='word_1_18' title='bbox 926 613 1006 666; x_wconf 77' lang='lat' dir='ltr'><strong>An</strong></span> <span class='ocrx_word' id='word_1_19' title='bbox 1053 608 1188 660; x_wconf 89' lang='lat' dir='ltr'><strong>forte</strong></span> <span class='ocrx_word' id='word_1_20' title='bbox 1225 599 1476 683; x_wconf 72' lang='lat' dir='ltr'><strong>pra&#39;eedit</strong></span> <span class='ocrx_word' id='word_1_21' title='bbox 1519 596 1570 683; x_wconf 48' lang='lat' dir='ltr'><strong>i~u</strong></span> <span class='ocrx_word' id='word_1_22' title='bbox 1600 593 1754 681; x_wconf 75' lang='lat' dir='ltr'><strong>nobis</strong></span> <span class='ocrx_word' id='word_1_23' title='bbox 1780 589 2033 655; x_wconf 79' lang='lat' dir='ltr'><strong>eharitas,</strong></span> <span class='ocrx_word' id='word_1_24' title='bbox 2065 601 2169 657; x_wconf 90' lang='lat' dir='ltr'><strong>qua</strong></span> 
     </span>
    </p>
   </div>
   <div class='ocr_carea' id='block_1_5' title="bbox 576 680 2170 782">
    <p class='ocr_par' dir='ltr' id='par_1_5' title="bbox 576 680 2170 782">
     <span class='ocr_line' id='line_1_5' title="bbox 576 680 2170 782; baseline -0.024 -13"><span class='ocrx_word' id='word_1_25' title='bbox 576 680 845 782; x_wconf 73' lang='lat' dir='ltr'><strong>diligimus</strong></span> <span class='ocrx_word' id='word_1_26' title='bbox 888 680 1180 782; x_wconf 79' lang='lat' dir='ltr'><strong>Christum,</strong></span> <span class='ocrx_word' id='word_1_27' title='bbox 1214 701 1272 748; x_wconf 91' lang='lat' dir='ltr'><strong>ut</strong></span> <span class='ocrx_word' id='word_1_28' title='bbox 1311 680 1902 782; x_wconf 35' lang='lat' dir='ltr'><strong>diligendo-Christum.</strong></span> <span class='ocrx_word' id='word_1_29' title='bbox 1947 680 2170 748; x_wconf 89' lang='lat' dir='ltr'><strong>ejusque</strong></span> 
     </span>
    </p>
   </div>
   <div class='ocr_carea' id='block_1_6' title="bbox 577 770 2171 860">
    <p class='ocr_par' dir='ltr' id='par_1_6' title="bbox 577 770 2171 860">
     <span class='ocr_line' id='line_1_6' title="bbox 577 770 2171 860; baseline -0.024 -2"><span class='ocrx_word' id='word_1_30' title='bbox 577 770 823 860; x_wconf 68' lang='lat' dir='ltr'><strong>mandata</strong></span> <span class='ocrx_word' id='word_1_31' title='bbox 861 776 1129 855; x_wconf 83' lang='lat' dir='ltr'><strong>faciendo,</strong></span> <span class='ocrx_word' id='word_1_32' title='bbox 1175 798 1477 840; x_wconf 87' lang='lat' dir='ltr'><strong>mercamur</strong></span> <span class='ocrx_word' id='word_1_33' title='bbox 1505 774 1745 859; x_wconf 82' lang='lat' dir='ltr'><strong>accipere</strong></span> <span class='ocrx_word' id='word_1_34' title='bbox 1766 770 2021 844; x_wconf 75' lang='lat' dir='ltr'><strong>Spiritum</strong></span> <span class='ocrx_word' id='word_1_35' title='bbox 2047 784 2171 824; x_wconf 90' lang='lat' dir='ltr'><strong>san-</strong></span> 
     </span>
    </p>
   </div>
   <div class='ocr_carea' id='block_1_7' title="bbox 577 862 2165 961">
    <p class='ocr_par' dir='ltr' id='par_1_7' title="bbox 577 862 2165 961">
     <span class='ocr_line' id='line_1_7' title="bbox 577 862 2165 961; baseline -0.023 -11"><span class='ocrx_word' id='word_1_36' title='bbox 577 906 743 959; x_wconf 90' lang='lat' dir='ltr'><strong>etmn,</strong></span> <span class='ocrx_word' id='word_1_37' title='bbox 775 899 833 943; x_wconf 92' lang='lat' dir='ltr'><strong>ut</strong></span> <span class='ocrx_word' id='word_1_38' title='bbox 857 868 1093 941; x_wconf 82' lang='lat' dir='ltr'><strong>charitas</strong></span> <span class='ocrx_word' id='word_1_39' title='bbox 1120 894 1225 935; x_wconf 90' lang='lat' dir='ltr'><strong>non</strong></span> <span class='ocrx_word' id='word_1_40' title='bbox 1257 874 1476 935; x_wconf 77' lang='lat' dir='ltr'><strong>Christi.</strong></span> <span class='ocrx_word' id='word_1_41' title='bbox 1518 868 1768 961; x_wconf 5' lang='lat' dir='ltr'><strong>qutegrjam</strong></span> 
     </span>
    </p>
   </div>
   <div class='ocr_carea' id='block_1_8' title="bbox 578 956 2171 1043">
    <p class='ocr_par' dir='ltr' id='par_1_8' title="bbox 578 956 2171 1043">
     <span class='ocr_line' id='line_1_8' title="bbox 578 956 2171 1043; baseline -0.023 0"><span class='ocrx_word' id='word_1_42' title='bbox 578 984 674 1043; x_wconf 88' lang='lat' dir='ltr'><strong>scd</strong></span> <span class='ocrx_word' id='word_1_43' title='bbox 709 956 798 1038; x_wconf 86' lang='lat' dir='ltr'><strong>Dei</strong></span> <span class='ocrx_word' id='word_1_44' title='bbox 840 964 1010 1035; x_wconf 85' lang='lat' dir='ltr'><strong>Patris</strong></span> <span class='ocrx_word' id='word_1_45' title='bbox 1052 968 1381 1029; x_wconf 81' lang='lat' dir='ltr'><strong>diﬂ&#39;undatbr</strong></span> <span class='ocrx_word' id='word_1_46' title='bbox 1431 966 1485 1020; x_wconf 89' lang='lat' dir='ltr'><strong>in</strong></span> <span class='ocrx_word' id='word_1_47' title='bbox 1532 959 1781 1018; x_wconf 80' lang='lat' dir='ltr'><strong>cordibus</strong></span> <span class='ocrx_word' id='word_1_48' title='bbox 1818 956 2028 1043; x_wconf 21' lang='lat' dir='ltr'><strong>yti&#39;os&#39;tris&#39;</strong></span> <span class='ocrx_word' id='word_1_49' title='bbox 2077 956 2171 1024; x_wconf 86' lang='lat' dir='ltr'><strong>per</strong></span> 
     </span>
    </p>
   </div>
   <div class='ocr_carea' id='block_1_9' title="bbox 579 1042 2172 1147">
    <p class='ocr_par' dir='ltr' id='par_1_9' title="bbox 579 1042 2172 1147">
     <span class='ocr_line' id='line_1_9' title="bbox 579 1042 2172 1147; baseline -0.023 -13"><span class='ocrx_word' id='word_1_50' title='bbox 579 1074 831 1147; x_wconf 85' lang='lat' dir='ltr'><strong>Spiritum</strong></span> <span class='ocrx_word' id='word_1_51' title='bbox 876 1075 1119 1143; x_wconf 87' lang='lat' dir='ltr'><strong>sanctum</strong></span> <span class='ocrx_word' id='word_1_52' title='bbox 1154 1060 1242 1134; x_wconf 86' lang='lat' dir='ltr'><strong>qui</strong></span> <span class='ocrx_word' id='word_1_53' title='bbox 1282 1044 1441 1139; x_wconf 79' lang='lat' dir='ltr'><strong>datus</strong></span> <span class='ocrx_word' id='word_1_54' title='bbox 1469 1046 1552 1111; x_wconf 71' lang='lat' dir='ltr'><strong>esi</strong></span> <span class='ocrx_word' id='word_1_55' title='bbox 1588 1049 1777 1147; x_wconf 79' lang='lat' dir='ltr'><strong>nobis?</strong></span> <span class='ocrx_word' id='word_1_56' title='bbox 1805 1042 2061 1147; x_wconf 70' lang='lat' dir='ltr'><strong>Perversa</strong></span> <span class='ocrx_word' id='word_1_57' title='bbox 2089 1052 2172 1100; x_wconf 90' lang='lat' dir='ltr'><strong>est</strong></span> 
     </span>
    </p>
   </div>
   <div class='ocr_carea' id='block_1_10' title="bbox 581 1138 2173 1229">
    <p class='ocr_par' dir='ltr' id='par_1_10' title="bbox 581 1138 2173 1229">
     <span class='ocr_line' id='line_1_10' title="bbox 581 1138 2173 1229; baseline -0.023 -1"><span class='ocrx_word' id='word_1_58' title='bbox 581 1138 680 1228; x_wconf 76' lang='lat' dir='ltr'><strong>ista</strong></span> <span class='ocrx_word' id='word_1_59' title='bbox 707 1162 987 1223; x_wconf 75' lang='lat' dir='ltr'><strong>sententia.</strong></span> <span class='ocrx_word' id='word_1_60' title='bbox 1012 1138 1114 1227; x_wconf 83' lang='lat' dir='ltr'><strong>Qui</strong></span> <span class='ocrx_word' id='word_1_61' title='bbox 1148 1156 1289 1212; x_wconf 88' lang='lat' dir='ltr'><strong>enim</strong></span> <span class='ocrx_word' id='word_1_62' title='bbox 1316 1168 1376 1208; x_wconf 89' lang='lat' dir='ltr'><strong>se</strong></span> <span class='ocrx_word' id='word_1_63' title='bbox 1406 1138 1598 1205; x_wconf 77' lang='lat' dir='ltr'><strong>Filium</strong></span> <span class='ocrx_word' id='word_1_64' title='bbox 1634 1140 1858 1229; x_wconf 72' lang='lat' dir='ltr'><strong>diligere</strong></span> <span class='ocrx_word' id='word_1_65' title='bbox 1880 1139 2075 1227; x_wconf 77' lang='lat' dir='ltr'><strong>credit,</strong></span> <span class='ocrx_word' id='word_1_66' title='bbox 2117 1145 2173 1193; x_wconf 89' lang='lat' dir='ltr'><strong>et</strong></span> 
     </span>
    </p>
   </div>
   <div class='ocr_carea' id='block_1_11' title="bbox 582 1229 2171 1331">
    <p class='ocr_par' dir='ltr' id='par_1_11' title="bbox 582 1229 2171 1331">
     <span class='ocr_line' id='line_1_11' title="bbox 582 1229 2171 1331; baseline -0.021 -10"><span class='ocrx_word' id='word_1_67' title='bbox 582 1266 792 1321; x_wconf 89' lang='lat' dir='ltr'><strong>Patrem</strong></span> <span class='ocrx_word' id='word_1_68' title='bbox 833 1273 936 1313; x_wconf 93' lang='lat' dir='ltr'><strong>non</strong></span> <span class='ocrx_word' id='word_1_69' title='bbox 966 1251 1169 1325; x_wconf 76' lang='lat' dir='ltr'><strong>diligit;</strong></span> <span class='ocrx_word' id='word_1_70' title='bbox 1200 1245 1435 1331; x_wconf 80' lang='lat' dir='ltr'><strong>profecto</strong></span> <span class='ocrx_word' id='word_1_71' title='bbox 1482 1256 1584 1325; x_wconf 79' lang='lat' dir='ltr'><strong>nec</strong></span> <span class='ocrx_word' id='word_1_72' title='bbox 1623 1238 1813 1294; x_wconf 86' lang='lat' dir='ltr'><strong>Filium</strong></span> <span class='ocrx_word' id='word_1_73' title='bbox 1855 1233 2049 1305; x_wconf 81' lang='lat' dir='ltr'><strong>diligit,</strong></span> <span class='ocrx_word' id='word_1_74' title='bbox 2077 1229 2171 1319; x_wconf 87' lang='lat' dir='ltr'><strong>sed</strong></span> 
     </span>
    </p>
   </div>
   <div class='ocr_carea' id='block_1_12' title="bbox 583 1330 2165 1429">
    <p class='ocr_par' dir='ltr' id='par_1_12' title="bbox 583 1330 2165 1429">
     <span class='ocr_line' id='line_1_12' title="bbox 583 1330 2165 1429; baseline -0.021 -18"><span class='ocrx_word' id='word_1_75' title='bbox 583 1355 725 1429; x_wconf 81' lang='lat' dir='ltr'><strong>qitod</strong></span> <span class='ocrx_word' id='word_1_76' title='bbox 754 1353 853 1407; x_wconf 92' lang='lat' dir='ltr'><strong>sibi</strong></span> <span class='ocrx_word' id='word_1_77' title='bbox 885 1351 997 1429; x_wconf 88' lang='lat' dir='ltr'><strong>ipse</strong></span> <span class='ocrx_word' id='word_1_78' title='bbox 1024 1339 1298 1402; x_wconf 79' lang='lat' dir='ltr'><strong>confinxit.</strong></span> <span class='ocrx_word' id='word_1_79' title='bbox 1349 1336 1550 1429; x_wconf 86' lang='lat' dir='ltr'><strong>Deinde</strong></span> <span class='ocrx_word' id='word_1_80' title='bbox 1594 1330 1884 1429; x_wconf 67' lang='lat' dir='ltr'><strong>apostolica</strong></span> <span class='ocrx_word' id='word_1_81' title='bbox 2056 1333 2165 1429; x_wconf 61' lang='lat' dir='ltr'><strong>est,</strong></span> 
     </span>
    </p>
   </div>
   <div class='ocr_carea' id='block_1_13' title="bbox 584 1416 2170 1516">
    <p class='ocr_par' dir='ltr' id='par_1_13' title="bbox 584 1416 2170 1516">
     <span class='ocr_line' id='line_1_13' title="bbox 584 1416 2170 1516; baseline -0.023 -11"><span class='ocrx_word' id='word_1_82' title='bbox 584 1416 636 1504; x_wconf 54' lang='lat' dir='ltr'><strong>iV</strong></span> <span class='ocrx_word' id='word_1_83' title='bbox 642 1463 750 1502; x_wconf 84' lang='lat' dir='ltr'><strong>emo</strong></span> <span class='ocrx_word' id='word_1_84' title='bbox 776 1416 918 1504; x_wconf 70' lang='lat' dir='ltr'><strong>dicit,</strong></span> <span class='ocrx_word' id='word_1_85' title='bbox 946 1428 1191 1516; x_wconf 78' lang='lat' dir='ltr'><strong>Dominus</strong></span> <span class='ocrx_word' id='word_1_86' title='bbox 1208 1432 1379 1496; x_wconf 72' lang='lat' dir='ltr'><strong>Iesus,</strong></span> <span class='ocrx_word' id='word_1_87' title='bbox 1398 1428 1495 1482; x_wconf 84' lang='lat' dir='ltr'><strong>nisi</strong></span> <span class='ocrx_word' id='word_1_88' title='bbox 1516 1427 1569 1480; x_wconf 89' lang='lat' dir='ltr'><strong>in</strong></span> <span class='ocrx_word' id='word_1_89' title='bbox 1591 1424 1786 1493; x_wconf 87' lang='lat' dir='ltr'><strong>Spiritu</strong></span> <span class='ocrx_word' id='word_1_90' title='bbox 1810 1428 1983 1476; x_wconf 88' lang='lat' dir='ltr'><strong>sancto</strong></span> <span class='ocrx_word' id='word_1_91' title='bbox 1997 1417 2036 1490; x_wconf 92' lang='grc' dir='ltr'><strong>(Ι</strong></span> 
     </span>
    </p>
   </div>
   <div class='ocr_carea' id='block_1_14' title="bbox 584 1509 2171 1607">
    <p class='ocr_par' dir='ltr' id='par_1_14' title="bbox 584 1509 2171 1607">
     <span class='ocr_line' id='line_1_14' title="bbox 584 1509 2171 1607; baseline -0.022 -11"><span class='ocrx_word' id='word_1_92' title='bbox 584 1555 682 1606; x_wconf 78' lang='lat' dir='ltr'><strong>xu;</strong></span> <span class='ocrx_word' id='word_1_93' title='bbox 710 1538 764 1607; x_wconf 79' lang='grc'><strong>5)</strong></span> <span class='ocrx_word' id='word_1_94' title='bbox 802 1553 815 1591; x_wconf 86' lang='lat'><strong>:</strong></span> <span class='ocrx_word' id='word_1_95' title='bbox 848 1532 1045 1602; x_wconf 84' lang='lat' dir='ltr'><strong>etquis</strong></span> <span class='ocrx_word' id='word_1_96' title='bbox 1087 1509 1367 1582; x_wconf 82' lang='lat' dir='ltr'><strong>Dominum</strong></span> <span class='ocrx_word' id='word_1_97' title='bbox 1394 1519 1599 1578; x_wconf 71' lang='lat' dir='ltr'><strong>Jesum,</strong></span> <span class='ocrx_word' id='word_1_98' title='bbox 1630 1514 1729 1598; x_wconf 82' lang='lat' dir='ltr'><strong>nisi</strong></span> <span class='ocrx_word' id='word_1_99' title='bbox 1770 1513 1859 1583; x_wconf 89' lang='lat' dir='ltr'><strong>qui</strong></span> <span class='ocrx_word' id='word_1_100' title='bbox 1890 1526 2011 1607; x_wconf 83' lang='lat' dir='ltr'><strong>eum</strong></span> 
     </span>
    </p>
   </div>
   <div class='ocr_carea' id='block_1_15' title="bbox 580 1598 2174 1703">
    <p class='ocr_par' dir='ltr' id='par_1_15' title="bbox 580 1598 2174 1703">
     <span class='ocr_line' id='line_1_15' title="bbox 580 1598 2174 1703; baseline -0.021 -18"><span class='ocrx_word' id='word_1_101' title='bbox 580 1598 682 1703; x_wconf 54' lang='lat' dir='ltr'><strong>git,</strong></span> <span class='ocrx_word' id='word_1_102' title='bbox 707 1598 858 1684; x_wconf 85' lang='lat' dir='ltr'><strong>dicit.</strong></span> <span class='ocrx_word' id='word_1_103' title='bbox 905 1598 955 1679; x_wconf 81' lang='lat' dir='ltr'><strong>si</strong></span> <span class='ocrx_word' id='word_1_104' title='bbox 995 1635 1062 1676; x_wconf 90' lang='lat' dir='ltr'><strong>eo</strong></span> <span class='ocrx_word' id='word_1_105' title='bbox 1112 1616 1271 1673; x_wconf 88' lang='lat' dir='ltr'><strong>modo</strong></span> <span class='ocrx_word' id='word_1_106' title='bbox 1309 1613 1437 1668; x_wconf 83' lang='lat' dir='ltr'><strong>dicit</strong></span> <span class='ocrx_word' id='word_1_107' title='bbox 1482 1624 1588 1680; x_wconf 84' lang='lat' dir='ltr'><strong>quo</strong></span> <span class='ocrx_word' id='word_1_108' title='bbox 1629 1604 1914 1701; x_wconf 81' lang='lat' dir='ltr'><strong>Apostolus</strong></span> <span class='ocrx_word' id='word_1_109' title='bbox 1955 1598 2174 1703; x_wconf 62' lang='lat' dir='ltr'><strong>intelligi</strong></span> 
     </span>
    </p>
   </div>
   <div class='ocr_carea' id='block_1_16' title="bbox 581 1691 2174 1785">
    <p class='ocr_par' dir='ltr' id='par_1_16' title="bbox 581 1691 2174 1785">
     <span class='ocr_line' id='line_1_16' title="bbox 581 1691 2174 1785; baseline -0.02 -6"><span class='ocrx_word' id='word_1_110' title='bbox 581 1691 785 1778; x_wconf 56' lang='lat' dir='ltr'><strong>voluit?</strong></span> <span class='ocrx_word' id='word_1_111' title='bbox 814 1717 956 1772; x_wconf 82' lang='lat' dir='ltr'><strong>Multi</strong></span> <span class='ocrx_word' id='word_1_112' title='bbox 987 1711 1129 1768; x_wconf 87' lang='lat' dir='ltr'><strong>enim</strong></span> <span class='ocrx_word' id='word_1_113' title='bbox 1157 1722 1285 1763; x_wconf 71' lang='lat' dir='ltr'><strong>rore</strong></span> <span class='ocrx_word' id='word_1_114' title='bbox 1314 1704 1518 1785; x_wconf 77' lang='lat' dir='ltr'><strong>dicunt,</strong></span> <span class='ocrx_word' id='word_1_115' title='bbox 1548 1697 1710 1757; x_wconf 86' lang='lat' dir='ltr'><strong>eordc</strong></span> <span class='ocrx_word' id='word_1_116' title='bbox 1739 1693 1917 1750; x_wconf 81' lang='lat' dir='ltr'><strong>atttem</strong></span> <span class='ocrx_word' id='word_1_117' title='bbox 1943 1702 1996 1748; x_wconf 89' lang='lat' dir='ltr'><strong>et</strong></span> <span class='ocrx_word' id='word_1_118' title='bbox 2023 1691 2174 1747; x_wconf 84' lang='lat' dir='ltr'><strong>factis</strong></span> 
     </span>
    </p>
   </div>
   <div class='ocr_carea' id='block_1_17' title="bbox 583 1784 2175 1883">
    <p class='ocr_par' dir='ltr' id='par_1_17' title="bbox 583 1784 2175 1883">
     <span class='ocr_line' id='line_1_17' title="bbox 583 1784 2175 1883; baseline -0.022 -12"><span class='ocrx_word' id='word_1_119' title='bbox 583 1820 781 1883; x_wconf 79' lang='lat' dir='ltr'><strong>negant</strong></span> <span class='ocrx_word' id='word_1_120' title='bbox 804 1828 818 1864; x_wconf 87' lang='lat'><strong>:</strong></span> <span class='ocrx_word' id='word_1_121' title='bbox 844 1808 983 1865; x_wconf 86' lang='lat' dir='ltr'><strong>sicut</strong></span> <span class='ocrx_word' id='word_1_122' title='bbox 1010 1803 1078 1857; x_wconf 90' lang='lat' dir='ltr'><strong>de</strong></span> <span class='ocrx_word' id='word_1_123' title='bbox 1110 1800 1303 1854; x_wconf 75' lang='lat' dir='ltr'><strong>talibus</strong></span> <span class='ocrx_word' id='word_1_124' title='bbox 1325 1796 1419 1854; x_wconf 83' lang='lat' dir='ltr'><strong>ait.</strong></span> <span class='ocrx_word' id='word_1_125' title='bbox 1444 1784 1769 1871; x_wconf 63' lang='lat' dir='ltr'><strong>conﬁtentur</strong></span> <span class='ocrx_word' id='word_1_126' title='bbox 1789 1786 1924 1868; x_wconf 84' lang='lat' dir='ltr'><strong>enim</strong></span> <span class='ocrx_word' id='word_1_127' title='bbox 1948 1801 2002 1838; x_wconf 82' lang='lat' dir='ltr'><strong>se</strong></span> <span class='ocrx_word' id='word_1_128' title='bbox 2031 1798 2175 1836; x_wconf 84' lang='lat' dir='ltr'><strong>nosse</strong></span> 
     </span>
    </p>
   </div>
   <div class='ocr_carea' id='block_1_18' title="bbox 583 1879 2176 1972">
    <p class='ocr_par' dir='ltr' id='par_1_18' title="bbox 583 1879 2176 1972">
     <span class='ocr_line' id='line_1_18' title="bbox 583 1879 2176 1972; baseline -0.023 -11"><span class='ocrx_word' id='word_1_129' title='bbox 583 1879 771 1967; x_wconf 70' lang='lat' dir='ltr'><strong>Deum,</strong></span> <span class='ocrx_word' id='word_1_130' title='bbox 816 1898 964 1972; x_wconf 78' lang='lat' dir='ltr'><strong>{actis</strong></span> <span class='ocrx_word' id='word_1_131' title='bbox 1012 1902 1179 1947; x_wconf 85' lang='lat' dir='ltr'><strong>autem</strong></span> <span class='ocrx_word' id='word_1_132' title='bbox 1228 1894 1408 1961; x_wconf 83' lang='lat' dir='ltr'><strong>negant</strong></span> <span class='ocrx_word' id='word_1_133' title='bbox 1452 1881 1576 1953; x_wconf 80' lang='lat' dir='ltr'><strong>(Tit.</strong></span> <span class='ocrx_word' id='word_1_134' title='bbox 1627 1897 1665 1959; x_wconf 71' lang='grc' dir='ltr'><strong>ι,</strong></span> <span class='ocrx_word' id='word_1_135' title='bbox 1711 1880 1819 1959; x_wconf 75' lang='lat' dir='ltr'><strong>ib).</strong></span> <span class='ocrx_word' id='word_1_136' title='bbox 1955 1882 2176 1972; x_wconf 79' lang='lat' dir='ltr'><strong>negatur</strong></span> 
     </span>
    </p>
   </div>
   <div class='ocr_carea' id='block_1_19' title="bbox 584 1966 2177 2059">
    <p class='ocr_par' dir='ltr' id='par_1_19' title="bbox 584 1966 2177 2059">
     <span class='ocr_line' id='line_1_19' title="bbox 584 1966 2177 2059; baseline 0.001 -9"><span class='ocrx_word' id='word_1_137' title='bbox 584 1996 757 2055; x_wconf 81' lang='lat' dir='ltr'><strong>factis,</strong></span> <span class='ocrx_word' id='word_1_138' title='bbox 789 1966 1164 2059; x_wconf 65' lang='lat' dir='ltr'><strong>proculdubio</strong></span> <span class='ocrx_word' id='word_1_139' title='bbox 1208 1981 1368 2036; x_wconf 87' lang='lat' dir='ltr'><strong>etiam</strong></span> <span class='ocrx_word' id='word_1_140' title='bbox 1398 1976 1591 2030; x_wconf 89' lang='lat' dir='ltr'><strong>dicitur</strong></span> <span class='ocrx_word' id='word_1_141' title='bbox 1638 1972 1807 2026; x_wconf 82' lang='lat' dir='ltr'><strong>factis.</strong></span> <span class='ocrx_word' id='word_1_142' title='bbox 1861 1967 2025 2021; x_wconf 79' lang='lat' dir='ltr'><strong>Nemo</strong></span> <span class='ocrx_word' id='word_1_143' title='bbox 2076 1966 2177 2059; x_wconf 37' lang='lat' dir='ltr'><strong>i9&quot;</strong></span> 
     </span>
    </p>
   </div>
   <div class='ocr_carea' id='block_1_20' title="bbox 584 2057 2174 2157">
    <p class='ocr_par' dir='ltr' id='par_1_20' title="bbox 584 2057 2174 2157">
     <span class='ocr_line' id='line_1_20' title="bbox 584 2057 2174 2157; baseline -0.019 -17"><span class='ocrx_word' id='word_1_144' title='bbox 584 2102 690 2157; x_wconf 89' lang='lat' dir='ltr'><strong>que</strong></span> <span class='ocrx_word' id='word_1_145' title='bbox 715 2057 858 2145; x_wconf 82' lang='lat' dir='ltr'><strong>dicit,</strong></span> <span class='ocrx_word' id='word_1_146' title='bbox 891 2076 1140 2133; x_wconf 90' lang='lat' dir='ltr'><strong>Dominus</strong></span> <span class='ocrx_word' id='word_1_147' title='bbox 1157 2072 1331 2136; x_wconf 82' lang='lat' dir='ltr'><strong>Jesus,</strong></span> <span class='ocrx_word' id='word_1_148' title='bbox 1360 2068 1557 2130; x_wconf 87' lang='lat' dir='ltr'><strong>animo,</strong></span> <span class='ocrx_word' id='word_1_149' title='bbox 1583 2066 1770 2125; x_wconf 87' lang='lat' dir='ltr'><strong>verbo,</strong></span> <span class='ocrx_word' id='word_1_150' title='bbox 1804 2060 1963 2122; x_wconf 86' lang='lat' dir='ltr'><strong>facto,</strong></span> <span class='ocrx_word' id='word_1_151' title='bbox 1992 2057 2174 2122; x_wconf 88' lang='lat' dir='ltr'><strong>corde,</strong></span> 
     </span>
    </p>
   </div>
   <div class='ocr_carea' id='block_1_21' title="bbox 587 2152 2177 2245">
    <p class='ocr_par' dir='ltr' id='par_1_21' title="bbox 587 2152 2177 2245">
     <span class='ocr_line' id='line_1_21' title="bbox 587 2152 2177 2245; baseline -0.021 -8"><span class='ocrx_word' id='word_1_152' title='bbox 587 2152 701 2239; x_wconf 70' lang='lat' dir='ltr'><strong>ore.</strong></span> <span class='ocrx_word' id='word_1_153' title='bbox 727 2191 909 2245; x_wconf 76' lang='lat' dir='ltr'><strong>opere,</strong></span> <span class='ocrx_word' id='word_1_154' title='bbox 937 2187 1080 2226; x_wconf 85' lang='lat' dir='ltr'><strong>nemo</strong></span> <span class='ocrx_word' id='word_1_155' title='bbox 1116 2168 1256 2239; x_wconf 82' lang='lat' dir='ltr'><strong>dicit,</strong></span> <span class='ocrx_word' id='word_1_156' title='bbox 1289 2156 1532 2216; x_wconf 83' lang='lat' dir='ltr'><strong>Dominus</strong></span> <span class='ocrx_word' id='word_1_157' title='bbox 1569 2157 1742 2220; x_wconf 72' lang='lat' dir='ltr'><strong>Iesus,</strong></span> <span class='ocrx_word' id='word_1_158' title='bbox 1779 2155 1875 2209; x_wconf 86' lang='lat' dir='ltr'><strong>nisi</strong></span> <span class='ocrx_word' id='word_1_159' title='bbox 1901 2155 1950 2207; x_wconf 89' lang='lat' dir='ltr'><strong>in</strong></span> <span class='ocrx_word' id='word_1_160' title='bbox 1980 2152 2177 2221; x_wconf 84' lang='lat' dir='ltr'><strong>Spiritu</strong></span> 
     </span>
    </p>
   </div>
   <div class='ocr_carea' id='block_1_22' title="bbox 588 2245 2179 2332">
    <p class='ocr_par' dir='ltr' id='par_1_22' title="bbox 588 2245 2179 2332">
     <span class='ocr_line' id='line_1_22' title="bbox 588 2245 2179 2332; baseline -0.019 -4"><span class='ocrx_word' id='word_1_161' title='bbox 588 2280 797 2332; x_wconf 83' lang='lat' dir='ltr'><strong>sancto;</strong></span> <span class='ocrx_word' id='word_1_162' title='bbox 830 2276 880 2320; x_wconf 88' lang='lat' dir='ltr'><strong>et</strong></span> <span class='ocrx_word' id='word_1_163' title='bbox 917 2277 1074 2320; x_wconf 86' lang='lat' dir='ltr'><strong>nemo</strong></span> <span class='ocrx_word' id='word_1_164' title='bbox 1100 2262 1177 2315; x_wconf 89' lang='lat' dir='ltr'><strong>sic</strong></span> <span class='ocrx_word' id='word_1_165' title='bbox 1206 2257 1352 2317; x_wconf 85' lang='lat' dir='ltr'><strong>dicit,</strong></span> <span class='ocrx_word' id='word_1_166' title='bbox 1391 2251 1492 2307; x_wconf 89' lang='lat' dir='ltr'><strong>nisi</strong></span> <span class='ocrx_word' id='word_1_167' title='bbox 1522 2251 1609 2320; x_wconf 88' lang='lat' dir='ltr'><strong>qui</strong></span> <span class='ocrx_word' id='word_1_168' title='bbox 1639 2248 1825 2318; x_wconf 80' lang='lat' dir='ltr'><strong>diligit.</strong></span> <span class='ocrx_word' id='word_1_169' title='bbox 1854 2245 1973 2302; x_wconf 83' lang='lat' dir='ltr'><strong>Jam</strong></span> <span class='ocrx_word' id='word_1_170' title='bbox 2002 2245 2179 2325; x_wconf 85' lang='lat' dir='ltr'><strong>itaque</strong></span> 
     </span>
    </p>
   </div>
   <div class='ocr_carea' id='block_1_23' title="bbox 589 2334 2181 2432">
    <p class='ocr_par' dir='ltr' id='par_1_23' title="bbox 589 2334 2181 2432">
     <span class='ocr_line' id='line_1_23' title="bbox 589 2334 2181 2432; baseline -0.018 -13"><span class='ocrx_word' id='word_1_171' title='bbox 589 2362 831 2432; x_wconf 67' lang='lat' dir='ltr'><strong>Apostoli</strong></span> <span class='ocrx_word' id='word_1_172' title='bbox 882 2357 1149 2421; x_wconf 87' lang='lat' dir='ltr'><strong>dicebant,</strong></span> <span class='ocrx_word' id='word_1_173' title='bbox 1200 2348 1451 2405; x_wconf 85' lang='lat' dir='ltr'><strong>Dominus</strong></span> <span class='ocrx_word' id='word_1_174' title='bbox 1492 2342 1645 2399; x_wconf 74' lang='lat' dir='ltr'><strong>Iesus</strong></span> <span class='ocrx_word' id='word_1_175' title='bbox 1676 2358 1692 2395; x_wconf 94' lang='lat'><strong><em>:</em></strong></span> <span class='ocrx_word' id='word_1_176' title='bbox 1720 2351 1775 2396; x_wconf 82' lang='lat' dir='ltr'><strong>et</strong></span> <span class='ocrx_word' id='word_1_177' title='bbox 1816 2339 1860 2393; x_wconf 92' lang='lat' dir='ltr'><strong>si</strong></span> <span class='ocrx_word' id='word_1_178' title='bbox 1912 2354 1978 2393; x_wconf 93' lang='lat' dir='ltr'><strong>co</strong></span> <span class='ocrx_word' id='word_1_179' title='bbox 2022 2334 2181 2432; x_wconf 76' lang='lat' dir='ltr'><strong>modo</strong></span> 
     </span>
    </p>
   </div>
   <div class='ocr_carea' id='block_1_24' title="bbox 590 2426 2181 2512">
    <p class='ocr_par' dir='ltr' id='par_1_24' title="bbox 590 2426 2181 2512">
     <span class='ocr_line' id='line_1_24' title="bbox 590 2426 2181 2512; baseline -0.019 0"><span class='ocrx_word' id='word_1_180' title='bbox 590 2426 859 2512; x_wconf 74' lang='lat' dir='ltr'><strong>dicebant.</strong></span> <span class='ocrx_word' id='word_1_181' title='bbox 882 2461 938 2504; x_wconf 89' lang='lat' dir='ltr'><strong>ut</strong></span> <span class='ocrx_word' id='word_1_182' title='bbox 969 2464 1074 2501; x_wconf 86' lang='lat' dir='ltr'><strong>non</strong></span> <span class='ocrx_word' id='word_1_183' title='bbox 1108 2448 1226 2499; x_wconf 90' lang='lat' dir='ltr'><strong>Iicte</strong></span> <span class='ocrx_word' id='word_1_184' title='bbox 1253 2440 1513 2501; x_wconf 72' lang='lat' dir='ltr'><strong>dicerent,</strong></span> <span class='ocrx_word' id='word_1_185' title='bbox 1537 2451 1632 2490; x_wconf 86' lang='lat' dir='ltr'><strong>ore</strong></span> <span class='ocrx_word' id='word_1_186' title='bbox 1658 2434 1995 2494; x_wconf 65' lang='lat' dir='ltr'><strong>conlitentes,</strong></span> <span class='ocrx_word' id='word_1_187' title='bbox 2018 2426 2181 2483; x_wconf 83' lang='lat' dir='ltr'><strong>corde</strong></span> 
     </span>
    </p>
   </div>
   <div class='ocr_carea' id='block_1_25' title="bbox 589 2523 2178 2609">
    <p class='ocr_par' dir='ltr' id='par_1_25' title="bbox 589 2523 2178 2609">
     <span class='ocr_line' id='line_1_25' title="bbox 589 2523 2178 2609; baseline -0.019 -5"><span class='ocrx_word' id='word_1_188' title='bbox 589 2558 643 2604; x_wconf 90' lang='lat' dir='ltr'><strong>et</strong></span> <span class='ocrx_word' id='word_1_189' title='bbox 670 2546 818 2601; x_wconf 70' lang='lat' dir='ltr'><strong>factis</strong></span> <span class='ocrx_word' id='word_1_190' title='bbox 850 2551 1138 2609; x_wconf 70' lang='lat' dir='ltr'><strong>negantes;</strong></span> <span class='ocrx_word' id='word_1_191' title='bbox 1179 2547 1396 2605; x_wconf 83' lang='lat' dir='ltr'><strong>prorsus</strong></span> <span class='ocrx_word' id='word_1_192' title='bbox 1423 2532 1465 2586; x_wconf 80' lang='lat' dir='ltr'><strong>si</strong></span> <span class='ocrx_word' id='word_1_193' title='bbox 1494 2528 1749 2585; x_wconf 70' lang='lat' dir='ltr'><strong>veraciter</strong></span> <span class='ocrx_word' id='word_1_194' title='bbox 1780 2527 1881 2580; x_wconf 77' lang='lat' dir='ltr'><strong>hoc</strong></span> <span class='ocrx_word' id='word_1_195' title='bbox 1910 2523 2178 2589; x_wconf 90' lang='lat' dir='ltr'><strong>dicebant,</strong></span> 
     </span>
    </p>
   </div>
   <div class='ocr_carea' id='block_1_26' title="bbox 589 2618 2178 2712">
    <p class='ocr_par' dir='ltr' id='par_1_26' title="bbox 589 2618 2178 2712">
     <span class='ocr_line' id='line_1_26' title="bbox 589 2618 2178 2712; baseline -0.018 -16"><span class='ocrx_word' id='word_1_196' title='bbox 589 2640 772 2712; x_wconf 81' lang='lat' dir='ltr'><strong>procul</strong></span> <span class='ocrx_word' id='word_1_197' title='bbox 802 2638 961 2690; x_wconf 80' lang='lat' dir='ltr'><strong>dubio</strong></span> <span class='ocrx_word' id='word_1_198' title='bbox 1003 2631 1335 2712; x_wconf 16' lang='lat' dir='ltr'><strong>diligebant:</strong></span> <span class='ocrx_word' id='word_1_199' title='bbox 1359 2623 1638 2693; x_wconf 83' lang='lat' dir='ltr'><strong>Quomodo</strong></span> <span class='ocrx_word' id='word_1_200' title='bbox 1680 2621 1836 2691; x_wconf 81' lang='lat' dir='ltr'><strong>igitur</strong></span> <span class='ocrx_word' id='word_1_201' title='bbox 1872 2618 2178 2687; x_wconf 74' lang='lat' dir='ltr'><strong>diligebant,</strong></span> 
     </span>
    </p>
   </div>
   <div class='ocr_carea' id='block_1_27' title="bbox 592 2704 2183 2796">
    <p class='ocr_par' dir='ltr' id='par_1_27' title="bbox 592 2704 2183 2796">
     <span class='ocr_line' id='line_1_27' title="bbox 592 2704 2183 2796; baseline -0.016 -9"><span class='ocrx_word' id='word_1_202' title='bbox 592 2704 692 2788; x_wconf 72' lang='lat' dir='ltr'><strong>nisi</strong></span> <span class='ocrx_word' id='word_1_203' title='bbox 732 2731 783 2783; x_wconf 92' lang='lat' dir='ltr'><strong>in</strong></span> <span class='ocrx_word' id='word_1_204' title='bbox 813 2727 1011 2796; x_wconf 82' lang='lat' dir='ltr'><strong>Spiritu</strong></span> <span class='ocrx_word' id='word_1_205' title='bbox 1043 2704 1268 2776; x_wconf 53' lang='lat' dir='ltr'><strong>solum?</strong></span> <span class='ocrx_word' id='word_1_206' title='bbox 1309 2708 1373 2771; x_wconf 78' lang='lat' dir='ltr'><strong>Et</strong></span> <span class='ocrx_word' id='word_1_207' title='bbox 1406 2714 1583 2770; x_wconf 65' lang='lat' dir='ltr'><strong>tamen</strong></span> <span class='ocrx_word' id='word_1_208' title='bbox 1611 2713 1688 2766; x_wconf 69' lang='lat' dir='ltr'><strong>eis</strong></span> <span class='ocrx_word' id='word_1_209' title='bbox 1727 2712 1871 2781; x_wconf 90' lang='lat' dir='ltr'><strong>prius</strong></span> <span class='ocrx_word' id='word_1_210' title='bbox 1894 2712 2183 2778; x_wconf 76' lang='lat' dir='ltr'><strong>imperatur</strong></span> 
     </span>
    </p>
   </div>
   <div class='ocr_carea' id='block_1_28' title="bbox 593 2799 2184 2889">
    <p class='ocr_par' dir='ltr' id='par_1_28' title="bbox 593 2799 2184 2889">
     <span class='ocr_line' id='line_1_28' title="bbox 593 2799 2184 2889; baseline -0.015 -12"><span class='ocrx_word' id='word_1_211' title='bbox 593 2830 651 2877; x_wconf 83' lang='grc' dir='ltr'><strong>ιιι</strong></span> <span class='ocrx_word' id='word_1_212' title='bbox 676 2821 899 2889; x_wconf 70' lang='lat' dir='ltr'><strong>tliﬁgant</strong></span> <span class='ocrx_word' id='word_1_213' title='bbox 928 2824 1071 2877; x_wconf 61' lang='lat' dir='ltr'><strong>eum.</strong></span> <span class='ocrx_word' id='word_1_214' title='bbox 1102 2811 1296 2880; x_wconf 57' lang='lat' dir='ltr'><strong>etiam</strong></span> <span class='ocrx_word' id='word_1_215' title='bbox 1318 2804 1565 2862; x_wconf 74' lang='lat' dir='ltr'><strong>mandatu</strong></span> <span class='ocrx_word' id='word_1_216' title='bbox 1588 2804 1927 2863; x_wconf 64' lang='lat' dir='ltr'><strong>consonent,-</strong></span> <span class='ocrx_word' id='word_1_217' title='bbox 1958 2810 2016 2855; x_wconf 86' lang='lat' dir='ltr'><strong>ut</strong></span> <span class='ocrx_word' id='word_1_218' title='bbox 2044 2799 2184 2854; x_wconf 74' lang='lat' dir='ltr'><strong>acci-</strong></span> 
     </span>
    </p>
   </div>
   <div class='ocr_carea' id='block_1_29' title="bbox 593 2894 2185 2987">
    <p class='ocr_par' dir='ltr' id='par_1_29' title="bbox 593 2894 2185 2987">
     <span class='ocr_line' id='line_1_29' title="bbox 593 2894 2185 2987; baseline -0.015 -18"><span class='ocrx_word' id='word_1_219' title='bbox 593 2915 741 2987; x_wconf 71' lang='lat' dir='ltr'><strong>piant</strong></span> <span class='ocrx_word' id='word_1_220' title='bbox 782 2903 1037 2979; x_wconf 50' lang='lat' dir='ltr'><strong>Spit-ttulit</strong></span> <span class='ocrx_word' id='word_1_221' title='bbox 1078 2909 1321 2960; x_wconf 68' lang='lat' dir='ltr'><strong>sinuant</strong></span> <span class='ocrx_word' id='word_1_222' title='bbox 1352 2921 1363 2954; x_wconf 86' lang='lat'><strong>:</strong></span> <span class='ocrx_word' id='word_1_223' title='bbox 1397 2897 1556 2972; x_wconf 71' lang='lat' dir='ltr'><strong>queui</strong></span> <span class='ocrx_word' id='word_1_224' title='bbox 1602 2897 1704 2950; x_wconf 65' lang='lat' dir='ltr'><strong>nisi</strong></span> <span class='ocrx_word' id='word_1_225' title='bbox 1746 2894 2024 2960; x_wconf 68' lang='lat' dir='ltr'><strong>baberent,</strong></span> <span class='ocrx_word' id='word_1_226' title='bbox 2065 2908 2185 2961; x_wconf 78' lang='lat' dir='ltr'><strong>pro-</strong></span> 
     </span>
    </p>
   </div>
   <div class='ocr_carea' id='block_1_30' title="bbox 592 2988 1969 3071">
    <p class='ocr_par' dir='ltr' id='par_1_30' title="bbox 592 2988 1969 3071">
     <span class='ocr_line' id='line_1_30' title="bbox 592 2988 1969 3071; baseline -0.017 -9"><span class='ocrx_word' id='word_1_227' title='bbox 592 3006 730 3062; x_wconf 65' lang='lat' dir='ltr'><strong>ferto</strong></span> <span class='ocrx_word' id='word_1_228' title='bbox 755 3003 974 3071; x_wconf 67' lang='lat' dir='ltr'><strong>diligere</strong></span> <span class='ocrx_word' id='word_1_229' title='bbox 1000 3007 1055 3054; x_wconf 88' lang='lat' dir='ltr'><strong>et</strong></span> <span class='ocrx_word' id='word_1_230' title='bbox 1082 2994 1327 3053; x_wconf 82' lang='lat' dir='ltr'><strong>mandata</strong></span> <span class='ocrx_word' id='word_1_231' title='bbox 1349 2990 1567 3045; x_wconf 62' lang='lat' dir='ltr'><strong>servitiis</strong></span> <span class='ocrx_word' id='word_1_232' title='bbox 1594 2988 1698 3041; x_wconf 66' lang='lat' dir='ltr'><strong>uno</strong></span> <span class='ocrx_word' id='word_1_233' title='bbox 1731 2988 1969 3056; x_wconf 61' lang='grc' dir='ltr'>ιῐιιεεαιι.</span> 
     </span>
    </p>
   </div>
   <div class='ocr_carea' id='block_1_31' title="bbox 661 3078 2184 3161">
    <p class='ocr_par' dir='ltr' id='par_1_31' title="bbox 661 3078 2184 3161">
     <span class='ocr_line' id='line_1_31' title="bbox 661 3078 2184 3161; baseline -0.012 -15"><span class='ocrx_word' id='word_1_234' title='bbox 661 3094 715 3149; x_wconf 76' lang='lat'><strong>2.</strong></span> <span class='ocrx_word' id='word_1_235' title='bbox 763 3094 943 3149; x_wconf 73' lang='lat' dir='ltr'><strong>Restat</strong></span> <span class='ocrx_word' id='word_1_236' title='bbox 982 3105 1108 3161; x_wconf 71' lang='lat' dir='ltr'><strong>ergo</strong></span> <span class='ocrx_word' id='word_1_237' title='bbox 1153 3096 1208 3140; x_wconf 90' lang='lat' dir='ltr'><strong>ut</strong></span> <span class='ocrx_word' id='word_1_238' title='bbox 1240 3082 1611 3161; x_wconf 74' lang='lat' dir='ltr'><strong>intelligamus</strong></span> <span class='ocrx_word' id='word_1_239' title='bbox 1648 3078 1903 3161; x_wconf 85' lang='lat' dir='ltr'><strong>Spiritum</strong></span> <span class='ocrx_word' id='word_1_240' title='bbox 1942 3082 2184 3161; x_wconf 73' lang='lat' dir='ltr'><strong>sam-tum</strong></span> 
     </span>
    </p>
   </div>
   <div class='ocr_carea' id='block_1_32' title="bbox 592 3154 2180 3253">
    <p class='ocr_par' dir='ltr' id='par_1_32' title="bbox 592 3154 2180 3253">
     <span class='ocr_line' id='line_1_32' title="bbox 592 3154 2180 3253; baseline -0.015 -10"><span class='ocrx_word' id='word_1_241' title='bbox 592 3176 792 3243; x_wconf 72' lang='lat' dir='ltr'><strong>habere</strong></span> <span class='ocrx_word' id='word_1_242' title='bbox 819 3183 906 3253; x_wconf 93' lang='lat' dir='ltr'><strong>qui</strong></span> <span class='ocrx_word' id='word_1_243' title='bbox 933 3154 1123 3251; x_wconf 60' lang='lat' dir='ltr'><strong>diligit,</strong></span> <span class='ocrx_word' id='word_1_244' title='bbox 1149 3186 1203 3232; x_wconf 88' lang='lat' dir='ltr'><strong>et</strong></span> <span class='ocrx_word' id='word_1_245' title='bbox 1238 3159 1483 3253; x_wconf 78' lang='lat' dir='ltr'><strong>habendo</strong></span> <span class='ocrx_word' id='word_1_246' title='bbox 1513 3155 1705 3226; x_wconf 75' lang='lat' dir='ltr'><strong>mereri</strong></span> <span class='ocrx_word' id='word_1_247' title='bbox 1738 3178 1794 3221; x_wconf 89' lang='lat' dir='ltr'><strong>ut</strong></span> <span class='ocrx_word' id='word_1_248' title='bbox 1825 3167 1941 3253; x_wconf 77' lang='lat' dir='ltr'><strong>plus</strong></span> <span class='ocrx_word' id='word_1_249' title='bbox 1964 3154 2180 3251; x_wconf 80' lang='lat' dir='ltr'><strong>haheat,</strong></span> 
     </span>
    </p>
   </div>
   <div class='ocr_carea' id='block_1_33' title="bbox 593 3244 2189 3349">
    <p class='ocr_par' dir='ltr' id='par_1_33' title="bbox 593 3244 2189 3349">
     <span class='ocr_line' id='line_1_33' title="bbox 593 3244 2189 3349; baseline -0.016 -14"><span class='ocrx_word' id='word_1_250' title='bbox 593 3287 647 3335; x_wconf 91' lang='lat' dir='ltr'><strong>ct</strong></span> <span class='ocrx_word' id='word_1_251' title='bbox 679 3278 793 3349; x_wconf 88' lang='lat' dir='ltr'><strong>plus</strong></span> <span class='ocrx_word' id='word_1_252' title='bbox 832 3244 1075 3329; x_wconf 51' lang='lat' dir='ltr'><strong>habendi)</strong></span> <span class='ocrx_word' id='word_1_253' title='bbox 1123 3267 1239 3339; x_wconf 91' lang='lat' dir='ltr'><strong>plus</strong></span> <span class='ocrx_word' id='word_1_254' title='bbox 1283 3248 1483 3333; x_wconf 75' lang='lat' dir='ltr'><strong>diligat.</strong></span> <span class='ocrx_word' id='word_1_255' title='bbox 1533 3259 1650 3318; x_wconf 83' lang='lat' dir='ltr'><strong>Jam</strong></span> <span class='ocrx_word' id='word_1_256' title='bbox 1697 3260 1873 3330; x_wconf 88' lang='lat' dir='ltr'><strong>itaque</strong></span> <span class='ocrx_word' id='word_1_257' title='bbox 1923 3244 2189 3311; x_wconf 87' lang='lat' dir='ltr'><strong>habebant</strong></span> 
     </span>
    </p>
   </div>
   <div class='ocr_carea' id='block_1_34' title="bbox 594 3348 2188 3443">
    <p class='ocr_par' dir='ltr' id='par_1_34' title="bbox 594 3348 2188 3443">
     <span class='ocr_line' id='line_1_34' title="bbox 594 3348 2188 3443; baseline -0.017 -14"><span class='ocrx_word' id='word_1_258' title='bbox 594 3348 849 3443; x_wconf 86' lang='lat' dir='ltr'><strong>Spiritum</strong></span> <span class='ocrx_word' id='word_1_259' title='bbox 884 3361 1151 3431; x_wconf 50' lang='lat' dir='ltr'><strong>discipuli,</strong></span> <span class='ocrx_word' id='word_1_260' title='bbox 1180 3373 1339 3429; x_wconf 90' lang='lat' dir='ltr'><strong>quem</strong></span> <span class='ocrx_word' id='word_1_261' title='bbox 1385 3350 1640 3409; x_wconf 79' lang='lat' dir='ltr'><strong>Dominds</strong></span> <span class='ocrx_word' id='word_1_262' title='bbox 1682 3348 2047 3437; x_wconf 82' lang='lat' dir='ltr'><strong>premittebat,</strong></span> <span class='ocrx_word' id='word_1_263' title='bbox 2073 3349 2188 3403; x_wconf 86' lang='lat' dir='ltr'><strong>sine</strong></span> 
     </span>
    </p>
   </div>
   <div class='ocr_carea' id='block_1_35' title="bbox 562 3444 2189 3537">
    <p class='ocr_par' dir='ltr' id='par_1_35' title="bbox 562 3444 2189 3537">
     <span class='ocr_line' id='line_1_35' title="bbox 562 3444 2189 3537; baseline -0.018 -15"><span class='ocrx_word' id='word_1_264' title='bbox 562 3482 702 3537; x_wconf 85' lang='lat' dir='ltr'><strong>quo</strong></span> <span class='ocrx_word' id='word_1_265' title='bbox 729 3466 853 3518; x_wconf 91' lang='lat' dir='ltr'><strong>eum</strong></span> <span class='ocrx_word' id='word_1_266' title='bbox 901 3444 1181 3511; x_wconf 79' lang='lat' dir='ltr'><strong>Dominum</strong></span> <span class='ocrx_word' id='word_1_267' title='bbox 1229 3466 1335 3504; x_wconf 90' lang='lat' dir='ltr'><strong>non</strong></span> <span class='ocrx_word' id='word_1_268' title='bbox 1379 3445 1627 3529; x_wconf 82' lang='lat' dir='ltr'><strong>dicebant</strong></span> <span class='ocrx_word' id='word_1_269' title='bbox 1674 3461 1687 3496; x_wconf 88' lang='lat'>:</span> <span class='ocrx_word' id='word_1_270' title='bbox 1732 3457 1830 3496; x_wconf 91' lang='lat' dir='ltr'><strong>nec</strong></span> <span class='ocrx_word' id='word_1_271' title='bbox 1862 3449 2189 3537; x_wconf 67' lang='lat' dir='ltr'><strong>tamencum</strong></span> 
     </span>
    </p>
   </div>
   <div class='ocr_carea' id='block_1_36' title="bbox 595 3528 2190 3614">
    <p class='ocr_par' dir='ltr' id='par_1_36' title="bbox 595 3528 2190 3614">
     <span class='ocr_line' id='line_1_36' title="bbox 595 3528 2190 3614; baseline -0.018 -4"><span class='ocrx_word' id='word_1_272' title='bbox 595 3528 770 3614; x_wconf 69' lang='lat' dir='ltr'><strong>adhuc</strong></span> <span class='ocrx_word' id='word_1_273' title='bbox 797 3540 1081 3611; x_wconf 85' lang='lat' dir='ltr'><strong>habebant,</strong></span> <span class='ocrx_word' id='word_1_274' title='bbox 1122 3532 1263 3599; x_wconf 82' lang='lat' dir='ltr'><strong>sicut</strong></span> <span class='ocrx_word' id='word_1_275' title='bbox 1299 3556 1421 3596; x_wconf 88' lang='lat' dir='ltr'><strong>eum</strong></span> <span class='ocrx_word' id='word_1_276' title='bbox 1454 3528 1708 3593; x_wconf 89' lang='lat' dir='ltr'><strong>Dominus</strong></span> <span class='ocrx_word' id='word_1_277' title='bbox 1733 3528 2092 3604; x_wconf 81' lang='lat' dir='ltr'><strong>promittebat,</strong></span> <span class='ocrx_word' id='word_1_278' title='bbox 2123 3529 2190 3585; x_wconf 83' lang='lat' dir='ltr'><strong>Et</strong></span> 
     </span>
    </p>
   </div>
   <div class='ocr_carea' id='block_1_37' title="bbox 596 3620 2190 3712">
    <p class='ocr_par' dir='ltr' id='par_1_37' title="bbox 596 3620 2190 3712">
     <span class='ocr_line' id='line_1_37' title="bbox 596 3620 2190 3712; baseline -0.018 -6"><span class='ocrx_word' id='word_1_279' title='bbox 596 3636 865 3706; x_wconf 69' lang='lat' dir='ltr'><strong>bibebant</strong></span> <span class='ocrx_word' id='word_1_280' title='bbox 890 3644 1040 3712; x_wconf 80' lang='lat' dir='ltr'><strong>ergo,</strong></span> <span class='ocrx_word' id='word_1_281' title='bbox 1072 3646 1126 3693; x_wconf 90' lang='lat' dir='ltr'><strong>et</strong></span> <span class='ocrx_word' id='word_1_282' title='bbox 1155 3651 1260 3691; x_wconf 88' lang='lat' dir='ltr'><strong>non</strong></span> <span class='ocrx_word' id='word_1_283' title='bbox 1283 3631 1568 3691; x_wconf 83' lang='lat' dir='ltr'><strong>habebant,</strong></span> <span class='ocrx_word' id='word_1_284' title='bbox 1588 3620 1677 3697; x_wconf 85' lang='lat' dir='ltr'><strong>qui</strong></span> <span class='ocrx_word' id='word_1_285' title='bbox 1702 3634 1959 3696; x_wconf 89' lang='lat' dir='ltr'><strong>quantum</strong></span> <span class='ocrx_word' id='word_1_286' title='bbox 1992 3623 2190 3678; x_wconf 83' lang='lat' dir='ltr'><strong>haben-</strong></span> 
     </span>
    </p>
   </div>
   <div class='ocr_carea' id='block_1_38' title="bbox 597 3714 2185 3796">
    <p class='ocr_par' dir='ltr' id='par_1_38' title="bbox 597 3714 2185 3796">
     <span class='ocr_line' id='line_1_38' title="bbox 597 3714 2185 3796; baseline -0.017 -1"><span class='ocrx_word' id='word_1_287' title='bbox 597 3726 699 3795; x_wconf 85' lang='lat' dir='ltr'><strong>dus</strong></span> <span class='ocrx_word' id='word_1_288' title='bbox 742 3739 929 3796; x_wconf 70' lang='lat' dir='ltr'><strong>fucial,</strong></span> <span class='ocrx_word' id='word_1_289' title='bbox 972 3729 1207 3786; x_wconf 90' lang='lat' dir='ltr'><strong>nondum</strong></span> <span class='ocrx_word' id='word_1_290' title='bbox 1238 3722 1524 3779; x_wconf 87' lang='lat' dir='ltr'><strong>habebant.</strong></span> <span class='ocrx_word' id='word_1_291' title='bbox 1559 3714 1833 3775; x_wconf 84' lang='lat' dir='ltr'><strong>llabebant</strong></span> <span class='ocrx_word' id='word_1_292' title='bbox 1870 3718 2044 3787; x_wconf 78' lang='lat' dir='ltr'><strong>itaque</strong></span> <span class='ocrx_word' id='word_1_293' title='bbox 2084 3716 2185 3771; x_wconf 83' lang='lat' dir='ltr'><strong>mi-</strong></span> 
     </span>
    </p>
   </div>
   <div class='ocr_carea' id='block_1_39' title="bbox 599 3800 2188 3895">
    <p class='ocr_par' dir='ltr' id='par_1_39' title="bbox 599 3800 2188 3895">
     <span class='ocr_line' id='line_1_39' title="bbox 599 3800 2188 3895; baseline -0.016 -8"><span class='ocrx_word' id='word_1_294' title='bbox 599 3846 720 3895; x_wconf 82' lang='lat' dir='ltr'><strong>tius,</strong></span> <span class='ocrx_word' id='word_1_295' title='bbox 748 3814 952 3881; x_wconf 85' lang='lat' dir='ltr'><strong>dandus</strong></span> <span class='ocrx_word' id='word_1_296' title='bbox 980 3831 1094 3877; x_wconf 88' lang='lat' dir='ltr'><strong>erat</strong></span> <span class='ocrx_word' id='word_1_297' title='bbox 1121 3804 1200 3875; x_wconf 90' lang='lat' dir='ltr'><strong>eis</strong></span> <span class='ocrx_word' id='word_1_298' title='bbox 1237 3816 1484 3886; x_wconf 89' lang='lat' dir='ltr'><strong>amplius.</strong></span> <span class='ocrx_word' id='word_1_299' title='bbox 1518 3800 1795 3868; x_wconf 81' lang='lat' dir='ltr'><strong>Habebunt</strong></span> <span class='ocrx_word' id='word_1_300' title='bbox 1837 3809 2065 3876; x_wconf 84' lang='lat' dir='ltr'><strong>occulte,</strong></span> <span class='ocrx_word' id='word_1_301' title='bbox 2095 3823 2188 3863; x_wconf 89' lang='lat' dir='ltr'><strong>ac-</strong></span> 
     </span>
    </p>
   </div>
   <div class='ocr_carea' id='block_1_40' title="bbox 599 3900 2191 3995">
    <p class='ocr_par' dir='ltr' id='par_1_40' title="bbox 599 3900 2191 3995">
     <span class='ocr_line' id='line_1_40' title="bbox 599 3900 2191 3995; baseline -0.016 -16"><span class='ocrx_word' id='word_1_302' title='bbox 599 3918 806 3995; x_wconf 37' lang='lat' dir='ltr'><strong>ci‘pturi</strong></span> <span class='ocrx_word' id='word_1_303' title='bbox 854 3914 1063 3972; x_wconf 81' lang='lat' dir='ltr'><strong>fuerant</strong></span> <span class='ocrx_word' id='word_1_304' title='bbox 1111 3908 1422 3974; x_wconf 85' lang='lat' dir='ltr'><strong>manifeste;</strong></span> <span class='ocrx_word' id='word_1_305' title='bbox 1479 3904 1602 3977; x_wconf 89' lang='lat' dir='ltr'><strong>quia</strong></span> <span class='ocrx_word' id='word_1_306' title='bbox 1647 3916 1700 3960; x_wconf 89' lang='lat' dir='ltr'><strong>et</strong></span> <span class='ocrx_word' id='word_1_307' title='bbox 1746 3905 1848 3959; x_wconf 89' lang='lat' dir='ltr'><strong>hoc</strong></span> <span class='ocrx_word' id='word_1_308' title='bbox 1903 3901 1969 3956; x_wconf 87' lang='lat' dir='ltr'><strong>ad</strong></span> <span class='ocrx_word' id='word_1_309' title='bbox 2019 3900 2191 3969; x_wconf 86' lang='lat' dir='ltr'><strong>majus</strong></span> 
     </span>
    </p>
   </div>
   <div class='ocr_carea' id='block_1_41' title="bbox 599 3998 2192 4078">
    <p class='ocr_par' dir='ltr' id='par_1_41' title="bbox 599 3998 2192 4078">
     <span class='ocr_line' id='line_1_41' title="bbox 599 3998 2192 4078; baseline -0.014 -6"><span class='ocrx_word' id='word_1_310' title='bbox 599 4016 798 4073; x_wconf 88' lang='lat' dir='ltr'><strong>donum</strong></span> <span class='ocrx_word' id='word_1_311' title='bbox 820 4009 988 4069; x_wconf 88' lang='lat' dir='ltr'><strong>sancti</strong></span> <span class='ocrx_word' id='word_1_312' title='bbox 1027 4006 1258 4078; x_wconf 89' lang='lat' dir='ltr'><strong>Spiritus</strong></span> <span class='ocrx_word' id='word_1_313' title='bbox 1293 3999 1613 4074; x_wconf 85' lang='lat' dir='ltr'><strong>pertinebat,</strong></span> <span class='ocrx_word' id='word_1_314' title='bbox 1640 4006 1697 4053; x_wconf 87' lang='lat' dir='ltr'><strong>ut</strong></span> <span class='ocrx_word' id='word_1_315' title='bbox 1723 3999 1801 4055; x_wconf 90' lang='lat' dir='ltr'><strong>eis</strong></span> <span class='ocrx_word' id='word_1_316' title='bbox 1832 3998 2192 4051; x_wconf 88' lang='lat' dir='ltr'><strong>innotesceret</strong></span> 
     </span>
    </p>
   </div>
   <div class='ocr_carea' id='block_1_42' title="bbox 598 4087 2190 4182">
    <p class='ocr_par' dir='ltr' id='par_1_42' title="bbox 598 4087 2190 4182">
     <span class='ocr_line' id='line_1_42' title="bbox 598 4087 2190 4182; baseline -0.015 -16"><span class='ocrx_word' id='word_1_317' title='bbox 598 4107 739 4182; x_wconf 89' lang='lat' dir='ltr'><strong>quod</strong></span> <span class='ocrx_word' id='word_1_318' title='bbox 781 4104 1063 4161; x_wconf 86' lang='lat' dir='ltr'><strong>habebant.</strong></span> <span class='ocrx_word' id='word_1_319' title='bbox 1113 4098 1187 4155; x_wconf 89' lang='lat' dir='ltr'><strong>De</strong></span> <span class='ocrx_word' id='word_1_320' title='bbox 1216 4113 1323 4169; x_wconf 87' lang='lat' dir='ltr'><strong>quo</strong></span> <span class='ocrx_word' id='word_1_321' title='bbox 1372 4109 1594 4150; x_wconf 80' lang='lat' dir='ltr'><strong>munere</strong></span> <span class='ocrx_word' id='word_1_322' title='bbox 1636 4093 1860 4164; x_wconf 85' lang='lat' dir='ltr'><strong>loquens</strong></span> <span class='ocrx_word' id='word_1_323' title='bbox 1904 4087 2190 4173; x_wconf 82' lang='lat' dir='ltr'><strong>Apostolus</strong></span> 
     </span>
    </p>
   </div>
   <div class='ocr_carea' id='block_1_43' title="bbox 598 4182 2186 4265">
    <p class='ocr_par' dir='ltr' id='par_1_43' title="bbox 598 4182 2186 4265">
     <span class='ocr_line' id='line_1_43' title="bbox 598 4182 2186 4265; baseline -0.016 -4"><span class='ocrx_word' id='word_1_324' title='bbox 598 4206 672 4262; x_wconf 85' lang='lat' dir='ltr'><strong>ait</strong></span> <span class='ocrx_word' id='word_1_325' title='bbox 700 4221 713 4257; x_wconf 90' lang='lat'><strong>:</strong></span> <span class='ocrx_word' id='word_1_326' title='bbox 754 4199 861 4256; x_wconf 85' lang='lat' dir='ltr'><strong>Nos</strong></span> <span class='ocrx_word' id='word_1_327' title='bbox 896 4206 1064 4252; x_wconf 85' lang='lat' dir='ltr'><strong>autem</strong></span> <span class='ocrx_word' id='word_1_328' title='bbox 1104 4210 1201 4247; x_wconf 88' lang='lat' dir='ltr'><strong>non</strong></span> <span class='ocrx_word' id='word_1_329' title='bbox 1228 4191 1462 4262; x_wconf 75' lang='lat' dir='ltr'><strong>spiritum</strong></span> <span class='ocrx_word' id='word_1_330' title='bbox 1490 4188 1642 4257; x_wconf 83' lang='lat' dir='ltr'><strong>hujus</strong></span> <span class='ocrx_word' id='word_1_331' title='bbox 1670 4184 1845 4239; x_wconf 85' lang='lat' dir='ltr'><strong>mundi</strong></span> <span class='ocrx_word' id='word_1_332' title='bbox 1880 4182 2186 4265; x_wconf 81' lang='lat' dir='ltr'><strong>accepimus,</strong></span> 
     </span>
    </p>
   </div>
   <div class='ocr_carea' id='block_1_44' title="bbox 597 4271 2193 4365">
    <p class='ocr_par' dir='ltr' id='par_1_44' title="bbox 597 4271 2193 4365">
     <span class='ocr_line' id='line_1_44' title="bbox 597 4271 2193 4365; baseline -0.018 -13"><span class='ocrx_word' id='word_1_333' title='bbox 597 4294 685 4354; x_wconf 81' lang='lat' dir='ltr'><strong>sed</strong></span> <span class='ocrx_word' id='word_1_334' title='bbox 717 4292 966 4362; x_wconf 86' lang='lat' dir='ltr'><strong>Spiritum</strong></span> <span class='ocrx_word' id='word_1_335' title='bbox 995 4288 1080 4359; x_wconf 86' lang='lat' dir='ltr'><strong>qui</strong></span> <span class='ocrx_word' id='word_1_336' title='bbox 1113 4302 1176 4365; x_wconf 66' lang='lat' dir='ltr'><strong>ea:</strong></span> <span class='ocrx_word' id='word_1_337' title='bbox 1207 4272 1312 4337; x_wconf 78' lang='lat' dir='ltr'><strong>Deo</strong></span> <span class='ocrx_word' id='word_1_338' title='bbox 1339 4290 1431 4345; x_wconf 84' lang='lat' dir='ltr'><strong>est,</strong></span> <span class='ocrx_word' id='word_1_339' title='bbox 1455 4291 1510 4334; x_wconf 90' lang='lat' dir='ltr'><strong>ut</strong></span> <span class='ocrx_word' id='word_1_340' title='bbox 1537 4280 1755 4334; x_wconf 80' lang='lat' dir='ltr'><strong>sciamus</strong></span> <span class='ocrx_word' id='word_1_341' title='bbox 1781 4290 1891 4346; x_wconf 73' lang='lat' dir='ltr'><strong>quia</strong></span> <span class='ocrx_word' id='word_1_342' title='bbox 1910 4292 1941 4327; x_wconf 92' lang='lat' dir='ltr'><strong>a</strong></span> <span class='ocrx_word' id='word_1_343' title='bbox 1969 4271 2075 4327; x_wconf 81' lang='lat' dir='ltr'><strong>Deo</strong></span> <span class='ocrx_word' id='word_1_344' title='bbox 2101 4272 2193 4365; x_wconf 84' lang='lat' dir='ltr'><strong>do-</strong></span> 
     </span>
    </p>
   </div>
   <div class='ocr_carea' id='block_1_45' title="bbox 599 4362 2192 4449">
    <p class='ocr_par' dir='ltr' id='par_1_45' title="bbox 599 4362 2192 4449">
     <span class='ocr_line' id='line_1_45' title="bbox 599 4362 2192 4449; baseline -0.014 -8"><span class='ocrx_word' id='word_1_345' title='bbox 599 4395 721 4441; x_wconf 83' lang='lat' dir='ltr'><strong>nata</strong></span> <span class='ocrx_word' id='word_1_346' title='bbox 745 4392 861 4437; x_wconf 88' lang='lat' dir='ltr'><strong>sunt</strong></span> <span class='ocrx_word' id='word_1_347' title='bbox 895 4380 1036 4434; x_wconf 81' lang='lat' dir='ltr'><strong>nobis</strong></span> <span class='ocrx_word' id='word_1_348' title='bbox 1072 4363 1110 4449; x_wconf 70' lang='grc' dir='ltr'>(Ι</span> <span class='ocrx_word' id='word_1_349' title='bbox 1140 4362 1260 4430; x_wconf 85' lang='lat' dir='ltr'><strong>Cor.</strong></span> <span class='ocrx_word' id='word_1_350' title='bbox 1289 4390 1347 4439; x_wconf 92' lang='grc' dir='ltr'><strong>ιι,</strong></span> <span class='ocrx_word' id='word_1_351' title='bbox 1381 4372 1491 4440; x_wconf 71' lang='grc'><strong>12).</strong></span> <span class='ocrx_word' id='word_1_352' title='bbox 1529 4369 1659 4426; x_wconf 87' lang='lat' dir='ltr'><strong>Nam</strong></span> <span class='ocrx_word' id='word_1_353' title='bbox 1690 4378 1743 4422; x_wconf 90' lang='lat' dir='ltr'><strong>et</strong></span> <span class='ocrx_word' id='word_1_354' title='bbox 1770 4368 1935 4439; x_wconf 79' lang='lat' dir='ltr'><strong>ipsam</strong></span> <span class='ocrx_word' id='word_1_355' title='bbox 1969 4362 2192 4419; x_wconf 77' lang='lat' dir='ltr'><strong>manife-</strong></span> 
     </span>
    </p>
   </div>
   <div class='ocr_carea' id='block_1_46' title="bbox 601 4454 2192 4541">
    <p class='ocr_par' dir='ltr' id='par_1_46' title="bbox 601 4454 2192 4541">
     <span class='ocr_line' id='line_1_46' title="bbox 601 4454 2192 4541; baseline -0.014 -10"><span class='ocrx_word' id='word_1_356' title='bbox 601 4485 738 4531; x_wconf 84' lang='lat' dir='ltr'><strong>stam</strong></span> <span class='ocrx_word' id='word_1_357' title='bbox 780 4470 1191 4541; x_wconf 79' lang='lat' dir='ltr'><strong>impcrtitioncm</strong></span> <span class='ocrx_word' id='word_1_358' title='bbox 1238 4464 1466 4535; x_wconf 87' lang='lat' dir='ltr'><strong>Spiritus</strong></span> <span class='ocrx_word' id='word_1_359' title='bbox 1507 4460 1673 4515; x_wconf 90' lang='lat' dir='ltr'><strong>sancti</strong></span> <span class='ocrx_word' id='word_1_360' title='bbox 1715 4474 1819 4513; x_wconf 91' lang='lat' dir='ltr'><strong>non</strong></span> <span class='ocrx_word' id='word_1_361' title='bbox 1866 4456 2056 4522; x_wconf 88' lang='lat' dir='ltr'><strong>semel,</strong></span> <span class='ocrx_word' id='word_1_362' title='bbox 2097 4454 2192 4510; x_wconf 87' lang='lat' dir='ltr'><strong>sed</strong></span> 
     </span>
    </p>
   </div>
   <div class='ocr_carea' id='block_1_47' title="bbox 603 4546 2191 4625">
    <p class='ocr_par' dir='ltr' id='par_1_47' title="bbox 603 4546 2191 4625">
     <span class='ocr_line' id='line_1_47' title="bbox 603 4546 2191 4625; baseline -0.013 -4"><span class='ocrx_word' id='word_1_363' title='bbox 603 4564 685 4622; x_wconf 87' lang='lat' dir='ltr'><strong>bis</strong></span> <span class='ocrx_word' id='word_1_364' title='bbox 713 4576 933 4616; x_wconf 90' lang='lat' dir='ltr'><strong>numero</strong></span> <span class='ocrx_word' id='word_1_365' title='bbox 966 4557 1221 4613; x_wconf 87' lang='lat' dir='ltr'><strong>Dominus</strong></span> <span class='ocrx_word' id='word_1_366' title='bbox 1258 4554 1386 4625; x_wconf 87' lang='lat' dir='ltr'><strong>egit.</strong></span> <span class='ocrx_word' id='word_1_367' title='bbox 1424 4550 1542 4605; x_wconf 80' lang='lat' dir='ltr'><strong>Mox</strong></span> <span class='ocrx_word' id='word_1_368' title='bbox 1587 4548 1727 4603; x_wconf 91' lang='lat' dir='ltr'><strong>enim</strong></span> <span class='ocrx_word' id='word_1_369' title='bbox 1757 4557 1813 4602; x_wconf 87' lang='lat' dir='ltr'><strong>ut</strong></span> <span class='ocrx_word' id='word_1_370' title='bbox 1842 4546 2136 4601; x_wconf 81' lang='lat' dir='ltr'><strong>resurrexit</strong></span> <span class='ocrx_word' id='word_1_371' title='bbox 2160 4560 2191 4600; x_wconf 90' lang='lat' dir='ltr'><strong>a</strong></span> 
     </span>
    </p>
   </div>
   <div class='ocr_carea' id='block_1_48' title="bbox 603 4634 2192 4717">
    <p class='ocr_par' dir='ltr' id='par_1_48' title="bbox 603 4634 2192 4717">
     <span class='ocr_line' id='line_1_48' title="bbox 603 4634 2192 4717; baseline -0.013 -3"><span class='ocrx_word' id='word_1_372' title='bbox 603 4652 850 4717; x_wconf 85' lang='lat' dir='ltr'><strong>mOrtuis,</strong></span> <span class='ocrx_word' id='word_1_373' title='bbox 886 4649 1166 4706; x_wconf 77' lang='lat' dir='ltr'><strong>insulilaus</strong></span> <span class='ocrx_word' id='word_1_374' title='bbox 1213 4634 1286 4700; x_wconf 90' lang='lat' dir='ltr'><strong>ait</strong></span> <span class='ocrx_word' id='word_1_375' title='bbox 1340 4662 1353 4699; x_wconf 88' lang='lat'><strong>:</strong></span> <span class='ocrx_word' id='word_1_376' title='bbox 1402 4641 1623 4709; x_wconf 78' lang='lat' dir='ltr'><strong>Accipite</strong></span> <span class='ocrx_word' id='word_1_377' title='bbox 1671 4638 1919 4709; x_wconf 84' lang='lat' dir='ltr'><strong>Spiritum</strong></span> <span class='ocrx_word' id='word_1_378' title='bbox 1962 4648 2192 4693; x_wconf 81' lang='lat' dir='ltr'><strong>sanciunt</strong></span> 
     </span>
    </p>
   </div>
   <div class='ocr_carea' id='block_1_49' title="bbox 604 4727 2191 4821">
    <p class='ocr_par' dir='ltr' id='par_1_49' title="bbox 604 4727 2191 4821">
     <span class='ocr_line' id='line_1_49' title="bbox 604 4727 2191 4821; baseline -0.012 -18"><span class='ocrx_word' id='word_1_379' title='bbox 604 4746 785 4821; x_wconf 81' lang='lat' dir='ltr'><strong>(Joan.</strong></span> <span class='ocrx_word' id='word_1_380' title='bbox 808 4759 903 4809; x_wconf 78' lang='lat' dir='ltr'><strong>xx,</strong></span> <span class='ocrx_word' id='word_1_381' title='bbox 933 4740 1047 4815; x_wconf 67' lang='grc'><strong>22).</strong></span> <span class='ocrx_word' id='word_1_382' title='bbox 1082 4734 1346 4808; x_wconf 88' lang='lat' dir='ltr'><strong>Numquid</strong></span> <span class='ocrx_word' id='word_1_383' title='bbox 1377 4734 1537 4805; x_wconf 89' lang='lat' dir='ltr'><strong>igitur</strong></span> <span class='ocrx_word' id='word_1_384' title='bbox 1563 4731 1683 4802; x_wconf 87' lang='lat' dir='ltr'><strong>quia</strong></span> <span class='ocrx_word' id='word_1_385' title='bbox 1721 4732 1845 4785; x_wconf 81' lang='lat' dir='ltr'><strong>tunc</strong></span> <span class='ocrx_word' id='word_1_386' title='bbox 1871 4727 2037 4786; x_wconf 88' lang='lat' dir='ltr'><strong>dedit.</strong></span> <span class='ocrx_word' id='word_1_387' title='bbox 2072 4729 2191 4785; x_wconf 92' lang='lat' dir='ltr'><strong>ideo</strong></span> 
     </span>
    </p>
   </div>
   <div class='ocr_carea' id='block_1_50' title="bbox 602 4821 2189 4902">
    <p class='ocr_par' dir='ltr' id='par_1_50' title="bbox 602 4821 2189 4902">
     <span class='ocr_line' id='line_1_50' title="bbox 602 4821 2189 4902; baseline -0.013 -5"><span class='ocrx_word' id='word_1_388' title='bbox 602 4855 710 4897; x_wconf 91' lang='lat' dir='ltr'><strong>non</strong></span> <span class='ocrx_word' id='word_1_389' title='bbox 740 4835 886 4893; x_wconf 86' lang='lat' dir='ltr'><strong>misit</strong></span> <span class='ocrx_word' id='word_1_390' title='bbox 908 4833 1068 4890; x_wconf 86' lang='lat' dir='ltr'><strong>etiam</strong></span> <span class='ocrx_word' id='word_1_391' title='bbox 1096 4837 1279 4902; x_wconf 88' lang='lat' dir='ltr'><strong>postea</strong></span> <span class='ocrx_word' id='word_1_392' title='bbox 1305 4841 1461 4898; x_wconf 87' lang='lat' dir='ltr'><strong>quem</strong></span> <span class='ocrx_word' id='word_1_393' title='bbox 1490 4822 1763 4897; x_wconf 85' lang='lat' dir='ltr'><strong>promisit?</strong></span> <span class='ocrx_word' id='word_1_394' title='bbox 1791 4825 1895 4878; x_wconf 85' lang='lat' dir='ltr'><strong>Aut</strong></span> <span class='ocrx_word' id='word_1_395' title='bbox 1923 4838 2027 4877; x_wconf 91' lang='lat' dir='ltr'><strong>non</strong></span> <span class='ocrx_word' id='word_1_396' title='bbox 2050 4821 2189 4878; x_wconf 89' lang='lat' dir='ltr'><strong>idem</strong></span> 
     </span>
    </p>
   </div>
   <div class='ocr_carea' id='block_1_51' title="bbox 602 4912 2191 5005">
    <p class='ocr_par' dir='ltr' id='par_1_51' title="bbox 602 4912 2191 5005">
     <span class='ocr_line' id='line_1_51' title="bbox 602 4912 2191 5005; baseline -0.012 -15"><span class='ocrx_word' id='word_1_397' title='bbox 602 4933 721 5005; x_wconf 82' lang='lat' dir='ltr'><strong>ipse</strong></span> <span class='ocrx_word' id='word_1_398' title='bbox 747 4939 832 4988; x_wconf 90' lang='lat' dir='ltr'><strong>est</strong></span> <span class='ocrx_word' id='word_1_399' title='bbox 874 4927 1103 5000; x_wconf 88' lang='lat' dir='ltr'><strong>Spiritus</strong></span> <span class='ocrx_word' id='word_1_400' title='bbox 1145 4930 1381 4986; x_wconf 89' lang='lat' dir='ltr'><strong>sanctus,</strong></span> <span class='ocrx_word' id='word_1_401' title='bbox 1418 4917 1508 4990; x_wconf 93' lang='lat' dir='ltr'><strong>qui</strong></span> <span class='ocrx_word' id='word_1_402' title='bbox 1537 4925 1591 4973; x_wconf 92' lang='lat' dir='ltr'><strong>ct</strong></span> <span class='ocrx_word' id='word_1_403' title='bbox 1621 4912 1744 4972; x_wconf 77' lang='lat' dir='ltr'><strong>tune</strong></span> <span class='ocrx_word' id='word_1_404' title='bbox 1773 4924 1863 5005; x_wconf 89' lang='lat' dir='ltr'><strong>cst</strong></span> <span class='ocrx_word' id='word_1_405' title='bbox 1895 4913 2191 5005; x_wconf 82' lang='lat' dir='ltr'><strong>insufﬂatus</strong></span> 
     </span>
    </p>
   </div>
   <div class='ocr_carea' id='block_1_52' title="bbox 603 5002 2191 5093">
    <p class='ocr_par' dir='ltr' id='par_1_52' title="bbox 603 5002 2191 5093">
     <span class='ocr_line' id='line_1_52' title="bbox 603 5002 2191 5093; baseline -0.013 -13"><span class='ocrx_word' id='word_1_406' title='bbox 603 5002 672 5080; x_wconf 75' lang='lat' dir='ltr'><strong>ab</strong></span> <span class='ocrx_word' id='word_1_407' title='bbox 698 5024 834 5093; x_wconf 87' lang='lat' dir='ltr'><strong>ipso,</strong></span> <span class='ocrx_word' id='word_1_408' title='bbox 860 5029 915 5077; x_wconf 89' lang='lat' dir='ltr'><strong>et</strong></span> <span class='ocrx_word' id='word_1_409' title='bbox 952 5028 1132 5092; x_wconf 86' lang='lat' dir='ltr'><strong>postea</strong></span> <span class='ocrx_word' id='word_1_410' title='bbox 1162 5015 1229 5071; x_wconf 88' lang='lat' dir='ltr'><strong>ab</strong></span> <span class='ocrx_word' id='word_1_411' title='bbox 1259 5012 1376 5085; x_wconf 90' lang='lat' dir='ltr'><strong>ipso</strong></span> <span class='ocrx_word' id='word_1_412' title='bbox 1402 5010 1599 5066; x_wconf 89' lang='lat' dir='ltr'><strong>missus</strong></span> <span class='ocrx_word' id='word_1_413' title='bbox 1623 5024 1654 5064; x_wconf 92' lang='lat' dir='ltr'><strong>e</strong></span> <span class='ocrx_word' id='word_1_414' title='bbox 1679 5007 1815 5063; x_wconf 86' lang='lat' dir='ltr'><strong>coelo</strong></span> <span class='ocrx_word' id='word_1_415' title='bbox 1845 5004 1977 5079; x_wconf 81' lang='lat' dir='ltr'><strong>(Act.</strong></span> <span class='ocrx_word' id='word_1_416' title='bbox 2010 5021 2067 5071; x_wconf 86' lang='grc' dir='ltr'><strong>ιι,</strong></span> <span class='ocrx_word' id='word_1_417' title='bbox 2096 5002 2191 5079; x_wconf 72' lang='lat'><strong>4)?</strong></span> 
     </span>
    </p>
   </div>
   <div class='ocr_carea' id='block_1_53' title="bbox 604 5099 2191 5186">
    <p class='ocr_par' dir='ltr' id='par_1_53' title="bbox 604 5099 2191 5186">
     <span class='ocr_line' id='line_1_53' title="bbox 604 5099 2191 5186; baseline -0.012 -12"><span class='ocrx_word' id='word_1_418' title='bbox 604 5118 940 5186; x_wconf 84' lang='lat' dir='ltr'><strong>Quapropter</strong></span> <span class='ocrx_word' id='word_1_419' title='bbox 975 5129 1068 5168; x_wconf 88' lang='lat' dir='ltr'><strong>cur</strong></span> <span class='ocrx_word' id='word_1_420' title='bbox 1105 5112 1216 5183; x_wconf 88' lang='lat' dir='ltr'><strong>ipsa</strong></span> <span class='ocrx_word' id='word_1_421' title='bbox 1245 5124 1366 5181; x_wconf 75' lang='lat' dir='ltr'><strong>quae</strong></span> <span class='ocrx_word' id='word_1_422' title='bbox 1396 5106 1529 5163; x_wconf 81' lang='lat' dir='ltr'><strong>facta</strong></span> <span class='ocrx_word' id='word_1_423' title='bbox 1555 5114 1639 5160; x_wconf 87' lang='lat' dir='ltr'><strong>est</strong></span> <span class='ocrx_word' id='word_1_424' title='bbox 1668 5100 1943 5159; x_wconf 79' lang='lat' dir='ltr'><strong>evidenter</strong></span> <span class='ocrx_word' id='word_1_425' title='bbox 1975 5099 2191 5156; x_wconf 87' lang='lat' dir='ltr'><strong>donatio</strong></span> 
     </span>
    </p>
   </div>
   <div class='ocr_carea' id='block_1_54' title="bbox 605 5190 2190 5280">
    <p class='ocr_par' dir='ltr' id='par_1_54' title="bbox 605 5190 2190 5280">
     <span class='ocr_line' id='line_1_54' title="bbox 605 5190 2190 5280; baseline -0.011 -16"><span class='ocrx_word' id='word_1_426' title='bbox 605 5209 747 5280; x_wconf 87' lang='lat' dir='ltr'><strong>ejus,</strong></span> <span class='ocrx_word' id='word_1_427' title='bbox 771 5206 853 5261; x_wconf 90' lang='lat' dir='ltr'><strong>bis</strong></span> <span class='ocrx_word' id='word_1_428' title='bbox 883 5205 1018 5258; x_wconf 85' lang='lat' dir='ltr'><strong>facta</strong></span> <span class='ocrx_word' id='word_1_429' title='bbox 1044 5202 1222 5268; x_wconf 90' lang='lat' dir='ltr'><strong>fuerit,</strong></span> <span class='ocrx_word' id='word_1_430' title='bbox 1244 5200 1347 5254; x_wconf 88' lang='lat' dir='ltr'><strong>alia</strong></span> <span class='ocrx_word' id='word_1_431' title='bbox 1374 5196 1597 5270; x_wconf 64' lang='lat' dir='ltr'><strong>quaestio</strong></span> <span class='ocrx_word' id='word_1_432' title='bbox 1626 5204 1704 5250; x_wconf 91' lang='lat' dir='ltr'><strong>est</strong></span> <span class='ocrx_word' id='word_1_433' title='bbox 1738 5212 1749 5249; x_wconf 92' lang='lat'><strong>:</strong></span> <span class='ocrx_word' id='word_1_434' title='bbox 1780 5191 2019 5247; x_wconf 82' lang='lat' dir='ltr'><strong>fortassis</strong></span> <span class='ocrx_word' id='word_1_435' title='bbox 2047 5190 2190 5247; x_wconf 85' lang='lat' dir='ltr'><strong>enim</strong></span> 
     </span>
    </p>
   </div>
   <div class='ocr_carea' id='block_1_55' title="bbox 606 5283 2191 5378">
    <p class='ocr_par' dir='ltr' id='par_1_55' title="bbox 606 5283 2191 5378">
     <span class='ocr_line' id='line_1_55' title="bbox 606 5283 2191 5378; baseline -0.013 -19"><span class='ocrx_word' id='word_1_436' title='bbox 606 5307 827 5378; x_wconf 88' lang='lat' dir='ltr'><strong>propter</strong></span> <span class='ocrx_word' id='word_1_437' title='bbox 863 5296 971 5352; x_wconf 91' lang='lat' dir='ltr'><strong>duo</strong></span> <span class='ocrx_word' id='word_1_438' title='bbox 1018 5300 1279 5367; x_wconf 73' lang='lat' dir='ltr'><strong>praecepta</strong></span> <span class='ocrx_word' id='word_1_439' title='bbox 1325 5288 1641 5352; x_wconf 83' lang='lat' dir='ltr'><strong>dilectionis,</strong></span> <span class='ocrx_word' id='word_1_440' title='bbox 1694 5286 1798 5343; x_wconf 86' lang='lat' dir='ltr'><strong>hoc</strong></span> <span class='ocrx_word' id='word_1_441' title='bbox 1843 5293 1925 5341; x_wconf 90' lang='lat' dir='ltr'><strong>est</strong></span> <span class='ocrx_word' id='word_1_442' title='bbox 1965 5283 2191 5354; x_wconf 80' lang='lat' dir='ltr'><strong>proximi</strong></span> 
     </span>
    </p>
   </div>
   <div class='ocr_carea' id='block_1_56' title="bbox 604 5381 2190 5461">
    <p class='ocr_par' dir='ltr' id='par_1_56' title="bbox 604 5381 2190 5461">
     <span class='ocr_line' id='line_1_56' title="bbox 604 5381 2190 5461; baseline -0.013 -8"><span class='ocrx_word' id='word_1_443' title='bbox 604 5406 659 5454; x_wconf 91' lang='lat' dir='ltr'><strong>et</strong></span> <span class='ocrx_word' id='word_1_444' title='bbox 690 5391 809 5461; x_wconf 90' lang='lat' dir='ltr'><strong>Dei,</strong></span> <span class='ocrx_word' id='word_1_445' title='bbox 833 5399 888 5444; x_wconf 90' lang='lat' dir='ltr'><strong>ut</strong></span> <span class='ocrx_word' id='word_1_446' title='bbox 912 5383 1378 5443; x_wconf 85' lang='lat' dir='ltr'><strong>commendaretur</strong></span> <span class='ocrx_word' id='word_1_447' title='bbox 1402 5382 1468 5437; x_wconf 90' lang='lat' dir='ltr'><strong>ad</strong></span> <span class='ocrx_word' id='word_1_448' title='bbox 1500 5381 1756 5452; x_wconf 85' lang='lat' dir='ltr'><strong>Spiritum</strong></span> <span class='ocrx_word' id='word_1_449' title='bbox 1789 5389 2028 5435; x_wconf 88' lang='lat' dir='ltr'><strong>sanetum</strong></span> <span class='ocrx_word' id='word_1_450' title='bbox 2065 5393 2190 5451; x_wconf 84' lang='lat' dir='ltr'><strong>per-</strong></span> 
     </span>
    </p>
   </div>
   <div class='ocr_carea' id='block_1_57' title="bbox 608 5470 2194 5545">
    <p class='ocr_par' dir='ltr' id='par_1_57' title="bbox 608 5470 2194 5545">
     <span class='ocr_line' id='line_1_57' title="bbox 608 5470 2194 5545; baseline -0.012 -1"><span class='ocrx_word' id='word_1_451' title='bbox 608 5488 780 5545; x_wconf 91' lang='lat' dir='ltr'><strong>tinere</strong></span> <span class='ocrx_word' id='word_1_452' title='bbox 820 5479 1059 5543; x_wconf 86' lang='lat' dir='ltr'><strong>dilectio,</strong></span> <span class='ocrx_word' id='word_1_453' title='bbox 1107 5474 1222 5532; x_wconf 80' lang='lat' dir='ltr'><strong>htcc</strong></span> <span class='ocrx_word' id='word_1_454' title='bbox 1265 5475 1380 5545; x_wconf 84' lang='lat' dir='ltr'><strong>ejus</strong></span> <span class='ocrx_word' id='word_1_455' title='bbox 1429 5474 1635 5545; x_wconf 86' lang='lat' dir='ltr'><strong>gemina</strong></span> <span class='ocrx_word' id='word_1_456' title='bbox 1664 5483 1747 5528; x_wconf 90' lang='lat' dir='ltr'><strong>est</strong></span> <span class='ocrx_word' id='word_1_457' title='bbox 1787 5472 1839 5527; x_wconf 94' lang='lat' dir='ltr'><strong>in</strong></span> <span class='ocrx_word' id='word_1_458' title='bbox 1886 5470 2194 5527; x_wconf 79' lang='lat' dir='ltr'><strong>manifesta-</strong></span> 
     </span>
    </p>
   </div>
   <div class='ocr_carea' id='block_1_58' title="bbox 611 5564 2191 5638">
    <p class='ocr_par' dir='ltr' id='par_1_58' title="bbox 611 5564 2191 5638">
     <span class='ocr_line' id='line_1_58' title="bbox 611 5564 2191 5638; baseline -0.009 -2"><span class='ocrx_word' id='word_1_459' title='bbox 611 5578 758 5635; x_wconf 88' lang='lat' dir='ltr'><strong>tione</strong></span> <span class='ocrx_word' id='word_1_460' title='bbox 796 5573 931 5631; x_wconf 76' lang='lat' dir='ltr'><strong>facta</strong></span> <span class='ocrx_word' id='word_1_461' title='bbox 976 5568 1214 5626; x_wconf 80' lang='lat' dir='ltr'><strong>donatio.</strong></span> <span class='ocrx_word' id='word_1_462' title='bbox 1247 5566 1316 5623; x_wconf 82' lang='lat' dir='ltr'><strong>Et</strong></span> <span class='ocrx_word' id='word_1_463' title='bbox 1351 5566 1393 5622; x_wconf 90' lang='lat' dir='ltr'><strong>si</strong></span> <span class='ocrx_word' id='word_1_464' title='bbox 1436 5566 1538 5620; x_wconf 88' lang='lat' dir='ltr'><strong>alia</strong></span> <span class='ocrx_word' id='word_1_465' title='bbox 1580 5579 1737 5622; x_wconf 86' lang='lat' dir='ltr'><strong>causa</strong></span> <span class='ocrx_word' id='word_1_466' title='bbox 1769 5564 2059 5638; x_wconf 65' lang='lat' dir='ltr'><strong>quaerenda</strong></span> <span class='ocrx_word' id='word_1_467' title='bbox 2088 5573 2191 5637; x_wconf 85' lang='lat' dir='ltr'><strong>est,</strong></span> 
     </span>
    </p>
   </div>
   <div class='ocr_carea' id='block_1_59' title="bbox 609 5658 2197 5738">
    <p class='ocr_par' dir='ltr' id='par_1_59' title="bbox 609 5658 2197 5738">
     <span class='ocr_line' id='line_1_59' title="bbox 609 5658 2197 5738; baseline -0.006 -9"><span class='ocrx_word' id='word_1_468' title='bbox 609 5682 717 5729; x_wconf 90' lang='lat' dir='ltr'><strong>non</strong></span> <span class='ocrx_word' id='word_1_469' title='bbox 745 5681 887 5727; x_wconf 87' lang='lat' dir='ltr'><strong>nunc</strong></span> <span class='ocrx_word' id='word_1_470' title='bbox 908 5664 1026 5738; x_wconf 81' lang='lat' dir='ltr'><strong>ejus</strong></span> <span class='ocrx_word' id='word_1_471' title='bbox 1048 5661 1390 5734; x_wconf 77' lang='lat' dir='ltr'><strong>inquisitione</strong></span> <span class='ocrx_word' id='word_1_472' title='bbox 1411 5660 1462 5716; x_wconf 92' lang='lat' dir='ltr'><strong>in</strong></span> <span class='ocrx_word' id='word_1_473' title='bbox 1483 5658 1777 5733; x_wconf 75' lang='lat' dir='ltr'><strong>longiorem</strong></span> <span class='ocrx_word' id='word_1_474' title='bbox 1796 5676 1954 5735; x_wconf 83' lang='lat' dir='ltr'><strong>quam</strong></span> <span class='ocrx_word' id='word_1_475' title='bbox 1982 5666 2197 5735; x_wconf 77' lang='lat' dir='ltr'><strong>oportet</strong></span> 
     </span>
    </p>
   </div>
   <div class='ocr_carea' id='block_1_60' title="bbox 610 5750 2201 5826">
    <p class='ocr_par' dir='ltr' id='par_1_60' title="bbox 610 5750 2201 5826">
     <span class='ocr_line' id='line_1_60' title="bbox 610 5750 2201 5826; baseline 0.005 -7"><span class='ocrx_word' id='word_1_476' title='bbox 610 5760 828 5820; x_wconf 79' lang='lat' dir='ltr'><strong>modum</strong></span> <span class='ocrx_word' id='word_1_477' title='bbox 855 5771 1035 5819; x_wconf 80' lang='lat' dir='ltr'><strong>sermo</strong></span> <span class='ocrx_word' id='word_1_478' title='bbox 1063 5753 1165 5819; x_wconf 72' lang='lat' dir='ltr'><strong>ista</strong></span> <span class='ocrx_word' id='word_1_479' title='bbox 1198 5752 1490 5816; x_wconf 77' lang='lat' dir='ltr'><strong>mittendus</strong></span> <span class='ocrx_word' id='word_1_480' title='bbox 1527 5758 1610 5816; x_wconf 80' lang='lat' dir='ltr'><strong>est</strong></span> <span class='ocrx_word' id='word_1_481' title='bbox 1643 5768 1655 5809; x_wconf 88' lang='lat'><strong>:</strong></span> <span class='ocrx_word' id='word_1_482' title='bbox 1684 5750 1811 5815; x_wconf 83' lang='lat' dir='ltr'><strong>dum</strong></span> <span class='ocrx_word' id='word_1_483' title='bbox 1853 5766 2033 5825; x_wconf 71' lang='lat' dir='ltr'><strong>tamen</strong></span> <span class='ocrx_word' id='word_1_484' title='bbox 2074 5778 2201 5826; x_wconf 75' lang='lat' dir='ltr'><strong>cea-</strong></span> 
     </span>
    </p>
   </div>
   <div class='ocr_carea' id='block_1_61' title="bbox 1520 281 2925 354">
    <p class='ocr_par' dir='ltr' id='par_1_61' title="bbox 1520 281 2925 354">
     <span class='ocr_line' id='line_1_61' title="bbox 1520 281 2925 354; baseline -0.011 0"><span class='ocrx_word' id='word_1_485' title='bbox 1520 284 1588 354; x_wconf 76' lang='grc' dir='ltr'>ιΝ</span> <span class='ocrx_word' id='word_1_486' title='bbox 1625 288 1906 352; x_wconf 68' lang='grc' dir='ltr'><strong>,ΙΟΔΝΝιὸ</strong></span> <span class='ocrx_word' id='word_1_487' title='bbox 1944 282 2415 353; x_wconf 76' lang='lat' dir='ltr'><strong>EVANGELIUM,</strong></span> <span class='ocrx_word' id='word_1_488' title='bbox 2455 283 2516 343; x_wconf 82' lang='lat' dir='ltr'><strong>S.</strong></span> <span class='ocrx_word' id='word_1_489' title='bbox 2555 281 2925 344; x_wconf 75' lang='lat' dir='ltr'><strong>AUGUSTle</strong></span> 
     </span>
    </p>
   </div>
   <div class='ocr_carea' id='block_1_62' title="bbox 3648 298 3748 363">
    <p class='ocr_par' dir='ltr' id='par_1_62' title="bbox 3648 298 3748 363">
     <span class='ocr_line' id='line_1_62' title="bbox 3648 298 3748 363; baseline -0.02 -2"><span class='ocrx_word' id='word_1_490' title='bbox 3648 298 3748 363; x_wconf 66' lang='grc'><strong>1893</strong></span> 
     </span>
    </p>
   </div>
   <div class='ocr_carea' id='block_1_63' title="bbox 2274 398 3754 475">
    <p class='ocr_par' dir='ltr' id='par_1_63' title="bbox 2274 398 3754 475">
     <span class='ocr_line' id='line_1_63' title="bbox 2274 398 3754 475; baseline 0.009 -20"><span class='ocrx_word' id='word_1_491' title='bbox 2274 409 2400 469; x_wconf 87' lang='lat' dir='ltr'><strong>stet,</strong></span> <span class='ocrx_word' id='word_1_492' title='bbox 2429 400 2545 456; x_wconf 90' lang='lat' dir='ltr'><strong>sine</strong></span> <span class='ocrx_word' id='word_1_493' title='bbox 2592 399 2796 471; x_wconf 89' lang='lat' dir='ltr'><strong>Spiritu</strong></span> <span class='ocrx_word' id='word_1_494' title='bbox 2846 406 3035 456; x_wconf 87' lang='lat' dir='ltr'><strong>sancto</strong></span> <span class='ocrx_word' id='word_1_495' title='bbox 3079 398 3344 458; x_wconf 86' lang='lat' dir='ltr'><strong>Christum</strong></span> <span class='ocrx_word' id='word_1_496' title='bbox 3381 418 3470 461; x_wconf 83' lang='lat' dir='ltr'><strong>nos</strong></span> <span class='ocrx_word' id='word_1_497' title='bbox 3507 407 3684 473; x_wconf 70' lang='lat' dir='ltr'><strong>(ﬁlicem</strong></span> <span class='ocrx_word' id='word_1_498' title='bbox 3718 428 3754 475; x_wconf 74' lang='lat' dir='ltr'><strong>et</strong></span> 
     </span>
    </p>
   </div>
   <div class='ocr_carea' id='block_1_64' title="bbox 2275 491 3755 569">
    <p class='ocr_par' dir='ltr' id='par_1_64' title="bbox 2275 491 3755 569">
     <span class='ocr_line' id='line_1_64' title="bbox 2275 491 3755 569; baseline 0.006 -22"><span class='ocrx_word' id='word_1_499' title='bbox 2275 491 2523 548; x_wconf 85' lang='lat' dir='ltr'><strong>mandata</strong></span> <span class='ocrx_word' id='word_1_500' title='bbox 2565 491 2680 563; x_wconf 70' lang='lat' dir='ltr'><strong>eius</strong></span> <span class='ocrx_word' id='word_1_501' title='bbox 2719 507 2936 547; x_wconf 90' lang='lat' dir='ltr'><strong>servare</strong></span> <span class='ocrx_word' id='word_1_502' title='bbox 2990 504 3098 547; x_wconf 89' lang='lat' dir='ltr'><strong>non</strong></span> <span class='ocrx_word' id='word_1_503' title='bbox 3145 504 3406 569; x_wconf 39' lang='lat' dir='ltr'><strong>possez’et</strong></span> <span class='ocrx_word' id='word_1_504' title='bbox 3442 498 3489 552; x_wconf 83' lang='lat' dir='ltr'><strong>id</strong></span> <span class='ocrx_word' id='word_1_505' title='bbox 3529 515 3610 556; x_wconf 86' lang='lat' dir='ltr'><strong>nos</strong></span> <span class='ocrx_word' id='word_1_506' title='bbox 3643 520 3755 564; x_wconf 67' lang='lat' dir='ltr'><strong>posse</strong></span> 
     </span>
    </p>
   </div>
   <div class='ocr_carea' id='block_1_65' title="bbox 2275 585 3757 664">
    <p class='ocr_par' dir='ltr' id='par_1_65' title="bbox 2275 585 3757 664">
     <span class='ocr_line' id='line_1_65' title="bbox 2275 585 3757 664; baseline 0.007 -23"><span class='ocrx_word' id='word_1_507' title='bbox 2275 596 2433 658; x_wconf 89' lang='lat' dir='ltr'><strong>atque</strong></span> <span class='ocrx_word' id='word_1_508' title='bbox 2478 601 2638 657; x_wconf 77' lang='lat' dir='ltr'><strong>agerc</strong></span> <span class='ocrx_word' id='word_1_509' title='bbox 2684 595 2832 641; x_wconf 90' lang='lat' dir='ltr'><strong>tanto</strong></span> <span class='ocrx_word' id='word_1_510' title='bbox 2877 585 3073 650; x_wconf 89' lang='lat' dir='ltr'><strong>minus,</strong></span> <span class='ocrx_word' id='word_1_511' title='bbox 3115 594 3308 657; x_wconf 88' lang='lat' dir='ltr'><strong>quanto</strong></span> <span class='ocrx_word' id='word_1_512' title='bbox 3347 587 3478 643; x_wconf 92' lang='lat' dir='ltr'><strong>illum</strong></span> <span class='ocrx_word' id='word_1_513' title='bbox 3519 597 3757 664; x_wconf 83' lang='lat' dir='ltr'><strong>percipimus</strong></span> 
     </span>
    </p>
   </div>
   <div class='ocr_carea' id='block_1_66' title="bbox 2276 676 3757 765">
    <p class='ocr_par' dir='ltr' id='par_1_66' title="bbox 2276 676 3757 765">
     <span class='ocr_line' id='line_1_66' title="bbox 2276 676 3757 765; baseline -0.002 -31"><span class='ocrx_word' id='word_1_514' title='bbox 2276 678 2484 745; x_wconf 89' lang='lat' dir='ltr'><strong>minus;</strong></span> <span class='ocrx_word' id='word_1_515' title='bbox 2517 687 2665 765; x_wconf 78' lang='lat' dir='ltr'><strong>tanto</strong></span> <span class='ocrx_word' id='word_1_516' title='bbox 2705 688 2886 733; x_wconf 88' lang='lat' dir='ltr'><strong>autem</strong></span> <span class='ocrx_word' id='word_1_517' title='bbox 2928 676 3174 749; x_wconf 85' lang='lat' dir='ltr'><strong>amplius,</strong></span> <span class='ocrx_word' id='word_1_518' title='bbox 3221 689 3409 750; x_wconf 87' lang='lat' dir='ltr'><strong>quanto</strong></span> <span class='ocrx_word' id='word_1_519' title='bbox 3444 680 3567 737; x_wconf 91' lang='lat' dir='ltr'><strong>illum</strong></span> <span class='ocrx_word' id='word_1_520' title='bbox 3594 684 3757 759; x_wconf 70' lang='lat' dir='ltr'><strong>percipi.</strong></span> 
     </span>
    </p>
   </div>
   <div class='ocr_carea' id='block_1_67' title="bbox 2277 770 3760 841">
    <p class='ocr_par' dir='ltr' id='par_1_67' title="bbox 2277 770 3760 841">
     <span class='ocr_line' id='line_1_67' title="bbox 2277 770 3760 841; baseline 0.003 -15"><span class='ocrx_word' id='word_1_521' title='bbox 2277 787 2395 828; x_wconf 90' lang='lat' dir='ltr'><strong>mus</strong></span> <span class='ocrx_word' id='word_1_522' title='bbox 2415 772 2664 841; x_wconf 88' lang='lat' dir='ltr'><strong>amplius.</strong></span> <span class='ocrx_word' id='word_1_523' title='bbox 2691 770 2921 826; x_wconf 88' lang='lat' dir='ltr'><strong>Proinde</strong></span> <span class='ocrx_word' id='word_1_524' title='bbox 2948 786 3053 826; x_wconf 91' lang='lat' dir='ltr'><strong>non</strong></span> <span class='ocrx_word' id='word_1_525' title='bbox 3084 772 3254 826; x_wconf 85' lang='lat' dir='ltr'><strong>solum</strong></span> <span class='ocrx_word' id='word_1_526' title='bbox 3283 788 3381 827; x_wconf 90' lang='lat' dir='ltr'><strong>non</strong></span> <span class='ocrx_word' id='word_1_527' title='bbox 3410 772 3612 840; x_wconf 84' lang='lat' dir='ltr'><strong>habenti,</strong></span> <span class='ocrx_word' id='word_1_528' title='bbox 3631 795 3760 838; x_wconf 77' lang='lat' dir='ltr'><strong>verum</strong></span> 
     </span>
    </p>
   </div>
   <div class='ocr_carea' id='block_1_68' title="bbox 2277 863 3762 936">
    <p class='ocr_par' dir='ltr' id='par_1_68' title="bbox 2277 863 3762 936">
     <span class='ocr_line' id='line_1_68' title="bbox 2277 863 3762 936; baseline 0.007 -17"><span class='ocrx_word' id='word_1_529' title='bbox 2277 864 2436 919; x_wconf 89' lang='lat' dir='ltr'><strong>etiam</strong></span> <span class='ocrx_word' id='word_1_530' title='bbox 2479 863 2715 927; x_wconf 86' lang='lat' dir='ltr'><strong>babenti,</strong></span> <span class='ocrx_word' id='word_1_531' title='bbox 2763 877 2866 917; x_wconf 92' lang='lat' dir='ltr'><strong>non</strong></span> <span class='ocrx_word' id='word_1_532' title='bbox 2908 864 3172 921; x_wconf 87' lang='lat' dir='ltr'><strong>incassum</strong></span> <span class='ocrx_word' id='word_1_533' title='bbox 3211 865 3554 936; x_wconf 89' lang='lat' dir='ltr'><strong>promittitur:</strong></span> <span class='ocrx_word' id='word_1_534' title='bbox 3582 872 3664 926; x_wconf 79' lang='lat' dir='ltr'><strong>non</strong></span> <span class='ocrx_word' id='word_1_535' title='bbox 3694 873 3762 929; x_wconf 79' lang='lat' dir='ltr'><strong>ha-</strong></span> 
     </span>
    </p>
   </div>
   <div class='ocr_carea' id='block_1_69' title="bbox 2276 957 3764 1037">
    <p class='ocr_par' dir='ltr' id='par_1_69' title="bbox 2276 957 3764 1037">
     <span class='ocr_line' id='line_1_69' title="bbox 2276 957 3764 1037; baseline 0.004 -21"><span class='ocrx_word' id='word_1_536' title='bbox 2276 959 2423 1016; x_wconf 90' lang='lat' dir='ltr'><strong>benti</strong></span> <span class='ocrx_word' id='word_1_537' title='bbox 2447 960 2683 1030; x_wconf 83' lang='lat' dir='ltr'><strong>quidem.</strong></span> <span class='ocrx_word' id='word_1_538' title='bbox 2707 968 2764 1015; x_wconf 92' lang='lat' dir='ltr'><strong>ut</strong></span> <span class='ocrx_word' id='word_1_539' title='bbox 2789 957 3077 1037; x_wconf 86' lang='lat' dir='ltr'><strong>habeatur;</strong></span> <span class='ocrx_word' id='word_1_540' title='bbox 3103 959 3315 1017; x_wconf 89' lang='lat' dir='ltr'><strong>babenti</strong></span> <span class='ocrx_word' id='word_1_541' title='bbox 3335 971 3516 1027; x_wconf 89' lang='lat' dir='ltr'><strong>autem,</strong></span> <span class='ocrx_word' id='word_1_542' title='bbox 3538 972 3586 1019; x_wconf 89' lang='lat' dir='ltr'><strong>ut</strong></span> <span class='ocrx_word' id='word_1_543' title='bbox 3604 968 3764 1037; x_wconf 77' lang='lat' dir='ltr'><strong>amplius</strong></span> 
     </span>
    </p>
   </div>
   <div class='ocr_carea' id='block_1_70' title="bbox 2279 1036 3765 1127">
    <p class='ocr_par' dir='ltr' id='par_1_70' title="bbox 2279 1036 3765 1127">
     <span class='ocr_line' id='line_1_70' title="bbox 2279 1036 3765 1127; baseline 0.006 -22"><span class='ocrx_word' id='word_1_544' title='bbox 2279 1051 2557 1107; x_wconf 84' lang='lat' dir='ltr'><strong>habeatur.</strong></span> <span class='ocrx_word' id='word_1_545' title='bbox 2596 1050 2729 1106; x_wconf 86' lang='lat' dir='ltr'><strong>Nam</strong></span> <span class='ocrx_word' id='word_1_546' title='bbox 2777 1051 2880 1105; x_wconf 90' lang='lat' dir='ltr'><strong>nisi</strong></span> <span class='ocrx_word' id='word_1_547' title='bbox 2913 1036 2981 1106; x_wconf 90' lang='lat' dir='ltr'><strong>ab</strong></span> <span class='ocrx_word' id='word_1_548' title='bbox 3015 1049 3125 1107; x_wconf 90' lang='lat' dir='ltr'><strong>alio</strong></span> <span class='ocrx_word' id='word_1_549' title='bbox 3162 1052 3357 1120; x_wconf 88' lang='lat' dir='ltr'><strong>minus,</strong></span> <span class='ocrx_word' id='word_1_550' title='bbox 3392 1053 3457 1108; x_wconf 87' lang='lat' dir='ltr'><strong>ab</strong></span> <span class='ocrx_word' id='word_1_551' title='bbox 3490 1055 3581 1110; x_wconf 85' lang='lat' dir='ltr'><strong>alio</strong></span> <span class='ocrx_word' id='word_1_552' title='bbox 3604 1036 3765 1127; x_wconf 79' lang='lat' dir='ltr'><strong>amplius</strong></span> 
     </span>
    </p>
   </div>
   <div class='ocr_carea' id='block_1_71' title="bbox 2279 1128 3765 1209">
    <p class='ocr_par' dir='ltr' id='par_1_71' title="bbox 2279 1128 3765 1209">
     <span class='ocr_line' id='line_1_71' title="bbox 2279 1128 3765 1209; baseline 0.004 -10"><span class='ocrx_word' id='word_1_553' title='bbox 2279 1143 2586 1209; x_wconf 86' lang='lat' dir='ltr'><strong>haberetur,</strong></span> <span class='ocrx_word' id='word_1_554' title='bbox 2615 1152 2831 1199; x_wconf 88' lang='lat' dir='ltr'><strong>sanctus</strong></span> <span class='ocrx_word' id='word_1_555' title='bbox 2868 1143 3089 1199; x_wconf 71' lang='lat' dir='ltr'><strong>Elismus</strong></span> <span class='ocrx_word' id='word_1_556' title='bbox 3128 1152 3312 1199; x_wconf 84' lang='lat' dir='ltr'><strong>sancto</strong></span> <span class='ocrx_word' id='word_1_557' title='bbox 3343 1128 3464 1200; x_wconf 66' lang='lat' dir='ltr'><strong>Elite</strong></span> <span class='ocrx_word' id='word_1_558' title='bbox 3485 1162 3575 1201; x_wconf 88' lang='lat' dir='ltr'><strong>non</strong></span> <span class='ocrx_word' id='word_1_559' title='bbox 3595 1148 3765 1205; x_wconf 80' lang='lat' dir='ltr'><strong>diceret:</strong></span> 
     </span>
    </p>
   </div>
   <div class='ocr_carea' id='block_1_72' title="bbox 2280 1220 3766 1315">
    <p class='ocr_par' dir='ltr' id='par_1_72' title="bbox 2280 1220 3766 1315">
     <span class='ocr_line' id='line_1_72' title="bbox 2280 1220 3766 1315; baseline 0.001 -22"><span class='ocrx_word' id='word_1_560' title='bbox 2280 1237 2504 1308; x_wconf 83' lang='lat' dir='ltr'><strong>Spiritus</strong></span> <span class='ocrx_word' id='word_1_561' title='bbox 2524 1237 2611 1307; x_wconf 85' lang='lat' dir='ltr'><strong>qui</strong></span> <span class='ocrx_word' id='word_1_562' title='bbox 2645 1244 2717 1292; x_wconf 86' lang='lat' dir='ltr'><strong>est</strong></span> <span class='ocrx_word' id='word_1_563' title='bbox 2747 1236 2799 1290; x_wconf 88' lang='lat' dir='ltr'><strong>in</strong></span> <span class='ocrx_word' id='word_1_564' title='bbox 2824 1244 2894 1303; x_wconf 85' lang='lat' dir='ltr'><strong>te,</strong></span> <span class='ocrx_word' id='word_1_565' title='bbox 2913 1234 3070 1306; x_wconf 85' lang='lat' dir='ltr'><strong>duplo</strong></span> <span class='ocrx_word' id='word_1_566' title='bbox 3091 1235 3156 1289; x_wconf 91' lang='lat' dir='ltr'><strong>sit</strong></span> <span class='ocrx_word' id='word_1_567' title='bbox 3191 1234 3245 1288; x_wconf 88' lang='lat' dir='ltr'><strong>in</strong></span> <span class='ocrx_word' id='word_1_568' title='bbox 3269 1252 3346 1315; x_wconf 76' lang='lat' dir='ltr'><strong>me</strong></span> <span class='ocrx_word' id='word_1_569' title='bbox 3370 1236 3385 1266; x_wconf 76' lang='grc'>⁸</span> <span class='ocrx_word' id='word_1_570' title='bbox 3412 1235 3491 1309; x_wconf 77' lang='grc' dir='ltr'><strong>(ιν</strong></span> <span class='ocrx_word' id='word_1_571' title='bbox 3520 1220 3626 1310; x_wconf 78' lang='lat' dir='ltr'><strong>Reg.</strong></span> <span class='ocrx_word' id='word_1_572' title='bbox 3644 1254 3694 1304; x_wconf 80' lang='grc' dir='ltr'><strong>ιι,</strong></span> <span class='ocrx_word' id='word_1_573' title='bbox 3714 1240 3766 1309; x_wconf 84' lang='grc'><strong>9).</strong></span> 
     </span>
    </p>
   </div>
   <div class='ocr_carea' id='block_1_73' title="bbox 2350 1326 3770 1399">
    <p class='ocr_par' dir='ltr' id='par_1_73' title="bbox 2350 1326 3770 1399">
     <span class='ocr_line' id='line_1_73' title="bbox 2350 1326 3770 1399; baseline 0 -13"><span class='ocrx_word' id='word_1_574' title='bbox 2350 1332 2401 1386; x_wconf 79' lang='grc'><strong>5.</strong></span> <span class='ocrx_word' id='word_1_575' title='bbox 2444 1329 2667 1399; x_wconf 86' lang='lat' dir='ltr'><strong>Quando</strong></span> <span class='ocrx_word' id='word_1_576' title='bbox 2703 1337 2882 1385; x_wconf 86' lang='lat' dir='ltr'><strong>autem</strong></span> <span class='ocrx_word' id='word_1_577' title='bbox 2909 1329 2983 1382; x_wconf 89' lang='lat' dir='ltr'><strong>ait</strong></span> <span class='ocrx_word' id='word_1_578' title='bbox 3019 1327 3255 1385; x_wconf 81' lang='lat' dir='ltr'><strong>Joannes</strong></span> <span class='ocrx_word' id='word_1_579' title='bbox 3292 1326 3510 1397; x_wconf 80' lang='lat' dir='ltr'><strong>Baptista</strong></span> <span class='ocrx_word' id='word_1_580' title='bbox 3533 1329 3770 1396; x_wconf 78' lang='lat' dir='ltr'><strong>,Nonenin</strong></span> 
     </span>
    </p>
   </div>
   <div class='ocr_carea' id='block_1_74' title="bbox 2278 1420 3772 1496">
    <p class='ocr_par' dir='ltr' id='par_1_74' title="bbox 2278 1420 3772 1496">
     <span class='ocr_line' id='line_1_74' title="bbox 2278 1420 3772 1496; baseline 0.004 -19"><span class='ocrx_word' id='word_1_581' title='bbox 2278 1424 2346 1477; x_wconf 78' lang='lat' dir='ltr'><strong>ad</strong></span> <span class='ocrx_word' id='word_1_582' title='bbox 2384 1440 2670 1479; x_wconf 84' lang='lat' dir='ltr'><strong>mensuram</strong></span> <span class='ocrx_word' id='word_1_583' title='bbox 2698 1424 2784 1477; x_wconf 85' lang='lat' dir='ltr'><strong>dat</strong></span> <span class='ocrx_word' id='word_1_584' title='bbox 2813 1421 2949 1477; x_wconf 81' lang='lat' dir='ltr'><strong>Deus</strong></span> <span class='ocrx_word' id='word_1_585' title='bbox 2980 1421 3234 1491; x_wconf 83' lang='lat' dir='ltr'><strong>Spiritum</strong></span> <span class='ocrx_word' id='word_1_586' title='bbox 3287 1420 3455 1493; x_wconf 78' lang='lat' dir='ltr'><strong>(Joan.</strong></span> <span class='ocrx_word' id='word_1_587' title='bbox 3497 1438 3577 1488; x_wconf 87' lang='grc' dir='ltr'>ιιι,</span> <span class='ocrx_word' id='word_1_588' title='bbox 3602 1425 3695 1496; x_wconf 69' lang='grc'><strong>54),</strong></span> <span class='ocrx_word' id='word_1_589' title='bbox 3728 1422 3772 1483; x_wconf 77' lang='lat' dir='ltr'><strong>de</strong></span> 
     </span>
    </p>
   </div>
   <div class='ocr_carea' id='block_1_75' title="bbox 2281 1516 3774 1587">
    <p class='ocr_par' dir='ltr' id='par_1_75' title="bbox 2281 1516 3774 1587">
     <span class='ocr_line' id='line_1_75' title="bbox 2281 1516 3774 1587; baseline 0.004 -16"><span class='ocrx_word' id='word_1_590' title='bbox 2281 1517 2400 1587; x_wconf 90' lang='lat' dir='ltr'><strong>ipso</strong></span> <span class='ocrx_word' id='word_1_591' title='bbox 2424 1518 2517 1573; x_wconf 85' lang='lat' dir='ltr'><strong>Dei</strong></span> <span class='ocrx_word' id='word_1_592' title='bbox 2544 1516 2680 1573; x_wconf 81' lang='lat' dir='ltr'><strong>Filio</strong></span> <span class='ocrx_word' id='word_1_593' title='bbox 2706 1517 3023 1587; x_wconf 79' lang='lat' dir='ltr'><strong>loquebatur</strong></span> <span class='ocrx_word' id='word_1_594' title='bbox 3044 1556 3059 1583; x_wconf 91' lang='lat'><strong>,</strong></span> <span class='ocrx_word' id='word_1_595' title='bbox 3110 1517 3198 1572; x_wconf 90' lang='lat' dir='ltr'><strong>cui</strong></span> <span class='ocrx_word' id='word_1_596' title='bbox 3223 1532 3328 1571; x_wconf 90' lang='lat' dir='ltr'><strong>non</strong></span> <span class='ocrx_word' id='word_1_597' title='bbox 3354 1528 3435 1573; x_wconf 88' lang='lat' dir='ltr'><strong>est</strong></span> <span class='ocrx_word' id='word_1_598' title='bbox 3456 1516 3594 1572; x_wconf 82' lang='lat' dir='ltr'><strong>datus</strong></span> <span class='ocrx_word' id='word_1_599' title='bbox 3613 1520 3774 1587; x_wconf 74' lang='lat' dir='ltr'><strong>Spiritus</strong></span> 
     </span>
    </p>
   </div>
   <div class='ocr_carea' id='block_1_76' title="bbox 2279 1608 3775 1680">
    <p class='ocr_par' dir='ltr' id='par_1_76' title="bbox 2279 1608 3775 1680">
     <span class='ocr_line' id='line_1_76' title="bbox 2279 1608 3775 1680; baseline 0.001 -15"><span class='ocrx_word' id='word_1_600' title='bbox 2279 1611 2346 1665; x_wconf 89' lang='lat' dir='ltr'><strong>ad</strong></span> <span class='ocrx_word' id='word_1_601' title='bbox 2370 1625 2715 1675; x_wconf 81' lang='lat' dir='ltr'><strong>mensuram;</strong></span> <span class='ocrx_word' id='word_1_602' title='bbox 2745 1610 2871 1680; x_wconf 85' lang='lat' dir='ltr'><strong>quia</strong></span> <span class='ocrx_word' id='word_1_603' title='bbox 2915 1609 2968 1665; x_wconf 85' lang='lat' dir='ltr'><strong>in</strong></span> <span class='ocrx_word' id='word_1_604' title='bbox 2991 1608 3083 1664; x_wconf 90' lang='lat' dir='ltr'><strong>illo</strong></span> <span class='ocrx_word' id='word_1_605' title='bbox 3114 1608 3380 1664; x_wconf 88' lang='lat' dir='ltr'><strong>inhabitat</strong></span> <span class='ocrx_word' id='word_1_606' title='bbox 3403 1609 3561 1665; x_wconf 89' lang='lat' dir='ltr'><strong>omnis</strong></span> <span class='ocrx_word' id='word_1_607' title='bbox 3578 1611 3775 1680; x_wconf 81' lang='lat' dir='ltr'><strong>plenitudo</strong></span> 
     </span>
    </p>
   </div>
   <div class='ocr_carea' id='block_1_77' title="bbox 2281 1698 3775 1775">
    <p class='ocr_par' dir='ltr' id='par_1_77' title="bbox 2281 1698 3775 1775">
     <span class='ocr_line' id='line_1_77' title="bbox 2281 1698 3775 1775; baseline 0.001 -20"><span class='ocrx_word' id='word_1_608' title='bbox 2281 1701 2574 1755; x_wconf 83' lang='lat' dir='ltr'><strong>divinitatis</strong></span> <span class='ocrx_word' id='word_1_609' title='bbox 2595 1700 2815 1771; x_wconf 76' lang='lat' dir='ltr'><strong>(Coloss.</strong></span> <span class='ocrx_word' id='word_1_610' title='bbox 2843 1717 2901 1765; x_wconf 86' lang='grc' dir='ltr'><strong>ιι,</strong></span> <span class='ocrx_word' id='word_1_611' title='bbox 2928 1700 3009 1769; x_wconf 84' lang='grc'><strong>9).</strong></span> <span class='ocrx_word' id='word_1_612' title='bbox 3041 1698 3226 1769; x_wconf 79' lang='lat' dir='ltr'><strong>Neque</strong></span> <span class='ocrx_word' id='word_1_613' title='bbox 3249 1700 3389 1755; x_wconf 91' lang='lat' dir='ltr'><strong>enim</strong></span> <span class='ocrx_word' id='word_1_614' title='bbox 3412 1701 3518 1756; x_wconf 88' lang='lat' dir='ltr'><strong>sine</strong></span> <span class='ocrx_word' id='word_1_615' title='bbox 3540 1704 3676 1771; x_wconf 81' lang='lat' dir='ltr'><strong>gratia</strong></span> <span class='ocrx_word' id='word_1_616' title='bbox 3690 1703 3775 1775; x_wconf 77' lang='lat' dir='ltr'><strong>Spi-</strong></span> 
     </span>
    </p>
   </div>
   <div class='ocr_carea' id='block_1_78' title="bbox 2282 1791 3779 1850">
    <p class='ocr_par' dir='ltr' id='par_1_78' title="bbox 2282 1791 3779 1850">
     <span class='ocr_line' id='line_1_78' title="bbox 2282 1791 3779 1850; baseline 0.003 -4"><span class='ocrx_word' id='word_1_617' title='bbox 2282 1793 2417 1847; x_wconf 88' lang='lat' dir='ltr'><strong>ritus</strong></span> <span class='ocrx_word' id='word_1_618' title='bbox 2444 1796 2615 1847; x_wconf 85' lang='lat' dir='ltr'><strong>saneti</strong></span> <span class='ocrx_word' id='word_1_619' title='bbox 2643 1800 2731 1849; x_wconf 87' lang='lat' dir='ltr'><strong>est-</strong></span> <span class='ocrx_word' id='word_1_620' title='bbox 2758 1793 3020 1848; x_wconf 84' lang='lat' dir='ltr'><strong>mediator</strong></span> <span class='ocrx_word' id='word_1_621' title='bbox 3051 1792 3143 1848; x_wconf 89' lang='lat' dir='ltr'><strong>Dei</strong></span> <span class='ocrx_word' id='word_1_622' title='bbox 3168 1800 3223 1848; x_wconf 87' lang='lat' dir='ltr'><strong>et</strong></span> <span class='ocrx_word' id='word_1_623' title='bbox 3247 1791 3509 1847; x_wconf 87' lang='lat' dir='ltr'><strong>hominum</strong></span> <span class='ocrx_word' id='word_1_624' title='bbox 3531 1793 3779 1850; x_wconf 81' lang='lat' dir='ltr'><strong>homoCliri-</strong></span> 
     </span>
    </p>
   </div>
   <div class='ocr_carea' id='block_1_79' title="bbox 2281 1882 3780 1954">
    <p class='ocr_par' dir='ltr' id='par_1_79' title="bbox 2281 1882 3780 1954">
     <span class='ocr_line' id='line_1_79' title="bbox 2281 1882 3780 1954; baseline 0.002 -15"><span class='ocrx_word' id='word_1_625' title='bbox 2281 1895 2397 1939; x_wconf 87' lang='lat' dir='ltr'><strong>stus</strong></span> <span class='ocrx_word' id='word_1_626' title='bbox 2437 1884 2595 1941; x_wconf 74' lang='lat' dir='ltr'><strong>lesus</strong></span> <span class='ocrx_word' id='word_1_627' title='bbox 2645 1884 2705 1951; x_wconf 82' lang='grc' dir='ltr'><strong>(Ι</strong></span> <span class='ocrx_word' id='word_1_628' title='bbox 2742 1883 2877 1939; x_wconf 84' lang='lat' dir='ltr'><strong>Tim.</strong></span> <span class='ocrx_word' id='word_1_629' title='bbox 2922 1900 2990 1947; x_wconf 82' lang='grc' dir='ltr'>ιι.</span> <span class='ocrx_word' id='word_1_630' title='bbox 3037 1882 3109 1954; x_wconf 76' lang='grc' dir='ltr'><strong>ὅ)</strong></span> <span class='ocrx_word' id='word_1_631' title='bbox 3140 1901 3154 1938; x_wconf 92' lang='lat'><strong>:</strong></span> <span class='ocrx_word' id='word_1_632' title='bbox 3186 1899 3310 1939; x_wconf 87' lang='lat' dir='ltr'><strong>nam</strong></span> <span class='ocrx_word' id='word_1_633' title='bbox 3344 1893 3398 1942; x_wconf 90' lang='lat' dir='ltr'><strong>et</strong></span> <span class='ocrx_word' id='word_1_634' title='bbox 3427 1887 3532 1954; x_wconf 88' lang='lat' dir='ltr'><strong>ipse</strong></span> <span class='ocrx_word' id='word_1_635' title='bbox 3553 1885 3780 1942; x_wconf 79' lang='lat' dir='ltr'><strong>dicitdese</strong></span> 
     </span>
    </p>
   </div>
   <div class='ocr_carea' id='block_1_80' title="bbox 2284 1974 3778 2046">
    <p class='ocr_par' dir='ltr' id='par_1_80' title="bbox 2284 1974 3778 2046">
     <span class='ocr_line' id='line_1_80' title="bbox 2284 1974 3778 2046; baseline -0.001 -16"><span class='ocrx_word' id='word_1_636' title='bbox 2284 1976 2448 2031; x_wconf 88' lang='lat' dir='ltr'><strong>fuisse</strong></span> <span class='ocrx_word' id='word_1_637' title='bbox 2484 1975 2850 2046; x_wconf 85' lang='lat' dir='ltr'><strong>propheticum</strong></span> <span class='ocrx_word' id='word_1_638' title='bbox 2878 1975 3007 2030; x_wconf 75' lang='lat' dir='ltr'><strong>illud</strong></span> <span class='ocrx_word' id='word_1_639' title='bbox 3034 1976 3311 2046; x_wconf 85' lang='lat' dir='ltr'><strong>impletum</strong></span> <span class='ocrx_word' id='word_1_640' title='bbox 3337 2014 3357 2040; x_wconf 63' lang='grc' dir='ltr'><strong>γ</strong></span> <span class='ocrx_word' id='word_1_641' title='bbox 3393 1974 3596 2044; x_wconf 75' lang='lat' dir='ltr'><strong>Spiritus</strong></span> <span class='ocrx_word' id='word_1_642' title='bbox 3634 1975 3778 2031; x_wconf 70' lang='lat' dir='ltr'><strong>Domiti</strong></span> 
     </span>
    </p>
   </div>
   <div class='ocr_carea' id='block_1_81' title="bbox 2282 2069 3779 2141">
    <p class='ocr_par' dir='ltr' id='par_1_81' title="bbox 2282 2069 3779 2141">
     <span class='ocr_line' id='line_1_81' title="bbox 2282 2069 3779 2141; baseline 0.002 -18"><span class='ocrx_word' id='word_1_643' title='bbox 2282 2084 2436 2137; x_wconf 79' lang='lat' dir='ltr'><strong>super</strong></span> <span class='ocrx_word' id='word_1_644' title='bbox 2458 2085 2567 2133; x_wconf 81' lang='lat' dir='ltr'><strong>nte;</strong></span> <span class='ocrx_word' id='word_1_645' title='bbox 2595 2078 2802 2139; x_wconf 77' lang='lat' dir='ltr'><strong>propter</strong></span> <span class='ocrx_word' id='word_1_646' title='bbox 2829 2069 2966 2140; x_wconf 71' lang='lat' dir='ltr'><strong>quod</strong></span> <span class='ocrx_word' id='word_1_647' title='bbox 2995 2069 3139 2123; x_wconf 76' lang='lat' dir='ltr'><strong>unxit</strong></span> <span class='ocrx_word' id='word_1_648' title='bbox 3177 2085 3291 2132; x_wconf 76' lang='lat' dir='ltr'><strong>ms,</strong></span> <span class='ocrx_word' id='word_1_649' title='bbox 3323 2071 3632 2141; x_wconf 64' lang='lat' dir='ltr'><strong>evangelicae</strong></span> <span class='ocrx_word' id='word_1_650' title='bbox 3646 2087 3779 2139; x_wconf 71' lang='lat' dir='ltr'><strong>mpr-</strong></span> 
     </span>
    </p>
   </div>
   <div class='ocr_carea' id='block_1_82' title="bbox 2284 2158 3780 2231">
    <p class='ocr_par' dir='ltr' id='par_1_82' title="bbox 2284 2158 3780 2231">
     <span class='ocr_line' id='line_1_82' title="bbox 2284 2158 3780 2231; baseline -0.001 -16"><span class='ocrx_word' id='word_1_651' title='bbox 2284 2158 2421 2215; x_wconf 84' lang='lat' dir='ltr'><strong>ribus</strong></span> <span class='ocrx_word' id='word_1_652' title='bbox 2448 2161 2582 2214; x_wconf 86' lang='lat' dir='ltr'><strong>misit</strong></span> <span class='ocrx_word' id='word_1_653' title='bbox 2609 2176 2686 2214; x_wconf 82' lang='lat' dir='ltr'><strong>me</strong></span> <span class='ocrx_word' id='word_1_654' title='bbox 2707 2158 2856 2231; x_wconf 85' lang='lat' dir='ltr'><strong>(Luc.</strong></span> <span class='ocrx_word' id='word_1_655' title='bbox 2880 2175 2954 2223; x_wconf 83' lang='lat' dir='ltr'><strong>tv,</strong></span> <span class='ocrx_word' id='word_1_656' title='bbox 2988 2159 3200 2229; x_wconf 67' lang='grc'><strong>18-21).</strong></span> <span class='ocrx_word' id='word_1_657' title='bbox 3225 2159 3376 2227; x_wconf 73' lang='lat' dir='ltr'><strong>Quod</strong></span> <span class='ocrx_word' id='word_1_658' title='bbox 3404 2161 3536 2215; x_wconf 83' lang='lat' dir='ltr'><strong>enim</strong></span> <span class='ocrx_word' id='word_1_659' title='bbox 3559 2168 3627 2215; x_wconf 85' lang='lat' dir='ltr'><strong>est</strong></span> <span class='ocrx_word' id='word_1_660' title='bbox 3643 2159 3780 2231; x_wconf 62' lang='lat' dir='ltr'><strong>linige-</strong></span> 
     </span>
    </p>
   </div>
   <div class='ocr_carea' id='block_1_83' title="bbox 2287 2252 3780 2323">
    <p class='ocr_par' dir='ltr' id='par_1_83' title="bbox 2287 2252 3780 2323">
     <span class='ocr_line' id='line_1_83' title="bbox 2287 2252 3780 2323; baseline -0.001 -16"><span class='ocrx_word' id='word_1_661' title='bbox 2287 2253 2429 2308; x_wconf 89' lang='lat' dir='ltr'><strong>uitus</strong></span> <span class='ocrx_word' id='word_1_662' title='bbox 2470 2253 2691 2323; x_wconf 81' lang='lat' dir='ltr'><strong>:equalis</strong></span> <span class='ocrx_word' id='word_1_663' title='bbox 2741 2253 2916 2318; x_wconf 91' lang='lat' dir='ltr'><strong>Patri,</strong></span> <span class='ocrx_word' id='word_1_664' title='bbox 2972 2268 3078 2307; x_wconf 87' lang='lat' dir='ltr'><strong>non</strong></span> <span class='ocrx_word' id='word_1_665' title='bbox 3124 2261 3208 2307; x_wconf 87' lang='lat' dir='ltr'><strong>est</strong></span> <span class='ocrx_word' id='word_1_666' title='bbox 3232 2252 3457 2323; x_wconf 64' lang='lat' dir='ltr'><strong>gratim,</strong></span> <span class='ocrx_word' id='word_1_667' title='bbox 3496 2252 3578 2309; x_wconf 83' lang='lat' dir='ltr'><strong>sed</strong></span> <span class='ocrx_word' id='word_1_668' title='bbox 3603 2262 3780 2309; x_wconf 76' lang='lat' dir='ltr'><strong>natura:</strong></span> 
     </span>
    </p>
   </div>
   <div class='ocr_carea' id='block_1_84' title="bbox 2284 2345 3784 2416">
    <p class='ocr_par' dir='ltr' id='par_1_84' title="bbox 2284 2345 3784 2416">
     <span class='ocr_line' id='line_1_84' title="bbox 2284 2345 3784 2416; baseline 0.001 -16"><span class='ocrx_word' id='word_1_669' title='bbox 2284 2345 2429 2416; x_wconf 72' lang='lat' dir='ltr'><strong>quod</strong></span> <span class='ocrx_word' id='word_1_670' title='bbox 2448 2354 2630 2402; x_wconf 82' lang='lat' dir='ltr'><strong>autem</strong></span> <span class='ocrx_word' id='word_1_671' title='bbox 2659 2346 2710 2401; x_wconf 77' lang='lat' dir='ltr'><strong>in</strong></span> <span class='ocrx_word' id='word_1_672' title='bbox 2732 2345 2995 2401; x_wconf 76' lang='lat' dir='ltr'><strong>unitatem</strong></span> <span class='ocrx_word' id='word_1_673' title='bbox 3011 2360 3258 2415; x_wconf 62' lang='lat' dir='ltr'><strong>perstitit:</strong></span> <span class='ocrx_word' id='word_1_674' title='bbox 3280 2345 3537 2414; x_wconf 70' lang='lat' dir='ltr'><strong>Unigeniti</strong></span> <span class='ocrx_word' id='word_1_675' title='bbox 3560 2356 3784 2416; x_wconf 65' lang='lat' dir='ltr'><strong>assumptus</strong></span> 
     </span>
    </p>
   </div>
   <div class='ocr_carea' id='block_1_85' title="bbox 2285 2439 3782 2510">
    <p class='ocr_par' dir='ltr' id='par_1_85' title="bbox 2285 2439 3782 2510">
     <span class='ocr_line' id='line_1_85' title="bbox 2285 2439 3782 2510; baseline -0.005 -13"><span class='ocrx_word' id='word_1_676' title='bbox 2285 2448 2369 2497; x_wconf 83' lang='lat' dir='ltr'><strong>est</strong></span> <span class='ocrx_word' id='word_1_677' title='bbox 2392 2439 2573 2502; x_wconf 79' lang='lat' dir='ltr'><strong>hoino.</strong></span> <span class='ocrx_word' id='word_1_678' title='bbox 2604 2439 2789 2510; x_wconf 68' lang='lat' dir='ltr'><strong>gratim</strong></span> <span class='ocrx_word' id='word_1_679' title='bbox 2810 2449 2913 2502; x_wconf 67' lang='lat' dir='ltr'><strong>est.</strong></span> <span class='ocrx_word' id='word_1_680' title='bbox 2942 2454 3047 2494; x_wconf 85' lang='lat' dir='ltr'><strong>non</strong></span> <span class='ocrx_word' id='word_1_681' title='bbox 3074 2448 3302 2504; x_wconf 56' lang='lat' dir='ltr'><strong>naturai,</strong></span> <span class='ocrx_word' id='word_1_682' title='bbox 3327 2439 3594 2495; x_wconf 79' lang='lat' dir='ltr'><strong>conﬁtente</strong></span> <span class='ocrx_word' id='word_1_683' title='bbox 3614 2439 3782 2509; x_wconf 71' lang='lat' dir='ltr'><strong>Evange-</strong></span> 
     </span>
    </p>
   </div>
   <div class='ocr_carea' id='block_1_86' title="bbox 2289 2529 3786 2600">
    <p class='ocr_par' dir='ltr' id='par_1_86' title="bbox 2289 2529 3786 2600">
     <span class='ocr_line' id='line_1_86' title="bbox 2289 2529 3786 2600; baseline -0.001 -15"><span class='ocrx_word' id='word_1_684' title='bbox 2289 2530 2360 2587; x_wconf 91' lang='lat' dir='ltr'><strong>lio</strong></span> <span class='ocrx_word' id='word_1_685' title='bbox 2382 2540 2539 2600; x_wconf 68' lang='lat' dir='ltr'><strong>atque</strong></span> <span class='ocrx_word' id='word_1_686' title='bbox 2559 2530 2794 2596; x_wconf 65' lang='lat' dir='ltr'><strong>dicem,</strong></span> <span class='ocrx_word' id='word_1_687' title='bbox 2825 2529 2958 2585; x_wconf 81' lang='lat' dir='ltr'><strong>Puer</strong></span> <span class='ocrx_word' id='word_1_688' title='bbox 2976 2539 3145 2585; x_wconf 66' lang='lat' dir='ltr'><strong>uittam</strong></span> <span class='ocrx_word' id='word_1_689' title='bbox 3163 2532 3413 2585; x_wconf 75' lang='lat' dir='ltr'><strong>crescebat</strong></span> <span class='ocrx_word' id='word_1_690' title='bbox 3432 2541 3475 2584; x_wconf 82' lang='lat' dir='ltr'><strong>et</strong></span> <span class='ocrx_word' id='word_1_691' title='bbox 3495 2530 3786 2600; x_wconf 56' lang='lat' dir='ltr'><strong>contendetur</strong></span> 
     </span>
    </p>
   </div>
   <div class='ocr_carea' id='block_1_87' title="bbox 2289 2618 3784 2693">
    <p class='ocr_par' dir='ltr' id='par_1_87' title="bbox 2289 2618 3784 2693">
     <span class='ocr_line' id='line_1_87' title="bbox 2289 2618 3784 2693; baseline -0.003 -17"><span class='ocrx_word' id='word_1_692' title='bbox 2289 2621 2469 2691; x_wconf 76' lang='lat' dir='ltr'><strong>plenus</strong></span> <span class='ocrx_word' id='word_1_693' title='bbox 2493 2621 2740 2692; x_wconf 72' lang='lat' dir='ltr'><strong>sapientia</strong></span> <span class='ocrx_word' id='word_1_694' title='bbox 2758 2662 2774 2687; x_wconf 95' lang='lat'><strong>,</strong></span> <span class='ocrx_word' id='word_1_695' title='bbox 2805 2631 2851 2675; x_wconf 80' lang='lat' dir='ltr'><strong>et</strong></span> <span class='ocrx_word' id='word_1_696' title='bbox 2869 2620 3035 2692; x_wconf 68' lang='lat' dir='ltr'><strong>gratia</strong></span> <span class='ocrx_word' id='word_1_697' title='bbox 3063 2619 3161 2674; x_wconf 76' lang='lat' dir='ltr'><strong>Dei</strong></span> <span class='ocrx_word' id='word_1_698' title='bbox 3190 2629 3301 2675; x_wconf 77' lang='lat' dir='ltr'><strong>erat</strong></span> <span class='ocrx_word' id='word_1_699' title='bbox 3326 2621 3381 2674; x_wconf 83' lang='lat' dir='ltr'><strong>in</strong></span> <span class='ocrx_word' id='word_1_700' title='bbox 3403 2620 3490 2675; x_wconf 80' lang='lat' dir='ltr'><strong>illo</strong></span> <span class='ocrx_word' id='word_1_701' title='bbox 3510 2618 3607 2693; x_wconf 74' lang='grc' dir='ltr'><strong>(Μ.</strong></span> <span class='ocrx_word' id='word_1_702' title='bbox 3631 2637 3691 2685; x_wconf 67' lang='grc' dir='ltr'><strong>ιι,</strong></span> <span class='ocrx_word' id='word_1_703' title='bbox 3710 2620 3784 2689; x_wconf 75' lang='grc' dir='ltr'><strong>ω).</strong></span> 
     </span>
    </p>
   </div>
   <div class='ocr_carea' id='block_1_88' title="bbox 2288 2712 3788 2779">
    <p class='ocr_par' dir='ltr' id='par_1_88' title="bbox 2288 2712 3788 2779">
     <span class='ocr_line' id='line_1_88' title="bbox 2288 2712 3788 2779; baseline -0.001 -10"><span class='ocrx_word' id='word_1_704' title='bbox 2288 2712 2514 2770; x_wconf 67' lang='lat' dir='ltr'><strong>Galeris</strong></span> <span class='ocrx_word' id='word_1_705' title='bbox 2537 2724 2719 2769; x_wconf 87' lang='lat' dir='ltr'><strong>autem</strong></span> <span class='ocrx_word' id='word_1_706' title='bbox 2743 2714 2809 2768; x_wconf 88' lang='lat' dir='ltr'><strong>ad</strong></span> <span class='ocrx_word' id='word_1_707' title='bbox 2840 2727 3146 2770; x_wconf 77' lang='lat' dir='ltr'><strong>niensnrant</strong></span> <span class='ocrx_word' id='word_1_708' title='bbox 3176 2714 3356 2779; x_wconf 61' lang='lat' dir='ltr'><strong>(hitur,</strong></span> <span class='ocrx_word' id='word_1_709' title='bbox 3382 2723 3437 2769; x_wconf 91' lang='lat' dir='ltr'><strong>et</strong></span> <span class='ocrx_word' id='word_1_710' title='bbox 3460 2715 3603 2771; x_wconf 78' lang='lat' dir='ltr'><strong>datus</strong></span> <span class='ocrx_word' id='word_1_711' title='bbox 3623 2713 3788 2779; x_wconf 75' lang='lat' dir='ltr'><strong>additu,</strong></span> 
     </span>
    </p>
   </div>
   <div class='ocr_carea' id='block_1_89' title="bbox 2289 2805 3790 2879">
    <p class='ocr_par' dir='ltr' id='par_1_89' title="bbox 2289 2805 3790 2879">
     <span class='ocr_line' id='line_1_89' title="bbox 2289 2805 3790 2879; baseline 0.001 -17"><span class='ocrx_word' id='word_1_712' title='bbox 2289 2805 2461 2862; x_wconf 88' lang='lat' dir='ltr'><strong>donec</strong></span> <span class='ocrx_word' id='word_1_713' title='bbox 2489 2807 2777 2878; x_wconf 86' lang='lat' dir='ltr'><strong>unicuique</strong></span> <span class='ocrx_word' id='word_1_714' title='bbox 2816 2823 2915 2877; x_wconf 87' lang='lat' dir='ltr'><strong>pro</strong></span> <span class='ocrx_word' id='word_1_715' title='bbox 2951 2807 3110 2862; x_wconf 87' lang='lat' dir='ltr'><strong>modo</strong></span> <span class='ocrx_word' id='word_1_716' title='bbox 3150 2823 3270 2863; x_wconf 69' lang='lat' dir='ltr'><strong>sum</strong></span> <span class='ocrx_word' id='word_1_717' title='bbox 3304 2807 3790 2879; x_wconf 65' lang='lat' dir='ltr'><strong>perbeationisproprit</strong></span> 
     </span>
    </p>
   </div>
   <div class='ocr_carea' id='block_1_90' title="bbox 2289 2897 3786 2967">
    <p class='ocr_par' dir='ltr' id='par_1_90' title="bbox 2289 2897 3786 2967">
     <span class='ocr_line' id='line_1_90' title="bbox 2289 2897 3786 2967; baseline -0.001 -14"><span class='ocrx_word' id='word_1_718' title='bbox 2289 2913 2539 2953; x_wconf 81' lang='lat' dir='ltr'><strong>mensura</strong></span> <span class='ocrx_word' id='word_1_719' title='bbox 2569 2900 2917 2966; x_wconf 81' lang='lat' dir='ltr'><strong>compleatur.</strong></span> <span class='ocrx_word' id='word_1_720' title='bbox 2950 2898 3103 2954; x_wconf 77' lang='lat' dir='ltr'><strong>Unde</strong></span> <span class='ocrx_word' id='word_1_721' title='bbox 3124 2908 3180 2954; x_wconf 88' lang='lat' dir='ltr'><strong>et</strong></span> <span class='ocrx_word' id='word_1_722' title='bbox 3215 2908 3400 2955; x_wconf 82' lang='lat' dir='ltr'><strong>monet</strong></span> <span class='ocrx_word' id='word_1_723' title='bbox 3418 2899 3687 2967; x_wconf 75' lang='lat' dir='ltr'><strong>Apostolus.</strong></span> <span class='ocrx_word' id='word_1_724' title='bbox 3705 2897 3786 2951; x_wconf 74' lang='lat' dir='ltr'><strong>Nos</strong></span> 
     </span>
    </p>
   </div>
   <div class='ocr_carea' id='block_1_91' title="bbox 2292 2990 3794 3061">
    <p class='ocr_par' dir='ltr' id='par_1_91' title="bbox 2292 2990 3794 3061">
     <span class='ocr_line' id='line_1_91' title="bbox 2292 2990 3794 3061; baseline 0 -17"><span class='ocrx_word' id='word_1_725' title='bbox 2292 2991 2410 3058; x_wconf 77' lang='lat' dir='ltr'><strong>plus</strong></span> <span class='ocrx_word' id='word_1_726' title='bbox 2448 3006 2627 3060; x_wconf 79' lang='lat' dir='ltr'><strong>sapere</strong></span> <span class='ocrx_word' id='word_1_727' title='bbox 2648 3006 2803 3061; x_wconf 85' lang='lat' dir='ltr'><strong>quam</strong></span> <span class='ocrx_word' id='word_1_728' title='bbox 2841 2999 3035 3060; x_wconf 80' lang='lat' dir='ltr'><strong>oportet</strong></span> <span class='ocrx_word' id='word_1_729' title='bbox 3053 3004 3269 3057; x_wconf 73' lang='lat' dir='ltr'><strong>sapere.</strong></span> <span class='ocrx_word' id='word_1_730' title='bbox 3296 2990 3385 3049; x_wconf 73' lang='lat' dir='ltr'><strong>sed</strong></span> <span class='ocrx_word' id='word_1_731' title='bbox 3411 3006 3572 3061; x_wconf 70' lang='lat' dir='ltr'><strong>sapere</strong></span> <span class='ocrx_word' id='word_1_732' title='bbox 3589 2991 3645 3043; x_wconf 79' lang='lat' dir='ltr'><strong>ad</strong></span> <span class='ocrx_word' id='word_1_733' title='bbox 3667 3000 3794 3057; x_wconf 58' lang='lat' dir='ltr'><strong>tunc</strong></span> 
     </span>
    </p>
   </div>
   <div class='ocr_carea' id='block_1_92' title="bbox 2292 3080 3795 3152">
    <p class='ocr_par' dir='ltr' id='par_1_92' title="bbox 2292 3080 3795 3152">
     <span class='ocr_line' id='line_1_92' title="bbox 2292 3080 3795 3152; baseline -0.001 -15"><span class='ocrx_word' id='word_1_734' title='bbox 2292 3084 2551 3147; x_wconf 79' lang='lat' dir='ltr'><strong>rantium;</strong></span> <span class='ocrx_word' id='word_1_735' title='bbox 2601 3082 2868 3147; x_wconf 77' lang='lat' dir='ltr'><strong>unicuique</strong></span> <span class='ocrx_word' id='word_1_736' title='bbox 2895 3082 3022 3135; x_wconf 83' lang='lat' dir='ltr'><strong>sicut</strong></span> <span class='ocrx_word' id='word_1_737' title='bbox 3062 3080 3207 3138; x_wconf 74' lang='lat' dir='ltr'><strong>Deus</strong></span> <span class='ocrx_word' id='word_1_738' title='bbox 3237 3082 3449 3152; x_wconf 77' lang='lat' dir='ltr'><strong>partitus</strong></span> <span class='ocrx_word' id='word_1_739' title='bbox 3486 3091 3554 3136; x_wconf 77' lang='lat' dir='ltr'><strong>est</strong></span> <span class='ocrx_word' id='word_1_740' title='bbox 3586 3094 3795 3135; x_wconf 71' lang='lat' dir='ltr'><strong>om</strong></span> 
     </span>
    </p>
   </div>
   <div class='ocr_carea' id='block_1_93' title="bbox 2292 3170 3790 3243">
    <p class='ocr_par' dir='ltr' id='par_1_93' title="bbox 2292 3170 3790 3243">
     <span class='ocr_line' id='line_1_93' title="bbox 2292 3170 3790 3243; baseline -0.001 -16"><span class='ocrx_word' id='word_1_741' title='bbox 2292 3174 2412 3243; x_wconf 66' lang='lat' dir='ltr'><strong>ﬁdei</strong></span> <span class='ocrx_word' id='word_1_742' title='bbox 2440 3172 2612 3237; x_wconf 82' lang='lat' dir='ltr'><strong>(Rom.</strong></span> <span class='ocrx_word' id='word_1_743' title='bbox 2642 3189 2713 3228; x_wconf 73' lang='lat' dir='ltr'><strong>xtl</strong></span> <span class='ocrx_word' id='word_1_744' title='bbox 2739 3214 2752 3235; x_wconf 87' lang='lat'><strong>.</strong></span> <span class='ocrx_word' id='word_1_745' title='bbox 2799 3174 2879 3239; x_wconf 81' lang='lat'><strong>5).</strong></span> <span class='ocrx_word' id='word_1_746' title='bbox 2907 3171 3090 3243; x_wconf 80' lang='lat' dir='ltr'><strong>Neque</strong></span> <span class='ocrx_word' id='word_1_747' title='bbox 3112 3174 3269 3229; x_wconf 61' lang='lat' dir='ltr'><strong>enim</strong></span> <span class='ocrx_word' id='word_1_748' title='bbox 3292 3174 3407 3243; x_wconf 74' lang='lat' dir='ltr'><strong>ipse</strong></span> <span class='ocrx_word' id='word_1_749' title='bbox 3426 3173 3651 3229; x_wconf 77' lang='lat' dir='ltr'><strong>dividitur</strong></span> <span class='ocrx_word' id='word_1_750' title='bbox 3669 3170 3790 3241; x_wconf 69' lang='lat' dir='ltr'><strong>Spiri-</strong></span> 
     </span>
    </p>
   </div>
   <div class='ocr_carea' id='block_1_94' title="bbox 2294 3264 3796 3335">
    <p class='ocr_par' dir='ltr' id='par_1_94' title="bbox 2294 3264 3796 3335">
     <span class='ocr_line' id='line_1_94' title="bbox 2294 3264 3796 3335; baseline -0.003 -11"><span class='ocrx_word' id='word_1_751' title='bbox 2294 3278 2415 3331; x_wconf 74' lang='lat' dir='ltr'><strong>tus.</strong></span> <span class='ocrx_word' id='word_1_752' title='bbox 2457 3266 2551 3322; x_wconf 73' lang='lat' dir='ltr'><strong>sed</strong></span> <span class='ocrx_word' id='word_1_753' title='bbox 2589 3266 2726 3321; x_wconf 86' lang='lat' dir='ltr'><strong>dona</strong></span> <span class='ocrx_word' id='word_1_754' title='bbox 2775 3279 2870 3335; x_wconf 84' lang='lat' dir='ltr'><strong>per</strong></span> <span class='ocrx_word' id='word_1_755' title='bbox 2913 3265 3169 3334; x_wconf 67' lang='lat' dir='ltr'><strong>Spiritum</strong></span> <span class='ocrx_word' id='word_1_756' title='bbox 3211 3281 3380 3323; x_wconf 74' lang='lat' dir='ltr'><strong>tuam</strong></span> <span class='ocrx_word' id='word_1_757' title='bbox 3403 3264 3796 3322; x_wconf 70' lang='lat' dir='ltr'><strong>divisionestlol-</strong></span> 
     </span>
    </p>
   </div>
   <div class='ocr_carea' id='block_1_95' title="bbox 2300 3358 3701 3432">
    <p class='ocr_par' dir='ltr' id='par_1_95' title="bbox 2300 3358 3701 3432">
     <span class='ocr_line' id='line_1_95' title="bbox 2300 3358 3701 3432; baseline -0.005 -15"><span class='ocrx_word' id='word_1_758' title='bbox 2300 3362 2504 3417; x_wconf 81' lang='lat' dir='ltr'><strong>tionum</strong></span> <span class='ocrx_word' id='word_1_759' title='bbox 2530 3370 2673 3424; x_wconf 78' lang='lat' dir='ltr'><strong>sunt,</strong></span> <span class='ocrx_word' id='word_1_760' title='bbox 2707 3359 2848 3416; x_wconf 84' lang='lat' dir='ltr'><strong>idem</strong></span> <span class='ocrx_word' id='word_1_761' title='bbox 2873 3368 3050 3414; x_wconf 86' lang='lat' dir='ltr'><strong>autem</strong></span> <span class='ocrx_word' id='word_1_762' title='bbox 3068 3358 3306 3427; x_wconf 72' lang='lat' dir='ltr'><strong>Spiritus</strong></span> <span class='ocrx_word' id='word_1_763' title='bbox 3325 3359 3370 3432; x_wconf 81' lang='grc' dir='ltr'>(ι</span> <span class='ocrx_word' id='word_1_764' title='bbox 3391 3359 3505 3416; x_wconf 79' lang='lat' dir='ltr'><strong>Cor.</strong></span> <span class='ocrx_word' id='word_1_765' title='bbox 3531 3368 3619 3424; x_wconf 65' lang='grc' dir='ltr'>ιιι,</span> <span class='ocrx_word' id='word_1_766' title='bbox 3640 3358 3701 3428; x_wconf 78' lang='grc' dir='ltr'><strong>ι).</strong></span> 
     </span>
    </p>
   </div>
   <div class='ocr_carea' id='block_1_96' title="bbox 2364 3446 3799 3521">
    <p class='ocr_par' dir='ltr' id='par_1_96' title="bbox 2364 3446 3799 3521">
     <span class='ocr_line' id='line_1_96' title="bbox 2364 3446 3799 3521; baseline -0.008 -11"><span class='ocrx_word' id='word_1_767' title='bbox 2364 3454 2421 3510; x_wconf 67' lang='grc'><strong>4.</strong></span> <span class='ocrx_word' id='word_1_768' title='bbox 2460 3452 2612 3520; x_wconf 79' lang='lat' dir='ltr'><strong>Quod</strong></span> <span class='ocrx_word' id='word_1_769' title='bbox 2642 3467 2771 3506; x_wconf 81' lang='lat' dir='ltr'><strong>vero</strong></span> <span class='ocrx_word' id='word_1_770' title='bbox 2800 3451 2901 3517; x_wconf 82' lang='lat' dir='ltr'><strong>ait,</strong></span> <span class='ocrx_word' id='word_1_771' title='bbox 2938 3448 3146 3521; x_wconf 74' lang='lat' dir='ltr'><strong>Rogabo</strong></span> <span class='ocrx_word' id='word_1_772' title='bbox 3173 3450 3427 3518; x_wconf 79' lang='lat' dir='ltr'><strong>Patrem,</strong></span> <span class='ocrx_word' id='word_1_773' title='bbox 3466 3451 3663 3506; x_wconf 81' lang='lat' dir='ltr'><strong>etalium</strong></span> <span class='ocrx_word' id='word_1_774' title='bbox 3684 3446 3799 3502; x_wconf 73' lang='lat' dir='ltr'><strong>Purs-</strong></span> 
     </span>
    </p>
   </div>
   <div class='ocr_carea' id='block_1_97' title="bbox 2294 3537 3790 3612">
    <p class='ocr_par' dir='ltr' id='par_1_97' title="bbox 2294 3537 3790 3612">
     <span class='ocr_line' id='line_1_97' title="bbox 2294 3537 3790 3612; baseline -0.003 -13"><span class='ocrx_word' id='word_1_775' title='bbox 2294 3545 2480 3600; x_wconf 76' lang='lat' dir='ltr'><strong>clctum</strong></span> <span class='ocrx_word' id='word_1_776' title='bbox 2506 3545 2647 3599; x_wconf 74' lang='lat' dir='ltr'><strong>dabit</strong></span> <span class='ocrx_word' id='word_1_777' title='bbox 2689 3542 2826 3598; x_wconf 67' lang='lat' dir='ltr'><strong>vobis</strong></span> <span class='ocrx_word' id='word_1_778' title='bbox 2844 3576 2861 3607; x_wconf 84' lang='grc'><strong>,</strong></span> <span class='ocrx_word' id='word_1_779' title='bbox 2890 3541 3125 3597; x_wconf 76' lang='lat' dir='ltr'><strong>ostendit</strong></span> <span class='ocrx_word' id='word_1_780' title='bbox 3152 3550 3213 3597; x_wconf 76' lang='grc' dir='ltr'><strong>ει</strong></span> <span class='ocrx_word' id='word_1_781' title='bbox 3240 3544 3470 3612; x_wconf 81' lang='lat' dir='ltr'><strong>seipsum</strong></span> <span class='ocrx_word' id='word_1_782' title='bbox 3496 3557 3607 3598; x_wconf 83' lang='lat' dir='ltr'><strong>esse</strong></span> <span class='ocrx_word' id='word_1_783' title='bbox 3625 3537 3790 3611; x_wconf 63' lang='lat' dir='ltr'><strong>unde</strong></span> 
     </span>
    </p>
   </div>
   <div class='ocr_carea' id='block_1_98' title="bbox 2297 3626 3797 3693">
    <p class='ocr_par' dir='ltr' id='par_1_98' title="bbox 2297 3626 3797 3693">
     <span class='ocr_line' id='line_1_98' title="bbox 2297 3626 3797 3693; baseline -0.007 -1"><span class='ocrx_word' id='word_1_784' title='bbox 2297 3647 2429 3693; x_wconf 82' lang='lat' dir='ltr'><strong>tum.</strong></span> <span class='ocrx_word' id='word_1_785' title='bbox 2459 3636 2764 3690; x_wconf 80' lang='lat' dir='ltr'><strong>Puraclctus</strong></span> <span class='ocrx_word' id='word_1_786' title='bbox 2790 3634 2932 3688; x_wconf 80' lang='lat' dir='ltr'><strong>enim</strong></span> <span class='ocrx_word' id='word_1_787' title='bbox 2955 3634 3117 3688; x_wconf 82' lang='lat' dir='ltr'><strong>latine</strong></span> <span class='ocrx_word' id='word_1_788' title='bbox 3142 3632 3346 3689; x_wconf 77' lang='lat' dir='ltr'><strong>dicitur</strong></span> <span class='ocrx_word' id='word_1_789' title='bbox 3369 3634 3632 3689; x_wconf 77' lang='lat' dir='ltr'><strong>advocatus</strong></span> <span class='ocrx_word' id='word_1_790' title='bbox 3656 3648 3667 3683; x_wconf 88' lang='lat'><strong>:</strong></span> <span class='ocrx_word' id='word_1_791' title='bbox 3687 3626 3797 3685; x_wconf 75' lang='lat' dir='ltr'><strong>etii-</strong></span> 
     </span>
    </p>
   </div>
   <div class='ocr_carea' id='block_1_99' title="bbox 2294 3720 3795 3790">
    <p class='ocr_par' dir='ltr' id='par_1_99' title="bbox 2294 3720 3795 3790">
     <span class='ocr_line' id='line_1_99' title="bbox 2294 3720 3795 3790; baseline -0.002 -5"><span class='ocrx_word' id='word_1_792' title='bbox 2294 3737 2439 3785; x_wconf 75' lang='lat' dir='ltr'><strong>etttm</strong></span> <span class='ocrx_word' id='word_1_793' title='bbox 2466 3736 2550 3783; x_wconf 74' lang='lat' dir='ltr'><strong>est</strong></span> <span class='ocrx_word' id='word_1_794' title='bbox 2574 3727 2640 3781; x_wconf 79' lang='lat' dir='ltr'><strong>de</strong></span> <span class='ocrx_word' id='word_1_795' title='bbox 2666 3725 2897 3790; x_wconf 83' lang='lat' dir='ltr'><strong>Christo,</strong></span> <span class='ocrx_word' id='word_1_796' title='bbox 2936 3726 3254 3781; x_wconf 70' lang='lat' dir='ltr'><strong>Advocatum</strong></span> <span class='ocrx_word' id='word_1_797' title='bbox 3284 3725 3518 3781; x_wconf 73' lang='lat' dir='ltr'><strong>[tabanus</strong></span> <span class='ocrx_word' id='word_1_798' title='bbox 3544 3724 3604 3779; x_wconf 82' lang='lat' dir='ltr'><strong>ad</strong></span> <span class='ocrx_word' id='word_1_799' title='bbox 3634 3720 3795 3782; x_wconf 72' lang='grc' dir='ltr'><strong>Ραΐαιι</strong></span> 
     </span>
    </p>
   </div>
   <div class='ocr_carea' id='block_1_100' title="bbox 2295 3817 3795 3889">
    <p class='ocr_par' dir='ltr' id='par_1_100' title="bbox 2295 3817 3795 3889">
     <span class='ocr_line' id='line_1_100' title="bbox 2295 3817 3795 3889; baseline -0.005 -14"><span class='ocrx_word' id='word_1_800' title='bbox 2295 3821 2472 3877; x_wconf 70' lang='lat' dir='ltr'><strong>Iesum</strong></span> <span class='ocrx_word' id='word_1_801' title='bbox 2524 3821 2781 3874; x_wconf 71' lang='lat' dir='ltr'><strong>Christum</strong></span> <span class='ocrx_word' id='word_1_802' title='bbox 2818 3819 3021 3889; x_wconf 81' lang='lat' dir='ltr'><strong>justum</strong></span> <span class='ocrx_word' id='word_1_803' title='bbox 3075 3817 3317 3889; x_wconf 72' lang='lat' dir='ltr'><strong>(Noun.</strong></span> <span class='ocrx_word' id='word_1_804' title='bbox 3356 3835 3432 3883; x_wconf 76' lang='lat' dir='ltr'><strong>tt,</strong></span> <span class='ocrx_word' id='word_1_805' title='bbox 3464 3819 3547 3889; x_wconf 88' lang='grc'><strong>1).</strong></span> <span class='ocrx_word' id='word_1_806' title='bbox 3575 3817 3650 3872; x_wconf 86' lang='lat' dir='ltr'><strong>Sic</strong></span> <span class='ocrx_word' id='word_1_807' title='bbox 3672 3820 3795 3869; x_wconf 70' lang='lat' dir='ltr'><strong>sum</strong></span> 
     </span>
    </p>
   </div>
   <div class='ocr_carea' id='block_1_101' title="bbox 2296 3909 3797 3980">
    <p class='ocr_par' dir='ltr' id='par_1_101' title="bbox 2296 3909 3797 3980">
     <span class='ocr_line' id='line_1_101' title="bbox 2296 3909 3797 3980; baseline -0.003 -12"><span class='ocrx_word' id='word_1_808' title='bbox 2296 3911 2554 3968; x_wconf 72' lang='lat' dir='ltr'><strong>mundum</strong></span> <span class='ocrx_word' id='word_1_809' title='bbox 2574 3910 2706 3966; x_wconf 63' lang='lat' dir='ltr'><strong>diuit</strong></span> <span class='ocrx_word' id='word_1_810' title='bbox 2738 3925 2842 3966; x_wconf 89' lang='lat' dir='ltr'><strong>non</strong></span> <span class='ocrx_word' id='word_1_811' title='bbox 2874 3924 3031 3979; x_wconf 72' lang='lat' dir='ltr'><strong>posse</strong></span> <span class='ocrx_word' id='word_1_812' title='bbox 3063 3909 3310 3980; x_wconf 71' lang='lat' dir='ltr'><strong>accipere</strong></span> <span class='ocrx_word' id='word_1_813' title='bbox 3337 3910 3579 3980; x_wconf 83' lang='lat' dir='ltr'><strong>Spiritum</strong></span> <span class='ocrx_word' id='word_1_814' title='bbox 3600 3914 3797 3964; x_wconf 68' lang='lat' dir='ltr'><strong>unm.</strong></span> 
     </span>
    </p>
   </div>
   <div class='ocr_carea' id='block_1_102' title="bbox 2296 3994 3799 4068">
    <p class='ocr_par' dir='ltr' id='par_1_102' title="bbox 2296 3994 3799 4068">
     <span class='ocr_line' id='line_1_102' title="bbox 2296 3994 3799 4068; baseline -0.006 -9"><span class='ocrx_word' id='word_1_815' title='bbox 2296 4004 2437 4059; x_wconf 86' lang='lat' dir='ltr'><strong>sicut</strong></span> <span class='ocrx_word' id='word_1_816' title='bbox 2460 4002 2623 4058; x_wconf 81' lang='lat' dir='ltr'><strong>etiam</strong></span> <span class='ocrx_word' id='word_1_817' title='bbox 2650 4003 2850 4060; x_wconf 68' lang='lat' dir='ltr'><strong>dictum</strong></span> <span class='ocrx_word' id='word_1_818' title='bbox 2875 4010 2978 4068; x_wconf 79' lang='lat' dir='ltr'><strong>est,</strong></span> <span class='ocrx_word' id='word_1_819' title='bbox 3009 3999 3298 4056; x_wconf 72' lang='lat' dir='ltr'><strong>Prudentia</strong></span> <span class='ocrx_word' id='word_1_820' title='bbox 3324 4002 3488 4056; x_wconf 82' lang='lat' dir='ltr'><strong>curuis</strong></span> <span class='ocrx_word' id='word_1_821' title='bbox 3506 4000 3749 4054; x_wconf 71' lang='lat' dir='ltr'><strong>inimicust</strong></span> <span class='ocrx_word' id='word_1_822' title='bbox 3765 3994 3799 4044; x_wconf 73' lang='lat' dir='ltr'><strong>il</strong></span> 
     </span>
    </p>
   </div>
   <div class='ocr_carea' id='block_1_103' title="bbox 2297 4091 3800 4167">
    <p class='ocr_par' dir='ltr' id='par_1_103' title="bbox 2297 4091 3800 4167">
     <span class='ocr_line' id='line_1_103' title="bbox 2297 4091 3800 4167; baseline -0.007 -17"><span class='ocrx_word' id='word_1_823' title='bbox 2297 4094 2505 4151; x_wconf 84' lang='lat' dir='ltr'><strong>Deum:</strong></span> <span class='ocrx_word' id='word_1_824' title='bbox 2534 4095 2632 4167; x_wconf 77' lang='lat' dir='ltr'><strong>legi</strong></span> <span class='ocrx_word' id='word_1_825' title='bbox 2661 4094 2795 4149; x_wconf 86' lang='lat' dir='ltr'><strong>enim</strong></span> <span class='ocrx_word' id='word_1_826' title='bbox 2826 4093 2921 4148; x_wconf 84' lang='lat' dir='ltr'><strong>Dei</strong></span> <span class='ocrx_word' id='word_1_827' title='bbox 2942 4110 3043 4147; x_wconf 83' lang='lat' dir='ltr'><strong>nou</strong></span> <span class='ocrx_word' id='word_1_828' title='bbox 3067 4102 3141 4149; x_wconf 80' lang='lat' dir='ltr'><strong>est</strong></span> <span class='ocrx_word' id='word_1_829' title='bbox 3166 4094 3392 4160; x_wconf 78' lang='lat' dir='ltr'><strong>subjecta</strong></span> <span class='ocrx_word' id='word_1_830' title='bbox 3415 4110 3431 4157; x_wconf 86' lang='lat'><strong>;</strong></span> <span class='ocrx_word' id='word_1_831' title='bbox 3457 4109 3542 4148; x_wconf 76' lang='lat' dir='ltr'><strong>nec</strong></span> <span class='ocrx_word' id='word_1_832' title='bbox 3563 4091 3674 4145; x_wconf 71' lang='lat' dir='ltr'><strong>cuitu</strong></span> <span class='ocrx_word' id='word_1_833' title='bbox 3692 4091 3800 4156; x_wconf 79' lang='lat' dir='ltr'><strong>potat</strong></span> 
     </span>
    </p>
   </div>
   <div class='ocr_carea' id='block_1_104' title="bbox 2298 4182 3799 4257">
    <p class='ocr_par' dir='ltr' id='par_1_104' title="bbox 2298 4182 3799 4257">
     <span class='ocr_line' id='line_1_104' title="bbox 2298 4182 3799 4257; baseline -0.007 -15"><span class='ocrx_word' id='word_1_834' title='bbox 2298 4186 2476 4257; x_wconf 83' lang='lat' dir='ltr'><strong>(Rom.</strong></span> <span class='ocrx_word' id='word_1_835' title='bbox 2505 4201 2619 4250; x_wconf 86' lang='lat' dir='ltr'><strong>vm,</strong></span> <span class='ocrx_word' id='word_1_836' title='bbox 2648 4187 2741 4254; x_wconf 87' lang='lat'><strong>7);</strong></span> <span class='ocrx_word' id='word_1_837' title='bbox 2771 4185 2910 4240; x_wconf 89' lang='lat' dir='ltr'><strong>velut</strong></span> <span class='ocrx_word' id='word_1_838' title='bbox 2932 4185 2978 4240; x_wconf 89' lang='lat' dir='ltr'><strong>si</strong></span> <span class='ocrx_word' id='word_1_839' title='bbox 3000 4183 3241 4239; x_wconf 84' lang='lat' dir='ltr'><strong>dicamus</strong></span> <span class='ocrx_word' id='word_1_840' title='bbox 3266 4227 3280 4252; x_wconf 93' lang='lat'><strong>,</strong></span> <span class='ocrx_word' id='word_1_841' title='bbox 3317 4184 3564 4255; x_wconf 78' lang='lat' dir='ltr'><strong>lnjustitiu</strong></span> <span class='ocrx_word' id='word_1_842' title='bbox 3585 4182 3700 4252; x_wconf 83' lang='lat' dir='ltr'><strong>justa</strong></span> <span class='ocrx_word' id='word_1_843' title='bbox 3718 4189 3799 4231; x_wconf 81' lang='lat' dir='ltr'><strong>esse</strong></span> 
     </span>
    </p>
   </div>
   <div class='ocr_carea' id='block_1_105' title="bbox 2297 4266 3799 4348">
    <p class='ocr_par' dir='ltr' id='par_1_105' title="bbox 2297 4266 3799 4348">
     <span class='ocr_line' id='line_1_105' title="bbox 2297 4266 3799 4348; baseline -0.009 -14"><span class='ocrx_word' id='word_1_844' title='bbox 2297 4293 2405 4334; x_wconf 81' lang='lat' dir='ltr'><strong>non</strong></span> <span class='ocrx_word' id='word_1_845' title='bbox 2433 4287 2624 4348; x_wconf 88' lang='lat' dir='ltr'><strong>potest.</strong></span> <span class='ocrx_word' id='word_1_846' title='bbox 2652 4276 2902 4332; x_wconf 71' lang='lat' dir='ltr'><strong>Mundam</strong></span> <span class='ocrx_word' id='word_1_847' title='bbox 2941 4276 3141 4346; x_wconf 80' lang='lat' dir='ltr'><strong>quippe</strong></span> <span class='ocrx_word' id='word_1_848' title='bbox 3168 4277 3244 4331; x_wconf 75' lang='lat' dir='ltr'><strong>sit</strong></span> <span class='ocrx_word' id='word_1_849' title='bbox 3272 4276 3377 4332; x_wconf 76' lang='lat' dir='ltr'><strong>hoc</strong></span> <span class='ocrx_word' id='word_1_850' title='bbox 3402 4277 3516 4333; x_wconf 85' lang='lat' dir='ltr'><strong>loco</strong></span> <span class='ocrx_word' id='word_1_851' title='bbox 3536 4316 3551 4337; x_wconf 91' lang='lat'><strong>.</strong></span> <span class='ocrx_word' id='word_1_852' title='bbox 3590 4266 3799 4329; x_wconf 75' lang='grc' dir='ltr'>ιιιιιιιιίεἱο</span> 
     </span>
    </p>
   </div>
   <div class='ocr_carea' id='block_1_106' title="bbox 2297 4363 3803 4443">
    <p class='ocr_par' dir='ltr' id='par_1_106' title="bbox 2297 4363 3803 4443">
     <span class='ocr_line' id='line_1_106' title="bbox 2297 4363 3803 4443; baseline -0.01 -15"><span class='ocrx_word' id='word_1_853' title='bbox 2297 4372 2555 4443; x_wconf 74' lang='lat' dir='ltr'><strong>gniﬁcons</strong></span> <span class='ocrx_word' id='word_1_854' title='bbox 2601 4370 2915 4433; x_wconf 73' lang='lat' dir='ltr'><strong>dilectam,</strong></span> <span class='ocrx_word' id='word_1_855' title='bbox 2967 4385 3089 4440; x_wconf 65' lang='lat' dir='ltr'><strong>quin</strong></span> <span class='ocrx_word' id='word_1_856' title='bbox 3135 4368 3357 4427; x_wconf 76' lang='lat' dir='ltr'><strong>dilectio</strong></span> <span class='ocrx_word' id='word_1_857' title='bbox 3392 4385 3496 4425; x_wconf 91' lang='lat' dir='ltr'><strong>non</strong></span> <span class='ocrx_word' id='word_1_858' title='bbox 3541 4377 3616 4423; x_wconf 85' lang='lat' dir='ltr'><strong>est</strong></span> <span class='ocrx_word' id='word_1_859' title='bbox 3645 4380 3670 4418; x_wconf 79' lang='grc' dir='ltr'><strong>ιι</strong></span> <span class='ocrx_word' id='word_1_860' title='bbox 3696 4363 3803 4416; x_wconf 76' lang='lat' dir='ltr'><strong>Patre</strong></span> 
     </span>
    </p>
   </div>
   <div class='ocr_carea' id='block_1_107' title="bbox 2300 4449 3803 4538">
    <p class='ocr_par' dir='ltr' id='par_1_107' title="bbox 2300 4449 3803 4538">
     <span class='ocr_line' id='line_1_107' title="bbox 2300 4449 3803 4538; baseline -0.011 -17"><span class='ocrx_word' id='word_1_861' title='bbox 2300 4465 2343 4538; x_wconf 88' lang='lat' dir='ltr'><strong>(I</strong></span> <span class='ocrx_word' id='word_1_862' title='bbox 2370 4464 2527 4521; x_wconf 67' lang='lat' dir='ltr'><strong>locu.</strong></span> <span class='ocrx_word' id='word_1_863' title='bbox 2565 4480 2637 4531; x_wconf 88' lang='grc' dir='ltr'><strong>ιι,</strong></span> <span class='ocrx_word' id='word_1_864' title='bbox 2671 4464 2784 4530; x_wconf 82' lang='grc'><strong>16).</strong></span> <span class='ocrx_word' id='word_1_865' title='bbox 2827 4464 2892 4518; x_wconf 83' lang='lat' dir='ltr'><strong>Et</strong></span> <span class='ocrx_word' id='word_1_866' title='bbox 2921 4462 3040 4517; x_wconf 89' lang='lat' dir='ltr'><strong>ideo</strong></span> <span class='ocrx_word' id='word_1_867' title='bbox 3071 4462 3348 4519; x_wconf 62' lang='lat' dir='ltr'><strong>dilectioni</strong></span> <span class='ocrx_word' id='word_1_868' title='bbox 3390 4462 3541 4533; x_wconf 78' lang='lat' dir='ltr'><strong>hujus</strong></span> <span class='ocrx_word' id='word_1_869' title='bbox 3561 4449 3803 4515; x_wconf 79' lang='lat' dir='ltr'><strong>mundi.de</strong></span> 
     </span>
    </p>
   </div>
   <div class='ocr_carea' id='block_1_108' title="bbox 2298 4547 3803 4627">
    <p class='ocr_par' dir='ltr' id='par_1_108' title="bbox 2298 4547 3803 4627">
     <span class='ocr_line' id='line_1_108' title="bbox 2298 4547 3803 4627; baseline -0.007 -17"><span class='ocrx_word' id='word_1_870' title='bbox 2298 4570 2400 4627; x_wconf 83' lang='lat' dir='ltr'><strong>qua</strong></span> <span class='ocrx_word' id='word_1_871' title='bbox 2430 4555 2558 4610; x_wconf 82' lang='lat' dir='ltr'><strong>satis</strong></span> <span class='ocrx_word' id='word_1_872' title='bbox 2579 4554 2784 4625; x_wconf 85' lang='lat' dir='ltr'><strong>agimus</strong></span> <span class='ocrx_word' id='word_1_873' title='bbox 2814 4555 2834 4586; x_wconf 81' lang='grc'>²</span> <span class='ocrx_word' id='word_1_874' title='bbox 2862 4562 2919 4610; x_wconf 84' lang='grc' dir='ltr'><strong>ιιι</strong></span> <span class='ocrx_word' id='word_1_875' title='bbox 2943 4552 3215 4609; x_wconf 66' lang='lat' dir='ltr'><strong>minuatur</strong></span> <span class='ocrx_word' id='word_1_876' title='bbox 3242 4562 3300 4610; x_wconf 87' lang='lat' dir='ltr'><strong>et</strong></span> <span class='ocrx_word' id='word_1_877' title='bbox 3336 4562 3653 4609; x_wconf 79' lang='lat' dir='ltr'><strong>consumatur</strong></span> <span class='ocrx_word' id='word_1_878' title='bbox 3673 4547 3714 4601; x_wconf 81' lang='lat' dir='ltr'><strong>in</strong></span> <span class='ocrx_word' id='word_1_879' title='bbox 3736 4558 3803 4596; x_wconf 86' lang='lat' dir='ltr'><strong>uo-</strong></span> 
     </span>
    </p>
   </div>
   <div class='ocr_carea' id='block_1_109' title="bbox 2297 4640 3804 4716">
    <p class='ocr_par' dir='ltr' id='par_1_109' title="bbox 2297 4640 3804 4716">
     <span class='ocr_line' id='line_1_109' title="bbox 2297 4640 3804 4716; baseline -0.012 -12"><span class='ocrx_word' id='word_1_880' title='bbox 2297 4648 2402 4714; x_wconf 83' lang='lat' dir='ltr'><strong>bis,</strong></span> <span class='ocrx_word' id='word_1_881' title='bbox 2426 4648 2693 4702; x_wconf 83' lang='lat' dir='ltr'><strong>contraria</strong></span> <span class='ocrx_word' id='word_1_882' title='bbox 2712 4654 2795 4702; x_wconf 81' lang='lat' dir='ltr'><strong>est</strong></span> <span class='ocrx_word' id='word_1_883' title='bbox 2815 4644 3037 4701; x_wconf 75' lang='lat' dir='ltr'><strong>dilectio</strong></span> <span class='ocrx_word' id='word_1_884' title='bbox 3063 4645 3181 4711; x_wconf 71' lang='lat' dir='ltr'><strong>Dei,</strong></span> <span class='ocrx_word' id='word_1_885' title='bbox 3211 4661 3334 4716; x_wconf 69' lang='lat' dir='ltr'><strong>qua:</strong></span> <span class='ocrx_word' id='word_1_886' title='bbox 3357 4644 3642 4701; x_wconf 73' lang='lat' dir='ltr'><strong>difinnditur</strong></span> <span class='ocrx_word' id='word_1_887' title='bbox 3659 4640 3700 4692; x_wconf 89' lang='lat' dir='ltr'><strong>in</strong></span> <span class='ocrx_word' id='word_1_888' title='bbox 3719 4648 3804 4690; x_wconf 62' lang='lat' dir='ltr'><strong>car»</strong></span> 
     </span>
    </p>
   </div>
   <div class='ocr_carea' id='block_1_110' title="bbox 2298 4734 3802 4808">
    <p class='ocr_par' dir='ltr' id='par_1_110' title="bbox 2298 4734 3802 4808">
     <span class='ocr_line' id='line_1_110' title="bbox 2298 4734 3802 4808; baseline -0.011 -14"><span class='ocrx_word' id='word_1_889' title='bbox 2298 4737 2455 4794; x_wconf 86' lang='lat' dir='ltr'><strong>dibus</strong></span> <span class='ocrx_word' id='word_1_890' title='bbox 2479 4738 2677 4794; x_wconf 81' lang='lat' dir='ltr'><strong>nostris</strong></span> <span class='ocrx_word' id='word_1_891' title='bbox 2703 4750 2797 4808; x_wconf 84' lang='lat' dir='ltr'><strong>per</strong></span> <span class='ocrx_word' id='word_1_892' title='bbox 2823 4734 3076 4807; x_wconf 84' lang='lat' dir='ltr'><strong>Spiritum</strong></span> <span class='ocrx_word' id='word_1_893' title='bbox 3105 4746 3353 4793; x_wconf 71' lang='lat' dir='ltr'><strong>Sanctum</strong></span> <span class='ocrx_word' id='word_1_894' title='bbox 3382 4737 3468 4807; x_wconf 88' lang='lat' dir='ltr'><strong>qui</strong></span> <span class='ocrx_word' id='word_1_895' title='bbox 3498 4735 3635 4790; x_wconf 69' lang='lat' dir='ltr'><strong>datus</strong></span> <span class='ocrx_word' id='word_1_896' title='bbox 3653 4737 3718 4784; x_wconf 85' lang='lat' dir='ltr'><strong>est</strong></span> <span class='ocrx_word' id='word_1_897' title='bbox 3734 4739 3802 4778; x_wconf 88' lang='lat' dir='ltr'><strong>no-</strong></span> 
     </span>
    </p>
   </div>
   <div class='ocr_carea' id='block_1_111' title="bbox 2297 4821 3803 4899">
    <p class='ocr_par' dir='ltr' id='par_1_111' title="bbox 2297 4821 3803 4899">
     <span class='ocr_line' id='line_1_111' title="bbox 2297 4821 3803 4899; baseline -0.008 -11"><span class='ocrx_word' id='word_1_898' title='bbox 2297 4830 2399 4887; x_wconf 80' lang='lat' dir='ltr'><strong>bis.</strong></span> <span class='ocrx_word' id='word_1_899' title='bbox 2430 4828 2659 4885; x_wconf 76' lang='lat' dir='ltr'><strong>Mundus</strong></span> <span class='ocrx_word' id='word_1_900' title='bbox 2698 4841 2827 4899; x_wconf 77' lang='lat' dir='ltr'><strong>ergo</strong></span> <span class='ocrx_word' id='word_1_901' title='bbox 2851 4842 2974 4884; x_wconf 86' lang='lat' dir='ltr'><strong>eum</strong></span> <span class='ocrx_word' id='word_1_902' title='bbox 3008 4829 3236 4897; x_wconf 75' lang='lat' dir='ltr'><strong>accipere</strong></span> <span class='ocrx_word' id='word_1_903' title='bbox 3272 4840 3371 4884; x_wconf 81' lang='lat' dir='ltr'><strong>nou</strong></span> <span class='ocrx_word' id='word_1_904' title='bbox 3402 4833 3585 4898; x_wconf 69' lang='lat' dir='ltr'><strong>potest.</strong></span> <span class='ocrx_word' id='word_1_905' title='bbox 3619 4821 3716 4891; x_wconf 65' lang='lat' dir='ltr'><strong>suis</strong></span> <span class='ocrx_word' id='word_1_906' title='bbox 3736 4829 3803 4865; x_wconf 56' lang='grc' dir='ltr'><strong>’σε</strong></span> 
     </span>
    </p>
   </div>
   <div class='ocr_carea' id='block_1_112' title="bbox 2298 4908 3804 4992">
    <p class='ocr_par' dir='ltr' id='par_1_112' title="bbox 2298 4908 3804 4992">
     <span class='ocr_line' id='line_1_112' title="bbox 2298 4908 3804 4992; baseline -0.005 -14"><span class='ocrx_word' id='word_1_907' title='bbox 2298 4922 2431 4978; x_wconf 77' lang='lat' dir='ltr'><strong>uidet</strong></span> <span class='ocrx_word' id='word_1_908' title='bbox 2458 4938 2571 4975; x_wconf 83' lang='lat' dir='ltr'><strong>eum</strong></span> <span class='ocrx_word' id='word_1_909' title='bbox 2588 4962 2606 4988; x_wconf 89' lang='lat'><strong>,</strong></span> <span class='ocrx_word' id='word_1_910' title='bbox 2627 4934 2784 4992; x_wconf 76' lang='lat' dir='ltr'><strong>neque</strong></span> <span class='ocrx_word' id='word_1_911' title='bbox 2810 4921 2903 4976; x_wconf 84' lang='lat' dir='ltr'><strong>scit</strong></span> <span class='ocrx_word' id='word_1_912' title='bbox 2922 4914 3060 4975; x_wconf 76' lang='lat' dir='ltr'><strong>eum.</strong></span> <span class='ocrx_word' id='word_1_913' title='bbox 3089 4919 3207 4976; x_wconf 78' lang='lat' dir='ltr'><strong>Non</strong></span> <span class='ocrx_word' id='word_1_914' title='bbox 3231 4922 3376 4977; x_wconf 82' lang='lat' dir='ltr'><strong>enim</strong></span> <span class='ocrx_word' id='word_1_915' title='bbox 3405 4920 3557 4974; x_wconf 80' lang='lat' dir='ltr'><strong>habet</strong></span> <span class='ocrx_word' id='word_1_916' title='bbox 3580 4908 3804 4971; x_wconf 60' lang='lat' dir='ltr'><strong>iniiinii!!!5</strong></span> 
     </span>
    </p>
   </div>
   <div class='ocr_carea' id='block_1_113' title="bbox 2298 5000 3802 5083">
    <p class='ocr_par' dir='ltr' id='par_1_113' title="bbox 2298 5000 3802 5083">
     <span class='ocr_line' id='line_1_113' title="bbox 2298 5000 3802 5083; baseline -0.007 -12"><span class='ocrx_word' id='word_1_917' title='bbox 2298 5015 2481 5071; x_wconf 81' lang='lat' dir='ltr'><strong>oculos</strong></span> <span class='ocrx_word' id='word_1_918' title='bbox 2518 5011 2788 5067; x_wconf 83' lang='lat' dir='ltr'><strong>mundana</strong></span> <span class='ocrx_word' id='word_1_919' title='bbox 2833 5010 3083 5076; x_wconf 79' lang='lat' dir='ltr'><strong>dilectio,</strong></span> <span class='ocrx_word' id='word_1_920' title='bbox 3138 5024 3234 5081; x_wconf 88' lang='lat' dir='ltr'><strong>per</strong></span> <span class='ocrx_word' id='word_1_921' title='bbox 3277 5027 3414 5083; x_wconf 88' lang='lat' dir='ltr'><strong>quos</strong></span> <span class='ocrx_word' id='word_1_922' title='bbox 3450 5006 3603 5066; x_wconf 83' lang='lat' dir='ltr'><strong>videri</strong></span> <span class='ocrx_word' id='word_1_923' title='bbox 3631 5000 3802 5073; x_wconf 70' lang='lat' dir='ltr'><strong>Saifillls</strong></span> 
     </span>
    </p>
   </div>
   <div class='ocr_carea' id='block_1_114' title="bbox 2296 5102 3383 5173">
    <p class='ocr_par' dir='ltr' id='par_1_114' title="bbox 2296 5102 3383 5173">
     <span class='ocr_line' id='line_1_114' title="bbox 2296 5102 3383 5173; baseline -0.005 -11"><span class='ocrx_word' id='word_1_924' title='bbox 2296 5113 2535 5167; x_wconf 81' lang='lat' dir='ltr'><strong>sanctus,</strong></span> <span class='ocrx_word' id='word_1_925' title='bbox 2567 5102 2666 5159; x_wconf 88' lang='lat' dir='ltr'><strong>nisi</strong></span> <span class='ocrx_word' id='word_1_926' title='bbox 2696 5102 3028 5159; x_wconf 84' lang='lat' dir='ltr'><strong>invisibiliter</strong></span> <span class='ocrx_word' id='word_1_927' title='bbox 3057 5119 3162 5159; x_wconf 88' lang='lat' dir='ltr'><strong>non</strong></span> <span class='ocrx_word' id='word_1_928' title='bbox 3184 5113 3383 5173; x_wconf 76' lang='lat' dir='ltr'><strong>potest.</strong></span> 
     </span>
    </p>
   </div>
   <div class='ocr_carea' id='block_1_115' title="bbox 2369 5177 3804 5265">
    <p class='ocr_par' dir='ltr' id='par_1_115' title="bbox 2369 5177 3804 5265">
     <span class='ocr_line' id='line_1_115' title="bbox 2369 5177 3804 5265; baseline -0.008 -14"><span class='ocrx_word' id='word_1_929' title='bbox 2369 5195 2424 5252; x_wconf 79' lang='lat'><strong>5.</strong></span> <span class='ocrx_word' id='word_1_930' title='bbox 2478 5194 2574 5251; x_wconf 86' lang='lat' dir='ltr'><strong>Vos</strong></span> <span class='ocrx_word' id='word_1_931' title='bbox 2598 5204 2797 5261; x_wconf 74' lang='lat' dir='ltr'><strong>autem,</strong></span> <span class='ocrx_word' id='word_1_932' title='bbox 2824 5194 2995 5265; x_wconf 81' lang='lat' dir='ltr'><strong>inquit</strong></span> <span class='ocrx_word' id='word_1_933' title='bbox 3011 5226 3033 5260; x_wconf 62' lang='grc' dir='ltr'><strong>ρ</strong></span> <span class='ocrx_word' id='word_1_934' title='bbox 3054 5195 3367 5265; x_wconf 70' lang='grc' dir='ltr'><strong>εοςηοεωιίι</strong></span> <span class='ocrx_word' id='word_1_935' title='bbox 3387 5204 3535 5256; x_wconf 67' lang='lat' dir='ltr'><strong>sunt.</strong></span> <span class='ocrx_word' id='word_1_936' title='bbox 3569 5189 3673 5260; x_wconf 68' lang='lat' dir='ltr'><strong>quiis</strong></span> <span class='ocrx_word' id='word_1_937' title='bbox 3700 5177 3804 5253; x_wconf 63' lang='lat' dir='ltr'><strong>qd</strong></span> 
     </span>
    </p>
   </div>
   <div class='ocr_carea' id='block_1_116' title="bbox 2297 5286 3801 5354">
    <p class='ocr_par' dir='ltr' id='par_1_116' title="bbox 2297 5286 3801 5354">
     <span class='ocr_line' id='line_1_116' title="bbox 2297 5286 3801 5354; baseline -0.003 -8"><span class='ocrx_word' id='word_1_938' title='bbox 2297 5305 2384 5346; x_wconf 78' lang='lat' dir='ltr'><strong>vos</strong></span> <span class='ocrx_word' id='word_1_939' title='bbox 2410 5289 2653 5354; x_wconf 76' lang='lat' dir='ltr'><strong>manebit,</strong></span> <span class='ocrx_word' id='word_1_940' title='bbox 2672 5298 2717 5343; x_wconf 87' lang='lat' dir='ltr'><strong>et</strong></span> <span class='ocrx_word' id='word_1_941' title='bbox 2743 5289 2797 5344; x_wconf 81' lang='lat' dir='ltr'><strong>iu</strong></span> <span class='ocrx_word' id='word_1_942' title='bbox 2824 5288 2961 5344; x_wconf 68' lang='lat' dir='ltr'><strong>vobis</strong></span> <span class='ocrx_word' id='word_1_943' title='bbox 2980 5288 3091 5343; x_wconf 82' lang='lat' dir='ltr'><strong>erit.</strong></span> <span class='ocrx_word' id='word_1_944' title='bbox 3121 5288 3237 5344; x_wconf 80' lang='lat' dir='ltr'><strong>Erit</strong></span> <span class='ocrx_word' id='word_1_945' title='bbox 3258 5287 3312 5344; x_wconf 84' lang='lat' dir='ltr'><strong>in</strong></span> <span class='ocrx_word' id='word_1_946' title='bbox 3341 5287 3420 5343; x_wconf 85' lang='lat' dir='ltr'><strong>eis</strong></span> <span class='ocrx_word' id='word_1_947' title='bbox 3441 5287 3705 5341; x_wconf 70' lang='lat' dir='ltr'><strong>utmcab</strong></span> <span class='ocrx_word' id='word_1_948' title='bbox 3728 5286 3801 5327; x_wconf 62' lang='grc' dir='ltr'><strong>που</strong></span> 
     </span>
    </p>
   </div>
   <div class='ocr_carea' id='block_1_117' title="bbox 2299 5372 3800 5450">
    <p class='ocr_par' dir='ltr' id='par_1_117' title="bbox 2299 5372 3800 5450">
     <span class='ocr_line' id='line_1_117' title="bbox 2299 5372 3800 5450; baseline -0.001 -12"><span class='ocrx_word' id='word_1_949' title='bbox 2299 5380 2536 5438; x_wconf 85' lang='lat' dir='ltr'><strong>manebit</strong></span> <span class='ocrx_word' id='word_1_950' title='bbox 2566 5390 2621 5437; x_wconf 88' lang='lat' dir='ltr'><strong>ut</strong></span> <span class='ocrx_word' id='word_1_951' title='bbox 2650 5380 2722 5439; x_wconf 81' lang='lat' dir='ltr'><strong>sit</strong></span> <span class='ocrx_word' id='word_1_952' title='bbox 2753 5396 2766 5436; x_wconf 90' lang='lat'><strong>:</strong></span> <span class='ocrx_word' id='word_1_953' title='bbox 2806 5380 2952 5450; x_wconf 80' lang='lat' dir='ltr'><strong>prius</strong></span> <span class='ocrx_word' id='word_1_954' title='bbox 2992 5389 3075 5437; x_wconf 82' lang='lat' dir='ltr'><strong>est</strong></span> <span class='ocrx_word' id='word_1_955' title='bbox 3118 5379 3263 5437; x_wconf 72' lang='lat' dir='ltr'><strong>enim</strong></span> <span class='ocrx_word' id='word_1_956' title='bbox 3297 5394 3419 5434; x_wconf 86' lang='lat' dir='ltr'><strong>esse</strong></span> <span class='ocrx_word' id='word_1_957' title='bbox 3455 5372 3652 5434; x_wconf 57' lang='lat' dir='ltr'><strong>siicuhii</strong></span> <span class='ocrx_word' id='word_1_958' title='bbox 3685 5375 3800 5436; x_wconf 67' lang='grc'><strong><em>(1⁸³³⁸</em></strong></span> 
     </span>
    </p>
   </div>
   <div class='ocr_carea' id='block_1_118' title="bbox 2299 5455 3800 5543">
    <p class='ocr_par' dir='ltr' id='par_1_118' title="bbox 2299 5455 3800 5543">
     <span class='ocr_line' id='line_1_118' title="bbox 2299 5455 3800 5543; baseline -0.006 -14"><span class='ocrx_word' id='word_1_959' title='bbox 2299 5488 2536 5529; x_wconf 85' lang='lat' dir='ltr'><strong>manere.</strong></span> <span class='ocrx_word' id='word_1_960' title='bbox 2566 5471 2673 5528; x_wconf 88' lang='lat' dir='ltr'><strong>Sed</strong></span> <span class='ocrx_word' id='word_1_961' title='bbox 2702 5487 2769 5528; x_wconf 90' lang='lat' dir='ltr'><strong>ne</strong></span> <span class='ocrx_word' id='word_1_962' title='bbox 2808 5480 3057 5541; x_wconf 76' lang='lat' dir='ltr'><strong>putarent</strong></span> <span class='ocrx_word' id='word_1_963' title='bbox 3085 5468 3223 5543; x_wconf 69' lang='lat' dir='ltr'><strong>quod</strong></span> <span class='ocrx_word' id='word_1_964' title='bbox 3245 5469 3443 5526; x_wconf 77' lang='lat' dir='ltr'><strong>dictum</strong></span> <span class='ocrx_word' id='word_1_965' title='bbox 3468 5474 3578 5530; x_wconf 74' lang='lat' dir='ltr'><strong>est,</strong></span> <span class='ocrx_word' id='word_1_966' title='bbox 3611 5455 3800 5530; x_wconf 64' lang='grc' dir='ltr'><em>ινα*</em></span> 
     </span>
    </p>
   </div>
   <div class='ocr_carea' id='block_1_119' title="bbox 2301 5546 3798 5636">
    <p class='ocr_par' dir='ltr' id='par_1_119' title="bbox 2301 5546 3798 5636">
     <span class='ocr_line' id='line_1_119' title="bbox 2301 5546 3798 5636; baseline -0.011 -10"><span class='ocrx_word' id='word_1_967' title='bbox 2301 5558 2553 5636; x_wconf 69' lang='lat' dir='ltr'><strong>manebit,</strong></span> <span class='ocrx_word' id='word_1_968' title='bbox 2597 5564 2671 5622; x_wconf 77' lang='lat' dir='ltr'><strong>ita</strong></span> <span class='ocrx_word' id='word_1_969' title='bbox 2717 5562 2921 5621; x_wconf 77' lang='lat' dir='ltr'><strong>dictum</strong></span> <span class='ocrx_word' id='word_1_970' title='bbox 2964 5546 3798 5636; x_wconf 70' lang='lat' dir='ltr'><strong>quom-timoqude</strong></span> 
     </span>
    </p>
   </div>
   <div class='ocr_carea' id='block_1_120' title="bbox 2365 5695 3427 5770">
    <p class='ocr_par' dir='ltr' id='par_1_120' title="bbox 2365 5695 3427 5770">
     <span class='ocr_line' id='line_1_120' title="bbox 2365 5695 3427 5770; baseline 0.001 -1"><span class='ocrx_word' id='word_1_971' title='bbox 2365 5697 2747 5770; x_wconf 66' lang='grc' dir='ltr'>ίωϋιάιφιιφ</span> <span class='ocrx_word' id='word_1_972' title='bbox 2768 5699 2831 5770; x_wconf 67' lang='grc' dir='ltr'><strong>εει</strong></span> <span class='ocrx_word' id='word_1_973' title='bbox 2850 5712 2903 5755; x_wconf 68' lang='grc' dir='ltr'>ιη</span> <span class='ocrx_word' id='word_1_974' title='bbox 2922 5705 3239 5770; x_wconf 56' lang='lat' dir='ltr'><strong>mum</strong></span> <span class='ocrx_word' id='word_1_975' title='bbox 3259 5695 3427 5770; x_wconf 53' lang='grc' dir='ltr'>με</span> 
     </span>
    </p>
   </div>
   <div class='ocr_carea' id='block_1_121' title="bbox 2362 5760 3471 5836">
    <p class='ocr_par' dir='ltr' id='par_1_121' title="bbox 2362 5760 3471 5836">
     <span class='ocr_line' id='line_1_121' title="bbox 2362 5760 3471 5836; baseline -0.011 -12"><span class='ocrx_word' id='word_1_976' title='bbox 2362 5760 2681 5836; x_wconf 55' lang='lat' dir='ltr'><strong>imam</strong></span> <span class='ocrx_word' id='word_1_977' title='bbox 2709 5766 2941 5832; x_wconf 63' lang='lat' dir='ltr'><strong>justum</strong></span> <span class='ocrx_word' id='word_1_978' title='bbox 2963 5762 3112 5830; x_wconf 66' lang='lat' dir='ltr'><strong>Lugd.</strong></span> <span class='ocrx_word' id='word_1_979' title='bbox 3134 5760 3374 5817; x_wconf 57' lang='lat' dir='ltr'><strong>ventur.</strong></span> <span class='ocrx_word' id='word_1_980' title='bbox 3413 5760 3471 5812; x_wconf 83' lang='grc' dir='ltr'><strong>ιιι</strong></span> 
     </span>
    </p>
   </div>
   <div class='ocr_carea' id='block_1_122' title="bbox 2780 5956 2800 5997">
    <p class='ocr_par' dir='ltr' id='par_1_122' title="bbox 2780 5956 2800 5997">
     <span class='ocr_line' id='line_1_122' title="bbox 2780 5956 2800 5997; baseline 0 0"><span class='ocrx_word' id='word_1_981' title='bbox 2780 5956 2800 5997; x_wconf 84' lang='grc' dir='ltr'><strong><em>Ι</em></strong></span> 
     </span>
    </p>
   </div>
  </div>
