  <div class='ocr_page' id='page_1' title='image "/cluster/home/n/w/nwhite01/storage/ocr_20150623/35/uva.x000827104/267.png"; bbox 0 0 3926 6370; ppageno 0'>
   <div class='ocr_carea' id='block_1_1' title="bbox 558 357 697 420">
    <p class='ocr_par' dir='ltr' id='par_1_1' title="bbox 558 357 697 420">
     <span class='ocr_line' id='line_1_1' title="bbox 558 357 697 420; baseline 0 0"><span class='ocrx_word' id='word_1_1' title='bbox 558 357 697 420; x_wconf 70' lang='grc'><strong>1831</strong></span> 
     </span>
    </p>
   </div>
   <div class='ocr_carea' id='block_1_2' title="bbox 1008 461 1690 524">
    <p class='ocr_par' dir='ltr' id='par_1_2' title="bbox 1008 461 1690 524">
     <span class='ocr_line' id='line_1_2' title="bbox 1008 461 1690 524; baseline -0.015 0"><span class='ocrx_word' id='word_1_2' title='bbox 1008 462 1419 524; x_wconf 72' lang='grc' dir='ltr'><strong>τιιΑςτΑτυδ</strong></span> <span class='ocrx_word' id='word_1_3' title='bbox 1457 461 1690 519; x_wconf 78' lang='lat' dir='ltr'><strong>LXXVI.</strong></span> 
     </span>
    </p>
   </div>
   <div class='ocr_carea' id='block_1_3' title="bbox 563 591 2143 678">
    <p class='ocr_par' dir='ltr' id='par_1_3' title="bbox 563 591 2143 678">
     <span class='ocr_line' id='line_1_3' title="bbox 563 591 2143 678; baseline -0.016 -11"><span class='ocrx_word' id='word_1_4' title='bbox 563 611 638 671; x_wconf 85' lang='lat' dir='ltr'><strong>De</strong></span> <span class='ocrx_word' id='word_1_5' title='bbox 657 625 715 665; x_wconf 86' lang='lat' dir='ltr'><strong>eo</strong></span> <span class='ocrx_word' id='word_1_6' title='bbox 742 604 879 678; x_wconf 88' lang='lat' dir='ltr'><strong>quod</strong></span> <span class='ocrx_word' id='word_1_7' title='bbox 901 603 1144 675; x_wconf 74' lang='lat' dir='ltr'><strong>sequitur.</strong></span> <span class='ocrx_word' id='word_1_8' title='bbox 1179 600 1314 655; x_wconf 89' lang='lat' dir='ltr'><strong>Dicit</strong></span> <span class='ocrx_word' id='word_1_9' title='bbox 1333 598 1381 653; x_wconf 90' lang='lat' dir='ltr'><strong>ei</strong></span> <span class='ocrx_word' id='word_1_10' title='bbox 1407 596 1590 661; x_wconf 76' lang='lat' dir='ltr'><strong>Jttdas,</strong></span> <span class='ocrx_word' id='word_1_11' title='bbox 1609 610 1713 649; x_wconf 91' lang='lat' dir='ltr'><strong>non</strong></span> <span class='ocrx_word' id='word_1_12' title='bbox 1741 594 1828 649; x_wconf 91' lang='lat' dir='ltr'><strong>ille</strong></span> <span class='ocrx_word' id='word_1_13' title='bbox 1845 591 2143 654; x_wconf 76' lang='lat' dir='ltr'><strong>lscariotes,</strong></span> 
     </span>
    </p>
   </div>
   <div class='ocr_carea' id='block_1_4' title="bbox 627 687 2145 775">
    <p class='ocr_par' dir='ltr' id='par_1_4' title="bbox 627 687 2145 775">
     <span class='ocr_line' id='line_1_4' title="bbox 627 687 2145 775; baseline -0.015 -17"><span class='ocrx_word' id='word_1_14' title='bbox 627 713 748 775; x_wconf 84' lang='lat' dir='ltr'><strong>etc.,</strong></span> <span class='ocrx_word' id='word_1_15' title='bbox 763 716 919 770; x_wconf 86' lang='lat' dir='ltr'><strong>usque</strong></span> <span class='ocrx_word' id='word_1_16' title='bbox 941 698 1007 751; x_wconf 91' lang='lat' dir='ltr'><strong>ad</strong></span> <span class='ocrx_word' id='word_1_17' title='bbox 1019 698 1092 758; x_wconf 85' lang='lat' dir='ltr'><strong>id,</strong></span> <span class='ocrx_word' id='word_1_18' title='bbox 1111 695 1300 750; x_wconf 89' lang='lat' dir='ltr'><strong>Sermo</strong></span> <span class='ocrx_word' id='word_1_19' title='bbox 1323 707 1480 762; x_wconf 87' lang='lat' dir='ltr'><strong>quem</strong></span> <span class='ocrx_word' id='word_1_20' title='bbox 1496 687 1726 745; x_wconf 79' lang='lat' dir='ltr'><strong>audisds</strong></span> <span class='ocrx_word' id='word_1_21' title='bbox 1748 702 1850 741; x_wconf 91' lang='lat' dir='ltr'><strong>non</strong></span> <span class='ocrx_word' id='word_1_22' title='bbox 1868 694 1951 740; x_wconf 89' lang='lat' dir='ltr'><strong>est</strong></span> <span class='ocrx_word' id='word_1_23' title='bbox 1972 697 2145 745; x_wconf 88' lang='lat' dir='ltr'><strong>meus,</strong></span> 
     </span>
    </p>
   </div>
   <div class='ocr_carea' id='block_1_5' title="bbox 628 773 2143 862">
    <p class='ocr_par' dir='ltr' id='par_1_5' title="bbox 628 773 2143 862">
     <span class='ocr_line' id='line_1_5' title="bbox 628 773 2143 862; baseline -0.019 -9"><span class='ocrx_word' id='word_1_24' title='bbox 628 773 722 852; x_wconf 77' lang='lat' dir='ltr'><strong>sed</strong></span> <span class='ocrx_word' id='word_1_25' title='bbox 747 792 862 862; x_wconf 89' lang='lat' dir='ltr'><strong>ejus</strong></span> <span class='ocrx_word' id='word_1_26' title='bbox 887 790 973 861; x_wconf 97' lang='lat' dir='ltr'><strong>qui</strong></span> <span class='ocrx_word' id='word_1_27' title='bbox 1005 787 1150 843; x_wconf 92' lang='lat' dir='ltr'><strong>misit</strong></span> <span class='ocrx_word' id='word_1_28' title='bbox 1179 800 1285 848; x_wconf 88' lang='lat' dir='ltr'><strong>me,</strong></span> <span class='ocrx_word' id='word_1_29' title='bbox 1314 781 1506 836; x_wconf 88' lang='lat' dir='ltr'><strong>Patris.</strong></span> <span class='ocrx_word' id='word_1_30' title='bbox 1533 777 1660 851; x_wconf 82' lang='lat' dir='ltr'><strong>Cap.</strong></span> <span class='ocrx_word' id='word_1_31' title='bbox 1694 793 1804 840; x_wconf 77' lang='lat' dir='ltr'><strong>XIV,</strong></span> <span class='ocrx_word' id='word_1_32' title='bbox 1855 777 1889 845; x_wconf 61' lang='grc' dir='ltr'><em>ᾗ</em></span> <span class='ocrx_word' id='word_1_33' title='bbox 1913 814 1927 829; x_wconf 95' lang='grc'><strong>.</strong></span> <span class='ocrx_word' id='word_1_34' title='bbox 1957 773 2143 827; x_wconf 63' lang='grc' dir='ltr'><strong>2-2-Ξῶ.</strong></span> 
     </span>
    </p>
   </div>
   <div class='ocr_carea' id='block_1_6' title="bbox 628 913 2147 994">
    <p class='ocr_par' dir='ltr' id='par_1_6' title="bbox 628 913 2147 994">
     <span class='ocr_line' id='line_1_6' title="bbox 628 913 2147 994; baseline -0.016 -10"><span class='ocrx_word' id='word_1_35' title='bbox 628 930 682 984; x_wconf 75' lang='lat' dir='ltr'><strong>l.</strong></span> <span class='ocrx_word' id='word_1_36' title='bbox 704 921 1150 994; x_wconf 84' lang='lat' dir='ltr'><strong>lnterrogantibns</strong></span> <span class='ocrx_word' id='word_1_37' title='bbox 1176 917 1448 988; x_wconf 85' lang='lat' dir='ltr'><strong>discipulis</strong></span> <span class='ocrx_word' id='word_1_38' title='bbox 1473 925 1525 971; x_wconf 88' lang='lat' dir='ltr'><strong>et</strong></span> <span class='ocrx_word' id='word_1_39' title='bbox 1545 915 1622 969; x_wconf 87' lang='lat' dir='ltr'><strong>eis</strong></span> <span class='ocrx_word' id='word_1_40' title='bbox 1653 913 1907 983; x_wconf 87' lang='lat' dir='ltr'><strong>magistro</strong></span> <span class='ocrx_word' id='word_1_41' title='bbox 1926 923 2147 978; x_wconf 83' lang='lat' dir='ltr'><strong>respon-</strong></span> 
     </span>
    </p>
   </div>
   <div class='ocr_carea' id='block_1_7' title="bbox 560 1001 2144 1083">
    <p class='ocr_par' dir='ltr' id='par_1_7' title="bbox 560 1001 2144 1083">
     <span class='ocr_line' id='line_1_7' title="bbox 560 1001 2144 1083; baseline -0.017 -6"><span class='ocrx_word' id='word_1_42' title='bbox 560 1021 719 1077; x_wconf 84' lang='lat' dir='ltr'><strong>dente</strong></span> <span class='ocrx_word' id='word_1_43' title='bbox 746 1015 1077 1083; x_wconf 80' lang='lat' dir='ltr'><strong>.lesu,etiam</strong></span> <span class='ocrx_word' id='word_1_44' title='bbox 1124 1026 1222 1066; x_wconf 92' lang='lat' dir='ltr'><strong>nos</strong></span> <span class='ocrx_word' id='word_1_45' title='bbox 1273 1019 1522 1078; x_wconf 79' lang='lat' dir='ltr'><strong>tanquam</strong></span> <span class='ocrx_word' id='word_1_46' title='bbox 1553 1021 1672 1060; x_wconf 89' lang='lat' dir='ltr'><strong>cum</strong></span> <span class='ocrx_word' id='word_1_47' title='bbox 1721 1004 1828 1058; x_wconf 84' lang='lat' dir='ltr'><strong>ibis</strong></span> <span class='ocrx_word' id='word_1_48' title='bbox 1869 1001 2144 1064; x_wconf 85' lang='lat' dir='ltr'><strong>discimus,</strong></span> 
     </span>
    </p>
   </div>
   <div class='ocr_carea' id='block_1_8' title="bbox 558 1093 2143 1182">
    <p class='ocr_par' dir='ltr' id='par_1_8' title="bbox 558 1093 2143 1182">
     <span class='ocr_line' id='line_1_8' title="bbox 558 1093 2143 1182; baseline -0.015 -15"><span class='ocrx_word' id='word_1_49' title='bbox 558 1111 772 1182; x_wconf 82' lang='lat' dir='ltr'><strong>quando</strong></span> <span class='ocrx_word' id='word_1_50' title='bbox 793 1118 1030 1162; x_wconf 80' lang='lat' dir='ltr'><strong>sanetum</strong></span> <span class='ocrx_word' id='word_1_51' title='bbox 1061 1103 1400 1174; x_wconf 85' lang='lat' dir='ltr'><strong>Evangelium</strong></span> <span class='ocrx_word' id='word_1_52' title='bbox 1431 1099 1511 1154; x_wconf 94' lang='lat' dir='ltr'><strong>vel</strong></span> <span class='ocrx_word' id='word_1_53' title='bbox 1531 1098 1758 1168; x_wconf 78' lang='lat' dir='ltr'><strong>legimus</strong></span> <span class='ocrx_word' id='word_1_54' title='bbox 1773 1095 1854 1150; x_wconf 93' lang='lat' dir='ltr'><strong>vel</strong></span> <span class='ocrx_word' id='word_1_55' title='bbox 1877 1093 2143 1148; x_wconf 77' lang='lat' dir='ltr'><strong>audimus.</strong></span> 
     </span>
    </p>
   </div>
   <div class='ocr_carea' id='block_1_9' title="bbox 559 1191 2148 1273">
    <p class='ocr_par' dir='ltr' id='par_1_9' title="bbox 559 1191 2148 1273">
     <span class='ocr_line' id='line_1_9' title="bbox 559 1191 2148 1273; baseline -0.011 -16"><span class='ocrx_word' id='word_1_56' title='bbox 559 1205 690 1273; x_wconf 83' lang='lat' dir='ltr'><strong>Quia</strong></span> <span class='ocrx_word' id='word_1_57' title='bbox 721 1218 846 1273; x_wconf 87' lang='lat' dir='ltr'><strong>ergo</strong></span> <span class='ocrx_word' id='word_1_58' title='bbox 874 1201 1083 1256; x_wconf 79' lang='lat' dir='ltr'><strong>dixerat</strong></span> <span class='ocrx_word' id='word_1_59' title='bbox 1117 1196 1390 1255; x_wconf 88' lang='lat' dir='ltr'><strong>Dominus,</strong></span> <span class='ocrx_word' id='word_1_60' title='bbox 1420 1193 1599 1246; x_wconf 80' lang='lat' dir='ltr'><strong>Adhuc</strong></span> <span class='ocrx_word' id='word_1_61' title='bbox 1626 1191 1902 1254; x_wconf 88' lang='lat' dir='ltr'><strong>modicum,</strong></span> <span class='ocrx_word' id='word_1_62' title='bbox 1929 1196 1975 1242; x_wconf 86' lang='lat' dir='ltr'><strong>et</strong></span> <span class='ocrx_word' id='word_1_63' title='bbox 2002 1201 2148 1239; x_wconf 80' lang='lat' dir='ltr'><strong>mun-</strong></span> 
     </span>
    </p>
   </div>
   <div class='ocr_carea' id='block_1_10' title="bbox 559 1280 2146 1367">
    <p class='ocr_par' dir='ltr' id='par_1_10' title="bbox 559 1280 2146 1367">
     <span class='ocr_line' id='line_1_10' title="bbox 559 1280 2146 1367; baseline -0.014 -15"><span class='ocrx_word' id='word_1_64' title='bbox 559 1299 653 1353; x_wconf 90' lang='lat' dir='ltr'><strong>dus</strong></span> <span class='ocrx_word' id='word_1_65' title='bbox 677 1315 752 1352; x_wconf 88' lang='lat' dir='ltr'><strong>me</strong></span> <span class='ocrx_word' id='word_1_66' title='bbox 759 1300 871 1367; x_wconf 86' lang='lat' dir='ltr'><strong>jam</strong></span> <span class='ocrx_word' id='word_1_67' title='bbox 898 1311 997 1348; x_wconf 86' lang='lat' dir='ltr'><strong>non</strong></span> <span class='ocrx_word' id='word_1_68' title='bbox 1024 1290 1174 1356; x_wconf 82' lang='lat' dir='ltr'><strong>ridet,</strong></span> <span class='ocrx_word' id='word_1_69' title='bbox 1205 1306 1290 1343; x_wconf 82' lang='lat' dir='ltr'><strong>vos</strong></span> <span class='ocrx_word' id='word_1_70' title='bbox 1319 1296 1484 1340; x_wconf 85' lang='lat' dir='ltr'><strong>autem</strong></span> <span class='ocrx_word' id='word_1_71' title='bbox 1513 1284 1740 1339; x_wconf 65' lang='lat' dir='ltr'><strong>ridibitis</strong></span> <span class='ocrx_word' id='word_1_72' title='bbox 1772 1298 1849 1335; x_wconf 89' lang='lat' dir='ltr'><strong>me</strong></span> <span class='ocrx_word' id='word_1_73' title='bbox 1872 1297 1888 1344; x_wconf 90' lang='lat'><strong>;</strong></span> <span class='ocrx_word' id='word_1_74' title='bbox 1916 1280 2146 1334; x_wconf 89' lang='lat' dir='ltr'><strong>interro-</strong></span> 
     </span>
    </p>
   </div>
   <div class='ocr_carea' id='block_1_11' title="bbox 559 1369 2145 1459">
    <p class='ocr_par' dir='ltr' id='par_1_11' title="bbox 559 1369 2145 1459">
     <span class='ocr_line' id='line_1_11' title="bbox 559 1369 2145 1459; baseline -0.015 -15"><span class='ocrx_word' id='word_1_75' title='bbox 559 1392 697 1459; x_wconf 77' lang='lat' dir='ltr'><strong>gavit</strong></span> <span class='ocrx_word' id='word_1_76' title='bbox 718 1405 841 1444; x_wconf 89' lang='lat' dir='ltr'><strong>eum</strong></span> <span class='ocrx_word' id='word_1_77' title='bbox 869 1387 934 1441; x_wconf 87' lang='lat' dir='ltr'><strong>de.</strong></span> <span class='ocrx_word' id='word_1_78' title='bbox 958 1386 1056 1439; x_wconf 87' lang='lat' dir='ltr'><strong>hoe.</strong></span> <span class='ocrx_word' id='word_1_79' title='bbox 1086 1385 1200 1449; x_wconf 87' lang='lat' dir='ltr'><strong>ipso</strong></span> <span class='ocrx_word' id='word_1_80' title='bbox 1225 1381 1407 1441; x_wconf 84' lang='lat' dir='ltr'><strong>Judas,</strong></span> <span class='ocrx_word' id='word_1_81' title='bbox 1435 1395 1538 1432; x_wconf 82' lang='lat' dir='ltr'><strong>non</strong></span> <span class='ocrx_word' id='word_1_82' title='bbox 1568 1377 1654 1432; x_wconf 90' lang='lat' dir='ltr'><strong>ille</strong></span> <span class='ocrx_word' id='word_1_83' title='bbox 1679 1374 1898 1430; x_wconf 90' lang='lat' dir='ltr'><strong>traditor</strong></span> <span class='ocrx_word' id='word_1_84' title='bbox 1919 1372 2035 1439; x_wconf 86' lang='lat' dir='ltr'><strong>ejus</strong></span> <span class='ocrx_word' id='word_1_85' title='bbox 2057 1369 2145 1439; x_wconf 89' lang='lat' dir='ltr'><strong>qui</strong></span> 
     </span>
    </p>
   </div>
   <div class='ocr_carea' id='block_1_12' title="bbox 563 1464 2148 1548">
    <p class='ocr_par' dir='ltr' id='par_1_12' title="bbox 563 1464 2148 1548">
     <span class='ocr_line' id='line_1_12' title="bbox 563 1464 2148 1548; baseline -0.013 -11"><span class='ocrx_word' id='word_1_86' title='bbox 563 1483 841 1538; x_wconf 68' lang='lat' dir='ltr'><strong>lseiriotes</strong></span> <span class='ocrx_word' id='word_1_87' title='bbox 867 1477 1270 1548; x_wconf 79' lang='lat' dir='ltr'><strong>cognominatus</strong></span> <span class='ocrx_word' id='word_1_88' title='bbox 1299 1482 1401 1531; x_wconf 87' lang='lat' dir='ltr'><strong>est.</strong></span> <span class='ocrx_word' id='word_1_89' title='bbox 1450 1469 1542 1524; x_wconf 90' lang='lat' dir='ltr'><strong>sed</strong></span> <span class='ocrx_word' id='word_1_90' title='bbox 1570 1469 1720 1534; x_wconf 88' lang='lat' dir='ltr'><strong>cujus</strong></span> <span class='ocrx_word' id='word_1_91' title='bbox 1748 1465 1977 1534; x_wconf 80' lang='lat' dir='ltr'><strong>Epistola</strong></span> <span class='ocrx_word' id='word_1_92' title='bbox 2009 1464 2148 1517; x_wconf 91' lang='lat' dir='ltr'><strong>inter</strong></span> 
     </span>
    </p>
   </div>
   <div class='ocr_carea' id='block_1_13' title="bbox 557 1558 2144 1643">
    <p class='ocr_par' dir='ltr' id='par_1_13' title="bbox 557 1558 2144 1643">
     <span class='ocr_line' id='line_1_13' title="bbox 557 1558 2144 1643; baseline -0.014 -13"><span class='ocrx_word' id='word_1_93' title='bbox 557 1575 856 1643; x_wconf 78' lang='lat' dir='ltr'><strong>Scripturas</strong></span> <span class='ocrx_word' id='word_1_94' title='bbox 899 1570 1181 1624; x_wconf 77' lang='lat' dir='ltr'><strong>canonicos</strong></span> <span class='ocrx_word' id='word_1_95' title='bbox 1220 1566 1408 1632; x_wconf 81' lang='lat' dir='ltr'><strong>legitur</strong></span> <span class='ocrx_word' id='word_1_96' title='bbox 1441 1581 1452 1616; x_wconf 87' lang='lat'><strong>:</strong></span> <span class='ocrx_word' id='word_1_97' title='bbox 1492 1561 1723 1624; x_wconf 84' lang='lat' dir='ltr'><strong>Domine,</strong></span> <span class='ocrx_word' id='word_1_98' title='bbox 1773 1558 1895 1630; x_wconf 87' lang='lat' dir='ltr'><strong>quid</strong></span> <span class='ocrx_word' id='word_1_99' title='bbox 1951 1560 2144 1628; x_wconf 79' lang='lat' dir='ltr'><strong>factum</strong></span> 
     </span>
    </p>
   </div>
   <div class='ocr_carea' id='block_1_14' title="bbox 557 1653 2146 1734">
    <p class='ocr_par' dir='ltr' id='par_1_14' title="bbox 557 1653 2146 1734">
     <span class='ocr_line' id='line_1_14' title="bbox 557 1653 2146 1734; baseline -0.013 -14"><span class='ocrx_word' id='word_1_100' title='bbox 557 1677 648 1722; x_wconf 84' lang='lat' dir='ltr'><strong>est.</strong></span> <span class='ocrx_word' id='word_1_101' title='bbox 679 1665 798 1734; x_wconf 82' lang='lat' dir='ltr'><strong>quia</strong></span> <span class='ocrx_word' id='word_1_102' title='bbox 845 1663 983 1717; x_wconf 79' lang='lat' dir='ltr'><strong>nobis</strong></span> <span class='ocrx_word' id='word_1_103' title='bbox 1018 1659 1424 1728; x_wconf 80' lang='lat' dir='ltr'><strong>nuiuifestaturus</strong></span> <span class='ocrx_word' id='word_1_104' title='bbox 1454 1671 1503 1706; x_wconf 87' lang='lat' dir='ltr'><strong>es</strong></span> <span class='ocrx_word' id='word_1_105' title='bbox 1529 1653 1764 1720; x_wconf 88' lang='lat' dir='ltr'><strong>teipsum,</strong></span> <span class='ocrx_word' id='word_1_106' title='bbox 1793 1659 1838 1703; x_wconf 84' lang='lat' dir='ltr'><strong>et</strong></span> <span class='ocrx_word' id='word_1_107' title='bbox 1869 1666 1969 1702; x_wconf 85' lang='lat' dir='ltr'><strong>non</strong></span> <span class='ocrx_word' id='word_1_108' title='bbox 1996 1664 2146 1700; x_wconf 82' lang='lat' dir='ltr'><strong>mun-</strong></span> 
     </span>
    </p>
   </div>
   <div class='ocr_carea' id='block_1_15' title="bbox 559 1739 2142 1820">
    <p class='ocr_par' dir='ltr' id='par_1_15' title="bbox 559 1739 2142 1820">
     <span class='ocr_line' id='line_1_15' title="bbox 559 1739 2142 1820; baseline -0.013 -7"><span class='ocrx_word' id='word_1_109' title='bbox 559 1760 624 1813; x_wconf 88' lang='lat' dir='ltr'><strong>do</strong></span> <span class='ocrx_word' id='word_1_110' title='bbox 649 1759 674 1812; x_wconf 69' lang='grc' dir='ltr'><strong><em>Ρ</em></strong></span> <span class='ocrx_word' id='word_1_111' title='bbox 697 1759 874 1811; x_wconf 82' lang='lat' dir='ltr'><strong>Simus</strong></span> <span class='ocrx_word' id='word_1_112' title='bbox 899 1768 1017 1808; x_wconf 86' lang='lat' dir='ltr'><strong>cum</strong></span> <span class='ocrx_word' id='word_1_113' title='bbox 1041 1750 1166 1820; x_wconf 85' lang='lat' dir='ltr'><strong>ipsis</strong></span> <span class='ocrx_word' id='word_1_114' title='bbox 1195 1758 1440 1816; x_wconf 78' lang='lat' dir='ltr'><strong>tanquam</strong></span> <span class='ocrx_word' id='word_1_115' title='bbox 1466 1746 1860 1812; x_wconf 84' lang='lat' dir='ltr'><strong>interrogantes</strong></span> <span class='ocrx_word' id='word_1_116' title='bbox 1880 1739 2142 1808; x_wconf 85' lang='lat' dir='ltr'><strong>discipuli,</strong></span> 
     </span>
    </p>
   </div>
   <div class='ocr_carea' id='block_1_16' title="bbox 559 1829 2147 1912">
    <p class='ocr_par' dir='ltr' id='par_1_16' title="bbox 559 1829 2147 1912">
     <span class='ocr_line' id='line_1_16' title="bbox 559 1829 2147 1912; baseline -0.013 -7"><span class='ocrx_word' id='word_1_117' title='bbox 559 1859 1002 1912; x_wconf 86' lang='lat' dir='ltr'><strong>communemque</strong></span> <span class='ocrx_word' id='word_1_118' title='bbox 1047 1840 1353 1909; x_wconf 86' lang='lat' dir='ltr'><strong>magistrum</strong></span> <span class='ocrx_word' id='word_1_119' title='bbox 1394 1835 1672 1887; x_wconf 88' lang='lat' dir='ltr'><strong>:mdiamns</strong></span> <span class='ocrx_word' id='word_1_120' title='bbox 1715 1840 1767 1886; x_wconf 89' lang='lat' dir='ltr'><strong>et</strong></span> <span class='ocrx_word' id='word_1_121' title='bbox 1811 1846 1928 1886; x_wconf 88' lang='lat' dir='ltr'><strong>nos.</strong></span> <span class='ocrx_word' id='word_1_122' title='bbox 1984 1829 2147 1884; x_wconf 72' lang='lat' dir='ltr'><strong>ludas</strong></span> 
     </span>
    </p>
   </div>
   <div class='ocr_carea' id='block_1_17' title="bbox 559 1922 2142 2002">
    <p class='ocr_par' dir='ltr' id='par_1_17' title="bbox 559 1922 2142 2002">
     <span class='ocr_line' id='line_1_17' title="bbox 559 1922 2142 2002; baseline -0.014 -6"><span class='ocrx_word' id='word_1_123' title='bbox 559 1944 701 1996; x_wconf 86' lang='lat' dir='ltr'><strong>enim</strong></span> <span class='ocrx_word' id='word_1_124' title='bbox 726 1947 961 2002; x_wconf 83' lang='lat' dir='ltr'><strong>sanctus,</strong></span> <span class='ocrx_word' id='word_1_125' title='bbox 995 1949 1097 1988; x_wconf 87' lang='lat' dir='ltr'><strong>non</strong></span> <span class='ocrx_word' id='word_1_126' title='bbox 1130 1928 1453 1991; x_wconf 86' lang='lat' dir='ltr'><strong>immundus,</strong></span> <span class='ocrx_word' id='word_1_127' title='bbox 1476 1941 1573 1981; x_wconf 88' lang='lat' dir='ltr'><strong>nec</strong></span> <span class='ocrx_word' id='word_1_128' title='bbox 1602 1927 1886 1980; x_wconf 83' lang='lat' dir='ltr'><strong>insectator</strong></span> <span class='ocrx_word' id='word_1_129' title='bbox 1916 1922 2142 1986; x_wconf 81' lang='lat' dir='ltr'><strong>Domini,</strong></span> 
     </span>
    </p>
   </div>
   <div class='ocr_carea' id='block_1_18' title="bbox 561 2013 2144 2092">
    <p class='ocr_par' dir='ltr' id='par_1_18' title="bbox 561 2013 2144 2092">
     <span class='ocr_line' id='line_1_18' title="bbox 561 2013 2144 2092; baseline -0.013 -2"><span class='ocrx_word' id='word_1_130' title='bbox 561 2031 654 2090; x_wconf 77' lang='lat' dir='ltr'><strong>St‘d</strong></span> <span class='ocrx_word' id='word_1_131' title='bbox 686 2038 936 2090; x_wconf 70' lang='lat' dir='ltr'><strong>sectator,</strong></span> <span class='ocrx_word' id='word_1_132' title='bbox 969 2040 1180 2080; x_wconf 87' lang='lat' dir='ltr'><strong>causam</strong></span> <span class='ocrx_word' id='word_1_133' title='bbox 1211 2020 1453 2092; x_wconf 80' lang='lat' dir='ltr'><strong>qua-sivit</strong></span> <span class='ocrx_word' id='word_1_134' title='bbox 1477 2031 1641 2088; x_wconf 88' lang='lat' dir='ltr'><strong>quare</strong></span> <span class='ocrx_word' id='word_1_135' title='bbox 1672 2033 1731 2071; x_wconf 89' lang='lat' dir='ltr'><strong>se</strong></span> <span class='ocrx_word' id='word_1_136' title='bbox 1777 2031 1880 2071; x_wconf 90' lang='lat' dir='ltr'><strong>non</strong></span> <span class='ocrx_word' id='word_1_137' title='bbox 1927 2013 2144 2080; x_wconf 91' lang='lat' dir='ltr'><strong>mundo,</strong></span> 
     </span>
    </p>
   </div>
   <div class='ocr_carea' id='block_1_19' title="bbox 561 2105 2148 2178">
    <p class='ocr_par' dir='ltr' id='par_1_19' title="bbox 561 2105 2148 2178">
     <span class='ocr_line' id='line_1_19' title="bbox 561 2105 2148 2178; baseline -0.013 0"><span class='ocrx_word' id='word_1_138' title='bbox 561 2122 653 2178; x_wconf 86' lang='lat' dir='ltr'><strong>sed</strong></span> <span class='ocrx_word' id='word_1_139' title='bbox 680 2121 791 2174; x_wconf 86' lang='lat' dir='ltr'><strong>suis</strong></span> <span class='ocrx_word' id='word_1_140' title='bbox 813 2117 1239 2172; x_wconf 84' lang='lat' dir='ltr'><strong>manifestaturus</strong></span> <span class='ocrx_word' id='word_1_141' title='bbox 1263 2121 1404 2165; x_wconf 90' lang='lat' dir='ltr'><strong>esset</strong></span> <span class='ocrx_word' id='word_1_142' title='bbox 1425 2109 1615 2171; x_wconf 85' lang='lat' dir='ltr'><strong>.lesus;</strong></span> <span class='ocrx_word' id='word_1_143' title='bbox 1646 2123 1808 2176; x_wconf 87' lang='lat' dir='ltr'><strong>quare</strong></span> <span class='ocrx_word' id='word_1_144' title='bbox 1834 2105 2004 2159; x_wconf 90' lang='lat' dir='ltr'><strong>adhuc</strong></span> <span class='ocrx_word' id='word_1_145' title='bbox 2031 2119 2148 2158; x_wconf 81' lang='lat' dir='ltr'><strong>mo-</strong></span> 
     </span>
    </p>
   </div>
   <div class='ocr_carea' id='block_1_20' title="bbox 560 2194 2147 2268">
    <p class='ocr_par' dir='ltr' id='par_1_20' title="bbox 560 2194 2147 2268">
     <span class='ocr_line' id='line_1_20' title="bbox 560 2194 2147 2268; baseline -0.011 -2"><span class='ocrx_word' id='word_1_146' title='bbox 560 2213 733 2268; x_wconf 90' lang='lat' dir='ltr'><strong>dieum</strong></span> <span class='ocrx_word' id='word_1_147' title='bbox 752 2219 806 2264; x_wconf 91' lang='lat' dir='ltr'><strong>et</strong></span> <span class='ocrx_word' id='word_1_148' title='bbox 843 2205 1068 2261; x_wconf 89' lang='lat' dir='ltr'><strong>mundus</strong></span> <span class='ocrx_word' id='word_1_149' title='bbox 1096 2219 1200 2258; x_wconf 91' lang='lat' dir='ltr'><strong>non</strong></span> <span class='ocrx_word' id='word_1_150' title='bbox 1228 2199 1434 2256; x_wconf 89' lang='lat' dir='ltr'><strong>videret</strong></span> <span class='ocrx_word' id='word_1_151' title='bbox 1459 2215 1606 2264; x_wconf 90' lang='lat' dir='ltr'><strong>eum,</strong></span> <span class='ocrx_word' id='word_1_152' title='bbox 1653 2198 1752 2268; x_wconf 86' lang='lat' dir='ltr'><strong>ipsi</strong></span> <span class='ocrx_word' id='word_1_153' title='bbox 1779 2205 1956 2250; x_wconf 90' lang='lat' dir='ltr'><strong>autem</strong></span> <span class='ocrx_word' id='word_1_154' title='bbox 2002 2194 2147 2249; x_wconf 85' lang='lat' dir='ltr'><strong>vide-</strong></span> 
     </span>
    </p>
   </div>
   <div class='ocr_carea' id='block_1_21' title="bbox 562 2314 841 2358">
    <p class='ocr_par' dir='ltr' id='par_1_21' title="bbox 562 2314 841 2358">
     <span class='ocr_line' id='line_1_21' title="bbox 562 2314 841 2358; baseline -0.022 -1"><span class='ocrx_word' id='word_1_155' title='bbox 562 2314 678 2358; x_wconf 89' lang='lat' dir='ltr'><strong>rent</strong></span> <span class='ocrx_word' id='word_1_156' title='bbox 700 2315 841 2356; x_wconf 91' lang='lat' dir='ltr'><strong>eum.</strong></span> 
     </span>
    </p>
   </div>
   <div class='ocr_carea' id='block_1_22' title="bbox 631 2378 2144 2462">
    <p class='ocr_par' dir='ltr' id='par_1_22' title="bbox 631 2378 2144 2462">
     <span class='ocr_line' id='line_1_22' title="bbox 631 2378 2144 2462; baseline -0.01 -15"><span class='ocrx_word' id='word_1_157' title='bbox 631 2393 688 2447; x_wconf 75' lang='lat'><strong>‘2.</strong></span> <span class='ocrx_word' id='word_1_158' title='bbox 730 2391 1014 2462; x_wconf 75' lang='lat' dir='ltr'><strong>Respondit</strong></span> <span class='ocrx_word' id='word_1_159' title='bbox 1042 2388 1212 2450; x_wconf 83' lang='lat' dir='ltr'><strong>Jesus,</strong></span> <span class='ocrx_word' id='word_1_160' title='bbox 1258 2395 1305 2438; x_wconf 88' lang='lat' dir='ltr'><strong>et</strong></span> <span class='ocrx_word' id='word_1_161' title='bbox 1331 2385 1455 2438; x_wconf 71' lang='lat' dir='ltr'><strong>dixit</strong></span> <span class='ocrx_word' id='word_1_162' title='bbox 1482 2383 1526 2436; x_wconf 81' lang='lat' dir='ltr'><strong>ei</strong></span> <span class='ocrx_word' id='word_1_163' title='bbox 1554 2398 1570 2436; x_wconf 91' lang='lat'><em>:</em></span> <span class='ocrx_word' id='word_1_164' title='bbox 1599 2381 1661 2436; x_wconf 89' lang='lat' dir='ltr'><strong>Si</strong></span> <span class='ocrx_word' id='word_1_165' title='bbox 1684 2382 1795 2451; x_wconf 84' lang='lat' dir='ltr'><strong>quis</strong></span> <span class='ocrx_word' id='word_1_166' title='bbox 1837 2378 2002 2450; x_wconf 85' lang='lat' dir='ltr'><strong>diligit</strong></span> <span class='ocrx_word' id='word_1_167' title='bbox 2047 2397 2144 2443; x_wconf 91' lang='lat' dir='ltr'><strong>me,</strong></span> 
     </span>
    </p>
   </div>
   <div class='ocr_carea' id='block_1_23' title="bbox 559 2472 2148 2542">
    <p class='ocr_par' dir='ltr' id='par_1_23' title="bbox 559 2472 2148 2542">
     <span class='ocr_line' id='line_1_23' title="bbox 559 2472 2148 2542; baseline -0.012 -1"><span class='ocrx_word' id='word_1_168' title='bbox 559 2500 837 2541; x_wconf 89' lang='lat' dir='ltr'><strong>sermonem</strong></span> <span class='ocrx_word' id='word_1_169' title='bbox 865 2498 1029 2536; x_wconf 88' lang='lat' dir='ltr'><strong>meum</strong></span> <span class='ocrx_word' id='word_1_170' title='bbox 1053 2477 1266 2535; x_wconf 75' lang='lat' dir='ltr'><strong>servabit</strong></span> <span class='ocrx_word' id='word_1_171' title='bbox 1299 2491 1318 2530; x_wconf 92' lang='lat'><strong><em>:</em></strong></span> <span class='ocrx_word' id='word_1_172' title='bbox 1343 2486 1386 2530; x_wconf 91' lang='lat' dir='ltr'><strong>et</strong></span> <span class='ocrx_word' id='word_1_173' title='bbox 1421 2473 1573 2528; x_wconf 83' lang='lat' dir='ltr'><strong>Pater</strong></span> <span class='ocrx_word' id='word_1_174' title='bbox 1594 2489 1731 2525; x_wconf 86' lang='lat' dir='ltr'><strong>meus</strong></span> <span class='ocrx_word' id='word_1_175' title='bbox 1751 2472 1921 2542; x_wconf 84' lang='lat' dir='ltr'><strong>diliget</strong></span> <span class='ocrx_word' id='word_1_176' title='bbox 1950 2487 2082 2536; x_wconf 87' lang='lat' dir='ltr'><strong>eum,</strong></span> <span class='ocrx_word' id='word_1_177' title='bbox 2102 2478 2148 2523; x_wconf 88' lang='lat' dir='ltr'><strong>et</strong></span> 
     </span>
    </p>
   </div>
   <div class='ocr_carea' id='block_1_24' title="bbox 560 2563 2145 2637">
    <p class='ocr_par' dir='ltr' id='par_1_24' title="bbox 560 2563 2145 2637">
     <span class='ocr_line' id='line_1_24' title="bbox 560 2563 2145 2637; baseline -0.011 -5"><span class='ocrx_word' id='word_1_178' title='bbox 560 2578 629 2632; x_wconf 85' lang='lat' dir='ltr'><strong>ad</strong></span> <span class='ocrx_word' id='word_1_179' title='bbox 672 2592 787 2631; x_wconf 87' lang='lat' dir='ltr'><strong>eum</strong></span> <span class='ocrx_word' id='word_1_180' title='bbox 822 2573 1096 2637; x_wconf 77' lang='lat' dir='ltr'><strong>veniemus,</strong></span> <span class='ocrx_word' id='word_1_181' title='bbox 1146 2580 1191 2624; x_wconf 90' lang='lat' dir='ltr'><strong>et</strong></span> <span class='ocrx_word' id='word_1_182' title='bbox 1221 2568 1530 2622; x_wconf 84' lang='lat' dir='ltr'><strong>mansionem</strong></span> <span class='ocrx_word' id='word_1_183' title='bbox 1576 2563 1718 2635; x_wconf 84' lang='lat' dir='ltr'><strong>apud</strong></span> <span class='ocrx_word' id='word_1_184' title='bbox 1745 2579 1857 2616; x_wconf 86' lang='lat' dir='ltr'><strong>eum</strong></span> <span class='ocrx_word' id='word_1_185' title='bbox 1886 2563 2145 2631; x_wconf 80' lang='lat' dir='ltr'><strong>faciemus.</strong></span> 
     </span>
    </p>
   </div>
   <div class='ocr_carea' id='block_1_25' title="bbox 564 2653 2144 2739">
    <p class='ocr_par' dir='ltr' id='par_1_25' title="bbox 564 2653 2144 2739">
     <span class='ocr_line' id='line_1_25' title="bbox 564 2653 2144 2739; baseline -0.011 -16"><span class='ocrx_word' id='word_1_186' title='bbox 564 2671 664 2739; x_wconf 83' lang='lat' dir='ltr'><strong>Qui</strong></span> <span class='ocrx_word' id='word_1_187' title='bbox 684 2685 783 2722; x_wconf 86' lang='lat' dir='ltr'><strong>non</strong></span> <span class='ocrx_word' id='word_1_188' title='bbox 812 2667 976 2737; x_wconf 83' lang='lat' dir='ltr'><strong>diligit</strong></span> <span class='ocrx_word' id='word_1_189' title='bbox 1009 2680 1104 2728; x_wconf 89' lang='lat' dir='ltr'><strong>me,</strong></span> <span class='ocrx_word' id='word_1_190' title='bbox 1127 2676 1381 2716; x_wconf 78' lang='lat' dir='ltr'><strong>sermones</strong></span> <span class='ocrx_word' id='word_1_191' title='bbox 1403 2674 1536 2711; x_wconf 78' lang='lat' dir='ltr'><strong>meos</strong></span> <span class='ocrx_word' id='word_1_192' title='bbox 1567 2672 1665 2710; x_wconf 89' lang='lat' dir='ltr'><strong>non</strong></span> <span class='ocrx_word' id='word_1_193' title='bbox 1691 2663 1871 2708; x_wconf 78' lang='lat' dir='ltr'><strong>servat.</strong></span> <span class='ocrx_word' id='word_1_194' title='bbox 1897 2653 2033 2709; x_wconf 76' lang='lat' dir='ltr'><strong>Ecce</strong></span> <span class='ocrx_word' id='word_1_195' title='bbox 2051 2668 2144 2707; x_wconf 77' lang='lat' dir='ltr'><strong>ex-</strong></span> 
     </span>
    </p>
   </div>
   <div class='ocr_carea' id='block_1_26' title="bbox 561 2746 2148 2833">
    <p class='ocr_par' dir='ltr' id='par_1_26' title="bbox 561 2746 2148 2833">
     <span class='ocr_line' id='line_1_26' title="bbox 561 2746 2148 2833; baseline -0.01 -17"><span class='ocrx_word' id='word_1_196' title='bbox 561 2762 732 2833; x_wconf 85' lang='lat' dir='ltr'><strong>posita</strong></span> <span class='ocrx_word' id='word_1_197' title='bbox 761 2767 843 2815; x_wconf 86' lang='lat' dir='ltr'><strong>est</strong></span> <span class='ocrx_word' id='word_1_198' title='bbox 868 2771 1026 2812; x_wconf 89' lang='lat' dir='ltr'><strong>causa</strong></span> <span class='ocrx_word' id='word_1_199' title='bbox 1057 2768 1220 2824; x_wconf 88' lang='lat' dir='ltr'><strong>quare</strong></span> <span class='ocrx_word' id='word_1_200' title='bbox 1245 2767 1304 2806; x_wconf 90' lang='lat' dir='ltr'><strong>se</strong></span> <span class='ocrx_word' id='word_1_201' title='bbox 1333 2746 1897 2806; x_wconf 67' lang='lat' dir='ltr'><strong>suinnanifestaturus</strong></span> <span class='ocrx_word' id='word_1_202' title='bbox 1912 2756 2014 2812; x_wconf 89' lang='lat' dir='ltr'><strong>est,</strong></span> <span class='ocrx_word' id='word_1_203' title='bbox 2042 2761 2148 2800; x_wconf 92' lang='lat' dir='ltr'><strong>non</strong></span> 
     </span>
    </p>
   </div>
   <div class='ocr_carea' id='block_1_27' title="bbox 561 2836 2148 2918">
    <p class='ocr_par' dir='ltr' id='par_1_27' title="bbox 561 2836 2148 2918">
     <span class='ocr_line' id='line_1_27' title="bbox 561 2836 2148 2918; baseline -0.011 -11"><span class='ocrx_word' id='word_1_204' title='bbox 561 2852 770 2913; x_wconf 86' lang='lat' dir='ltr'><strong>alienis,</strong></span> <span class='ocrx_word' id='word_1_205' title='bbox 795 2862 928 2918; x_wconf 87' lang='lat' dir='ltr'><strong>quos</strong></span> <span class='ocrx_word' id='word_1_206' title='bbox 947 2844 1129 2900; x_wconf 91' lang='lat' dir='ltr'><strong>mundi</strong></span> <span class='ocrx_word' id='word_1_207' title='bbox 1154 2841 1369 2898; x_wconf 85' lang='lat' dir='ltr'><strong>nomine</strong></span> <span class='ocrx_word' id='word_1_208' title='bbox 1391 2838 1654 2909; x_wconf 80' lang='lat' dir='ltr'><strong>appellat;</strong></span> <span class='ocrx_word' id='word_1_209' title='bbox 1687 2846 1740 2891; x_wconf 91' lang='lat' dir='ltr'><strong>et</strong></span> <span class='ocrx_word' id='word_1_210' title='bbox 1766 2836 1875 2906; x_wconf 84' lang='lat' dir='ltr'><strong>ipsa</strong></span> <span class='ocrx_word' id='word_1_211' title='bbox 1895 2845 2148 2890; x_wconf 83' lang='lat' dir='ltr'><strong>estcausa</strong></span> 
     </span>
    </p>
   </div>
   <div class='ocr_carea' id='block_1_28' title="bbox 565 2926 2152 3014">
    <p class='ocr_par' dir='ltr' id='par_1_28' title="bbox 565 2926 2152 3014">
     <span class='ocr_line' id='line_1_28' title="bbox 565 2926 2152 3014; baseline -0.009 -17"><span class='ocrx_word' id='word_1_212' title='bbox 565 2941 707 3014; x_wconf 90' lang='lat' dir='ltr'><strong>quod</strong></span> <span class='ocrx_word' id='word_1_213' title='bbox 758 2940 812 2994; x_wconf 86' lang='lat' dir='ltr'><strong>lii</strong></span> <span class='ocrx_word' id='word_1_214' title='bbox 841 2939 1082 3008; x_wconf 87' lang='lat' dir='ltr'><strong>diligant,</strong></span> <span class='ocrx_word' id='word_1_215' title='bbox 1116 2935 1186 2988; x_wconf 92' lang='lat' dir='ltr'><strong>illi</strong></span> <span class='ocrx_word' id='word_1_216' title='bbox 1213 2949 1318 2987; x_wconf 91' lang='lat' dir='ltr'><strong>non</strong></span> <span class='ocrx_word' id='word_1_217' title='bbox 1345 2930 1583 3000; x_wconf 76' lang='lat' dir='ltr'><strong>diligant.</strong></span> <span class='ocrx_word' id='word_1_218' title='bbox 1625 2927 1741 2998; x_wconf 83' lang='lat' dir='ltr'><strong>ipsa</strong></span> <span class='ocrx_word' id='word_1_219' title='bbox 1791 2943 1950 2982; x_wconf 90' lang='lat' dir='ltr'><strong>causa</strong></span> <span class='ocrx_word' id='word_1_220' title='bbox 1975 2935 2058 2981; x_wconf 89' lang='lat' dir='ltr'><strong>est</strong></span> <span class='ocrx_word' id='word_1_221' title='bbox 2084 2926 2152 2982; x_wconf 90' lang='lat' dir='ltr'><strong>de</strong></span> 
     </span>
    </p>
   </div>
   <div class='ocr_carea' id='block_1_29' title="bbox 562 3017 2150 3105">
    <p class='ocr_par' dir='ltr' id='par_1_29' title="bbox 562 3017 2150 3105">
     <span class='ocr_line' id='line_1_29' title="bbox 562 3017 2150 3105; baseline -0.013 -16"><span class='ocrx_word' id='word_1_222' title='bbox 562 3049 665 3105; x_wconf 84' lang='lat' dir='ltr'><strong>qua</strong></span> <span class='ocrx_word' id='word_1_223' title='bbox 683 3047 833 3087; x_wconf 88' lang='lat' dir='ltr'><strong>sacer</strong></span> <span class='ocrx_word' id='word_1_224' title='bbox 859 3030 1061 3084; x_wconf 89' lang='lat' dir='ltr'><strong>insonat</strong></span> <span class='ocrx_word' id='word_1_225' title='bbox 1083 3025 1345 3083; x_wconf 83' lang='lat' dir='ltr'><strong>Psaltnus,</strong></span> <span class='ocrx_word' id='word_1_226' title='bbox 1373 3020 1561 3074; x_wconf 83' lang='lat' dir='ltr'><strong>Judica</strong></span> <span class='ocrx_word' id='word_1_227' title='bbox 1584 3035 1681 3086; x_wconf 90' lang='lat' dir='ltr'><strong>me,</strong></span> <span class='ocrx_word' id='word_1_228' title='bbox 1712 3017 1868 3084; x_wconf 85' lang='lat' dir='ltr'><strong>Deus,</strong></span> <span class='ocrx_word' id='word_1_229' title='bbox 1890 3027 1935 3072; x_wconf 87' lang='lat' dir='ltr'><strong>et</strong></span> <span class='ocrx_word' id='word_1_230' title='bbox 1961 3019 2150 3071; x_wconf 81' lang='lat' dir='ltr'><strong>discer-</strong></span> 
     </span>
    </p>
   </div>
   <div class='ocr_carea' id='block_1_30' title="bbox 565 3105 2149 3187">
    <p class='ocr_par' dir='ltr' id='par_1_30' title="bbox 565 3105 2149 3187">
     <span class='ocr_line' id='line_1_30' title="bbox 565 3105 2149 3187; baseline -0.012 -6"><span class='ocrx_word' id='word_1_231' title='bbox 565 3143 627 3180; x_wconf 88' lang='lat' dir='ltr'><strong>ne</strong></span> <span class='ocrx_word' id='word_1_232' title='bbox 653 3139 855 3178; x_wconf 79' lang='lat' dir='ltr'><strong>causam</strong></span> <span class='ocrx_word' id='word_1_233' title='bbox 888 3107 1049 3174; x_wconf 76' lang='lat' dir='ltr'><strong>meum</strong></span> <span class='ocrx_word' id='word_1_234' title='bbox 1079 3117 1142 3170; x_wconf 90' lang='lat' dir='ltr'><strong>de</strong></span> <span class='ocrx_word' id='word_1_235' title='bbox 1167 3127 1311 3187; x_wconf 79' lang='lat' dir='ltr'><strong>gente</strong></span> <span class='ocrx_word' id='word_1_236' title='bbox 1339 3129 1438 3167; x_wconf 88' lang='lat' dir='ltr'><strong>non</strong></span> <span class='ocrx_word' id='word_1_237' title='bbox 1467 3121 1639 3166; x_wconf 82' lang='lat' dir='ltr'><strong>sancta</strong></span> <span class='ocrx_word' id='word_1_238' title='bbox 1669 3110 1687 3180; x_wconf 89' lang='lat'><strong>(</strong></span> <span class='ocrx_word' id='word_1_239' title='bbox 1716 3107 1860 3163; x_wconf 83' lang='lat' dir='ltr'><strong>Psal.</strong></span> <span class='ocrx_word' id='word_1_240' title='bbox 1895 3125 2027 3173; x_wconf 78' lang='lat' dir='ltr'><strong>xm,</strong></span> <span class='ocrx_word' id='word_1_241' title='bbox 2055 3109 2077 3162; x_wconf 89' lang='lat' dir='ltr'><strong>l</strong></span> 
     </span>
    </p>
   </div>
   <div class='ocr_carea' id='block_1_31' title="bbox 563 3198 2153 3282">
    <p class='ocr_par' dir='ltr' id='par_1_31' title="bbox 563 3198 2153 3282">
     <span class='ocr_line' id='line_1_31' title="bbox 563 3198 2153 3282; baseline -0.009 -13"><span class='ocrx_word' id='word_1_242' title='bbox 563 3215 663 3282; x_wconf 85' lang='lat' dir='ltr'><strong>Qui</strong></span> <span class='ocrx_word' id='word_1_243' title='bbox 698 3213 838 3268; x_wconf 88' lang='lat' dir='ltr'><strong>enim</strong></span> <span class='ocrx_word' id='word_1_244' title='bbox 870 3211 1094 3280; x_wconf 88' lang='lat' dir='ltr'><strong>diligunt</strong></span> <span class='ocrx_word' id='word_1_245' title='bbox 1123 3209 1161 3267; x_wconf 74' lang='grc'><strong>³,</strong></span> <span class='ocrx_word' id='word_1_246' title='bbox 1193 3206 1314 3276; x_wconf 85' lang='lat' dir='ltr'><strong>quia</strong></span> <span class='ocrx_word' id='word_1_247' title='bbox 1342 3203 1587 3273; x_wconf 85' lang='lat' dir='ltr'><strong>diligunt,</strong></span> <span class='ocrx_word' id='word_1_248' title='bbox 1611 3201 1878 3271; x_wconf 85' lang='lat' dir='ltr'><strong>eliguntur</strong></span> <span class='ocrx_word' id='word_1_249' title='bbox 1906 3217 1920 3254; x_wconf 90' lang='lat'><strong>:</strong></span> <span class='ocrx_word' id='word_1_250' title='bbox 1949 3198 2038 3268; x_wconf 85' lang='lat' dir='ltr'><strong>qui</strong></span> <span class='ocrx_word' id='word_1_251' title='bbox 2059 3214 2153 3254; x_wconf 76' lang='lat' dir='ltr'><strong>vc-</strong></span> 
     </span>
    </p>
   </div>
   <div class='ocr_carea' id='block_1_32' title="bbox 566 3291 2153 3369">
    <p class='ocr_par' dir='ltr' id='par_1_32' title="bbox 566 3291 2153 3369">
     <span class='ocr_line' id='line_1_32' title="bbox 566 3291 2153 3369; baseline -0.011 -8"><span class='ocrx_word' id='word_1_252' title='bbox 566 3323 628 3362; x_wconf 88' lang='lat' dir='ltr'><strong>ro</strong></span> <span class='ocrx_word' id='word_1_253' title='bbox 658 3322 761 3360; x_wconf 90' lang='lat' dir='ltr'><strong>non</strong></span> <span class='ocrx_word' id='word_1_254' title='bbox 787 3302 1026 3369; x_wconf 74' lang='lat' dir='ltr'><strong>diligunt,</strong></span> <span class='ocrx_word' id='word_1_255' title='bbox 1063 3300 1106 3352; x_wconf 91' lang='lat' dir='ltr'><strong>si</strong></span> <span class='ocrx_word' id='word_1_256' title='bbox 1154 3297 1345 3367; x_wconf 83' lang='lat' dir='ltr'><strong>linguis</strong></span> <span class='ocrx_word' id='word_1_257' title='bbox 1366 3294 1638 3348; x_wconf 83' lang='lat' dir='ltr'><strong>hominum</strong></span> <span class='ocrx_word' id='word_1_258' title='bbox 1662 3293 1941 3360; x_wconf 84' lang='lat' dir='ltr'><strong>loquantur</strong></span> <span class='ocrx_word' id='word_1_259' title='bbox 1965 3299 2018 3344; x_wconf 86' lang='lat' dir='ltr'><strong>et</strong></span> <span class='ocrx_word' id='word_1_260' title='bbox 2041 3291 2153 3344; x_wconf 79' lang='lat' dir='ltr'><strong>An-</strong></span> 
     </span>
    </p>
   </div>
   <div class='ocr_carea' id='block_1_33' title="bbox 565 3383 2156 3471">
    <p class='ocr_par' dir='ltr' id='par_1_33' title="bbox 565 3383 2156 3471">
     <span class='ocr_line' id='line_1_33' title="bbox 565 3383 2156 3471; baseline -0.008 -20"><span class='ocrx_word' id='word_1_261' title='bbox 565 3401 825 3471; x_wconf 84' lang='lat' dir='ltr'><strong>gelnrtnn,</strong></span> <span class='ocrx_word' id='word_1_262' title='bbox 871 3397 1002 3448; x_wconf 87' lang='lat' dir='ltr'><strong>linnt</strong></span> <span class='ocrx_word' id='word_1_263' title='bbox 1041 3399 1386 3446; x_wconf 73' lang='lat' dir='ltr'><strong>arramentnm</strong></span> <span class='ocrx_word' id='word_1_264' title='bbox 1423 3402 1617 3440; x_wconf 86' lang='lat' dir='ltr'><strong>sonans</strong></span> <span class='ocrx_word' id='word_1_265' title='bbox 1652 3394 1704 3438; x_wconf 89' lang='lat' dir='ltr'><strong>et</strong></span> <span class='ocrx_word' id='word_1_266' title='bbox 1723 3385 2022 3455; x_wconf 76' lang='lat' dir='ltr'><strong>cymbalum</strong></span> <span class='ocrx_word' id='word_1_267' title='bbox 2054 3383 2156 3438; x_wconf 85' lang='lat' dir='ltr'><strong>tin-</strong></span> 
     </span>
    </p>
   </div>
   <div class='ocr_carea' id='block_1_34' title="bbox 567 3476 2154 3553">
    <p class='ocr_par' dir='ltr' id='par_1_34' title="bbox 567 3476 2154 3553">
     <span class='ocr_line' id='line_1_34' title="bbox 567 3476 2154 3553; baseline -0.011 -5"><span class='ocrx_word' id='word_1_268' title='bbox 567 3492 749 3553; x_wconf 86' lang='lat' dir='ltr'><strong>nieus;</strong></span> <span class='ocrx_word' id='word_1_269' title='bbox 779 3497 834 3542; x_wconf 87' lang='lat' dir='ltr'><strong>et</strong></span> <span class='ocrx_word' id='word_1_270' title='bbox 861 3485 904 3541; x_wconf 91' lang='lat' dir='ltr'><strong>si</strong></span> <span class='ocrx_word' id='word_1_271' title='bbox 936 3481 1216 3539; x_wconf 78' lang='lat' dir='ltr'><strong>habuerint</strong></span> <span class='ocrx_word' id='word_1_272' title='bbox 1245 3478 1592 3548; x_wconf 84' lang='lat' dir='ltr'><strong>prophetiam,</strong></span> <span class='ocrx_word' id='word_1_273' title='bbox 1622 3485 1676 3530; x_wconf 90' lang='lat' dir='ltr'><strong>et</strong></span> <span class='ocrx_word' id='word_1_274' title='bbox 1725 3476 1940 3529; x_wconf 82' lang='lat' dir='ltr'><strong>scierint</strong></span> <span class='ocrx_word' id='word_1_275' title='bbox 1979 3476 2154 3530; x_wconf 85' lang='lat' dir='ltr'><strong>omnia</strong></span> 
     </span>
    </p>
   </div>
   <div class='ocr_carea' id='block_1_35' title="bbox 567 3567 2154 3641">
    <p class='ocr_par' dir='ltr' id='par_1_35' title="bbox 567 3567 2154 3641">
     <span class='ocr_line' id='line_1_35' title="bbox 567 3567 2154 3641; baseline -0.011 -3"><span class='ocrx_word' id='word_1_276' title='bbox 567 3588 916 3641; x_wconf 89' lang='lat' dir='ltr'><strong>sacramenta,</strong></span> <span class='ocrx_word' id='word_1_277' title='bbox 936 3585 990 3631; x_wconf 91' lang='lat' dir='ltr'><strong>et</strong></span> <span class='ocrx_word' id='word_1_278' title='bbox 1004 3589 1216 3628; x_wconf 90' lang='lat' dir='ltr'><strong>onmem</strong></span> <span class='ocrx_word' id='word_1_279' title='bbox 1245 3571 1535 3631; x_wconf 78' lang='lat' dir='ltr'><strong>scientiam,</strong></span> <span class='ocrx_word' id='word_1_280' title='bbox 1561 3577 1615 3623; x_wconf 91' lang='lat' dir='ltr'><strong>et</strong></span> <span class='ocrx_word' id='word_1_281' title='bbox 1641 3567 1918 3622; x_wconf 84' lang='lat' dir='ltr'><strong>habuerint</strong></span> <span class='ocrx_word' id='word_1_282' title='bbox 1943 3583 2154 3623; x_wconf 89' lang='lat' dir='ltr'><strong>omnem</strong></span> 
     </span>
    </p>
   </div>
   <div class='ocr_carea' id='block_1_36' title="bbox 570 3659 2156 3730">
    <p class='ocr_par' dir='ltr' id='par_1_36' title="bbox 570 3659 2156 3730">
     <span class='ocr_line' id='line_1_36' title="bbox 570 3659 2156 3730; baseline -0.011 -1"><span class='ocrx_word' id='word_1_283' title='bbox 570 3675 726 3730; x_wconf 87' lang='lat' dir='ltr'><strong>fidem</strong></span> <span class='ocrx_word' id='word_1_284' title='bbox 756 3681 811 3726; x_wconf 91' lang='grc' dir='ltr'><strong>ιιι</strong></span> <span class='ocrx_word' id='word_1_285' title='bbox 836 3679 1045 3726; x_wconf 83' lang='lat' dir='ltr'><strong>montes</strong></span> <span class='ocrx_word' id='word_1_286' title='bbox 1091 3663 1429 3729; x_wconf 84' lang='lat' dir='ltr'><strong>transferant,</strong></span> <span class='ocrx_word' id='word_1_287' title='bbox 1482 3659 1609 3717; x_wconf 81' lang='lat' dir='ltr'><strong>nihil</strong></span> <span class='ocrx_word' id='word_1_288' title='bbox 1641 3668 1797 3724; x_wconf 91' lang='lat' dir='ltr'><strong>sunt;</strong></span> <span class='ocrx_word' id='word_1_289' title='bbox 1827 3668 1879 3712; x_wconf 89' lang='lat' dir='ltr'><strong>ct</strong></span> <span class='ocrx_word' id='word_1_290' title='bbox 1903 3661 1947 3713; x_wconf 90' lang='lat' dir='ltr'><strong>si</strong></span> <span class='ocrx_word' id='word_1_291' title='bbox 1977 3659 2156 3714; x_wconf 88' lang='lat' dir='ltr'><strong>distri-</strong></span> 
     </span>
    </p>
   </div>
   <div class='ocr_carea' id='block_1_37' title="bbox 568 3750 2157 3821">
    <p class='ocr_par' dir='ltr' id='par_1_37' title="bbox 568 3750 2157 3821">
     <span class='ocr_line' id='line_1_37' title="bbox 568 3750 2157 3821; baseline -0.013 0"><span class='ocrx_word' id='word_1_292' title='bbox 568 3765 782 3821; x_wconf 87' lang='lat' dir='ltr'><strong>bucrint</strong></span> <span class='ocrx_word' id='word_1_293' title='bbox 809 3776 1021 3817; x_wconf 86' lang='lat' dir='ltr'><strong>onmem</strong></span> <span class='ocrx_word' id='word_1_294' title='bbox 1053 3755 1399 3812; x_wconf 88' lang='lat' dir='ltr'><strong>substantiam</strong></span> <span class='ocrx_word' id='word_1_295' title='bbox 1430 3767 1602 3816; x_wconf 88' lang='lat' dir='ltr'><strong>suam,</strong></span> <span class='ocrx_word' id='word_1_296' title='bbox 1631 3760 1685 3806; x_wconf 87' lang='lat' dir='ltr'><strong>et</strong></span> <span class='ocrx_word' id='word_1_297' title='bbox 1707 3750 2018 3804; x_wconf 88' lang='lat' dir='ltr'><strong>tradiderint</strong></span> <span class='ocrx_word' id='word_1_298' title='bbox 2037 3765 2157 3804; x_wconf 87' lang='lat' dir='ltr'><strong>cor-</strong></span> 
     </span>
    </p>
   </div>
   <div class='ocr_carea' id='block_1_38' title="bbox 571 3843 2155 3930">
    <p class='ocr_par' dir='ltr' id='par_1_38' title="bbox 571 3843 2155 3930">
     <span class='ocr_line' id='line_1_38' title="bbox 571 3843 2155 3930; baseline -0.01 -18"><span class='ocrx_word' id='word_1_299' title='bbox 571 3872 670 3930; x_wconf 88' lang='lat' dir='ltr'><strong>pus</strong></span> <span class='ocrx_word' id='word_1_300' title='bbox 695 3871 848 3911; x_wconf 88' lang='lat' dir='ltr'><strong>smnn</strong></span> <span class='ocrx_word' id='word_1_301' title='bbox 877 3863 935 3908; x_wconf 89' lang='lat' dir='ltr'><strong>ut</strong></span> <span class='ocrx_word' id='word_1_302' title='bbox 977 3852 1218 3913; x_wconf 80' lang='lat' dir='ltr'><strong>ardeant,</strong></span> <span class='ocrx_word' id='word_1_303' title='bbox 1264 3847 1394 3902; x_wconf 91' lang='lat' dir='ltr'><strong>nihil</strong></span> <span class='ocrx_word' id='word_1_304' title='bbox 1433 3847 1511 3901; x_wconf 89' lang='lat' dir='ltr'><strong>eis</strong></span> <span class='ocrx_word' id='word_1_305' title='bbox 1553 3844 1806 3915; x_wconf 71' lang='lat' dir='ltr'><strong>prodest(</strong></span> <span class='ocrx_word' id='word_1_306' title='bbox 1839 3843 1857 3896; x_wconf 91' lang='lat' dir='ltr'><strong>l</strong></span> <span class='ocrx_word' id='word_1_307' title='bbox 1893 3843 2008 3898; x_wconf 88' lang='lat' dir='ltr'><strong>Cor.</strong></span> <span class='ocrx_word' id='word_1_308' title='bbox 2042 3859 2155 3908; x_wconf 81' lang='lat' dir='ltr'><strong>xm,</strong></span> 
     </span>
    </p>
   </div>
   <div class='ocr_carea' id='block_1_39' title="bbox 570 3936 2160 4021">
    <p class='ocr_par' dir='ltr' id='par_1_39' title="bbox 570 3936 2160 4021">
     <span class='ocr_line' id='line_1_39' title="bbox 570 3936 2160 4021; baseline -0.011 -13"><span class='ocrx_word' id='word_1_309' title='bbox 570 3951 670 4008; x_wconf 66' lang='lat'><strong>1-5</strong></span> <span class='ocrx_word' id='word_1_310' title='bbox 698 3949 738 4021; x_wconf 92' lang='lat'><strong>).</strong></span> <span class='ocrx_word' id='word_1_311' title='bbox 772 3944 991 4002; x_wconf 86' lang='lat' dir='ltr'><strong>Dilectio</strong></span> <span class='ocrx_word' id='word_1_312' title='bbox 1031 3951 1247 3998; x_wconf 86' lang='lat' dir='ltr'><strong>sanctos</strong></span> <span class='ocrx_word' id='word_1_313' title='bbox 1275 3939 1529 3995; x_wconf 77' lang='lat' dir='ltr'><strong>discernit</strong></span> <span class='ocrx_word' id='word_1_314' title='bbox 1575 3952 1602 3990; x_wconf 89' lang='lat' dir='ltr'><strong>a</strong></span> <span class='ocrx_word' id='word_1_315' title='bbox 1645 3937 1860 4000; x_wconf 88' lang='lat' dir='ltr'><strong>mundo,</strong></span> <span class='ocrx_word' id='word_1_316' title='bbox 1890 3952 2009 4007; x_wconf 74' lang='lat' dir='ltr'><strong>qua:</strong></span> <span class='ocrx_word' id='word_1_317' title='bbox 2039 3936 2160 3990; x_wconf 88' lang='lat' dir='ltr'><strong>facit</strong></span> 
     </span>
    </p>
   </div>
   <div class='ocr_carea' id='block_1_40' title="bbox 567 4026 2158 4104">
    <p class='ocr_par' dir='ltr' id='par_1_40' title="bbox 567 4026 2158 4104">
     <span class='ocr_line' id='line_1_40' title="bbox 567 4026 2158 4104; baseline -0.01 -6"><span class='ocrx_word' id='word_1_318' title='bbox 567 4042 846 4099; x_wconf 89' lang='lat' dir='ltr'><strong>unanimes</strong></span> <span class='ocrx_word' id='word_1_319' title='bbox 885 4037 1127 4092; x_wconf 84' lang='lat' dir='ltr'><strong>habitare</strong></span> <span class='ocrx_word' id='word_1_320' title='bbox 1157 4035 1208 4088; x_wconf 88' lang='lat' dir='ltr'><strong>iit</strong></span> <span class='ocrx_word' id='word_1_321' title='bbox 1245 4033 1406 4088; x_wconf 92' lang='lat' dir='ltr'><strong>domo</strong></span> <span class='ocrx_word' id='word_1_322' title='bbox 1437 4027 1623 4104; x_wconf 79' lang='lat' dir='ltr'><strong>(Psal.</strong></span> <span class='ocrx_word' id='word_1_323' title='bbox 1657 4045 1816 4087; x_wconf 80' lang='lat' dir='ltr'><strong>van,</strong></span> <span class='ocrx_word' id='word_1_324' title='bbox 1847 4029 1878 4081; x_wconf 85' lang='lat'><strong>7</strong></span> <span class='ocrx_word' id='word_1_325' title='bbox 1900 4026 1942 4098; x_wconf 91' lang='lat'><strong>).</strong></span> <span class='ocrx_word' id='word_1_326' title='bbox 1972 4026 2026 4080; x_wconf 93' lang='lat' dir='ltr'><strong>lu</strong></span> <span class='ocrx_word' id='word_1_327' title='bbox 2057 4043 2158 4098; x_wconf 87' lang='lat' dir='ltr'><strong>qua</strong></span> 
     </span>
    </p>
   </div>
   <div class='ocr_carea' id='block_1_41' title="bbox 566 4118 2161 4191">
    <p class='ocr_par' dir='ltr' id='par_1_41' title="bbox 566 4118 2161 4191">
     <span class='ocr_line' id='line_1_41' title="bbox 566 4118 2161 4191; baseline -0.013 0"><span class='ocrx_word' id='word_1_328' title='bbox 566 4136 726 4191; x_wconf 88' lang='lat' dir='ltr'><strong>domo</strong></span> <span class='ocrx_word' id='word_1_329' title='bbox 755 4131 878 4186; x_wconf 86' lang='lat' dir='ltr'><strong>facit</strong></span> <span class='ocrx_word' id='word_1_330' title='bbox 912 4130 1071 4183; x_wconf 85' lang='lat' dir='ltr'><strong>Pater</strong></span> <span class='ocrx_word' id='word_1_331' title='bbox 1101 4134 1156 4180; x_wconf 83' lang='lat' dir='ltr'><strong>et</strong></span> <span class='ocrx_word' id='word_1_332' title='bbox 1181 4124 1346 4179; x_wconf 89' lang='lat' dir='ltr'><strong>Filius</strong></span> <span class='ocrx_word' id='word_1_333' title='bbox 1369 4122 1730 4186; x_wconf 87' lang='lat' dir='ltr'><strong>mansionem;</strong></span> <span class='ocrx_word' id='word_1_334' title='bbox 1763 4120 1850 4190; x_wconf 92' lang='lat' dir='ltr'><strong>qui</strong></span> <span class='ocrx_word' id='word_1_335' title='bbox 1885 4118 2085 4172; x_wconf 86' lang='lat' dir='ltr'><strong>donant</strong></span> <span class='ocrx_word' id='word_1_336' title='bbox 2105 4125 2161 4172; x_wconf 85' lang='lat' dir='ltr'><strong>et</strong></span> 
     </span>
    </p>
   </div>
   <div class='ocr_carea' id='block_1_42' title="bbox 567 4209 2160 4297">
    <p class='ocr_par' dir='ltr' id='par_1_42' title="bbox 567 4209 2160 4297">
     <span class='ocr_line' id='line_1_42' title="bbox 567 4209 2160 4297; baseline -0.012 -15"><span class='ocrx_word' id='word_1_337' title='bbox 567 4227 736 4297; x_wconf 90' lang='lat' dir='ltr'><strong>ipsam</strong></span> <span class='ocrx_word' id='word_1_338' title='bbox 765 4223 1125 4283; x_wconf 83' lang='lat' dir='ltr'><strong>dilectionem,</strong></span> <span class='ocrx_word' id='word_1_339' title='bbox 1152 4216 1345 4286; x_wconf 86' lang='lat' dir='ltr'><strong>quibus</strong></span> <span class='ocrx_word' id='word_1_340' title='bbox 1370 4213 1638 4269; x_wconf 89' lang='lat' dir='ltr'><strong>donentin</strong></span> <span class='ocrx_word' id='word_1_341' title='bbox 1671 4211 1776 4266; x_wconf 87' lang='lat' dir='ltr'><strong>fine</strong></span> <span class='ocrx_word' id='word_1_342' title='bbox 1803 4210 1959 4264; x_wconf 89' lang='lat' dir='ltr'><strong>ctiam</strong></span> <span class='ocrx_word' id='word_1_343' title='bbox 1993 4209 2160 4279; x_wconf 78' lang='lat' dir='ltr'><strong>ipsam</strong></span> 
     </span>
    </p>
   </div>
   <div class='ocr_carea' id='block_1_43' title="bbox 566 4303 2159 4376">
    <p class='ocr_par' dir='ltr' id='par_1_43' title="bbox 566 4303 2159 4376">
     <span class='ocr_line' id='line_1_43' title="bbox 566 4303 2159 4376; baseline -0.011 -4"><span class='ocrx_word' id='word_1_344' title='bbox 566 4334 716 4372; x_wconf 88' lang='lat' dir='ltr'><strong>suam</strong></span> <span class='ocrx_word' id='word_1_345' title='bbox 742 4311 1222 4370; x_wconf 86' lang='lat' dir='ltr'><strong>manifestationem</strong></span> <span class='ocrx_word' id='word_1_346' title='bbox 1254 4326 1265 4360; x_wconf 89' lang='lat'><strong>:</strong></span> <span class='ocrx_word' id='word_1_347' title='bbox 1295 4309 1362 4361; x_wconf 92' lang='lat' dir='ltr'><strong>de</strong></span> <span class='ocrx_word' id='word_1_348' title='bbox 1390 4321 1491 4376; x_wconf 86' lang='lat' dir='ltr'><strong>qua</strong></span> <span class='ocrx_word' id='word_1_349' title='bbox 1517 4305 1813 4373; x_wconf 79' lang='lat' dir='ltr'><strong>discipulus</strong></span> <span class='ocrx_word' id='word_1_350' title='bbox 1843 4303 2159 4372; x_wconf 86' lang='lat' dir='ltr'><strong>magistrum</strong></span> 
     </span>
    </p>
   </div>
   <div class='ocr_carea' id='block_1_44' title="bbox 568 4393 2163 4475">
    <p class='ocr_par' dir='ltr' id='par_1_44' title="bbox 568 4393 2163 4475">
     <span class='ocr_line' id='line_1_44' title="bbox 568 4393 2163 4475; baseline -0.009 -14"><span class='ocrx_word' id='word_1_351' title='bbox 568 4403 935 4475; x_wconf 79' lang='lat' dir='ltr'><strong>interrogavit,</strong></span> <span class='ocrx_word' id='word_1_352' title='bbox 969 4410 1025 4454; x_wconf 92' lang='lat' dir='ltr'><strong>ut</strong></span> <span class='ocrx_word' id='word_1_353' title='bbox 1050 4415 1155 4452; x_wconf 90' lang='lat' dir='ltr'><strong>non</strong></span> <span class='ocrx_word' id='word_1_354' title='bbox 1176 4397 1348 4452; x_wconf 86' lang='lat' dir='ltr'><strong>solum</strong></span> <span class='ocrx_word' id='word_1_355' title='bbox 1373 4396 1445 4449; x_wconf 93' lang='lat' dir='ltr'><strong>illi</strong></span> <span class='ocrx_word' id='word_1_356' title='bbox 1487 4395 1575 4464; x_wconf 88' lang='lat' dir='ltr'><strong>qui</strong></span> <span class='ocrx_word' id='word_1_357' title='bbox 1604 4403 1732 4450; x_wconf 88' lang='lat' dir='ltr'><strong>tunc</strong></span> <span class='ocrx_word' id='word_1_358' title='bbox 1760 4393 2044 4448; x_wconf 88' lang='lat' dir='ltr'><strong>audiebant</strong></span> <span class='ocrx_word' id='word_1_359' title='bbox 2069 4408 2163 4462; x_wconf 84' lang='lat' dir='ltr'><strong>per</strong></span> 
     </span>
    </p>
   </div>
   <div class='ocr_carea' id='block_1_45' title="bbox 565 4484 2164 4566">
    <p class='ocr_par' dir='ltr' id='par_1_45' title="bbox 565 4484 2164 4566">
     <span class='ocr_line' id='line_1_45' title="bbox 565 4484 2164 4566; baseline -0.009 -13"><span class='ocrx_word' id='word_1_360' title='bbox 565 4515 627 4554; x_wconf 92' lang='lat' dir='ltr'><strong>os</strong></span> <span class='ocrx_word' id='word_1_361' title='bbox 648 4498 783 4566; x_wconf 86' lang='lat' dir='ltr'><strong>ejus,</strong></span> <span class='ocrx_word' id='word_1_362' title='bbox 816 4493 910 4549; x_wconf 86' lang='lat' dir='ltr'><strong>sed</strong></span> <span class='ocrx_word' id='word_1_363' title='bbox 940 4491 1098 4546; x_wconf 88' lang='lat' dir='ltr'><strong>etiam</strong></span> <span class='ocrx_word' id='word_1_364' title='bbox 1130 4503 1228 4542; x_wconf 91' lang='lat' dir='ltr'><strong>nos</strong></span> <span class='ocrx_word' id='word_1_365' title='bbox 1245 4502 1339 4557; x_wconf 90' lang='lat' dir='ltr'><strong>per</strong></span> <span class='ocrx_word' id='word_1_366' title='bbox 1366 4484 1712 4554; x_wconf 74' lang='lat' dir='ltr'><strong>Evangelium</strong></span> <span class='ocrx_word' id='word_1_367' title='bbox 1737 4485 1853 4554; x_wconf 90' lang='lat' dir='ltr'><strong>ejus</strong></span> <span class='ocrx_word' id='word_1_368' title='bbox 1878 4484 1976 4538; x_wconf 88' lang='lat' dir='ltr'><strong>hoc</strong></span> <span class='ocrx_word' id='word_1_369' title='bbox 2005 4497 2164 4539; x_wconf 90' lang='lat' dir='ltr'><strong>nosse</strong></span> 
     </span>
    </p>
   </div>
   <div class='ocr_carea' id='block_1_46' title="bbox 567 4575 2159 4658">
    <p class='ocr_par' dir='ltr' id='par_1_46' title="bbox 567 4575 2159 4658">
     <span class='ocr_line' id='line_1_46' title="bbox 567 4575 2159 4658; baseline -0.006 -18"><span class='ocrx_word' id='word_1_370' title='bbox 567 4600 868 4658; x_wconf 85' lang='lat' dir='ltr'><strong>possemus.</strong></span> <span class='ocrx_word' id='word_1_371' title='bbox 901 4581 1197 4648; x_wconf 76' lang='lat' dir='ltr'><strong>Qua-.sierat</strong></span> <span class='ocrx_word' id='word_1_372' title='bbox 1226 4578 1366 4632; x_wconf 91' lang='lat' dir='ltr'><strong>enim</strong></span> <span class='ocrx_word' id='word_1_373' title='bbox 1391 4576 1457 4632; x_wconf 92' lang='lat' dir='ltr'><strong>de</strong></span> <span class='ocrx_word' id='word_1_374' title='bbox 1489 4575 1686 4630; x_wconf 85' lang='lat' dir='ltr'><strong>Christi</strong></span> <span class='ocrx_word' id='word_1_375' title='bbox 1719 4576 2159 4642; x_wconf 80' lang='lat' dir='ltr'><strong>manil‘estatioue,</strong></span> 
     </span>
    </p>
   </div>
   <div class='ocr_carea' id='block_1_47' title="bbox 567 4666 2166 4737">
    <p class='ocr_par' dir='ltr' id='par_1_47' title="bbox 567 4666 2166 4737">
     <span class='ocr_line' id='line_1_47' title="bbox 567 4666 2166 4737; baseline -0.008 -3"><span class='ocrx_word' id='word_1_376' title='bbox 567 4689 619 4734; x_wconf 88' lang='lat' dir='ltr'><strong>et</strong></span> <span class='ocrx_word' id='word_1_377' title='bbox 644 4674 846 4731; x_wconf 75' lang='lat' dir='ltr'><strong>audivit</strong></span> <span class='ocrx_word' id='word_1_378' title='bbox 876 4673 943 4728; x_wconf 91' lang='lat' dir='ltr'><strong>de</strong></span> <span class='ocrx_word' id='word_1_379' title='bbox 960 4670 1241 4726; x_wconf 87' lang='lat' dir='ltr'><strong>dilectione</strong></span> <span class='ocrx_word' id='word_1_380' title='bbox 1258 4676 1415 4736; x_wconf 87' lang='lat' dir='ltr'><strong>atque</strong></span> <span class='ocrx_word' id='word_1_381' title='bbox 1441 4666 1735 4721; x_wconf 87' lang='lat' dir='ltr'><strong>mansione.</strong></span> <span class='ocrx_word' id='word_1_382' title='bbox 1759 4666 1850 4720; x_wconf 81' lang='lat' dir='ltr'><strong>Est</strong></span> <span class='ocrx_word' id='word_1_383' title='bbox 1876 4681 2001 4735; x_wconf 83' lang='lat' dir='ltr'><strong>ergo</strong></span> <span class='ocrx_word' id='word_1_384' title='bbox 2021 4683 2166 4737; x_wconf 77' lang='lat' dir='ltr'><strong>qua:-</strong></span> 
     </span>
    </p>
   </div>
   <div class='ocr_carea' id='block_1_48' title="bbox 578 4759 2163 4830">
    <p class='ocr_par' dir='ltr' id='par_1_48' title="bbox 578 4759 2163 4830">
     <span class='ocr_line' id='line_1_48' title="bbox 578 4759 2163 4830; baseline -0.007 -5"><span class='ocrx_word' id='word_1_385' title='bbox 578 4769 700 4824; x_wconf 88' lang='lat' dir='ltr'><strong>dam</strong></span> <span class='ocrx_word' id='word_1_386' title='bbox 731 4766 820 4821; x_wconf 88' lang='lat' dir='ltr'><strong>Dei</strong></span> <span class='ocrx_word' id='word_1_387' title='bbox 847 4761 1205 4820; x_wconf 65' lang='lat' dir='ltr'><strong>manifestatio</strong></span> <span class='ocrx_word' id='word_1_388' title='bbox 1251 4759 1492 4824; x_wconf 86' lang='lat' dir='ltr'><strong>interior,</strong></span> <span class='ocrx_word' id='word_1_389' title='bbox 1543 4773 1700 4828; x_wconf 89' lang='lat' dir='ltr'><strong>quam</strong></span> <span class='ocrx_word' id='word_1_390' title='bbox 1750 4773 1966 4828; x_wconf 89' lang='lat' dir='ltr'><strong>prorsus</strong></span> <span class='ocrx_word' id='word_1_391' title='bbox 2019 4759 2163 4830; x_wconf 87' lang='lat' dir='ltr'><strong>impii</strong></span> 
     </span>
    </p>
   </div>
   <div class='ocr_carea' id='block_1_49' title="bbox 566 4852 2163 4928">
    <p class='ocr_par' dir='ltr' id='par_1_49' title="bbox 566 4852 2163 4928">
     <span class='ocr_line' id='line_1_49' title="bbox 566 4852 2163 4928; baseline -0.008 -6"><span class='ocrx_word' id='word_1_392' title='bbox 566 4881 672 4922; x_wconf 91' lang='lat' dir='ltr'><strong>non</strong></span> <span class='ocrx_word' id='word_1_393' title='bbox 705 4872 987 4924; x_wconf 88' lang='lat' dir='ltr'><strong>noverunt,</strong></span> <span class='ocrx_word' id='word_1_394' title='bbox 1011 4855 1202 4928; x_wconf 89' lang='lat' dir='ltr'><strong>quibus</strong></span> <span class='ocrx_word' id='word_1_395' title='bbox 1222 4853 1311 4909; x_wconf 84' lang='lat' dir='ltr'><strong>Dei</strong></span> <span class='ocrx_word' id='word_1_396' title='bbox 1337 4853 1506 4907; x_wconf 86' lang='lat' dir='ltr'><strong>Patris</strong></span> <span class='ocrx_word' id='word_1_397' title='bbox 1526 4861 1578 4911; x_wconf 84' lang='lat' dir='ltr'><strong>et</strong></span> <span class='ocrx_word' id='word_1_398' title='bbox 1601 4852 1828 4922; x_wconf 89' lang='lat' dir='ltr'><strong>Spiritus</strong></span> <span class='ocrx_word' id='word_1_399' title='bbox 1849 4854 2019 4908; x_wconf 89' lang='lat' dir='ltr'><strong>sancti</strong></span> <span class='ocrx_word' id='word_1_400' title='bbox 2048 4869 2163 4909; x_wconf 89' lang='lat' dir='ltr'><strong>ma-</strong></span> 
     </span>
    </p>
   </div>
   <div class='ocr_carea' id='block_1_50' title="bbox 569 4944 2166 5016">
    <p class='ocr_par' dir='ltr' id='par_1_50' title="bbox 569 4944 2166 5016">
     <span class='ocr_line' id='line_1_50' title="bbox 569 4944 2166 5016; baseline -0.008 -4"><span class='ocrx_word' id='word_1_401' title='bbox 569 4955 838 5013; x_wconf 84' lang='lat' dir='ltr'><strong>nil&#39;estatio</strong></span> <span class='ocrx_word' id='word_1_402' title='bbox 865 4953 1008 5008; x_wconf 89' lang='lat' dir='ltr'><strong>nulla</strong></span> <span class='ocrx_word' id='word_1_403' title='bbox 1033 4961 1114 5006; x_wconf 90' lang='lat' dir='ltr'><strong>est</strong></span> <span class='ocrx_word' id='word_1_404' title='bbox 1146 4967 1158 5003; x_wconf 87' lang='lat'><strong>:</strong></span> <span class='ocrx_word' id='word_1_405' title='bbox 1195 4947 1314 5003; x_wconf 84' lang='lat' dir='ltr'><strong>Filii</strong></span> <span class='ocrx_word' id='word_1_406' title='bbox 1337 4962 1464 5001; x_wconf 92' lang='lat' dir='ltr'><strong>vero</strong></span> <span class='ocrx_word' id='word_1_407' title='bbox 1491 4945 1818 5016; x_wconf 89' lang='lat' dir='ltr'><strong>potuitesse,</strong></span> <span class='ocrx_word' id='word_1_408' title='bbox 1848 4944 1940 5000; x_wconf 79' lang='lat' dir='ltr'><strong>Sed</strong></span> <span class='ocrx_word' id='word_1_409' title='bbox 1969 4945 2020 4999; x_wconf 91' lang='lat' dir='ltr'><strong>in</strong></span> <span class='ocrx_word' id='word_1_410' title='bbox 2047 4961 2166 5000; x_wconf 86' lang='lat' dir='ltr'><strong>car-</strong></span> 
     </span>
    </p>
   </div>
   <div class='ocr_carea' id='block_1_51' title="bbox 570 5036 2163 5115">
    <p class='ocr_par' dir='ltr' id='par_1_51' title="bbox 570 5036 2163 5115">
     <span class='ocr_line' id='line_1_51' title="bbox 570 5036 2163 5115; baseline -0.007 -13"><span class='ocrx_word' id='word_1_411' title='bbox 570 5066 634 5102; x_wconf 89' lang='lat' dir='ltr'><strong>ne</strong></span> <span class='ocrx_word' id='word_1_412' title='bbox 661 5065 675 5109; x_wconf 92' lang='lat'><strong>;</strong></span> <span class='ocrx_word' id='word_1_413' title='bbox 707 5062 826 5115; x_wconf 71' lang='lat' dir='ltr'><strong>qtae.</strong></span> <span class='ocrx_word' id='word_1_414' title='bbox 875 5059 974 5099; x_wconf 92' lang='lat' dir='ltr'><strong>nec</strong></span> <span class='ocrx_word' id='word_1_415' title='bbox 1001 5043 1122 5096; x_wconf 89' lang='lat' dir='ltr'><strong>talis</strong></span> <span class='ocrx_word' id='word_1_416' title='bbox 1169 5048 1253 5095; x_wconf 91' lang='lat' dir='ltr'><strong>est</strong></span> <span class='ocrx_word' id='word_1_417' title='bbox 1303 5037 1474 5109; x_wconf 89' lang='lat' dir='ltr'><strong>qualis</strong></span> <span class='ocrx_word' id='word_1_418' title='bbox 1513 5036 1621 5101; x_wconf 87' lang='lat' dir='ltr'><strong>illa,</strong></span> <span class='ocrx_word' id='word_1_419' title='bbox 1663 5053 1760 5091; x_wconf 89' lang='lat' dir='ltr'><strong>nec</strong></span> <span class='ocrx_word' id='word_1_420' title='bbox 1816 5052 2029 5106; x_wconf 77' lang='lat' dir='ltr'><strong>semper</strong></span> <span class='ocrx_word' id='word_1_421' title='bbox 2057 5037 2163 5091; x_wconf 90' lang='lat' dir='ltr'><strong>illis</strong></span> 
     </span>
    </p>
   </div>
   <div class='ocr_carea' id='block_1_52' title="bbox 567 5127 2164 5204">
    <p class='ocr_par' dir='ltr' id='par_1_52' title="bbox 567 5127 2164 5204">
     <span class='ocr_line' id='line_1_52' title="bbox 567 5127 2164 5204; baseline -0.006 -12"><span class='ocrx_word' id='word_1_422' title='bbox 567 5137 755 5192; x_wconf 84' lang='lat' dir='ltr'><strong>adesse</strong></span> <span class='ocrx_word' id='word_1_423' title='bbox 783 5144 953 5204; x_wconf 79' lang='lat' dir='ltr'><strong>potest</strong></span> <span class='ocrx_word' id='word_1_424' title='bbox 974 5134 1374 5203; x_wconf 83' lang='lat' dir='ltr'><strong>qualiscumque</strong></span> <span class='ocrx_word' id='word_1_425' title='bbox 1394 5132 1481 5195; x_wconf 89' lang='lat' dir='ltr'><strong>sit,</strong></span> <span class='ocrx_word' id='word_1_426' title='bbox 1509 5129 1602 5183; x_wconf 91' lang='lat' dir='ltr'><strong>sed</strong></span> <span class='ocrx_word' id='word_1_427' title='bbox 1631 5127 1695 5182; x_wconf 89' lang='lat' dir='ltr'><strong>ad</strong></span> <span class='ocrx_word' id='word_1_428' title='bbox 1736 5127 2000 5182; x_wconf 91' lang='lat' dir='ltr'><strong>modicum</strong></span> <span class='ocrx_word' id='word_1_429' title='bbox 2030 5139 2164 5182; x_wconf 83' lang='lat' dir='ltr'><strong>tem-</strong></span> 
     </span>
    </p>
   </div>
   <div class='ocr_carea' id='block_1_53' title="bbox 567 5217 2165 5300">
    <p class='ocr_par' dir='ltr' id='par_1_53' title="bbox 567 5217 2165 5300">
     <span class='ocr_line' id='line_1_53' title="bbox 567 5217 2165 5300; baseline -0.006 -18"><span class='ocrx_word' id='word_1_430' title='bbox 567 5244 666 5300; x_wconf 91' lang='lat' dir='ltr'><strong>pus</strong></span> <span class='ocrx_word' id='word_1_431' title='bbox 692 5235 782 5293; x_wconf 92' lang='lat' dir='ltr'><strong>;et</strong></span> <span class='ocrx_word' id='word_1_432' title='bbox 807 5224 906 5279; x_wconf 91' lang='lat' dir='ltr'><strong>hoe</strong></span> <span class='ocrx_word' id='word_1_433' title='bbox 925 5223 990 5277; x_wconf 89' lang='lat' dir='ltr'><strong>ad</strong></span> <span class='ocrx_word' id='word_1_434' title='bbox 1011 5222 1287 5292; x_wconf 89' lang='lat' dir='ltr'><strong>judicium,</strong></span> <span class='ocrx_word' id='word_1_435' title='bbox 1317 5236 1423 5275; x_wconf 90' lang='lat' dir='ltr'><strong>non</strong></span> <span class='ocrx_word' id='word_1_436' title='bbox 1452 5219 1518 5274; x_wconf 87' lang='lat' dir='ltr'><strong>ad</strong></span> <span class='ocrx_word' id='word_1_437' title='bbox 1543 5217 1790 5289; x_wconf 82' lang='lat' dir='ltr'><strong>gaudium</strong></span> <span class='ocrx_word' id='word_1_438' title='bbox 1817 5236 1830 5284; x_wconf 89' lang='lat'><strong>;</strong></span> <span class='ocrx_word' id='word_1_439' title='bbox 1868 5218 1933 5272; x_wconf 91' lang='lat' dir='ltr'><strong>ad</strong></span> <span class='ocrx_word' id='word_1_440' title='bbox 1965 5218 2165 5289; x_wconf 86' lang='lat' dir='ltr'><strong>suppli-</strong></span> 
     </span>
    </p>
   </div>
   <div class='ocr_carea' id='block_1_54' title="bbox 565 5315 1280 5387">
    <p class='ocr_par' dir='ltr' id='par_1_54' title="bbox 565 5315 1280 5387">
     <span class='ocr_line' id='line_1_54' title="bbox 565 5315 1280 5387; baseline -0.011 -11"><span class='ocrx_word' id='word_1_441' title='bbox 565 5323 707 5376; x_wconf 85' lang='lat' dir='ltr'><strong>cium</strong></span> <span class='ocrx_word' id='word_1_442' title='bbox 738 5333 866 5383; x_wconf 88' lang='lat' dir='ltr'><strong>,non</strong></span> <span class='ocrx_word' id='word_1_443' title='bbox 888 5316 953 5371; x_wconf 89' lang='lat' dir='ltr'><strong>ad</strong></span> <span class='ocrx_word' id='word_1_444' title='bbox 982 5315 1280 5387; x_wconf 73' lang='lat' dir='ltr'><strong>prtemium.</strong></span> 
     </span>
    </p>
   </div>
   <div class='ocr_carea' id='block_1_55' title="bbox 639 5402 2161 5476">
    <p class='ocr_par' dir='ltr' id='par_1_55' title="bbox 639 5402 2161 5476">
     <span class='ocr_line' id='line_1_55' title="bbox 639 5402 2161 5476; baseline -0.007 -8"><span class='ocrx_word' id='word_1_445' title='bbox 639 5415 691 5468; x_wconf 80' lang='lat'><strong>5.</strong></span> <span class='ocrx_word' id='word_1_446' title='bbox 727 5411 876 5466; x_wconf 84' lang='lat' dir='ltr'><strong>Nune</strong></span> <span class='ocrx_word' id='word_1_447' title='bbox 905 5417 988 5462; x_wconf 85' lang='lat' dir='ltr'><strong>est</strong></span> <span class='ocrx_word' id='word_1_448' title='bbox 1011 5420 1140 5476; x_wconf 85' lang='lat' dir='ltr'><strong>ergo</strong></span> <span class='ocrx_word' id='word_1_449' title='bbox 1168 5414 1222 5459; x_wconf 91' lang='lat' dir='ltr'><strong>ut</strong></span> <span class='ocrx_word' id='word_1_450' title='bbox 1262 5403 1634 5474; x_wconf 81' lang='lat' dir='ltr'><strong>intelligamus,</strong></span> <span class='ocrx_word' id='word_1_451' title='bbox 1662 5411 1917 5472; x_wconf 90' lang='lat' dir='ltr'><strong>quantum</strong></span> <span class='ocrx_word' id='word_1_452' title='bbox 1954 5402 2161 5472; x_wconf 87' lang='lat' dir='ltr'><strong>aperire</strong></span> 
     </span>
    </p>
   </div>
   <div class='ocr_carea' id='block_1_56' title="bbox 566 5497 2156 5578">
    <p class='ocr_par' dir='ltr' id='par_1_56' title="bbox 566 5497 2156 5578">
     <span class='ocr_line' id='line_1_56' title="bbox 566 5497 2156 5578; baseline -0.008 -16"><span class='ocrx_word' id='word_1_453' title='bbox 566 5507 680 5578; x_wconf 90' lang='lat' dir='ltr'><strong>ipse</strong></span> <span class='ocrx_word' id='word_1_454' title='bbox 708 5505 977 5576; x_wconf 88' lang='lat' dir='ltr'><strong>dignatur,</strong></span> <span class='ocrx_word' id='word_1_455' title='bbox 1001 5497 1270 5571; x_wconf 88' lang='lat' dir='ltr'><strong>quomodo</strong></span> <span class='ocrx_word' id='word_1_456' title='bbox 1310 5497 1508 5552; x_wconf 85' lang='lat' dir='ltr'><strong>dictum</strong></span> <span class='ocrx_word' id='word_1_457' title='bbox 1537 5498 1626 5563; x_wconf 90' lang='lat' dir='ltr'><strong>sit,</strong></span> <span class='ocrx_word' id='word_1_458' title='bbox 1659 5497 1838 5552; x_wconf 78' lang='lat' dir='ltr'><strong>Adhuc</strong></span> <span class='ocrx_word' id='word_1_459' title='bbox 1884 5497 2156 5563; x_wconf 87' lang='lat' dir='ltr'><strong>modicum,</strong></span> 
     </span>
    </p>
   </div>
   <div class='ocr_carea' id='block_1_57' title="bbox 567 5588 2154 5666">
    <p class='ocr_par' dir='ltr' id='par_1_57' title="bbox 567 5588 2154 5666">
     <span class='ocr_line' id='line_1_57' title="bbox 567 5588 2154 5666; baseline -0.005 -14"><span class='ocrx_word' id='word_1_460' title='bbox 567 5607 613 5653; x_wconf 87' lang='lat' dir='ltr'><strong>et</strong></span> <span class='ocrx_word' id='word_1_461' title='bbox 651 5595 868 5652; x_wconf 75' lang='lat' dir='ltr'><strong>mundus</strong></span> <span class='ocrx_word' id='word_1_462' title='bbox 914 5609 992 5649; x_wconf 88' lang='lat' dir='ltr'><strong>me</strong></span> <span class='ocrx_word' id='word_1_463' title='bbox 1007 5594 1121 5666; x_wconf 86' lang='lat' dir='ltr'><strong>jam</strong></span> <span class='ocrx_word' id='word_1_464' title='bbox 1149 5607 1249 5646; x_wconf 89' lang='lat' dir='ltr'><strong>non</strong></span> <span class='ocrx_word' id='word_1_465' title='bbox 1278 5590 1429 5658; x_wconf 82' lang='lat' dir='ltr'><strong>videt,</strong></span> <span class='ocrx_word' id='word_1_466' title='bbox 1466 5606 1552 5644; x_wconf 80' lang='lat' dir='ltr'><strong>vos</strong></span> <span class='ocrx_word' id='word_1_467' title='bbox 1594 5599 1763 5644; x_wconf 87' lang='lat' dir='ltr'><strong>autem</strong></span> <span class='ocrx_word' id='word_1_468' title='bbox 1811 5588 2034 5643; x_wconf 80' lang='lat' dir='ltr'><strong>videbitis</strong></span> <span class='ocrx_word' id='word_1_469' title='bbox 2059 5605 2154 5644; x_wconf 82' lang='lat' dir='ltr'><strong>nte.</strong></span> 
     </span>
    </p>
   </div>
   <div class='ocr_carea' id='block_1_58' title="bbox 569 5682 2156 5759">
    <p class='ocr_par' dir='ltr' id='par_1_58' title="bbox 569 5682 2156 5759">
     <span class='ocr_line' id='line_1_58' title="bbox 569 5682 2156 5759; baseline -0.004 -15"><span class='ocrx_word' id='word_1_470' title='bbox 569 5690 770 5746; x_wconf 78' lang='lat' dir='ltr'><strong>Verum</strong></span> <span class='ocrx_word' id='word_1_471' title='bbox 800 5698 885 5744; x_wconf 88' lang='lat' dir='ltr'><strong>est</strong></span> <span class='ocrx_word' id='word_1_472' title='bbox 912 5687 1127 5759; x_wconf 89' lang='lat' dir='ltr'><strong>quidem</strong></span> <span class='ocrx_word' id='word_1_473' title='bbox 1149 5684 1288 5758; x_wconf 87' lang='lat' dir='ltr'><strong>quoo&#39;</strong></span> <span class='ocrx_word' id='word_1_474' title='bbox 1313 5692 1432 5756; x_wconf 88' lang='lat' dir='ltr'><strong>post</strong></span> <span class='ocrx_word' id='word_1_475' title='bbox 1461 5682 1729 5754; x_wconf 87' lang='lat' dir='ltr'><strong>paululqu</strong></span> <span class='ocrx_word' id='word_1_476' title='bbox 1775 5683 1932 5738; x_wconf 90' lang='lat' dir='ltr'><strong>etiam</strong></span> <span class='ocrx_word' id='word_1_477' title='bbox 1963 5698 2156 5754; x_wconf 79' lang='lat' dir='ltr'><strong>corpus</strong></span> 
     </span>
    </p>
   </div>
   <div class='ocr_carea' id='block_1_59' title="bbox 635 5780 1563 5864">
    <p class='ocr_par' dir='ltr' id='par_1_59' title="bbox 635 5780 1563 5864">
     <span class='ocr_line' id='line_1_59' title="bbox 635 5780 1563 5864; baseline -0.002 -14"><span class='ocrx_word' id='word_1_478' title='bbox 635 5803 653 5833; x_wconf 77' lang='grc' dir='ltr'><strong>ι</strong></span> <span class='ocrx_word' id='word_1_479' title='bbox 675 5806 856 5851; x_wconf 68' lang='lat' dir='ltr'><strong>hocea</strong></span> <span class='ocrx_word' id='word_1_480' title='bbox 869 5807 996 5862; x_wconf 60' lang='lat' dir='ltr'><strong>tum,</strong></span> <span class='ocrx_word' id='word_1_481' title='bbox 1019 5797 1107 5862; x_wconf 76' lang='lat' dir='ltr'><strong>oui</strong></span> <span class='ocrx_word' id='word_1_482' title='bbox 1125 5796 1254 5850; x_wconf 81' lang='lat' dir='ltr'><strong>enim</strong></span> <span class='ocrx_word' id='word_1_483' title='bbox 1275 5780 1563 5864; x_wconf 69' lang='lat' dir='ltr'><strong>itittgiiiuur.</strong></span> 
     </span>
    </p>
   </div>
   <div class='ocr_carea' id='block_1_60' title="bbox 1496 334 2910 408">
    <p class='ocr_par' dir='ltr' id='par_1_60' title="bbox 1496 334 2910 408">
     <span class='ocr_line' id='line_1_60' title="bbox 1496 334 2910 408; baseline -0.004 -8"><span class='ocrx_word' id='word_1_484' title='bbox 1496 344 1562 402; x_wconf 85' lang='lat' dir='ltr'><strong>IN</strong></span> <span class='ocrx_word' id='word_1_485' title='bbox 1597 341 1878 401; x_wconf 76' lang='lat' dir='ltr'><strong>JOANNIS</strong></span> <span class='ocrx_word' id='word_1_486' title='bbox 1915 334 2387 408; x_wconf 73' lang='lat' dir='ltr'><strong>EVANGELIUM,</strong></span> <span class='ocrx_word' id='word_1_487' title='bbox 2428 338 2489 396; x_wconf 90' lang='lat' dir='ltr'><strong>S.</strong></span> <span class='ocrx_word' id='word_1_488' title='bbox 2539 336 2910 397; x_wconf 80' lang='lat' dir='ltr'><strong>AUGUSTlNl</strong></span> 
     </span>
    </p>
   </div>
   <div class='ocr_carea' id='block_1_61' title="bbox 3642 353 3746 416">
    <p class='ocr_par' dir='ltr' id='par_1_61' title="bbox 3642 353 3746 416">
     <span class='ocr_line' id='line_1_61' title="bbox 3642 353 3746 416; baseline 0.029 -3"><span class='ocrx_word' id='word_1_489' title='bbox 3642 353 3746 416; x_wconf 70' lang='lat' dir='ltr'><strong>im</strong></span> 
     </span>
    </p>
   </div>
   <div class='ocr_carea' id='block_1_62' title="bbox 2257 457 3745 530">
    <p class='ocr_par' dir='ltr' id='par_1_62' title="bbox 2257 457 3745 530">
     <span class='ocr_line' id='line_1_62' title="bbox 2257 457 3745 530; baseline 0.009 -20"><span class='ocrx_word' id='word_1_490' title='bbox 2257 471 2408 510; x_wconf 89' lang='lat' dir='ltr'><strong>suum</strong></span> <span class='ocrx_word' id='word_1_491' title='bbox 2436 457 2486 511; x_wconf 92' lang='lat' dir='ltr'><strong>in</strong></span> <span class='ocrx_word' id='word_1_492' title='bbox 2515 473 2621 529; x_wconf 87' lang='lat' dir='ltr'><strong>quo</strong></span> <span class='ocrx_word' id='word_1_493' title='bbox 2648 465 2890 526; x_wconf 82' lang='lat' dir='ltr'><strong>poterant</strong></span> <span class='ocrx_word' id='word_1_494' title='bbox 2921 472 3042 512; x_wconf 86' lang='lat' dir='ltr'><strong>eum</strong></span> <span class='ocrx_word' id='word_1_495' title='bbox 3073 469 3124 512; x_wconf 92' lang='lat' dir='ltr'><strong>et</strong></span> <span class='ocrx_word' id='word_1_496' title='bbox 3155 458 3296 527; x_wconf 80' lang='lat' dir='ltr'><strong>impii</strong></span> <span class='ocrx_word' id='word_1_497' title='bbox 3318 461 3496 530; x_wconf 75' lang='lat' dir='ltr'><strong>ridere,</strong></span> <span class='ocrx_word' id='word_1_498' title='bbox 3515 469 3652 525; x_wconf 82' lang='lat' dir='ltr'><strong>oculis</strong></span> <span class='ocrx_word' id='word_1_499' title='bbox 3671 487 3745 530; x_wconf 81' lang='lat' dir='ltr'><strong>eo.</strong></span> 
     </span>
    </p>
   </div>
   <div class='ocr_carea' id='block_1_63' title="bbox 2255 548 3750 628">
    <p class='ocr_par' dir='ltr' id='par_1_63' title="bbox 2255 548 3750 628">
     <span class='ocr_line' id='line_1_63' title="bbox 2255 548 3750 628; baseline 0.007 -27"><span class='ocrx_word' id='word_1_500' title='bbox 2255 563 2370 602; x_wconf 86' lang='lat' dir='ltr'><strong>rum</strong></span> <span class='ocrx_word' id='word_1_501' title='bbox 2416 548 2586 603; x_wconf 80' lang='lat' dir='ltr'><strong>fuerat</strong></span> <span class='ocrx_word' id='word_1_502' title='bbox 2637 551 3040 613; x_wconf 89' lang='lat' dir='ltr'><strong>subtracturus;</strong></span> <span class='ocrx_word' id='word_1_503' title='bbox 3072 551 3475 624; x_wconf 88' lang='lat' dir='ltr'><strong>quandoquidem</strong></span> <span class='ocrx_word' id='word_1_504' title='bbox 3503 571 3750 628; x_wconf 75' lang='lat' dir='ltr'><strong>postresur.</strong></span> 
     </span>
    </p>
   </div>
   <div class='ocr_carea' id='block_1_64' title="bbox 2255 642 3746 717">
    <p class='ocr_par' dir='ltr' id='par_1_64' title="bbox 2255 642 3746 717">
     <span class='ocr_line' id='line_1_64' title="bbox 2255 642 3746 717; baseline 0.01 -21"><span class='ocrx_word' id='word_1_505' title='bbox 2255 642 2542 696; x_wconf 85' lang='lat' dir='ltr'><strong>rectionem</strong></span> <span class='ocrx_word' id='word_1_506' title='bbox 2577 657 2733 694; x_wconf 86' lang='lat' dir='ltr'><strong>nemo</strong></span> <span class='ocrx_word' id='word_1_507' title='bbox 2764 642 2972 696; x_wconf 90' lang='lat' dir='ltr'><strong>illorum</strong></span> <span class='ocrx_word' id='word_1_508' title='bbox 3002 643 3130 696; x_wconf 89' lang='lat' dir='ltr'><strong>vidit</strong></span> <span class='ocrx_word' id='word_1_509' title='bbox 3177 659 3314 698; x_wconf 91' lang='lat' dir='ltr'><strong>cum.</strong></span> <span class='ocrx_word' id='word_1_510' title='bbox 3343 643 3439 700; x_wconf 85' lang='lat' dir='ltr'><strong>Sed</strong></span> <span class='ocrx_word' id='word_1_511' title='bbox 3464 664 3667 717; x_wconf 81' lang='lat' dir='ltr'><strong>quoniam</strong></span> <span class='ocrx_word' id='word_1_512' title='bbox 3685 656 3746 711; x_wconf 83' lang='lat' dir='ltr'><strong>di-</strong></span> 
     </span>
    </p>
   </div>
   <div class='ocr_carea' id='block_1_65' title="bbox 2255 733 3749 810">
    <p class='ocr_par' dir='ltr' id='par_1_65' title="bbox 2255 733 3749 810">
     <span class='ocr_line' id='line_1_65' title="bbox 2255 733 3749 810; baseline 0.005 -22"><span class='ocrx_word' id='word_1_513' title='bbox 2255 742 2399 788; x_wconf 80' lang='lat' dir='ltr'><strong>ctum</strong></span> <span class='ocrx_word' id='word_1_514' title='bbox 2447 741 2530 788; x_wconf 79' lang='lat' dir='ltr'><strong>est</strong></span> <span class='ocrx_word' id='word_1_515' title='bbox 2561 733 2877 788; x_wconf 83' lang='lat' dir='ltr'><strong>testantibus</strong></span> <span class='ocrx_word' id='word_1_516' title='bbox 2909 734 3142 804; x_wconf 78' lang='lat' dir='ltr'><strong>Angelis,</strong></span> <span class='ocrx_word' id='word_1_517' title='bbox 3173 734 3264 789; x_wconf 86' lang='lat' dir='ltr'><strong>Sic</strong></span> <span class='ocrx_word' id='word_1_518' title='bbox 3308 736 3453 792; x_wconf 77' lang='lat' dir='ltr'><strong>ueniet</strong></span> <span class='ocrx_word' id='word_1_519' title='bbox 3494 745 3749 810; x_wconf 69' lang='lat' dir='ltr'><strong>quenadmo.</strong></span> 
     </span>
    </p>
   </div>
   <div class='ocr_carea' id='block_1_66' title="bbox 2256 824 3752 900">
    <p class='ocr_par' dir='ltr' id='par_1_66' title="bbox 2256 824 3752 900">
     <span class='ocr_line' id='line_1_66' title="bbox 2256 824 3752 900; baseline 0.001 -22"><span class='ocrx_word' id='word_1_520' title='bbox 2256 826 2375 878; x_wconf 87' lang='lat' dir='ltr'><strong>dunt</strong></span> <span class='ocrx_word' id='word_1_521' title='bbox 2401 825 2591 878; x_wconf 73' lang='lat' dir='ltr'><strong>uidistis</strong></span> <span class='ocrx_word' id='word_1_522' title='bbox 2646 841 2757 878; x_wconf 88' lang='lat' dir='ltr'><strong>eum</strong></span> <span class='ocrx_word' id='word_1_523' title='bbox 2813 834 3010 878; x_wconf 86' lang='lat' dir='ltr'><strong>euntem</strong></span> <span class='ocrx_word' id='word_1_524' title='bbox 3037 824 3089 879; x_wconf 86' lang='lat' dir='ltr'><strong>in</strong></span> <span class='ocrx_word' id='word_1_525' title='bbox 3121 826 3331 897; x_wconf 75' lang='grc' dir='ltr'>εωιιιηι(</span> <span class='ocrx_word' id='word_1_526' title='bbox 3356 827 3458 880; x_wconf 78' lang='lat' dir='ltr'><strong>Aet.</strong></span> <span class='ocrx_word' id='word_1_527' title='bbox 3483 844 3516 893; x_wconf 92' lang='lat' dir='ltr'><strong>I,</strong></span> <span class='ocrx_word' id='word_1_528' title='bbox 3544 832 3593 884; x_wconf 84' lang='lat' dir='ltr'><strong>ll</strong></span> <span class='ocrx_word' id='word_1_529' title='bbox 3617 830 3661 900; x_wconf 82' lang='lat'><strong>);</strong></span> <span class='ocrx_word' id='word_1_530' title='bbox 3683 851 3752 891; x_wconf 68' lang='lat' dir='ltr'><strong>nec</strong></span> 
     </span>
    </p>
   </div>
   <div class='ocr_carea' id='block_1_67' title="bbox 2254 916 3754 991">
    <p class='ocr_par' dir='ltr' id='par_1_67' title="bbox 2254 916 3754 991">
     <span class='ocr_line' id='line_1_67' title="bbox 2254 916 3754 991; baseline -0.002 -20"><span class='ocrx_word' id='word_1_531' title='bbox 2254 917 2395 973; x_wconf 90' lang='lat' dir='ltr'><strong>aliud</strong></span> <span class='ocrx_word' id='word_1_532' title='bbox 2435 917 2706 973; x_wconf 90' lang='lat' dir='ltr'><strong>credimus</strong></span> <span class='ocrx_word' id='word_1_533' title='bbox 2735 931 2892 985; x_wconf 90' lang='lat' dir='ltr'><strong>quam</strong></span> <span class='ocrx_word' id='word_1_534' title='bbox 2920 932 3041 970; x_wconf 81' lang='lat' dir='ltr'><strong>eum</strong></span> <span class='ocrx_word' id='word_1_535' title='bbox 3087 917 3137 970; x_wconf 91' lang='lat' dir='ltr'><strong>in</strong></span> <span class='ocrx_word' id='word_1_536' title='bbox 3159 916 3340 972; x_wconf 88' lang='lat' dir='ltr'><strong>eodem</strong></span> <span class='ocrx_word' id='word_1_537' title='bbox 3363 932 3563 989; x_wconf 83' lang='lat' dir='ltr'><strong>corpore</strong></span> <span class='ocrx_word' id='word_1_538' title='bbox 3577 920 3630 976; x_wconf 75' lang='lat' dir='ltr'><strong>ad</strong></span> <span class='ocrx_word' id='word_1_539' title='bbox 3655 923 3754 991; x_wconf 82' lang='lat' dir='ltr'><strong>indi.</strong></span> 
     </span>
    </p>
   </div>
   <div class='ocr_carea' id='block_1_68' title="bbox 2263 1009 3754 1082">
    <p class='ocr_par' dir='ltr' id='par_1_68' title="bbox 2263 1009 3754 1082">
     <span class='ocr_line' id='line_1_68' title="bbox 2263 1009 3754 1082; baseline 0.004 -18"><span class='ocrx_word' id='word_1_540' title='bbox 2263 1011 2403 1065; x_wconf 91' lang='lat' dir='ltr'><strong>cium</strong></span> <span class='ocrx_word' id='word_1_541' title='bbox 2446 1009 2685 1063; x_wconf 87' lang='lat' dir='ltr'><strong>vivorum</strong></span> <span class='ocrx_word' id='word_1_542' title='bbox 2712 1018 2766 1062; x_wconf 89' lang='lat' dir='ltr'><strong>et</strong></span> <span class='ocrx_word' id='word_1_543' title='bbox 2794 1018 3123 1062; x_wconf 88' lang='lat' dir='ltr'><strong>mortuorutn</strong></span> <span class='ocrx_word' id='word_1_544' title='bbox 3155 1023 3272 1063; x_wconf 89' lang='lat' dir='ltr'><strong>esse</strong></span> <span class='ocrx_word' id='word_1_545' title='bbox 3322 1021 3602 1066; x_wconf 75' lang='lat' dir='ltr'><strong>venturum:</strong></span> <span class='ocrx_word' id='word_1_546' title='bbox 3625 1017 3754 1082; x_wconf 77' lang='lat' dir='ltr'><strong>[ier</strong></span> 
     </span>
    </p>
   </div>
   <div class='ocr_carea' id='block_1_69' title="bbox 2253 1101 3756 1175">
    <p class='ocr_par' dir='ltr' id='par_1_69' title="bbox 2253 1101 3756 1175">
     <span class='ocr_line' id='line_1_69' title="bbox 2253 1101 3756 1175; baseline 0.002 -17"><span class='ocrx_word' id='word_1_547' title='bbox 2253 1102 2416 1158; x_wconf 89' lang='lat' dir='ltr'><strong>dubio</strong></span> <span class='ocrx_word' id='word_1_548' title='bbox 2460 1114 2584 1157; x_wconf 92' lang='lat' dir='ltr'><strong>tunc</strong></span> <span class='ocrx_word' id='word_1_549' title='bbox 2609 1117 2729 1155; x_wconf 81' lang='lat' dir='ltr'><strong>eum</strong></span> <span class='ocrx_word' id='word_1_550' title='bbox 2768 1101 2963 1156; x_wconf 85' lang='lat' dir='ltr'><strong>videbit</strong></span> <span class='ocrx_word' id='word_1_551' title='bbox 2997 1101 3245 1168; x_wconf 90' lang='lat' dir='ltr'><strong>mundus,</strong></span> <span class='ocrx_word' id='word_1_552' title='bbox 3269 1117 3372 1172; x_wconf 89' lang='lat' dir='ltr'><strong>quo</strong></span> <span class='ocrx_word' id='word_1_553' title='bbox 3398 1103 3588 1157; x_wconf 87' lang='lat' dir='ltr'><strong>nomine</strong></span> <span class='ocrx_word' id='word_1_554' title='bbox 3609 1105 3756 1175; x_wconf 80' lang='lat' dir='ltr'><strong>signiﬁ-</strong></span> 
     </span>
    </p>
   </div>
   <div class='ocr_carea' id='block_1_70' title="bbox 2253 1192 3756 1266">
    <p class='ocr_par' dir='ltr' id='par_1_70' title="bbox 2253 1192 3756 1266">
     <span class='ocr_line' id='line_1_70' title="bbox 2253 1192 3756 1266; baseline 0.003 -17"><span class='ocrx_word' id='word_1_555' title='bbox 2253 1196 2356 1250; x_wconf 90' lang='lat' dir='ltr'><strong>cati</strong></span> <span class='ocrx_word' id='word_1_556' title='bbox 2387 1203 2513 1248; x_wconf 90' lang='lat' dir='ltr'><strong>sunt</strong></span> <span class='ocrx_word' id='word_1_557' title='bbox 2532 1212 2559 1246; x_wconf 89' lang='lat' dir='ltr'><strong>a</strong></span> <span class='ocrx_word' id='word_1_558' title='bbox 2592 1208 2757 1264; x_wconf 87' lang='lat' dir='ltr'><strong>regno</strong></span> <span class='ocrx_word' id='word_1_559' title='bbox 2784 1192 2899 1261; x_wconf 88' lang='lat' dir='ltr'><strong>ejus</strong></span> <span class='ocrx_word' id='word_1_560' title='bbox 2921 1193 3101 1248; x_wconf 91' lang='lat' dir='ltr'><strong>alieni.</strong></span> <span class='ocrx_word' id='word_1_561' title='bbox 3127 1194 3202 1249; x_wconf 78' lang='lat' dir='ltr'><strong>Ac</strong></span> <span class='ocrx_word' id='word_1_562' title='bbox 3227 1208 3320 1262; x_wconf 89' lang='lat' dir='ltr'><strong>per</strong></span> <span class='ocrx_word' id='word_1_563' title='bbox 3344 1195 3438 1250; x_wconf 88' lang='lat' dir='ltr'><strong>hoc</strong></span> <span class='ocrx_word' id='word_1_564' title='bbox 3459 1195 3596 1266; x_wconf 85' lang='lat' dir='ltr'><strong>longe</strong></span> <span class='ocrx_word' id='word_1_565' title='bbox 3622 1199 3756 1254; x_wconf 75' lang='lat' dir='ltr'><strong>melius</strong></span> 
     </span>
    </p>
   </div>
   <div class='ocr_carea' id='block_1_71' title="bbox 2255 1283 3758 1356">
    <p class='ocr_par' dir='ltr' id='par_1_71' title="bbox 2255 1283 3758 1356">
     <span class='ocr_line' id='line_1_71' title="bbox 2255 1283 3758 1356; baseline 0.004 -16"><span class='ocrx_word' id='word_1_566' title='bbox 2255 1285 2562 1356; x_wconf 81' lang='lat' dir='ltr'><strong>intelligitur</strong></span> <span class='ocrx_word' id='word_1_567' title='bbox 2585 1285 2693 1353; x_wconf 89' lang='lat' dir='ltr'><strong>jant</strong></span> <span class='ocrx_word' id='word_1_568' title='bbox 2721 1283 2848 1338; x_wconf 91' lang='lat' dir='ltr'><strong>illud</strong></span> <span class='ocrx_word' id='word_1_569' title='bbox 2873 1293 3080 1352; x_wconf 87' lang='lat' dir='ltr'><strong>tempus</strong></span> <span class='ocrx_word' id='word_1_570' title='bbox 3109 1283 3404 1355; x_wconf 86' lang='lat' dir='ltr'><strong>significare</strong></span> <span class='ocrx_word' id='word_1_571' title='bbox 3423 1286 3638 1352; x_wconf 73' lang='lat' dir='ltr'><strong>volui~se,</strong></span> <span class='ocrx_word' id='word_1_572' title='bbox 3656 1288 3694 1343; x_wconf 90' lang='lat' dir='ltr'><strong>in</strong></span> <span class='ocrx_word' id='word_1_573' title='bbox 3712 1304 3758 1346; x_wconf 77' lang='lat' dir='ltr'><strong>eo</strong></span> 
     </span>
    </p>
   </div>
   <div class='ocr_carea' id='block_1_72' title="bbox 2252 1375 3758 1447">
    <p class='ocr_par' dir='ltr' id='par_1_72' title="bbox 2252 1375 3758 1447">
     <span class='ocr_line' id='line_1_72' title="bbox 2252 1375 3758 1447; baseline 0.003 -17"><span class='ocrx_word' id='word_1_574' title='bbox 2252 1376 2393 1447; x_wconf 81' lang='lat' dir='ltr'><strong>quod</strong></span> <span class='ocrx_word' id='word_1_575' title='bbox 2416 1377 2510 1441; x_wconf 91' lang='lat' dir='ltr'><strong>ait,</strong></span> <span class='ocrx_word' id='word_1_576' title='bbox 2537 1375 2714 1430; x_wconf 78' lang='lat' dir='ltr'><strong>Adhuc</strong></span> <span class='ocrx_word' id='word_1_577' title='bbox 2736 1376 3006 1441; x_wconf 88' lang='lat' dir='ltr'><strong>modicum,</strong></span> <span class='ocrx_word' id='word_1_578' title='bbox 3029 1385 3075 1428; x_wconf 84' lang='lat' dir='ltr'><strong>et</strong></span> <span class='ocrx_word' id='word_1_579' title='bbox 3100 1376 3318 1430; x_wconf 87' lang='lat' dir='ltr'><strong>mundus</strong></span> <span class='ocrx_word' id='word_1_580' title='bbox 3344 1393 3418 1430; x_wconf 88' lang='lat' dir='ltr'><strong>me</strong></span> <span class='ocrx_word' id='word_1_581' title='bbox 3434 1378 3537 1446; x_wconf 84' lang='lat' dir='ltr'><strong>jam</strong></span> <span class='ocrx_word' id='word_1_582' title='bbox 3553 1395 3636 1431; x_wconf 82' lang='lat' dir='ltr'><strong>non</strong></span> <span class='ocrx_word' id='word_1_583' title='bbox 3650 1379 3758 1444; x_wconf 70' lang='lat' dir='ltr'><strong>ridet.</strong></span> 
     </span>
    </p>
   </div>
   <div class='ocr_carea' id='block_1_73' title="bbox 2253 1465 3759 1536">
    <p class='ocr_par' dir='ltr' id='par_1_73' title="bbox 2253 1465 3759 1536">
     <span class='ocr_line' id='line_1_73' title="bbox 2253 1465 3759 1536; baseline 0.003 -16"><span class='ocrx_word' id='word_1_584' title='bbox 2253 1467 2466 1536; x_wconf 91' lang='lat' dir='ltr'><strong>quando</strong></span> <span class='ocrx_word' id='word_1_585' title='bbox 2497 1469 2547 1520; x_wconf 93' lang='lat' dir='ltr'><strong>in</strong></span> <span class='ocrx_word' id='word_1_586' title='bbox 2581 1465 2685 1520; x_wconf 87' lang='lat' dir='ltr'><strong>line</strong></span> <span class='ocrx_word' id='word_1_587' title='bbox 2703 1467 2884 1520; x_wconf 70' lang='lat' dir='ltr'><strong>surculi</strong></span> <span class='ocrx_word' id='word_1_588' title='bbox 2903 1466 3175 1522; x_wconf 81' lang='lat' dir='ltr'><strong>auferetur</strong></span> <span class='ocrx_word' id='word_1_589' title='bbox 3199 1466 3267 1520; x_wconf 87' lang='lat' dir='ltr'><strong>ab</strong></span> <span class='ocrx_word' id='word_1_590' title='bbox 3282 1467 3759 1534; x_wconf 68' lang='lat' dir='ltr'><strong>(mulisdamuatuntm,</strong></span> 
     </span>
    </p>
   </div>
   <div class='ocr_carea' id='block_1_74' title="bbox 2254 1559 3761 1633">
    <p class='ocr_par' dir='ltr' id='par_1_74' title="bbox 2254 1559 3761 1633">
     <span class='ocr_line' id='line_1_74' title="bbox 2254 1559 3761 1633; baseline 0.005 -19"><span class='ocrx_word' id='word_1_591' title='bbox 2254 1570 2314 1614; x_wconf 92' lang='lat' dir='ltr'><strong>ut</strong></span> <span class='ocrx_word' id='word_1_592' title='bbox 2357 1560 2432 1614; x_wconf 87' lang='lat' dir='ltr'><strong>illi</strong></span> <span class='ocrx_word' id='word_1_593' title='bbox 2463 1577 2584 1614; x_wconf 90' lang='lat' dir='ltr'><strong>eum</strong></span> <span class='ocrx_word' id='word_1_594' title='bbox 2627 1559 2694 1614; x_wconf 92' lang='lat' dir='ltr'><strong>de</strong></span> <span class='ocrx_word' id='word_1_595' title='bbox 2731 1571 2925 1614; x_wconf 69' lang='lat' dir='ltr'><strong>ca&#39;tero</strong></span> <span class='ocrx_word' id='word_1_596' title='bbox 2953 1559 3186 1625; x_wconf 79' lang='lat' dir='ltr'><strong>videant,</strong></span> <span class='ocrx_word' id='word_1_597' title='bbox 3232 1561 3367 1630; x_wconf 90' lang='lat' dir='ltr'><strong>apud</strong></span> <span class='ocrx_word' id='word_1_598' title='bbox 3395 1577 3519 1632; x_wconf 86' lang='lat' dir='ltr'><strong>quos</strong></span> <span class='ocrx_word' id='word_1_599' title='bbox 3549 1563 3761 1633; x_wconf 61' lang='lat' dir='ltr'><strong>diligentes</strong></span> 
     </span>
    </p>
   </div>
   <div class='ocr_carea' id='block_1_75' title="bbox 2252 1652 3761 1722">
    <p class='ocr_par' dir='ltr' id='par_1_75' title="bbox 2252 1652 3761 1722">
     <span class='ocr_line' id='line_1_75' title="bbox 2252 1652 3761 1722; baseline 0.003 -14"><span class='ocrx_word' id='word_1_600' title='bbox 2252 1667 2374 1708; x_wconf 90' lang='lat' dir='ltr'><strong>eum</strong></span> <span class='ocrx_word' id='word_1_601' title='bbox 2404 1652 2525 1706; x_wconf 80' lang='lat' dir='ltr'><strong>facit</strong></span> <span class='ocrx_word' id='word_1_602' title='bbox 2551 1652 2702 1706; x_wconf 85' lang='lat' dir='ltr'><strong>Pater</strong></span> <span class='ocrx_word' id='word_1_603' title='bbox 2717 1662 2874 1722; x_wconf 82' lang='lat' dir='ltr'><strong>atque</strong></span> <span class='ocrx_word' id='word_1_604' title='bbox 2891 1653 3002 1722; x_wconf 85' lang='lat' dir='ltr'><strong>ipse</strong></span> <span class='ocrx_word' id='word_1_605' title='bbox 3025 1654 3368 1707; x_wconf 83' lang='lat' dir='ltr'><strong>mansionem.</strong></span> <span class='ocrx_word' id='word_1_606' title='bbox 3397 1653 3623 1709; x_wconf 80' lang='lat' dir='ltr'><strong>Modicum</strong></span> <span class='ocrx_word' id='word_1_607' title='bbox 3635 1668 3761 1713; x_wconf 72' lang='lat' dir='ltr'><strong>autem</strong></span> 
     </span>
    </p>
   </div>
   <div class='ocr_carea' id='block_1_76' title="bbox 2253 1742 3761 1812">
    <p class='ocr_par' dir='ltr' id='par_1_76' title="bbox 2253 1742 3761 1812">
     <span class='ocr_line' id='line_1_76' title="bbox 2253 1742 3761 1812; baseline 0.003 -15"><span class='ocrx_word' id='word_1_608' title='bbox 2253 1742 2407 1805; x_wconf 81' lang='lat' dir='ltr'><strong>dixit,</strong></span> <span class='ocrx_word' id='word_1_609' title='bbox 2444 1742 2563 1810; x_wconf 86' lang='lat' dir='ltr'><strong>quia</strong></span> <span class='ocrx_word' id='word_1_610' title='bbox 2611 1751 2662 1797; x_wconf 89' lang='lat' dir='ltr'><strong>et</strong></span> <span class='ocrx_word' id='word_1_611' title='bbox 2710 1742 2758 1797; x_wconf 89' lang='lat' dir='ltr'><strong>id</strong></span> <span class='ocrx_word' id='word_1_612' title='bbox 2807 1742 2948 1812; x_wconf 89' lang='lat' dir='ltr'><strong>quod</strong></span> <span class='ocrx_word' id='word_1_613' title='bbox 2988 1742 3249 1811; x_wconf 76' lang='lat' dir='ltr'><strong>prolixum</strong></span> <span class='ocrx_word' id='word_1_614' title='bbox 3295 1743 3761 1811; x_wconf 75' lang='lat' dir='ltr'><strong>rideturliomiuibut,</strong></span> 
     </span>
    </p>
   </div>
   <div class='ocr_carea' id='block_1_77' title="bbox 2253 1833 3764 1904">
    <p class='ocr_par' dir='ltr' id='par_1_77' title="bbox 2253 1833 3764 1904">
     <span class='ocr_line' id='line_1_77' title="bbox 2253 1833 3764 1904; baseline 0.002 -16"><span class='ocrx_word' id='word_1_615' title='bbox 2253 1833 2626 1888; x_wconf 87' lang='lat' dir='ltr'><strong>brevissimum</strong></span> <span class='ocrx_word' id='word_1_616' title='bbox 2647 1841 2728 1887; x_wconf 87' lang='lat' dir='ltr'><strong>est</strong></span> <span class='ocrx_word' id='word_1_617' title='bbox 2757 1843 2881 1888; x_wconf 89' lang='lat' dir='ltr'><strong>ante</strong></span> <span class='ocrx_word' id='word_1_618' title='bbox 2904 1833 3095 1888; x_wconf 85' lang='lat' dir='ltr'><strong>oculos</strong></span> <span class='ocrx_word' id='word_1_619' title='bbox 3128 1833 3221 1888; x_wconf 91' lang='lat' dir='ltr'><strong>Dei</strong></span> <span class='ocrx_word' id='word_1_620' title='bbox 3257 1851 3270 1888; x_wconf 90' lang='lat'><strong>:</strong></span> <span class='ocrx_word' id='word_1_621' title='bbox 3300 1833 3366 1888; x_wconf 90' lang='lat' dir='ltr'><strong>de</strong></span> <span class='ocrx_word' id='word_1_622' title='bbox 3391 1834 3483 1888; x_wconf 90' lang='lat' dir='ltr'><strong>hoc</strong></span> <span class='ocrx_word' id='word_1_623' title='bbox 3505 1835 3667 1904; x_wconf 89' lang='lat' dir='ltr'><strong>quippe</strong></span> <span class='ocrx_word' id='word_1_624' title='bbox 3685 1851 3764 1891; x_wconf 88' lang='lat' dir='ltr'><strong>mo-</strong></span> 
     </span>
    </p>
   </div>
   <div class='ocr_carea' id='block_1_78' title="bbox 2253 1913 3761 1996">
    <p class='ocr_par' dir='ltr' id='par_1_78' title="bbox 2253 1913 3761 1996">
     <span class='ocr_line' id='line_1_78' title="bbox 2253 1913 3761 1996; baseline 0.003 -20"><span class='ocrx_word' id='word_1_625' title='bbox 2253 1924 2372 1979; x_wconf 87' lang='lat' dir='ltr'><strong>dico</strong></span> <span class='ocrx_word' id='word_1_626' title='bbox 2401 1925 2500 1978; x_wconf 87' lang='lat' dir='ltr'><strong>iste</strong></span> <span class='ocrx_word' id='word_1_627' title='bbox 2523 1925 2634 1993; x_wconf 91' lang='lat' dir='ltr'><strong>ipse</strong></span> <span class='ocrx_word' id='word_1_628' title='bbox 2662 1924 2895 1978; x_wconf 85' lang='lat' dir='ltr'><strong>Joannes</strong></span> <span class='ocrx_word' id='word_1_629' title='bbox 2919 1924 3271 1994; x_wconf 74' lang='lat' dir='ltr'><strong>evangelista,</strong></span> <span class='ocrx_word' id='word_1_630' title='bbox 3306 1923 3495 1992; x_wconf 80' lang='lat' dir='ltr'><strong>Filicli,</strong></span> <span class='ocrx_word' id='word_1_631' title='bbox 3527 1925 3681 1996; x_wconf 90' lang='lat' dir='ltr'><strong>inquit,</strong></span> <span class='ocrx_word' id='word_1_632' title='bbox 3697 1913 3761 1980; x_wconf 77' lang='lat' dir='ltr'><strong>tio-</strong></span> 
     </span>
    </p>
   </div>
   <div class='ocr_carea' id='block_1_79' title="bbox 2253 2015 3214 2086">
    <p class='ocr_par' dir='ltr' id='par_1_79' title="bbox 2253 2015 3214 2086">
     <span class='ocr_line' id='line_1_79' title="bbox 2253 2015 3214 2086; baseline 0 -15"><span class='ocrx_word' id='word_1_633' title='bbox 2253 2019 2455 2073; x_wconf 82' lang='lat' dir='ltr'><strong>vissima</strong></span> <span class='ocrx_word' id='word_1_634' title='bbox 2481 2017 2607 2072; x_wconf 82' lang='lat' dir='ltr'><strong>liora</strong></span> <span class='ocrx_word' id='word_1_635' title='bbox 2629 2029 2698 2071; x_wconf 85' lang='lat' dir='ltr'><strong>est</strong></span> <span class='ocrx_word' id='word_1_636' title='bbox 2721 2017 2774 2085; x_wconf 93' lang='lat' dir='ltr'><strong>(l</strong></span> <span class='ocrx_word' id='word_1_637' title='bbox 2812 2015 2970 2070; x_wconf 83' lang='lat' dir='ltr'><strong>Joan.</strong></span> <span class='ocrx_word' id='word_1_638' title='bbox 3001 2033 3059 2082; x_wconf 87' lang='lat' dir='ltr'><strong>It,</strong></span> <span class='ocrx_word' id='word_1_639' title='bbox 3090 2016 3214 2086; x_wconf 84' lang='lat' dir='ltr'><strong>l8).</strong></span> 
     </span>
    </p>
   </div>
   <div class='ocr_carea' id='block_1_80' title="bbox 2326 2107 3764 2180">
    <p class='ocr_par' dir='ltr' id='par_1_80' title="bbox 2326 2107 3764 2180">
     <span class='ocr_line' id='line_1_80' title="bbox 2326 2107 3764 2180; baseline -0.001 -14"><span class='ocrx_word' id='word_1_640' title='bbox 2326 2112 2377 2166; x_wconf 76' lang='grc'><strong>4.</strong></span> <span class='ocrx_word' id='word_1_641' title='bbox 2402 2109 2477 2164; x_wconf 85' lang='lat' dir='ltr'><strong>Ne</strong></span> <span class='ocrx_word' id='word_1_642' title='bbox 2497 2109 2616 2180; x_wconf 87' lang='lat' dir='ltr'><strong>quis</strong></span> <span class='ocrx_word' id='word_1_643' title='bbox 2645 2124 2806 2180; x_wconf 76' lang='lat' dir='ltr'><strong>porro</strong></span> <span class='ocrx_word' id='word_1_644' title='bbox 2833 2109 3099 2162; x_wconf 76' lang='lat' dir='ltr'><strong>existimet</strong></span> <span class='ocrx_word' id='word_1_645' title='bbox 3151 2108 3359 2163; x_wconf 85' lang='lat' dir='ltr'><strong>Patrem</strong></span> <span class='ocrx_word' id='word_1_646' title='bbox 3391 2107 3706 2163; x_wconf 85' lang='lat' dir='ltr'><strong>tantummodo</strong></span> <span class='ocrx_word' id='word_1_647' title='bbox 3727 2118 3764 2164; x_wconf 80' lang='lat' dir='ltr'><strong>et</strong></span> 
     </span>
    </p>
   </div>
   <div class='ocr_carea' id='block_1_81' title="bbox 2257 2200 3766 2271">
    <p class='ocr_par' dir='ltr' id='par_1_81' title="bbox 2257 2200 3766 2271">
     <span class='ocr_line' id='line_1_81' title="bbox 2257 2200 3766 2271; baseline -0.003 -13"><span class='ocrx_word' id='word_1_648' title='bbox 2257 2203 2445 2258; x_wconf 83' lang='lat' dir='ltr'><strong>Filium</strong></span> <span class='ocrx_word' id='word_1_649' title='bbox 2471 2204 2588 2258; x_wconf 88' lang='lat' dir='ltr'><strong>sine</strong></span> <span class='ocrx_word' id='word_1_650' title='bbox 2618 2201 2816 2271; x_wconf 90' lang='lat' dir='ltr'><strong>Spiritu</strong></span> <span class='ocrx_word' id='word_1_651' title='bbox 2834 2211 3019 2254; x_wconf 82' lang='lat' dir='ltr'><strong>saneto</strong></span> <span class='ocrx_word' id='word_1_652' title='bbox 3040 2203 3180 2270; x_wconf 90' lang='lat' dir='ltr'><strong>apud</strong></span> <span class='ocrx_word' id='word_1_653' title='bbox 3195 2200 3474 2256; x_wconf 87' lang='lat' dir='ltr'><strong>dilectores</strong></span> <span class='ocrx_word' id='word_1_654' title='bbox 3498 2215 3608 2255; x_wconf 82' lang='lat' dir='ltr'><strong>suos</strong></span> <span class='ocrx_word' id='word_1_655' title='bbox 3641 2201 3766 2254; x_wconf 78' lang='lat' dir='ltr'><strong>facere</strong></span> 
     </span>
    </p>
   </div>
   <div class='ocr_carea' id='block_1_82' title="bbox 2254 2290 3766 2362">
    <p class='ocr_par' dir='ltr' id='par_1_82' title="bbox 2254 2290 3766 2362">
     <span class='ocr_line' id='line_1_82' title="bbox 2254 2290 3766 2362; baseline -0.003 -13"><span class='ocrx_word' id='word_1_656' title='bbox 2254 2296 2606 2360; x_wconf 88' lang='lat' dir='ltr'><strong>mansionem,</strong></span> <span class='ocrx_word' id='word_1_657' title='bbox 2637 2293 2836 2347; x_wconf 89' lang='lat' dir='ltr'><strong>recolat</strong></span> <span class='ocrx_word' id='word_1_658' title='bbox 2874 2290 3013 2362; x_wconf 87' lang='lat' dir='ltr'><strong>quod</strong></span> <span class='ocrx_word' id='word_1_659' title='bbox 3058 2292 3308 2362; x_wconf 85' lang='lat' dir='ltr'><strong>superius</strong></span> <span class='ocrx_word' id='word_1_660' title='bbox 3333 2291 3397 2346; x_wconf 89' lang='lat' dir='ltr'><strong>de</strong></span> <span class='ocrx_word' id='word_1_661' title='bbox 3421 2292 3598 2362; x_wconf 91' lang='lat' dir='ltr'><strong>Spiritu</strong></span> <span class='ocrx_word' id='word_1_662' title='bbox 3635 2301 3766 2345; x_wconf 81' lang='lat' dir='ltr'><strong>sancto</strong></span> 
     </span>
    </p>
   </div>
   <div class='ocr_carea' id='block_1_83' title="bbox 2253 2381 3766 2453">
    <p class='ocr_par' dir='ltr' id='par_1_83' title="bbox 2253 2381 3766 2453">
     <span class='ocr_line' id='line_1_83' title="bbox 2253 2381 3766 2453; baseline -0.005 -12"><span class='ocrx_word' id='word_1_663' title='bbox 2253 2385 2451 2442; x_wconf 87' lang='lat' dir='ltr'><strong>dictum</strong></span> <span class='ocrx_word' id='word_1_664' title='bbox 2477 2393 2581 2449; x_wconf 68' lang='lat' dir='ltr'><strong>est,</strong></span> <span class='ocrx_word' id='word_1_665' title='bbox 2611 2383 2771 2450; x_wconf 83' lang='lat' dir='ltr'><strong>Quem</strong></span> <span class='ocrx_word' id='word_1_666' title='bbox 2793 2382 3008 2437; x_wconf 89' lang='lat' dir='ltr'><strong>mundus</strong></span> <span class='ocrx_word' id='word_1_667' title='bbox 3029 2400 3129 2436; x_wconf 91' lang='lat' dir='ltr'><strong>non</strong></span> <span class='ocrx_word' id='word_1_668' title='bbox 3164 2392 3324 2453; x_wconf 88' lang='lat' dir='ltr'><strong>potest</strong></span> <span class='ocrx_word' id='word_1_669' title='bbox 3347 2383 3574 2453; x_wconf 84' lang='lat' dir='ltr'><strong>accipere,</strong></span> <span class='ocrx_word' id='word_1_670' title='bbox 3593 2381 3685 2452; x_wconf 76' lang='lat' dir='ltr'><strong>qlia</strong></span> <span class='ocrx_word' id='word_1_671' title='bbox 3699 2396 3766 2433; x_wconf 80' lang='lat' dir='ltr'><strong>iuni</strong></span> 
     </span>
    </p>
   </div>
   <div class='ocr_carea' id='block_1_84' title="bbox 2254 2471 3762 2543">
    <p class='ocr_par' dir='ltr' id='par_1_84' title="bbox 2254 2471 3762 2543">
     <span class='ocr_line' id='line_1_84' title="bbox 2254 2471 3762 2543; baseline -0.004 -13"><span class='ocrx_word' id='word_1_672' title='bbox 2254 2475 2384 2530; x_wconf 81' lang='lat' dir='ltr'><strong>ridet</strong></span> <span class='ocrx_word' id='word_1_673' title='bbox 2414 2491 2547 2539; x_wconf 85' lang='lat' dir='ltr'><strong>euut,</strong></span> <span class='ocrx_word' id='word_1_674' title='bbox 2609 2490 2699 2527; x_wconf 87' lang='lat' dir='ltr'><strong>nec</strong></span> <span class='ocrx_word' id='word_1_675' title='bbox 2742 2474 2836 2526; x_wconf 83' lang='lat' dir='ltr'><strong>scit</strong></span> <span class='ocrx_word' id='word_1_676' title='bbox 2866 2489 2980 2527; x_wconf 87' lang='lat' dir='ltr'><strong>eum</strong></span> <span class='ocrx_word' id='word_1_677' title='bbox 3006 2487 3024 2526; x_wconf 90' lang='lat'><strong><em>:</em></strong></span> <span class='ocrx_word' id='word_1_678' title='bbox 3054 2489 3140 2526; x_wconf 85' lang='lat' dir='ltr'><strong>vos</strong></span> <span class='ocrx_word' id='word_1_679' title='bbox 3180 2483 3345 2526; x_wconf 86' lang='lat' dir='ltr'><strong>autem</strong></span> <span class='ocrx_word' id='word_1_680' title='bbox 3375 2471 3650 2543; x_wconf 82' lang='lat' dir='ltr'><strong>cognoscetis</strong></span> <span class='ocrx_word' id='word_1_681' title='bbox 3671 2487 3762 2533; x_wconf 71' lang='lat' dir='ltr'><strong>esst,</strong></span> 
     </span>
    </p>
   </div>
   <div class='ocr_carea' id='block_1_85' title="bbox 2253 2558 3762 2635">
    <p class='ocr_par' dir='ltr' id='par_1_85' title="bbox 2253 2558 3762 2635">
     <span class='ocr_line' id='line_1_85' title="bbox 2253 2558 3762 2635; baseline -0.005 -16"><span class='ocrx_word' id='word_1_682' title='bbox 2253 2568 2370 2635; x_wconf 82' lang='lat' dir='ltr'><strong>quin</strong></span> <span class='ocrx_word' id='word_1_683' title='bbox 2392 2565 2529 2634; x_wconf 85' lang='lat' dir='ltr'><strong>apud</strong></span> <span class='ocrx_word' id='word_1_684' title='bbox 2559 2582 2643 2618; x_wconf 78' lang='lat' dir='ltr'><strong>eos</strong></span> <span class='ocrx_word' id='word_1_685' title='bbox 2671 2563 2912 2626; x_wconf 84' lang='lat' dir='ltr'><strong>manebit,</strong></span> <span class='ocrx_word' id='word_1_686' title='bbox 2937 2574 2983 2616; x_wconf 92' lang='lat' dir='ltr'><strong>et</strong></span> <span class='ocrx_word' id='word_1_687' title='bbox 3012 2564 3064 2616; x_wconf 89' lang='lat' dir='ltr'><strong>in</strong></span> <span class='ocrx_word' id='word_1_688' title='bbox 3087 2562 3225 2616; x_wconf 85' lang='lat' dir='ltr'><strong>nobis</strong></span> <span class='ocrx_word' id='word_1_689' title='bbox 3254 2565 3344 2616; x_wconf 88' lang='lat' dir='ltr'><strong>erit</strong></span> <span class='ocrx_word' id='word_1_690' title='bbox 3371 2561 3542 2634; x_wconf 81' lang='lat' dir='ltr'><strong>(Joan.</strong></span> <span class='ocrx_word' id='word_1_691' title='bbox 3560 2576 3656 2626; x_wconf 70' lang='lat' dir='ltr'><strong>XIV,</strong></span> <span class='ocrx_word' id='word_1_692' title='bbox 3675 2558 3762 2630; x_wconf 82' lang='lat' dir='ltr'><strong>l7).</strong></span> 
     </span>
    </p>
   </div>
   <div class='ocr_carea' id='block_1_86' title="bbox 2254 2652 3764 2712">
    <p class='ocr_par' dir='ltr' id='par_1_86' title="bbox 2254 2652 3764 2712">
     <span class='ocr_line' id='line_1_86' title="bbox 2254 2652 3764 2712; baseline -0.006 0"><span class='ocrx_word' id='word_1_693' title='bbox 2254 2655 2393 2712; x_wconf 80' lang='lat' dir='ltr'><strong>Ecce</strong></span> <span class='ocrx_word' id='word_1_694' title='bbox 2416 2655 2539 2710; x_wconf 83' lang='lat' dir='ltr'><strong>facit</strong></span> <span class='ocrx_word' id='word_1_695' title='bbox 2563 2656 2613 2710; x_wconf 86' lang='lat' dir='ltr'><strong>in</strong></span> <span class='ocrx_word' id='word_1_696' title='bbox 2643 2655 2842 2708; x_wconf 84' lang='lat' dir='ltr'><strong>sanctis</strong></span> <span class='ocrx_word' id='word_1_697' title='bbox 2871 2669 2990 2708; x_wconf 90' lang='lat' dir='ltr'><strong>cum</strong></span> <span class='ocrx_word' id='word_1_698' title='bbox 3015 2653 3176 2708; x_wconf 89' lang='lat' dir='ltr'><strong>Patre</strong></span> <span class='ocrx_word' id='word_1_699' title='bbox 3203 2662 3259 2709; x_wconf 88' lang='lat' dir='ltr'><strong>et</strong></span> <span class='ocrx_word' id='word_1_700' title='bbox 3285 2652 3416 2707; x_wconf 85' lang='lat' dir='ltr'><strong>Filio</strong></span> <span class='ocrx_word' id='word_1_701' title='bbox 3441 2662 3631 2708; x_wconf 86' lang='lat' dir='ltr'><strong>sanctus</strong></span> <span class='ocrx_word' id='word_1_702' title='bbox 3651 2653 3764 2707; x_wconf 77' lang='lat' dir='ltr'><strong>etiam</strong></span> 
     </span>
    </p>
   </div>
   <div class='ocr_carea' id='block_1_87' title="bbox 2256 2741 3770 2820">
    <p class='ocr_par' dir='ltr' id='par_1_87' title="bbox 2256 2741 3770 2820">
     <span class='ocr_line' id='line_1_87' title="bbox 2256 2741 3770 2820; baseline -0.004 -17"><span class='ocrx_word' id='word_1_703' title='bbox 2256 2748 2484 2820; x_wconf 79' lang='lat' dir='ltr'><strong>Spiritus</strong></span> <span class='ocrx_word' id='word_1_704' title='bbox 2518 2749 2886 2808; x_wconf 83' lang='lat' dir='ltr'><strong>mansionem;</strong></span> <span class='ocrx_word' id='word_1_705' title='bbox 2922 2747 3063 2800; x_wconf 91' lang='lat' dir='ltr'><strong>intus</strong></span> <span class='ocrx_word' id='word_1_706' title='bbox 3103 2745 3308 2816; x_wconf 82' lang='lat' dir='ltr'><strong>utique,</strong></span> <span class='ocrx_word' id='word_1_707' title='bbox 3340 2755 3572 2814; x_wconf 82' lang='lat' dir='ltr'><strong>tauquam</strong></span> <span class='ocrx_word' id='word_1_708' title='bbox 3611 2741 3770 2798; x_wconf 76' lang='lat' dir='ltr'><strong>Densis</strong></span> 
     </span>
    </p>
   </div>
   <div class='ocr_carea' id='block_1_88' title="bbox 2257 2834 3879 2913">
    <p class='ocr_par' dir='ltr' id='par_1_88' title="bbox 2257 2834 3879 2913">
     <span class='ocr_line' id='line_1_88' title="bbox 2257 2834 3879 2913; baseline -0.009 -15"><span class='ocrx_word' id='word_1_709' title='bbox 2257 2843 2456 2913; x_wconf 90' lang='lat' dir='ltr'><strong>templo</strong></span> <span class='ocrx_word' id='word_1_710' title='bbox 2481 2857 2598 2896; x_wconf 90' lang='lat' dir='ltr'><strong>suo.</strong></span> <span class='ocrx_word' id='word_1_711' title='bbox 2645 2841 2784 2894; x_wconf 85' lang='lat' dir='ltr'><strong>Deus</strong></span> <span class='ocrx_word' id='word_1_712' title='bbox 2811 2839 3064 2899; x_wconf 86' lang='lat' dir='ltr'><strong>Trinitas.</strong></span> <span class='ocrx_word' id='word_1_713' title='bbox 3092 2837 3253 2894; x_wconf 87' lang='lat' dir='ltr'><strong>Pater</strong></span> <span class='ocrx_word' id='word_1_714' title='bbox 3281 2847 3333 2892; x_wconf 92' lang='lat' dir='ltr'><strong>et</strong></span> <span class='ocrx_word' id='word_1_715' title='bbox 3363 2836 3516 2892; x_wconf 75' lang='lat' dir='ltr'><strong>Filius</strong></span> <span class='ocrx_word' id='word_1_716' title='bbox 3537 2845 3584 2891; x_wconf 88' lang='lat' dir='ltr'><strong>et</strong></span> <span class='ocrx_word' id='word_1_717' title='bbox 3604 2834 3771 2903; x_wconf 78' lang='lat' dir='ltr'><strong>Spiritus</strong></span> <span class='ocrx_word' id='word_1_718' title='bbox 3867 2875 3879 2900; x_wconf 38' lang='grc' dir='ltr'>,ι</span> 
     </span>
    </p>
   </div>
   <div class='ocr_carea' id='block_1_89' title="bbox 2259 2926 3770 2996">
    <p class='ocr_par' dir='ltr' id='par_1_89' title="bbox 2259 2926 3770 2996">
     <span class='ocr_line' id='line_1_89' title="bbox 2259 2926 3770 2996; baseline -0.009 -7"><span class='ocrx_word' id='word_1_719' title='bbox 2259 2944 2500 2996; x_wconf 77' lang='lat' dir='ltr'><strong>sanctus,</strong></span> <span class='ocrx_word' id='word_1_720' title='bbox 2526 2931 2738 2984; x_wconf 83' lang='lat' dir='ltr'><strong>veniunt</strong></span> <span class='ocrx_word' id='word_1_721' title='bbox 2759 2929 2822 2983; x_wconf 90' lang='lat' dir='ltr'><strong>ad</strong></span> <span class='ocrx_word' id='word_1_722' title='bbox 2844 2945 2961 2993; x_wconf 91' lang='lat' dir='ltr'><strong>nos,</strong></span> <span class='ocrx_word' id='word_1_723' title='bbox 2981 2929 3105 2982; x_wconf 88' lang='lat' dir='ltr'><strong>dum</strong></span> <span class='ocrx_word' id='word_1_724' title='bbox 3129 2929 3374 2983; x_wconf 79' lang='lat' dir='ltr'><strong>venimus</strong></span> <span class='ocrx_word' id='word_1_725' title='bbox 3389 2928 3451 2982; x_wconf 89' lang='lat' dir='ltr'><strong>ad</strong></span> <span class='ocrx_word' id='word_1_726' title='bbox 3467 2941 3553 2982; x_wconf 82' lang='lat' dir='ltr'><strong>eos</strong></span> <span class='ocrx_word' id='word_1_727' title='bbox 3572 2944 3582 2980; x_wconf 91' lang='lat'><strong>:</strong></span> <span class='ocrx_word' id='word_1_728' title='bbox 3611 2926 3770 2980; x_wconf 79' lang='lat' dir='ltr'><strong>veniunt</strong></span> 
     </span>
    </p>
   </div>
   <div class='ocr_carea' id='block_1_90' title="bbox 2257 3018 3770 3087">
    <p class='ocr_par' dir='ltr' id='par_1_90' title="bbox 2257 3018 3770 3087">
     <span class='ocr_line' id='line_1_90' title="bbox 2257 3018 3770 3087; baseline -0.011 -3"><span class='ocrx_word' id='word_1_729' title='bbox 2257 3025 2636 3087; x_wconf 88' lang='lat' dir='ltr'><strong>subveniendo,</strong></span> <span class='ocrx_word' id='word_1_730' title='bbox 2672 3023 2914 3077; x_wconf 83' lang='lat' dir='ltr'><strong>venimus</strong></span> <span class='ocrx_word' id='word_1_731' title='bbox 2934 3021 3274 3086; x_wconf 87' lang='lat' dir='ltr'><strong>obediendn;</strong></span> <span class='ocrx_word' id='word_1_732' title='bbox 3306 3021 3514 3076; x_wconf 83' lang='lat' dir='ltr'><strong>veniunt</strong></span> <span class='ocrx_word' id='word_1_733' title='bbox 3540 3018 3770 3074; x_wconf 78' lang='lat' dir='ltr'><strong>illuminan~</strong></span> 
     </span>
    </p>
   </div>
   <div class='ocr_carea' id='block_1_91' title="bbox 2259 3112 3772 3184">
    <p class='ocr_par' dir='ltr' id='par_1_91' title="bbox 2259 3112 3772 3184">
     <span class='ocr_line' id='line_1_91' title="bbox 2259 3112 3772 3184; baseline -0.009 -9"><span class='ocrx_word' id='word_1_734' title='bbox 2259 3120 2349 3184; x_wconf 90' lang='lat' dir='ltr'><strong>do,</strong></span> <span class='ocrx_word' id='word_1_735' title='bbox 2373 3119 2612 3173; x_wconf 80' lang='lat' dir='ltr'><strong>venimus</strong></span> <span class='ocrx_word' id='word_1_736' title='bbox 2630 3113 2889 3171; x_wconf 90' lang='lat' dir='ltr'><strong>intuendo</strong></span> <span class='ocrx_word' id='word_1_737' title='bbox 2915 3130 2928 3179; x_wconf 94' lang='lat'><strong>;</strong></span> <span class='ocrx_word' id='word_1_738' title='bbox 2963 3113 3480 3184; x_wconf 80' lang='lat' dir='ltr'><strong>veninutimplendo,</strong></span> <span class='ocrx_word' id='word_1_739' title='bbox 3503 3112 3772 3165; x_wconf 70' lang='lat' dir='ltr'><strong>renituntu-</strong></span> 
     </span>
    </p>
   </div>
   <div class='ocr_carea' id='block_1_92' title="bbox 2262 3195 3773 3280">
    <p class='ocr_par' dir='ltr' id='par_1_92' title="bbox 2262 3195 3773 3280">
     <span class='ocr_line' id='line_1_92' title="bbox 2262 3195 3773 3280; baseline -0.009 -16"><span class='ocrx_word' id='word_1_740' title='bbox 2262 3208 2455 3280; x_wconf 90' lang='lat' dir='ltr'><strong>piendo</strong></span> <span class='ocrx_word' id='word_1_741' title='bbox 2481 3227 2493 3263; x_wconf 90' lang='lat'>:</span> <span class='ocrx_word' id='word_1_742' title='bbox 2519 3216 2576 3261; x_wconf 90' lang='lat' dir='ltr'><strong>ut</strong></span> <span class='ocrx_word' id='word_1_743' title='bbox 2594 3208 2662 3261; x_wconf 88' lang='lat' dir='ltr'><strong>sit</strong></span> <span class='ocrx_word' id='word_1_744' title='bbox 2693 3205 2845 3259; x_wconf 88' lang='lat' dir='ltr'><strong>nobis</strong></span> <span class='ocrx_word' id='word_1_745' title='bbox 2871 3220 3054 3258; x_wconf 90' lang='lat' dir='ltr'><strong>eorum</strong></span> <span class='ocrx_word' id='word_1_746' title='bbox 3079 3218 3187 3257; x_wconf 90' lang='lat' dir='ltr'><strong>non</strong></span> <span class='ocrx_word' id='word_1_747' title='bbox 3219 3203 3446 3259; x_wconf 76' lang='lat' dir='ltr'><strong>extraria</strong></span> <span class='ocrx_word' id='word_1_748' title='bbox 3475 3201 3608 3266; x_wconf 89' lang='lat' dir='ltr'><strong>visio,</strong></span> <span class='ocrx_word' id='word_1_749' title='bbox 3627 3195 3773 3253; x_wconf 61' lang='lat' dir='ltr'><strong>sedne</strong></span> 
     </span>
    </p>
   </div>
   <div class='ocr_carea' id='block_1_93' title="bbox 2259 3284 3768 3360">
    <p class='ocr_par' dir='ltr' id='par_1_93' title="bbox 2259 3284 3768 3360">
     <span class='ocr_line' id='line_1_93' title="bbox 2259 3284 3768 3360; baseline -0.009 -5"><span class='ocrx_word' id='word_1_750' title='bbox 2259 3310 2408 3355; x_wconf 88' lang='lat' dir='ltr'><strong>terna</strong></span> <span class='ocrx_word' id='word_1_751' title='bbox 2433 3317 2447 3360; x_wconf 87' lang='lat'><strong>;</strong></span> <span class='ocrx_word' id='word_1_752' title='bbox 2477 3297 2600 3351; x_wconf 86' lang='lat' dir='ltr'><strong>etin</strong></span> <span class='ocrx_word' id='word_1_753' title='bbox 2634 3297 2783 3350; x_wconf 84' lang='lat' dir='ltr'><strong>nobis</strong></span> <span class='ocrx_word' id='word_1_754' title='bbox 2807 3310 2988 3350; x_wconf 89' lang='lat' dir='ltr'><strong>cormn</strong></span> <span class='ocrx_word' id='word_1_755' title='bbox 3016 3308 3120 3348; x_wconf 92' lang='lat' dir='ltr'><strong>non</strong></span> <span class='ocrx_word' id='word_1_756' title='bbox 3157 3294 3457 3349; x_wconf 88' lang='lat' dir='ltr'><strong>transitoria</strong></span> <span class='ocrx_word' id='word_1_757' title='bbox 3487 3292 3677 3354; x_wconf 88' lang='lat' dir='ltr'><strong>mansio,</strong></span> <span class='ocrx_word' id='word_1_758' title='bbox 3703 3284 3768 3341; x_wconf 77' lang='lat' dir='ltr'><strong>sed</strong></span> 
     </span>
    </p>
   </div>
   <div class='ocr_carea' id='block_1_94' title="bbox 2261 3377 3877 3460">
    <p class='ocr_par' dir='ltr' id='par_1_94' title="bbox 2261 3377 3877 3460">
     <span class='ocr_line' id='line_1_94' title="bbox 2261 3377 3877 3460; baseline -0.011 -12"><span class='ocrx_word' id='word_1_759' title='bbox 2261 3403 2481 3448; x_wconf 64' lang='lat' dir='ltr'><strong>interna.</strong></span> <span class='ocrx_word' id='word_1_760' title='bbox 2511 3391 2600 3446; x_wconf 90' lang='lat' dir='ltr'><strong>Sic</strong></span> <span class='ocrx_word' id='word_1_761' title='bbox 2632 3389 2828 3443; x_wconf 87' lang='lat' dir='ltr'><strong>tmmdo</strong></span> <span class='ocrx_word' id='word_1_762' title='bbox 2859 3401 2961 3441; x_wconf 88' lang='lat' dir='ltr'><strong>non</strong></span> <span class='ocrx_word' id='word_1_763' title='bbox 2991 3401 3050 3440; x_wconf 86' lang='lat' dir='ltr'><strong>se</strong></span> <span class='ocrx_word' id='word_1_764' title='bbox 3077 3385 3246 3442; x_wconf 86' lang='lat' dir='ltr'><strong>Filius</strong></span> <span class='ocrx_word' id='word_1_765' title='bbox 3275 3385 3588 3442; x_wconf 86' lang='lat' dir='ltr'><strong>manifestat:</strong></span> <span class='ocrx_word' id='word_1_766' title='bbox 3607 3377 3775 3437; x_wconf 84' lang='lat' dir='ltr'><strong>mundus</strong></span> <span class='ocrx_word' id='word_1_767' title='bbox 3871 3385 3877 3460; x_wconf 55' lang='grc' dir='ltr'><strong>ι</strong></span> 
     </span>
    </p>
   </div>
   <div class='ocr_carea' id='block_1_95' title="bbox 2261 3471 3774 3548">
    <p class='ocr_par' dir='ltr' id='par_1_95' title="bbox 2261 3471 3774 3548">
     <span class='ocr_line' id='line_1_95' title="bbox 2261 3471 3774 3548; baseline -0.008 -9"><span class='ocrx_word' id='word_1_768' title='bbox 2261 3483 2401 3539; x_wconf 89' lang='lat' dir='ltr'><strong>enim</strong></span> <span class='ocrx_word' id='word_1_769' title='bbox 2433 3483 2603 3538; x_wconf 91' lang='lat' dir='ltr'><strong>dictus</strong></span> <span class='ocrx_word' id='word_1_770' title='bbox 2629 3488 2708 3534; x_wconf 81' lang='lat' dir='ltr'><strong>est</strong></span> <span class='ocrx_word' id='word_1_771' title='bbox 2746 3479 2845 3533; x_wconf 86' lang='lat' dir='ltr'><strong>huc</strong></span> <span class='ocrx_word' id='word_1_772' title='bbox 2873 3479 3010 3546; x_wconf 86' lang='lat' dir='ltr'><strong>loco,</strong></span> <span class='ocrx_word' id='word_1_773' title='bbox 3031 3478 3098 3534; x_wconf 90' lang='lat' dir='ltr'><strong>de</strong></span> <span class='ocrx_word' id='word_1_774' title='bbox 3124 3479 3323 3548; x_wconf 88' lang='lat' dir='ltr'><strong>quibus</strong></span> <span class='ocrx_word' id='word_1_775' title='bbox 3350 3477 3588 3533; x_wconf 88' lang='lat' dir='ltr'><strong>continuo</strong></span> <span class='ocrx_word' id='word_1_776' title='bbox 3611 3471 3774 3540; x_wconf 77' lang='lat' dir='ltr'><strong>subjun-</strong></span> 
     </span>
    </p>
   </div>
   <div class='ocr_carea' id='block_1_96' title="bbox 2264 3558 3772 3643">
    <p class='ocr_par' dir='ltr' id='par_1_96' title="bbox 2264 3558 3772 3643">
     <span class='ocr_line' id='line_1_96' title="bbox 2264 3558 3772 3643; baseline -0.007 -15"><span class='ocrx_word' id='word_1_777' title='bbox 2264 3577 2358 3642; x_wconf 81' lang='lat' dir='ltr'><strong>xit,</strong></span> <span class='ocrx_word' id='word_1_778' title='bbox 2389 3575 2490 3642; x_wconf 91' lang='lat' dir='ltr'><strong>Qui</strong></span> <span class='ocrx_word' id='word_1_779' title='bbox 2523 3592 2620 3627; x_wconf 89' lang='lat' dir='ltr'><strong>non</strong></span> <span class='ocrx_word' id='word_1_780' title='bbox 2643 3572 2812 3643; x_wconf 84' lang='lat' dir='ltr'><strong>diligit</strong></span> <span class='ocrx_word' id='word_1_781' title='bbox 2843 3587 2939 3637; x_wconf 88' lang='lat' dir='ltr'><strong>me,</strong></span> <span class='ocrx_word' id='word_1_782' title='bbox 2977 3587 3234 3624; x_wconf 89' lang='lat' dir='ltr'><strong>sermones</strong></span> <span class='ocrx_word' id='word_1_783' title='bbox 3260 3586 3397 3624; x_wconf 83' lang='lat' dir='ltr'><strong>meos</strong></span> <span class='ocrx_word' id='word_1_784' title='bbox 3440 3585 3534 3622; x_wconf 86' lang='lat' dir='ltr'><strong>non</strong></span> <span class='ocrx_word' id='word_1_785' title='bbox 3565 3573 3709 3622; x_wconf 72' lang='lat' dir='ltr'><strong>servat.</strong></span> <span class='ocrx_word' id='word_1_786' title='bbox 3728 3558 3772 3615; x_wconf 79' lang='lat' dir='ltr'><strong>lli</strong></span> 
     </span>
    </p>
   </div>
   <div class='ocr_carea' id='block_1_97' title="bbox 2263 3654 3771 3737">
    <p class='ocr_par' dir='ltr' id='par_1_97' title="bbox 2263 3654 3771 3737">
     <span class='ocr_line' id='line_1_97' title="bbox 2263 3654 3771 3737; baseline -0.013 -15"><span class='ocrx_word' id='word_1_787' title='bbox 2263 3677 2385 3722; x_wconf 85' lang='lat' dir='ltr'><strong>Sunt</strong></span> <span class='ocrx_word' id='word_1_788' title='bbox 2411 3667 2497 3737; x_wconf 88' lang='lat' dir='ltr'><strong>qtti</strong></span> <span class='ocrx_word' id='word_1_789' title='bbox 2524 3667 2732 3720; x_wconf 79' lang='lat' dir='ltr'><strong>Patrem</strong></span> <span class='ocrx_word' id='word_1_790' title='bbox 2753 3673 2802 3716; x_wconf 87' lang='lat' dir='ltr'><strong>et</strong></span> <span class='ocrx_word' id='word_1_791' title='bbox 2820 3661 3074 3733; x_wconf 85' lang='lat' dir='ltr'><strong>Spiritum</strong></span> <span class='ocrx_word' id='word_1_792' title='bbox 3088 3671 3332 3718; x_wconf 90' lang='lat' dir='ltr'><strong>sanctum</strong></span> <span class='ocrx_word' id='word_1_793' title='bbox 3353 3673 3597 3730; x_wconf 88' lang='lat' dir='ltr'><strong>nunquam</strong></span> <span class='ocrx_word' id='word_1_794' title='bbox 3613 3654 3771 3708; x_wconf 85' lang='lat' dir='ltr'><strong>vident:</strong></span> 
     </span>
    </p>
   </div>
   <div class='ocr_carea' id='block_1_98' title="bbox 2268 3747 3772 3821">
    <p class='ocr_par' dir='ltr' id='par_1_98' title="bbox 2268 3747 3772 3821">
     <span class='ocr_line' id='line_1_98' title="bbox 2268 3747 3772 3821; baseline -0.006 -8"><span class='ocrx_word' id='word_1_795' title='bbox 2268 3760 2459 3813; x_wconf 79' lang='lat' dir='ltr'><strong>Filium</strong></span> <span class='ocrx_word' id='word_1_796' title='bbox 2488 3768 2664 3811; x_wconf 76' lang='lat' dir='ltr'><strong>autem</strong></span> <span class='ocrx_word' id='word_1_797' title='bbox 2690 3772 2791 3809; x_wconf 89' lang='lat' dir='ltr'><strong>non</strong></span> <span class='ocrx_word' id='word_1_798' title='bbox 2825 3763 2881 3808; x_wconf 89' lang='lat' dir='ltr'><strong>ut</strong></span> <span class='ocrx_word' id='word_1_799' title='bbox 2919 3755 3312 3821; x_wconf 84' lang='lat' dir='ltr'><strong>beatificcntur,</strong></span> <span class='ocrx_word' id='word_1_800' title='bbox 3340 3751 3430 3807; x_wconf 83' lang='lat' dir='ltr'><strong>sed</strong></span> <span class='ocrx_word' id='word_1_801' title='bbox 3450 3762 3499 3806; x_wconf 91' lang='lat' dir='ltr'><strong>ut</strong></span> <span class='ocrx_word' id='word_1_802' title='bbox 3519 3747 3772 3821; x_wconf 73' lang='lat' dir='ltr'><strong>jtulicentttr.</strong></span> 
     </span>
    </p>
   </div>
   <div class='ocr_carea' id='block_1_99' title="bbox 2264 3837 3774 3914">
    <p class='ocr_par' dir='ltr' id='par_1_99' title="bbox 2264 3837 3774 3914">
     <span class='ocr_line' id='line_1_99' title="bbox 2264 3837 3774 3914; baseline -0.011 -9"><span class='ocrx_word' id='word_1_803' title='bbox 2264 3851 2329 3906; x_wconf 89' lang='lat' dir='ltr'><strong>ad</strong></span> <span class='ocrx_word' id='word_1_804' title='bbox 2370 3850 2632 3904; x_wconf 84' lang='lat' dir='ltr'><strong>modicum</strong></span> <span class='ocrx_word' id='word_1_805' title='bbox 2659 3847 2877 3908; x_wconf 70' lang='lat' dir='ltr'><strong>vident;</strong></span> <span class='ocrx_word' id='word_1_806' title='bbox 2911 3861 3010 3900; x_wconf 89' lang='lat' dir='ltr'><strong>nec</strong></span> <span class='ocrx_word' id='word_1_807' title='bbox 3040 3845 3212 3914; x_wconf 90' lang='lat' dir='ltr'><strong>ipsum</strong></span> <span class='ocrx_word' id='word_1_808' title='bbox 3239 3845 3292 3899; x_wconf 93' lang='lat' dir='ltr'><strong>in</strong></span> <span class='ocrx_word' id='word_1_809' title='bbox 3323 3844 3480 3898; x_wconf 87' lang='lat' dir='ltr'><strong>forma</strong></span> <span class='ocrx_word' id='word_1_810' title='bbox 3513 3841 3610 3901; x_wconf 84' lang='lat' dir='ltr'><strong>Dei,</strong></span> <span class='ocrx_word' id='word_1_811' title='bbox 3635 3837 3702 3891; x_wconf 84' lang='lat' dir='ltr'><strong>ubi</strong></span> <span class='ocrx_word' id='word_1_812' title='bbox 3719 3840 3774 3889; x_wconf 73' lang='grc' dir='ltr'><strong>εει</strong></span> 
     </span>
    </p>
   </div>
   <div class='ocr_carea' id='block_1_100' title="bbox 2265 3924 3773 4010">
    <p class='ocr_par' dir='ltr' id='par_1_100' title="bbox 2265 3924 3773 4010">
     <span class='ocr_line' id='line_1_100' title="bbox 2265 3924 3773 4010; baseline -0.012 -12"><span class='ocrx_word' id='word_1_813' title='bbox 2265 3959 2384 3998; x_wconf 92' lang='lat' dir='ltr'><strong>cum</strong></span> <span class='ocrx_word' id='word_1_814' title='bbox 2415 3943 2570 3997; x_wconf 81' lang='lat' dir='ltr'><strong>l’atre</strong></span> <span class='ocrx_word' id='word_1_815' title='bbox 2601 3953 2652 3996; x_wconf 90' lang='lat' dir='ltr'><strong>et.</strong></span> <span class='ocrx_word' id='word_1_816' title='bbox 2682 3939 2879 4010; x_wconf 88' lang='lat' dir='ltr'><strong>Spiritu</strong></span> <span class='ocrx_word' id='word_1_817' title='bbox 2906 3946 3090 3992; x_wconf 90' lang='lat' dir='ltr'><strong>sancto</strong></span> <span class='ocrx_word' id='word_1_818' title='bbox 3110 3938 3312 4008; x_wconf 87' lang='lat' dir='ltr'><strong>pariter</strong></span> <span class='ocrx_word' id='word_1_819' title='bbox 3338 3934 3623 3996; x_wconf 82' lang='lat' dir='ltr'><strong>invisibilis;</strong></span> <span class='ocrx_word' id='word_1_820' title='bbox 3648 3927 3718 3983; x_wconf 83' lang='lat' dir='ltr'><strong>sed</strong></span> <span class='ocrx_word' id='word_1_821' title='bbox 3737 3924 3773 3980; x_wconf 86' lang='lat' dir='ltr'><strong>in</strong></span> 
     </span>
    </p>
   </div>
   <div class='ocr_carea' id='block_1_101' title="bbox 2267 4023 3773 4098">
    <p class='ocr_par' dir='ltr' id='par_1_101' title="bbox 2267 4023 3773 4098">
     <span class='ocr_line' id='line_1_101' title="bbox 2267 4023 3773 4098; baseline -0.013 -7"><span class='ocrx_word' id='word_1_822' title='bbox 2267 4037 2434 4091; x_wconf 87' lang='lat' dir='ltr'><strong>forma</strong></span> <span class='ocrx_word' id='word_1_823' title='bbox 2465 4033 2714 4096; x_wconf 80' lang='lat' dir='ltr'><strong>hominis,</strong></span> <span class='ocrx_word' id='word_1_824' title='bbox 2749 4031 2835 4085; x_wconf 91' lang='lat' dir='ltr'><strong>ubi</strong></span> <span class='ocrx_word' id='word_1_825' title='bbox 2857 4046 2977 4086; x_wconf 88' lang='lat' dir='ltr'><strong>esse</strong></span> <span class='ocrx_word' id='word_1_826' title='bbox 3008 4028 3174 4083; x_wconf 73' lang='lat' dir='ltr'><strong>voluit</strong></span> <span class='ocrx_word' id='word_1_827' title='bbox 3205 4028 3404 4083; x_wconf 91' lang='lat' dir='ltr'><strong>mundo</strong></span> <span class='ocrx_word' id='word_1_828' title='bbox 3443 4023 3661 4098; x_wconf 88' lang='lat' dir='ltr'><strong>patiendo</strong></span> <span class='ocrx_word' id='word_1_829' title='bbox 3681 4031 3773 4074; x_wconf 83' lang='lat' dir='ltr'><strong>cott-</strong></span> 
     </span>
    </p>
   </div>
   <div class='ocr_carea' id='block_1_102' title="bbox 2271 4121 3208 4199">
    <p class='ocr_par' dir='ltr' id='par_1_102' title="bbox 2271 4121 3208 4199">
     <span class='ocr_line' id='line_1_102' title="bbox 2271 4121 3208 4199; baseline -0.009 -15"><span class='ocrx_word' id='word_1_830' title='bbox 2271 4128 2599 4199; x_wconf 87' lang='lat' dir='ltr'><strong>temptibilis,</strong></span> <span class='ocrx_word' id='word_1_831' title='bbox 2625 4123 2909 4192; x_wconf 87' lang='lat' dir='ltr'><strong>judicaudo</strong></span> <span class='ocrx_word' id='word_1_832' title='bbox 2938 4121 3208 4178; x_wconf 89' lang='lat' dir='ltr'><strong>terribilis.</strong></span> 
     </span>
    </p>
   </div>
   <div class='ocr_carea' id='block_1_103' title="bbox 2339 4203 3774 4285">
    <p class='ocr_par' dir='ltr' id='par_1_103' title="bbox 2339 4203 3774 4285">
     <span class='ocr_line' id='line_1_103' title="bbox 2339 4203 3774 4285; baseline -0.017 -10"><span class='ocrx_word' id='word_1_833' title='bbox 2339 4221 2391 4275; x_wconf 83' lang='grc'><strong>5.</strong></span> <span class='ocrx_word' id='word_1_834' title='bbox 2421 4217 2572 4285; x_wconf 75' lang='lat' dir='ltr'><strong>Qttud</strong></span> <span class='ocrx_word' id='word_1_835' title='bbox 2596 4231 2721 4270; x_wconf 73' lang='lat' dir='ltr'><strong>vero</strong></span> <span class='ocrx_word' id='word_1_836' title='bbox 2747 4214 3006 4283; x_wconf 78' lang='lat' dir='ltr'><strong>adjtmxit,</strong></span> <span class='ocrx_word' id='word_1_837' title='bbox 3038 4212 3105 4265; x_wconf 85' lang='lat' dir='ltr'><strong>Et</strong></span> <span class='ocrx_word' id='word_1_838' title='bbox 3130 4228 3295 4266; x_wconf 82' lang='lat' dir='ltr'><strong>sermo</strong></span> <span class='ocrx_word' id='word_1_839' title='bbox 3330 4227 3471 4282; x_wconf 84' lang='lat' dir='ltr'><strong>quem</strong></span> <span class='ocrx_word' id='word_1_840' title='bbox 3507 4203 3686 4262; x_wconf 78' lang='lat' dir='ltr'><strong>audistis</strong></span> <span class='ocrx_word' id='word_1_841' title='bbox 3705 4213 3774 4253; x_wconf 73' lang='lat' dir='ltr'><strong>nos</strong></span> 
     </span>
    </p>
   </div>
   <div class='ocr_carea' id='block_1_104' title="bbox 2269 4297 3771 4376">
    <p class='ocr_par' dir='ltr' id='par_1_104' title="bbox 2269 4297 3771 4376">
     <span class='ocr_line' id='line_1_104' title="bbox 2269 4297 3771 4376; baseline -0.009 -10"><span class='ocrx_word' id='word_1_842' title='bbox 2269 4320 2339 4366; x_wconf 90' lang='lat' dir='ltr'><strong>est</strong></span> <span class='ocrx_word' id='word_1_843' title='bbox 2371 4328 2528 4374; x_wconf 86' lang='lat' dir='ltr'><strong>meus,</strong></span> <span class='ocrx_word' id='word_1_844' title='bbox 2561 4309 2648 4362; x_wconf 86' lang='lat' dir='ltr'><strong>scd</strong></span> <span class='ocrx_word' id='word_1_845' title='bbox 2664 4308 2770 4374; x_wconf 82' lang='lat' dir='ltr'><strong>eius</strong></span> <span class='ocrx_word' id='word_1_846' title='bbox 2795 4305 2880 4376; x_wconf 89' lang='lat' dir='ltr'><strong>qui</strong></span> <span class='ocrx_word' id='word_1_847' title='bbox 2900 4305 3032 4358; x_wconf 90' lang='lat' dir='ltr'><strong>misit</strong></span> <span class='ocrx_word' id='word_1_848' title='bbox 3049 4320 3146 4367; x_wconf 86' lang='lat' dir='ltr'><strong>nte,</strong></span> <span class='ocrx_word' id='word_1_849' title='bbox 3191 4301 3364 4357; x_wconf 85' lang='lat' dir='ltr'><strong>Patris</strong></span> <span class='ocrx_word' id='word_1_850' title='bbox 3393 4319 3412 4366; x_wconf 87' lang='lat'><strong>;</strong></span> <span class='ocrx_word' id='word_1_851' title='bbox 3441 4315 3536 4355; x_wconf 89' lang='lat' dir='ltr'><strong>non</strong></span> <span class='ocrx_word' id='word_1_852' title='bbox 3562 4297 3771 4353; x_wconf 71' lang='lat' dir='ltr'><strong>miretntll&#39;.</strong></span> 
     </span>
    </p>
   </div>
   <div class='ocr_carea' id='block_1_105' title="bbox 2271 4381 3774 4475">
    <p class='ocr_par' dir='ltr' id='par_1_105' title="bbox 2271 4381 3774 4475">
     <span class='ocr_line' id='line_1_105' title="bbox 2271 4381 3774 4475; baseline -0.012 -15"><span class='ocrx_word' id='word_1_853' title='bbox 2271 4421 2374 4460; x_wconf 85' lang='lat' dir='ltr'><strong>non</strong></span> <span class='ocrx_word' id='word_1_854' title='bbox 2396 4419 2680 4475; x_wconf 70' lang='lat' dir='ltr'><strong>pareamus</strong></span> <span class='ocrx_word' id='word_1_855' title='bbox 2704 4419 2716 4458; x_wconf 90' lang='lat'>:</span> <span class='ocrx_word' id='word_1_856' title='bbox 2743 4417 2848 4455; x_wconf 90' lang='lat' dir='ltr'><strong>non</strong></span> <span class='ocrx_word' id='word_1_857' title='bbox 2879 4409 2960 4454; x_wconf 84' lang='lat' dir='ltr'><strong>est</strong></span> <span class='ocrx_word' id='word_1_858' title='bbox 2988 4399 3162 4453; x_wconf 87' lang='lat' dir='ltr'><strong>minor</strong></span> <span class='ocrx_word' id='word_1_859' title='bbox 3189 4398 3365 4463; x_wconf 88' lang='lat' dir='ltr'><strong>Patre,</strong></span> <span class='ocrx_word' id='word_1_860' title='bbox 3394 4396 3481 4450; x_wconf 88' lang='lat' dir='ltr'><strong>sed</strong></span> <span class='ocrx_word' id='word_1_861' title='bbox 3507 4408 3596 4447; x_wconf 91' lang='lat' dir='ltr'><strong>non</strong></span> <span class='ocrx_word' id='word_1_862' title='bbox 3620 4396 3686 4444; x_wconf 80' lang='lat' dir='ltr'><strong>est</strong></span> <span class='ocrx_word' id='word_1_863' title='bbox 3706 4381 3774 4437; x_wconf 75' lang='grc' dir='ltr'><strong>υἱεῖ</strong></span> 
     </span>
    </p>
   </div>
   <div class='ocr_carea' id='block_1_106' title="bbox 2271 4478 3772 4561">
    <p class='ocr_par' dir='ltr' id='par_1_106' title="bbox 2271 4478 3772 4561">
     <span class='ocr_line' id='line_1_106' title="bbox 2271 4478 3772 4561; baseline -0.016 -9"><span class='ocrx_word' id='word_1_864' title='bbox 2271 4512 2299 4552; x_wconf 90' lang='lat' dir='ltr'><strong>a</strong></span> <span class='ocrx_word' id='word_1_865' title='bbox 2326 4498 2520 4561; x_wconf 79' lang='lat' dir='ltr'><strong>Patre;</strong></span> <span class='ocrx_word' id='word_1_866' title='bbox 2553 4511 2655 4548; x_wconf 87' lang='lat' dir='ltr'><strong>non</strong></span> <span class='ocrx_word' id='word_1_867' title='bbox 2683 4506 2764 4547; x_wconf 87' lang='lat' dir='ltr'><strong>est</strong></span> <span class='ocrx_word' id='word_1_868' title='bbox 2794 4493 2964 4561; x_wconf 88' lang='lat' dir='ltr'><strong>impar</strong></span> <span class='ocrx_word' id='word_1_869' title='bbox 3013 4491 3147 4560; x_wconf 85' lang='lat' dir='ltr'><strong>ipso,</strong></span> <span class='ocrx_word' id='word_1_870' title='bbox 3177 4488 3271 4544; x_wconf 88' lang='lat' dir='ltr'><strong>sed</strong></span> <span class='ocrx_word' id='word_1_871' title='bbox 3321 4504 3421 4543; x_wconf 90' lang='lat' dir='ltr'><strong>non</strong></span> <span class='ocrx_word' id='word_1_872' title='bbox 3464 4491 3538 4539; x_wconf 87' lang='lat' dir='ltr'><strong>est</strong></span> <span class='ocrx_word' id='word_1_873' title='bbox 3573 4497 3601 4536; x_wconf 88' lang='lat' dir='ltr'><strong>a</strong></span> <span class='ocrx_word' id='word_1_874' title='bbox 3631 4478 3772 4547; x_wconf 77' lang='lat' dir='ltr'><strong>seipse.</strong></span> 
     </span>
    </p>
   </div>
   <div class='ocr_carea' id='block_1_107' title="bbox 2270 4572 3772 4658">
    <p class='ocr_par' dir='ltr' id='par_1_107' title="bbox 2270 4572 3772 4658">
     <span class='ocr_line' id='line_1_107' title="bbox 2270 4572 3772 4658; baseline -0.012 -14"><span class='ocrx_word' id='word_1_875' title='bbox 2270 4588 2450 4658; x_wconf 85' lang='lat' dir='ltr'><strong>Neque</strong></span> <span class='ocrx_word' id='word_1_876' title='bbox 2465 4587 2604 4643; x_wconf 90' lang='lat' dir='ltr'><strong>enim</strong></span> <span class='ocrx_word' id='word_1_877' title='bbox 2638 4585 2888 4640; x_wconf 84' lang='lat' dir='ltr'><strong>mentitus</strong></span> <span class='ocrx_word' id='word_1_878' title='bbox 2915 4593 2998 4638; x_wconf 90' lang='lat' dir='ltr'><strong>est</strong></span> <span class='ocrx_word' id='word_1_879' title='bbox 3025 4583 3275 4648; x_wconf 87' lang='lat' dir='ltr'><strong>dicendo,</strong></span> <span class='ocrx_word' id='word_1_880' title='bbox 3309 4581 3408 4648; x_wconf 85' lang='lat' dir='ltr'><strong>Qui</strong></span> <span class='ocrx_word' id='word_1_881' title='bbox 3433 4594 3525 4632; x_wconf 84' lang='lat' dir='ltr'><strong>non</strong></span> <span class='ocrx_word' id='word_1_882' title='bbox 3545 4572 3681 4641; x_wconf 82' lang='lat' dir='ltr'><strong>diligit</strong></span> <span class='ocrx_word' id='word_1_883' title='bbox 3707 4581 3772 4626; x_wconf 74' lang='lat' dir='ltr'><strong>mt.</strong></span> 
     </span>
    </p>
   </div>
   <div class='ocr_carea' id='block_1_108' title="bbox 2271 4672 3776 4736">
    <p class='ocr_par' dir='ltr' id='par_1_108' title="bbox 2271 4672 3776 4736">
     <span class='ocr_line' id='line_1_108' title="bbox 2271 4672 3776 4736; baseline -0.019 -1"><span class='ocrx_word' id='word_1_884' title='bbox 2271 4697 2520 4736; x_wconf 79' lang='lat' dir='ltr'><strong>sermones</strong></span> <span class='ocrx_word' id='word_1_885' title='bbox 2541 4696 2673 4732; x_wconf 77' lang='lat' dir='ltr'><strong>meos</strong></span> <span class='ocrx_word' id='word_1_886' title='bbox 2701 4695 2799 4731; x_wconf 86' lang='lat' dir='ltr'><strong>non</strong></span> <span class='ocrx_word' id='word_1_887' title='bbox 2825 4685 3006 4730; x_wconf 79' lang='lat' dir='ltr'><strong>servat.</strong></span> <span class='ocrx_word' id='word_1_888' title='bbox 3041 4675 3176 4729; x_wconf 86' lang='lat' dir='ltr'><strong>Ecce</strong></span> <span class='ocrx_word' id='word_1_889' title='bbox 3202 4690 3329 4728; x_wconf 91' lang='lat' dir='ltr'><strong>suos</strong></span> <span class='ocrx_word' id='word_1_890' title='bbox 3353 4672 3480 4726; x_wconf 70' lang='lat' dir='ltr'><strong>dixit</strong></span> <span class='ocrx_word' id='word_1_891' title='bbox 3499 4681 3602 4723; x_wconf 85' lang='lat' dir='ltr'><strong>esse</strong></span> <span class='ocrx_word' id='word_1_892' title='bbox 3629 4672 3776 4717; x_wconf 77' lang='lat' dir='ltr'><strong>serum-</strong></span> 
     </span>
    </p>
   </div>
   <div class='ocr_carea' id='block_1_109' title="bbox 2273 4748 3775 4839">
    <p class='ocr_par' dir='ltr' id='par_1_109' title="bbox 2273 4748 3775 4839">
     <span class='ocr_line' id='line_1_109' title="bbox 2273 4748 3775 4839; baseline -0.016 -12"><span class='ocrx_word' id='word_1_893' title='bbox 2273 4788 2402 4834; x_wconf 88' lang='lat' dir='ltr'><strong>nes;</strong></span> <span class='ocrx_word' id='word_1_894' title='bbox 2436 4769 2686 4839; x_wconf 89' lang='lat' dir='ltr'><strong>nmnquid</strong></span> <span class='ocrx_word' id='word_1_895' title='bbox 2715 4768 2813 4823; x_wconf 86' lang='lat' dir='ltr'><strong>sibi</strong></span> <span class='ocrx_word' id='word_1_896' title='bbox 2844 4769 2956 4837; x_wconf 67' lang='lat' dir='ltr'><strong>ipse</strong></span> <span class='ocrx_word' id='word_1_897' title='bbox 2988 4775 3070 4821; x_wconf 90' lang='lat' dir='ltr'><strong>est</strong></span> <span class='ocrx_word' id='word_1_898' title='bbox 3099 4764 3416 4827; x_wconf 89' lang='lat' dir='ltr'><strong>contrarius,</strong></span> <span class='ocrx_word' id='word_1_899' title='bbox 3449 4761 3527 4814; x_wconf 91' lang='lat' dir='ltr'><strong>ubi</strong></span> <span class='ocrx_word' id='word_1_900' title='bbox 3552 4767 3700 4811; x_wconf 74' lang='lat' dir='ltr'><strong>ruistis</strong></span> <span class='ocrx_word' id='word_1_901' title='bbox 3718 4748 3775 4800; x_wconf 37' lang='lat' dir='ltr'><strong>die</strong></span> 
     </span>
    </p>
   </div>
   <div class='ocr_carea' id='block_1_110' title="bbox 2277 4844 3776 4931">
    <p class='ocr_par' dir='ltr' id='par_1_110' title="bbox 2277 4844 3776 4931">
     <span class='ocr_line' id='line_1_110' title="bbox 2277 4844 3776 4931; baseline -0.019 -12"><span class='ocrx_word' id='word_1_902' title='bbox 2277 4867 2370 4930; x_wconf 80' lang='lat' dir='ltr'><strong>xit,</strong></span> <span class='ocrx_word' id='word_1_903' title='bbox 2410 4864 2472 4918; x_wconf 73' lang='lat' dir='ltr'><strong>Et</strong></span> <span class='ocrx_word' id='word_1_904' title='bbox 2497 4880 2657 4917; x_wconf 83' lang='lat' dir='ltr'><strong>sermo</strong></span> <span class='ocrx_word' id='word_1_905' title='bbox 2687 4878 2830 4931; x_wconf 90' lang='lat' dir='ltr'><strong>quem</strong></span> <span class='ocrx_word' id='word_1_906' title='bbox 2858 4858 3069 4912; x_wconf 84' lang='lat' dir='ltr'><strong>audistis</strong></span> <span class='ocrx_word' id='word_1_907' title='bbox 3097 4875 3194 4910; x_wconf 87' lang='lat' dir='ltr'><strong>non</strong></span> <span class='ocrx_word' id='word_1_908' title='bbox 3221 4867 3294 4911; x_wconf 86' lang='lat' dir='ltr'><strong>est</strong></span> <span class='ocrx_word' id='word_1_909' title='bbox 3335 4852 3502 4909; x_wconf 79' lang='lat' dir='ltr'><strong>meus?</strong></span> <span class='ocrx_word' id='word_1_910' title='bbox 3529 4851 3583 4905; x_wconf 83' lang='lat' dir='ltr'><strong>Et</strong></span> <span class='ocrx_word' id='word_1_911' title='bbox 3611 4844 3776 4900; x_wconf 60' lang='lat' dir='ltr'><strong>fortasse</strong></span> 
     </span>
    </p>
   </div>
   <div class='ocr_carea' id='block_1_111' title="bbox 2273 4926 3774 5029">
    <p class='ocr_par' dir='ltr' id='par_1_111' title="bbox 2273 4926 3774 5029">
     <span class='ocr_line' id='line_1_111' title="bbox 2273 4926 3774 5029; baseline -0.013 -19"><span class='ocrx_word' id='word_1_912' title='bbox 2273 4967 2488 5029; x_wconf 85' lang='lat' dir='ltr'><strong>propter</strong></span> <span class='ocrx_word' id='word_1_913' title='bbox 2509 4955 2738 5024; x_wconf 84' lang='lat' dir='ltr'><strong>aliquant</strong></span> <span class='ocrx_word' id='word_1_914' title='bbox 2783 4951 3201 5014; x_wconf 89' lang='lat' dir='ltr'><strong>distinctionem,</strong></span> <span class='ocrx_word' id='word_1_915' title='bbox 3249 4949 3334 5003; x_wconf 91' lang='lat' dir='ltr'><strong>ubi</strong></span> <span class='ocrx_word' id='word_1_916' title='bbox 3382 4959 3499 5000; x_wconf 83' lang='lat' dir='ltr'><strong>suos</strong></span> <span class='ocrx_word' id='word_1_917' title='bbox 3523 4940 3650 5000; x_wconf 78' lang='lat' dir='ltr'><strong>dixit,</strong></span> <span class='ocrx_word' id='word_1_918' title='bbox 3683 4926 3774 4984; x_wconf 64' lang='lat' dir='ltr'><strong>(lilii</strong></span> 
     </span>
    </p>
   </div>
   <div class='ocr_carea' id='block_1_112' title="bbox 2275 5036 3771 5122">
    <p class='ocr_par' dir='ltr' id='par_1_112' title="bbox 2275 5036 3771 5122">
     <span class='ocr_line' id='line_1_112' title="bbox 2275 5036 3771 5122; baseline -0.023 -18"><span class='ocrx_word' id='word_1_919' title='bbox 2275 5051 2566 5122; x_wconf 89' lang='lat' dir='ltr'><strong>pluraliter,</strong></span> <span class='ocrx_word' id='word_1_920' title='bbox 2619 5048 2719 5102; x_wconf 90' lang='lat' dir='ltr'><strong>hoc</strong></span> <span class='ocrx_word' id='word_1_921' title='bbox 2765 5055 2848 5101; x_wconf 91' lang='lat' dir='ltr'><strong>est</strong></span> <span class='ocrx_word' id='word_1_922' title='bbox 2894 5060 3182 5108; x_wconf 81' lang='lat' dir='ltr'><strong>sermones;</strong></span> <span class='ocrx_word' id='word_1_923' title='bbox 3212 5042 3299 5097; x_wconf 93' lang='lat' dir='ltr'><strong>ubi</strong></span> <span class='ocrx_word' id='word_1_924' title='bbox 3339 5049 3505 5093; x_wconf 90' lang='lat' dir='ltr'><strong>autem</strong></span> <span class='ocrx_word' id='word_1_925' title='bbox 3543 5036 3771 5087; x_wconf 73' lang='lat' dir='ltr'><strong>scrutantur.</strong></span> 
     </span>
    </p>
   </div>
   <div class='ocr_carea' id='block_1_113' title="bbox 2274 5118 3772 5202">
    <p class='ocr_par' dir='ltr' id='par_1_113' title="bbox 2274 5118 3772 5202">
     <span class='ocr_line' id='line_1_113' title="bbox 2274 5118 3772 5202; baseline -0.012 -5"><span class='ocrx_word' id='word_1_926' title='bbox 2274 5143 2373 5197; x_wconf 82' lang='lat' dir='ltr'><strong>huc</strong></span> <span class='ocrx_word' id='word_1_927' title='bbox 2403 5149 2483 5194; x_wconf 86' lang='lat' dir='ltr'><strong>est</strong></span> <span class='ocrx_word' id='word_1_928' title='bbox 2505 5139 2757 5202; x_wconf 85' lang='lat' dir='ltr'><strong>Verbum,</strong></span> <span class='ocrx_word' id='word_1_929' title='bbox 2785 5154 2887 5191; x_wconf 91' lang='lat' dir='ltr'><strong>non</strong></span> <span class='ocrx_word' id='word_1_930' title='bbox 2922 5153 3073 5190; x_wconf 86' lang='lat' dir='ltr'><strong>suum</strong></span> <span class='ocrx_word' id='word_1_931' title='bbox 3099 5134 3232 5189; x_wconf 80' lang='lat' dir='ltr'><strong>dixit</strong></span> <span class='ocrx_word' id='word_1_932' title='bbox 3251 5147 3389 5195; x_wconf 81' lang='lat' dir='ltr'><strong>esse,</strong></span> <span class='ocrx_word' id='word_1_933' title='bbox 3421 5127 3506 5184; x_wconf 86' lang='lat' dir='ltr'><strong>sed</strong></span> <span class='ocrx_word' id='word_1_934' title='bbox 3549 5118 3772 5180; x_wconf 56' lang='grc' dir='ltr'><strong>Ριιιιίςνεθ</strong></span> 
     </span>
    </p>
   </div>
   <div class='ocr_carea' id='block_1_114' title="bbox 2273 5207 3770 5308">
    <p class='ocr_par' dir='ltr' id='par_1_114' title="bbox 2273 5207 3770 5308">
     <span class='ocr_line' id='line_1_114' title="bbox 2273 5207 3770 5308; baseline -0.021 -16"><span class='ocrx_word' id='word_1_935' title='bbox 2273 5238 2449 5308; x_wconf 87' lang='lat' dir='ltr'><strong>ipsum</strong></span> <span class='ocrx_word' id='word_1_936' title='bbox 2475 5233 2695 5303; x_wconf 82' lang='lat' dir='ltr'><strong>intelligi</strong></span> <span class='ocrx_word' id='word_1_937' title='bbox 2721 5233 2907 5286; x_wconf 80' lang='lat' dir='ltr'><strong>voluit.</strong></span> <span class='ocrx_word' id='word_1_938' title='bbox 2937 5230 2990 5285; x_wconf 93' lang='lat' dir='ltr'><strong>lu</strong></span> <span class='ocrx_word' id='word_1_939' title='bbox 3024 5228 3280 5300; x_wconf 89' lang='lat' dir='ltr'><strong>principio</strong></span> <span class='ocrx_word' id='word_1_940' title='bbox 3299 5225 3437 5280; x_wconf 89' lang='lat' dir='ltr'><strong>enim</strong></span> <span class='ocrx_word' id='word_1_941' title='bbox 3454 5227 3554 5276; x_wconf 86' lang='lat' dir='ltr'><strong>erat</strong></span> <span class='ocrx_word' id='word_1_942' title='bbox 3577 5207 3770 5308; x_wconf 65' lang='lat' dir='ltr'><strong>Verbum.</strong></span> 
     </span>
    </p>
   </div>
   <div class='ocr_carea' id='block_1_115' title="bbox 2270 5300 3770 5394">
    <p class='ocr_par' dir='ltr' id='par_1_115' title="bbox 2270 5300 3770 5394">
     <span class='ocr_line' id='line_1_115' title="bbox 2270 5300 3770 5394; baseline -0.016 -9"><span class='ocrx_word' id='word_1_943' title='bbox 2270 5300 2321 5385; x_wconf 75' lang='lat' dir='ltr'><strong>et</strong></span> <span class='ocrx_word' id='word_1_944' title='bbox 2340 5327 2568 5383; x_wconf 75' lang='lat' dir='ltr'><strong>Verbum</strong></span> <span class='ocrx_word' id='word_1_945' title='bbox 2587 5300 2699 5380; x_wconf 75' lang='lat' dir='ltr'><strong>erat</strong></span> <span class='ocrx_word' id='word_1_946' title='bbox 2719 5323 2855 5394; x_wconf 88' lang='lat' dir='ltr'><strong>apud</strong></span> <span class='ocrx_word' id='word_1_947' title='bbox 2876 5324 3060 5386; x_wconf 89' lang='lat' dir='ltr'><strong>Deum,</strong></span> <span class='ocrx_word' id='word_1_948' title='bbox 3074 5332 3126 5376; x_wconf 91' lang='lat' dir='ltr'><strong>et</strong></span> <span class='ocrx_word' id='word_1_949' title='bbox 3149 5322 3286 5376; x_wconf 89' lang='lat' dir='ltr'><strong>Deus</strong></span> <span class='ocrx_word' id='word_1_950' title='bbox 3305 5329 3416 5374; x_wconf 79' lang='lat' dir='ltr'><strong>erat</strong></span> <span class='ocrx_word' id='word_1_951' title='bbox 3438 5300 3770 5371; x_wconf 68' lang='lat' dir='ltr'><strong>Verbumllm-</strong></span> 
     </span>
    </p>
   </div>
   <div class='ocr_carea' id='block_1_116' title="bbox 2270 5400 3770 5492">
    <p class='ocr_par' dir='ltr' id='par_1_116' title="bbox 2270 5400 3770 5492">
     <span class='ocr_line' id='line_1_116' title="bbox 2270 5400 3770 5492; baseline -0.018 -15"><span class='ocrx_word' id='word_1_952' title='bbox 2270 5437 2309 5486; x_wconf 86' lang='grc' dir='ltr'>ι,</span> <span class='ocrx_word' id='word_1_953' title='bbox 2338 5423 2362 5476; x_wconf 88' lang='lat' dir='ltr'><strong>l</strong></span> <span class='ocrx_word' id='word_1_954' title='bbox 2393 5419 2436 5492; x_wconf 94' lang='lat'><strong>).</strong></span> <span class='ocrx_word' id='word_1_955' title='bbox 2463 5419 2579 5474; x_wconf 85' lang='lat' dir='ltr'><strong>Non</strong></span> <span class='ocrx_word' id='word_1_956' title='bbox 2603 5417 2782 5487; x_wconf 87' lang='lat' dir='ltr'><strong>utique</strong></span> <span class='ocrx_word' id='word_1_957' title='bbox 2808 5431 2984 5480; x_wconf 92' lang='lat' dir='ltr'><strong>suum,</strong></span> <span class='ocrx_word' id='word_1_958' title='bbox 3013 5415 3104 5470; x_wconf 79' lang='lat' dir='ltr'><strong>sed</strong></span> <span class='ocrx_word' id='word_1_959' title='bbox 3131 5413 3298 5469; x_wconf 80' lang='lat' dir='ltr'><strong>Patris</strong></span> <span class='ocrx_word' id='word_1_960' title='bbox 3317 5421 3392 5466; x_wconf 89' lang='lat' dir='ltr'><strong>est</strong></span> <span class='ocrx_word' id='word_1_961' title='bbox 3427 5405 3652 5462; x_wconf 70' lang='lat' dir='ltr'><strong>Verbum:</strong></span> <span class='ocrx_word' id='word_1_962' title='bbox 3669 5400 3770 5492; x_wconf 63' lang='lat' dir='ltr'><strong>ttlto‘</strong></span> 
     </span>
    </p>
   </div>
   <div class='ocr_carea' id='block_1_117' title="bbox 2270 5479 3767 5579">
    <p class='ocr_par' dir='ltr' id='par_1_117' title="bbox 2270 5479 3767 5579">
     <span class='ocr_line' id='line_1_117' title="bbox 2270 5479 3767 5579; baseline -0.023 -8"><span class='ocrx_word' id='word_1_963' title='bbox 2270 5513 2429 5571; x_wconf 91' lang='lat' dir='ltr'><strong>modo</strong></span> <span class='ocrx_word' id='word_1_964' title='bbox 2447 5527 2546 5567; x_wconf 89' lang='lat' dir='ltr'><strong>nec</strong></span> <span class='ocrx_word' id='word_1_965' title='bbox 2563 5527 2657 5565; x_wconf 91' lang='lat' dir='ltr'><strong>sua</strong></span> <span class='ocrx_word' id='word_1_966' title='bbox 2684 5509 2879 5579; x_wconf 82' lang='lat' dir='ltr'><strong>imago,</strong></span> <span class='ocrx_word' id='word_1_967' title='bbox 2902 5507 2995 5562; x_wconf 89' lang='lat' dir='ltr'><strong>sed</strong></span> <span class='ocrx_word' id='word_1_968' title='bbox 3021 5506 3190 5562; x_wconf 88' lang='lat' dir='ltr'><strong>Patris</strong></span> <span class='ocrx_word' id='word_1_969' title='bbox 3206 5521 3228 5570; x_wconf 92' lang='lat'><strong>_;</strong></span> <span class='ocrx_word' id='word_1_970' title='bbox 3259 5518 3354 5557; x_wconf 87' lang='lat' dir='ltr'><strong>nec</strong></span> <span class='ocrx_word' id='word_1_971' title='bbox 3379 5514 3496 5555; x_wconf 89' lang='lat' dir='ltr'><strong>suns</strong></span> <span class='ocrx_word' id='word_1_972' title='bbox 3519 5479 3767 5579; x_wconf 55' lang='lat' dir='ltr'><strong>Filiusidetl:</strong></span> 
     </span>
    </p>
   </div>
   <div class='ocr_carea' id='block_1_118' title="bbox 2271 5562 3768 5680">
    <p class='ocr_par' dir='ltr' id='par_1_118' title="bbox 2271 5562 3768 5680">
     <span class='ocr_line' id='line_1_118' title="bbox 2271 5562 3768 5680; baseline -0.016 -17"><span class='ocrx_word' id='word_1_973' title='bbox 2271 5607 2402 5680; x_wconf 90' lang='lat' dir='ltr'><strong>ipse,</strong></span> <span class='ocrx_word' id='word_1_974' title='bbox 2427 5604 2520 5660; x_wconf 90' lang='lat' dir='ltr'><strong>sed</strong></span> <span class='ocrx_word' id='word_1_975' title='bbox 2546 5603 2733 5658; x_wconf 86' lang='lat' dir='ltr'><strong>Patris.</strong></span> <span class='ocrx_word' id='word_1_976' title='bbox 2767 5601 2930 5656; x_wconf 80' lang='lat' dir='ltr'><strong>Recte</strong></span> <span class='ocrx_word' id='word_1_977' title='bbox 2958 5600 3115 5671; x_wconf 78' lang='lat' dir='ltr'><strong>igitur</strong></span> <span class='ocrx_word' id='word_1_978' title='bbox 3153 5597 3327 5652; x_wconf 83' lang='lat' dir='ltr'><strong>tribuit</strong></span> <span class='ocrx_word' id='word_1_979' title='bbox 3368 5585 3551 5647; x_wconf 90' lang='lat' dir='ltr'><strong>auctori</strong></span> <span class='ocrx_word' id='word_1_980' title='bbox 3577 5562 3768 5672; x_wconf 63' lang='grc' dir='ltr'><strong>ιιιιίἀαξίίά</strong></span> 
     </span>
    </p>
   </div>
   <div class='ocr_carea' id='block_1_119' title="bbox 2270 5674 3762 5768">
    <p class='ocr_par' dir='ltr' id='par_1_119' title="bbox 2270 5674 3762 5768">
     <span class='ocr_line' id='line_1_119' title="bbox 2270 5674 3762 5768; baseline -0.027 -12"><span class='ocrx_word' id='word_1_981' title='bbox 2270 5674 2393 5756; x_wconf 76' lang='lat' dir='ltr'><strong>facit</strong></span> <span class='ocrx_word' id='word_1_982' title='bbox 2413 5697 2654 5768; x_wconf 82' lang='lat' dir='ltr'><strong>:equalis,</strong></span> <span class='ocrx_word' id='word_1_983' title='bbox 2685 5711 2714 5750; x_wconf 92' lang='lat' dir='ltr'><strong>a</strong></span> <span class='ocrx_word' id='word_1_984' title='bbox 2745 5710 2852 5766; x_wconf 89' lang='lat' dir='ltr'><strong>quo</strong></span> <span class='ocrx_word' id='word_1_985' title='bbox 2879 5691 3035 5749; x_wconf 88' lang='lat' dir='ltr'><strong>habet</strong></span> <span class='ocrx_word' id='word_1_986' title='bbox 3066 5693 3163 5748; x_wconf 78' lang='lat' dir='ltr'><strong>hoc</strong></span> <span class='ocrx_word' id='word_1_987' title='bbox 3207 5680 3513 5760; x_wconf 77' lang='lat' dir='ltr'><strong>ipsumquod</strong></span> <span class='ocrx_word' id='word_1_988' title='bbox 3537 5674 3600 5734; x_wconf 91' lang='lat' dir='ltr'><strong>illi</strong></span> <span class='ocrx_word' id='word_1_989' title='bbox 3619 5676 3684 5727; x_wconf 85' lang='lat' dir='ltr'><strong>est</strong></span> <span class='ocrx_word' id='word_1_990' title='bbox 3703 5676 3762 5717; x_wconf 81' lang='lat' dir='ltr'><strong>tn-</strong></span> 
     </span>
    </p>
   </div>
   <div class='ocr_carea' id='block_1_120' title="bbox 2275 5786 2832 5860">
    <p class='ocr_par' dir='ltr' id='par_1_120' title="bbox 2275 5786 2832 5860">
     <span class='ocr_line' id='line_1_120' title="bbox 2275 5786 2832 5860; baseline -0.016 -13"><span class='ocrx_word' id='word_1_991' title='bbox 2275 5791 2573 5848; x_wconf 71' lang='lat' dir='ltr'><strong>:lilli-‘rentcr</strong></span> <span class='ocrx_word' id='word_1_992' title='bbox 2598 5786 2832 5860; x_wconf 67' lang='lat' dir='ltr'><strong>aequalis.</strong></span> 
     </span>
    </p>
   </div>
  </div>
