  <div class='ocr_page' id='page_1' title='image "/cluster/home/n/w/nwhite01/storage/ocr_20150623/35/uva.x000827104/268.png"; bbox 0 0 3926 6368; ppageno 0'>
   <div class='ocr_carea' id='block_1_1' title="bbox 26 1852 51 2041">
    <p class='ocr_par' dir='ltr' id='par_1_1' title="bbox 26 1852 51 2041">
     <span class='ocr_line' id='line_1_1' title="bbox 26 1852 51 2041; baseline 0 -34"><span class='ocrx_word' id='word_1_1' title='bbox 26 1852 51 2041; x_wconf 80' lang='lat' dir='ltr'><strong>l</strong></span> 
     </span>
    </p>
   </div>
   <div class='ocr_carea' id='block_1_2' title="bbox 0 3352 134 6122">
    <p class='ocr_par' dir='ltr' id='par_1_2' title="bbox 0 3356 103 6122">
     <span class='ocr_line' id='line_1_2' title="bbox 10 3420 13 3435; baseline 0 0"><span class='ocrx_word' id='word_1_2' title='bbox 10 3420 13 3435; x_wconf 77' lang='lat' dir='ltr'><strong>l</strong></span> 
     </span>
     <span class='ocr_line' id='line_1_3' title="bbox 10 4058 15 4075; baseline 0 0"><span class='ocrx_word' id='word_1_3' title='bbox 10 4058 15 4075; x_wconf 66' lang='grc' dir='ltr'>ἵ</span> 
     </span>
     <span class='ocr_line' id='line_1_4' title="bbox 34 4438 43 4447; baseline 0 0"><span class='ocrx_word' id='word_1_4' title='bbox 34 4438 43 4447; x_wconf 71' lang='grc' dir='ltr'><strong>ι</strong></span> 
     </span>
     <span class='ocr_line' id='line_1_5' title="bbox 0 3356 103 6122; baseline 0 0"><span class='ocrx_word' id='word_1_5' title='bbox 0 3356 103 6122; x_wconf 30' lang='grc' dir='ltr'><strong>ᾗ</strong></span> 
     </span>
    </p>
   </div>
   <div class='ocr_carea' id='block_1_3' title="bbox 134 5848 169 6031">
    <p class='ocr_par' dir='ltr' id='par_1_3' title="bbox 134 5848 169 6031">
     <span class='ocr_line' id='line_1_6' title="bbox 134 5848 169 6031; baseline 0 0"><span class='ocrx_word' id='word_1_6' title='bbox 134 5848 169 6031; x_wconf 77' lang='lat' dir='ltr'><strong>i</strong></span> 
     </span>
    </p>
   </div>
   <div class='ocr_carea' id='block_1_4' title="bbox 698 450 1398 510">
    <p class='ocr_par' dir='ltr' id='par_1_4' title="bbox 698 450 1398 510">
     <span class='ocr_line' id='line_1_7' title="bbox 698 450 1398 510; baseline -0.001 -1"><span class='ocrx_word' id='word_1_7' title='bbox 698 450 1105 510; x_wconf 74' lang='lat' dir='ltr'><strong>TRACTATUS</strong></span> <span class='ocrx_word' id='word_1_8' title='bbox 1140 450 1398 508; x_wconf 79' lang='lat' dir='ltr'><strong>LXXVII.</strong></span> 
     </span>
    </p>
   </div>
   <div class='ocr_carea' id='block_1_5' title="bbox 255 545 1828 616">
    <p class='ocr_par' dir='ltr' id='par_1_5' title="bbox 255 545 1828 616">
     <span class='ocr_line' id='line_1_8' title="bbox 255 545 1828 616; baseline -0.003 -11"><span class='ocrx_word' id='word_1_9' title='bbox 255 545 324 606; x_wconf 78' lang='lat' dir='ltr'><strong>De</strong></span> <span class='ocrx_word' id='word_1_10' title='bbox 343 561 402 601; x_wconf 88' lang='lat' dir='ltr'><strong>eo</strong></span> <span class='ocrx_word' id='word_1_11' title='bbox 420 545 556 614; x_wconf 77' lang='lat' dir='ltr'><strong>quod</strong></span> <span class='ocrx_word' id='word_1_12' title='bbox 576 547 822 610; x_wconf 76' lang='lat' dir='ltr'><strong>sequitur,</strong></span> <span class='ocrx_word' id='word_1_13' title='bbox 862 546 985 602; x_wconf 71' lang='lat' dir='ltr'><strong>llaec</strong></span> <span class='ocrx_word' id='word_1_14' title='bbox 1010 546 1216 601; x_wconf 85' lang='lat' dir='ltr'><strong>locutus</strong></span> <span class='ocrx_word' id='word_1_15' title='bbox 1243 561 1359 601; x_wconf 92' lang='lat' dir='ltr'><strong>sum</strong></span> <span class='ocrx_word' id='word_1_16' title='bbox 1388 546 1538 600; x_wconf 79' lang='lat' dir='ltr'><strong>vobis</strong></span> <span class='ocrx_word' id='word_1_17' title='bbox 1564 545 1702 616; x_wconf 90' lang='lat' dir='ltr'><strong>apud</strong></span> <span class='ocrx_word' id='word_1_18' title='bbox 1732 559 1828 601; x_wconf 83' lang='lat' dir='ltr'><strong>vos</strong></span> 
     </span>
    </p>
   </div>
   <div class='ocr_carea' id='block_1_6' title="bbox 314 636 1828 707">
    <p class='ocr_par' dir='ltr' id='par_1_6' title="bbox 314 636 1828 707">
     <span class='ocr_line' id='line_1_9' title="bbox 314 636 1828 707; baseline -0.001 -13"><span class='ocrx_word' id='word_1_19' title='bbox 314 654 564 698; x_wconf 75' lang='lat' dir='ltr'><strong>manens:</strong></span> <span class='ocrx_word' id='word_1_20' title='bbox 593 654 750 707; x_wconf 73' lang='lat' dir='ltr'><strong>usque</strong></span> <span class='ocrx_word' id='word_1_21' title='bbox 772 638 842 691; x_wconf 86' lang='lat' dir='ltr'><strong>ad</strong></span> <span class='ocrx_word' id='word_1_22' title='bbox 865 636 937 701; x_wconf 84' lang='lat' dir='ltr'><strong>id,</strong></span> <span class='ocrx_word' id='word_1_23' title='bbox 970 636 1159 693; x_wconf 90' lang='lat' dir='ltr'><strong>Pacem</strong></span> <span class='ocrx_word' id='word_1_24' title='bbox 1188 654 1359 692; x_wconf 89' lang='lat' dir='ltr'><strong>meam</strong></span> <span class='ocrx_word' id='word_1_25' title='bbox 1388 637 1458 693; x_wconf 91' lang='lat' dir='ltr'><strong>do</strong></span> <span class='ocrx_word' id='word_1_26' title='bbox 1484 638 1671 702; x_wconf 80' lang='lat' dir='ltr'><strong>vobis;</strong></span> <span class='ocrx_word' id='word_1_27' title='bbox 1721 651 1828 692; x_wconf 89' lang='lat' dir='ltr'><strong>non</strong></span> 
     </span>
    </p>
   </div>
   <div class='ocr_carea' id='block_1_7' title="bbox 316 727 1823 802">
    <p class='ocr_par' dir='ltr' id='par_1_7' title="bbox 316 727 1823 802">
     <span class='ocr_line' id='line_1_10' title="bbox 316 727 1823 802; baseline -0.002 -19"><span class='ocrx_word' id='word_1_28' title='bbox 316 730 580 802; x_wconf 82' lang='lat' dir='ltr'><strong>quomodo</strong></span> <span class='ocrx_word' id='word_1_29' title='bbox 614 728 845 784; x_wconf 72' lang='lat' dir='ltr'><strong>mundus</strong></span> <span class='ocrx_word' id='word_1_30' title='bbox 870 727 982 796; x_wconf 88' lang='lat' dir='ltr'><strong>dat,</strong></span> <span class='ocrx_word' id='word_1_31' title='bbox 1019 742 1119 799; x_wconf 86' lang='lat' dir='ltr'><strong>ego</strong></span> <span class='ocrx_word' id='word_1_32' title='bbox 1143 728 1213 783; x_wconf 90' lang='lat' dir='ltr'><strong>do</strong></span> <span class='ocrx_word' id='word_1_33' title='bbox 1244 728 1411 783; x_wconf 92' lang='lat' dir='ltr'><strong>vobis.</strong></span> <span class='ocrx_word' id='word_1_34' title='bbox 1440 727 1565 800; x_wconf 83' lang='lat' dir='ltr'><strong>Cap.</strong></span> <span class='ocrx_word' id='word_1_35' title='bbox 1598 743 1707 794; x_wconf 77' lang='lat' dir='ltr'><strong>xw,</strong></span> <span class='ocrx_word' id='word_1_36' title='bbox 1749 727 1786 799; x_wconf 62' lang='lat'><em>7</em></span> <span class='ocrx_word' id='word_1_37' title='bbox 1810 766 1823 780; x_wconf 95' lang='lat'><strong>.</strong></span> 
     </span>
    </p>
   </div>
   <div class='ocr_carea' id='block_1_8' title="bbox 314 820 504 878">
    <p class='ocr_par' dir='ltr' id='par_1_8' title="bbox 314 820 504 878">
     <span class='ocr_line' id='line_1_11' title="bbox 314 820 504 878; baseline -0.026 0"><span class='ocrx_word' id='word_1_38' title='bbox 314 820 399 878; x_wconf 52' lang='lat' dir='ltr'><strong>25c</strong></span> <span class='ocrx_word' id='word_1_39' title='bbox 416 821 504 877; x_wconf 71' lang='lat'><strong>27.</strong></span> 
     </span>
    </p>
   </div>
   <div class='ocr_carea' id='block_1_9' title="bbox 318 931 1826 1003">
    <p class='ocr_par' dir='ltr' id='par_1_9' title="bbox 318 931 1826 1003">
     <span class='ocr_line' id='line_1_12' title="bbox 318 931 1826 1003; baseline -0.001 -13"><span class='ocrx_word' id='word_1_40' title='bbox 318 935 366 990; x_wconf 85' lang='lat' dir='ltr'><strong>l.</strong></span> <span class='ocrx_word' id='word_1_41' title='bbox 394 933 447 990; x_wconf 92' lang='lat' dir='ltr'><strong>In</strong></span> <span class='ocrx_word' id='word_1_42' title='bbox 468 931 783 1003; x_wconf 58' lang='lat' dir='ltr'><strong>pm‘cedeuti</strong></span> <span class='ocrx_word' id='word_1_43' title='bbox 802 932 1030 989; x_wconf 85' lang='lat' dir='ltr'><strong>lectione</strong></span> <span class='ocrx_word' id='word_1_44' title='bbox 1053 932 1224 988; x_wconf 72' lang='lat' dir='ltr'><strong>sancti</strong></span> <span class='ocrx_word' id='word_1_45' title='bbox 1249 931 1539 1003; x_wconf 80' lang='lat' dir='ltr'><strong>Evangelii,</strong></span> <span class='ocrx_word' id='word_1_46' title='bbox 1562 946 1719 1003; x_wconf 85' lang='lat' dir='ltr'><strong>quam</strong></span> <span class='ocrx_word' id='word_1_47' title='bbox 1740 947 1826 989; x_wconf 82' lang='lat' dir='ltr'><strong>se-</strong></span> 
     </span>
    </p>
   </div>
   <div class='ocr_carea' id='block_1_10' title="bbox 224 1010 1824 1096">
    <p class='ocr_par' dir='ltr' id='par_1_10' title="bbox 224 1010 1824 1096">
     <span class='ocr_line' id='line_1_13' title="bbox 224 1010 1824 1096; baseline -0.001 -18"><span class='ocrx_word' id='word_1_48' title='bbox 224 1010 229 1013; x_wconf 15' lang='lat' dir='ltr'><strong><em>r</em></strong></span> <span class='ocrx_word' id='word_1_49' title='bbox 256 1024 419 1096; x_wconf 88' lang='lat' dir='ltr'><strong>quitur</strong></span> <span class='ocrx_word' id='word_1_50' title='bbox 444 1025 541 1078; x_wconf 88' lang='lat' dir='ltr'><strong>ista</strong></span> <span class='ocrx_word' id='word_1_51' title='bbox 562 1040 680 1093; x_wconf 79' lang='lat' dir='ltr'><strong>qua-</strong></span> <span class='ocrx_word' id='word_1_52' title='bbox 702 1023 862 1078; x_wconf 88' lang='lat' dir='ltr'><strong>modo</strong></span> <span class='ocrx_word' id='word_1_53' title='bbox 889 1025 1103 1078; x_wconf 90' lang='lat' dir='ltr'><strong>recitata</strong></span> <span class='ocrx_word' id='word_1_54' title='bbox 1129 1032 1234 1088; x_wconf 87' lang='lat' dir='ltr'><strong>est,</strong></span> <span class='ocrx_word' id='word_1_55' title='bbox 1260 1023 1518 1077; x_wconf 81' lang='lat' dir='ltr'><strong>Dominus</strong></span> <span class='ocrx_word' id='word_1_56' title='bbox 1557 1022 1714 1078; x_wconf 85' lang='lat' dir='ltr'><strong>Jesus</strong></span> <span class='ocrx_word' id='word_1_57' title='bbox 1737 1023 1824 1077; x_wconf 86' lang='lat' dir='ltr'><strong>di-</strong></span> 
     </span>
    </p>
   </div>
   <div class='ocr_carea' id='block_1_11' title="bbox 270 1112 1815 1183">
    <p class='ocr_par' dir='ltr' id='par_1_11' title="bbox 270 1112 1815 1183">
     <span class='ocr_line' id='line_1_14' title="bbox 270 1112 1815 1183; baseline -0.001 -13"><span class='ocrx_word' id='word_1_58' title='bbox 270 1123 405 1171; x_wconf 73' lang='lat' dir='ltr'><strong>xerat</strong></span> <span class='ocrx_word' id='word_1_59' title='bbox 438 1129 494 1169; x_wconf 84' lang='lat' dir='ltr'><strong>se</strong></span> <span class='ocrx_word' id='word_1_60' title='bbox 517 1125 572 1168; x_wconf 87' lang='lat' dir='ltr'><strong>et</strong></span> <span class='ocrx_word' id='word_1_61' title='bbox 603 1113 814 1168; x_wconf 86' lang='lat' dir='ltr'><strong>Patrem</strong></span> <span class='ocrx_word' id='word_1_62' title='bbox 840 1112 905 1168; x_wconf 91' lang='lat' dir='ltr'><strong>ad</strong></span> <span class='ocrx_word' id='word_1_63' title='bbox 933 1114 1216 1169; x_wconf 87' lang='lat' dir='ltr'><strong>dilectores</strong></span> <span class='ocrx_word' id='word_1_64' title='bbox 1244 1129 1370 1168; x_wconf 90' lang='lat' dir='ltr'><strong>suos</strong></span> <span class='ocrx_word' id='word_1_65' title='bbox 1399 1129 1518 1169; x_wconf 89' lang='lat' dir='ltr'><strong>esse</strong></span> <span class='ocrx_word' id='word_1_66' title='bbox 1544 1124 1815 1183; x_wconf 86' lang='lat' dir='ltr'><strong>venturos,</strong></span> 
     </span>
    </p>
   </div>
   <div class='ocr_carea' id='block_1_12' title="bbox 256 1205 1820 1275">
    <p class='ocr_par' dir='ltr' id='par_1_12' title="bbox 256 1205 1820 1275">
     <span class='ocr_line' id='line_1_15' title="bbox 256 1205 1820 1275; baseline -0.002 -11"><span class='ocrx_word' id='word_1_67' title='bbox 256 1206 447 1275; x_wconf 78' lang='lat' dir='ltr'><strong>etapud</strong></span> <span class='ocrx_word' id='word_1_68' title='bbox 472 1220 565 1261; x_wconf 83' lang='lat' dir='ltr'><strong>cos</strong></span> <span class='ocrx_word' id='word_1_69' title='bbox 592 1206 927 1261; x_wconf 83' lang='lat' dir='ltr'><strong>mansionem</strong></span> <span class='ocrx_word' id='word_1_70' title='bbox 956 1220 1077 1259; x_wconf 88' lang='lat' dir='ltr'><strong>esse</strong></span> <span class='ocrx_word' id='word_1_71' title='bbox 1103 1206 1355 1260; x_wconf 78' lang='lat' dir='ltr'><strong>facturos.</strong></span> <span class='ocrx_word' id='word_1_72' title='bbox 1380 1205 1628 1261; x_wconf 84' lang='lat' dir='ltr'><strong>Jamvero</strong></span> <span class='ocrx_word' id='word_1_73' title='bbox 1651 1216 1705 1262; x_wconf 88' lang='lat' dir='ltr'><strong>et</strong></span> <span class='ocrx_word' id='word_1_74' title='bbox 1727 1220 1820 1261; x_wconf 80' lang='lat' dir='ltr'><strong>su-</strong></span> 
     </span>
    </p>
   </div>
   <div class='ocr_carea' id='block_1_13' title="bbox 258 1294 1825 1369">
    <p class='ocr_par' dir='ltr' id='par_1_13' title="bbox 258 1294 1825 1369">
     <span class='ocr_line' id='line_1_16' title="bbox 258 1294 1825 1369; baseline -0.001 -16"><span class='ocrx_word' id='word_1_75' title='bbox 258 1298 417 1369; x_wconf 83' lang='lat' dir='ltr'><strong>perius</strong></span> <span class='ocrx_word' id='word_1_76' title='bbox 441 1297 648 1351; x_wconf 75' lang='lat' dir='ltr'><strong>dixerat</strong></span> <span class='ocrx_word' id='word_1_77' title='bbox 673 1296 742 1351; x_wconf 88' lang='lat' dir='ltr'><strong>de</strong></span> <span class='ocrx_word' id='word_1_78' title='bbox 767 1294 965 1362; x_wconf 84' lang='lat' dir='ltr'><strong>Spiritu</strong></span> <span class='ocrx_word' id='word_1_79' title='bbox 992 1304 1197 1359; x_wconf 73' lang='lat' dir='ltr'><strong>Sancto,</strong></span> <span class='ocrx_word' id='word_1_80' title='bbox 1233 1294 1330 1349; x_wconf 77' lang='lat' dir='ltr'><strong>Vos</strong></span> <span class='ocrx_word' id='word_1_81' title='bbox 1357 1307 1524 1350; x_wconf 85' lang='lat' dir='ltr'><strong>autem</strong></span> <span class='ocrx_word' id='word_1_82' title='bbox 1552 1313 1825 1368; x_wconf 73' lang='lat' dir='ltr'><strong>cognosce.</strong></span> 
     </span>
    </p>
   </div>
   <div class='ocr_carea' id='block_1_14' title="bbox 252 1386 1818 1458">
    <p class='ocr_par' dir='ltr' id='par_1_14' title="bbox 252 1386 1818 1458">
     <span class='ocr_line' id='line_1_17' title="bbox 252 1386 1818 1458; baseline 0.001 -14"><span class='ocrx_word' id='word_1_83' title='bbox 252 1391 312 1444; x_wconf 84' lang='lat' dir='ltr'><strong>tis</strong></span> <span class='ocrx_word' id='word_1_84' title='bbox 348 1406 471 1453; x_wconf 84' lang='lat' dir='ltr'><strong>etutt,</strong></span> <span class='ocrx_word' id='word_1_85' title='bbox 512 1388 633 1457; x_wconf 78' lang='lat' dir='ltr'><strong>quia</strong></span> <span class='ocrx_word' id='word_1_86' title='bbox 659 1386 798 1456; x_wconf 81' lang='lat' dir='ltr'><strong>apud</strong></span> <span class='ocrx_word' id='word_1_87' title='bbox 827 1404 910 1441; x_wconf 80' lang='lat' dir='ltr'><strong>ros</strong></span> <span class='ocrx_word' id='word_1_88' title='bbox 949 1388 1186 1450; x_wconf 75' lang='lat' dir='ltr'><strong>munelit,</strong></span> <span class='ocrx_word' id='word_1_89' title='bbox 1214 1387 1327 1441; x_wconf 84' lang='lat' dir='ltr'><strong>etin</strong></span> <span class='ocrx_word' id='word_1_90' title='bbox 1354 1387 1487 1441; x_wconf 75' lang='lat' dir='ltr'><strong>vobis</strong></span> <span class='ocrx_word' id='word_1_91' title='bbox 1513 1390 1639 1458; x_wconf 84' lang='lat' dir='ltr'><strong>crit(</strong></span> <span class='ocrx_word' id='word_1_92' title='bbox 1661 1387 1818 1445; x_wconf 79' lang='lat' dir='ltr'><strong>Joatt.</strong></span> 
     </span>
    </p>
   </div>
   <div class='ocr_carea' id='block_1_15' title="bbox 255 1479 1818 1552">
    <p class='ocr_par' dir='ltr' id='par_1_15' title="bbox 255 1479 1818 1552">
     <span class='ocr_line' id='line_1_18' title="bbox 255 1479 1818 1552; baseline 0.001 -16"><span class='ocrx_word' id='word_1_93' title='bbox 255 1496 360 1544; x_wconf 68' lang='lat' dir='ltr'><strong>11v,</strong></span> <span class='ocrx_word' id='word_1_94' title='bbox 388 1479 483 1551; x_wconf 83' lang='grc' dir='ltr'><strong>Π)</strong></span> <span class='ocrx_word' id='word_1_95' title='bbox 519 1497 532 1530; x_wconf 88' lang='lat'><strong>:</strong></span> <span class='ocrx_word' id='word_1_96' title='bbox 568 1479 708 1533; x_wconf 86' lang='lat' dir='ltr'><strong>unde</strong></span> <span class='ocrx_word' id='word_1_97' title='bbox 755 1479 1116 1534; x_wconf 71' lang='lat' dir='ltr'><strong>intelleximus</strong></span> <span class='ocrx_word' id='word_1_98' title='bbox 1155 1480 1205 1533; x_wconf 88' lang='lat' dir='ltr'><strong>itt</strong></span> <span class='ocrx_word' id='word_1_99' title='bbox 1248 1481 1449 1534; x_wconf 64' lang='lat' dir='ltr'><strong>sanctis</strong></span> <span class='ocrx_word' id='word_1_100' title='bbox 1495 1492 1743 1552; x_wconf 74' lang='lat' dir='ltr'><strong>tanquam</strong></span> <span class='ocrx_word' id='word_1_101' title='bbox 1767 1486 1818 1538; x_wconf 87' lang='lat' dir='ltr'><strong>in</strong></span> 
     </span>
    </p>
   </div>
   <div class='ocr_carea' id='block_1_16' title="bbox 252 1570 1818 1639">
    <p class='ocr_par' dir='ltr' id='par_1_16' title="bbox 252 1570 1818 1639">
     <span class='ocr_line' id='line_1_19' title="bbox 252 1570 1818 1639; baseline 0.001 -13"><span class='ocrx_word' id='word_1_102' title='bbox 252 1570 433 1639; x_wconf 83' lang='lat' dir='ltr'><strong>templo</strong></span> <span class='ocrx_word' id='word_1_103' title='bbox 467 1585 562 1625; x_wconf 67' lang='lat' dir='ltr'><strong>suo</strong></span> <span class='ocrx_word' id='word_1_104' title='bbox 584 1570 739 1624; x_wconf 91' lang='lat' dir='ltr'><strong>simul</strong></span> <span class='ocrx_word' id='word_1_105' title='bbox 763 1585 979 1626; x_wconf 87' lang='lat' dir='ltr'><strong>manere</strong></span> <span class='ocrx_word' id='word_1_106' title='bbox 1000 1570 1311 1625; x_wconf 83' lang='lat' dir='ltr'><strong>Trinitatem</strong></span> <span class='ocrx_word' id='word_1_107' title='bbox 1343 1572 1526 1625; x_wconf 85' lang='lat' dir='ltr'><strong>Deum.</strong></span> <span class='ocrx_word' id='word_1_108' title='bbox 1547 1570 1696 1627; x_wconf 76' lang='lat' dir='ltr'><strong>Nunc</strong></span> <span class='ocrx_word' id='word_1_109' title='bbox 1721 1587 1818 1627; x_wconf 84' lang='lat' dir='ltr'><strong>au-</strong></span> 
     </span>
    </p>
   </div>
   <div class='ocr_carea' id='block_1_17' title="bbox 249 1658 1816 1731">
    <p class='ocr_par' dir='ltr' id='par_1_17' title="bbox 249 1658 1816 1731">
     <span class='ocr_line' id='line_1_20' title="bbox 249 1658 1816 1731; baseline 0.003 -16"><span class='ocrx_word' id='word_1_110' title='bbox 249 1669 348 1716; x_wconf 84' lang='lat' dir='ltr'><strong>tem</strong></span> <span class='ocrx_word' id='word_1_111' title='bbox 367 1661 485 1714; x_wconf 82' lang='lat' dir='ltr'><strong>dicit</strong></span> <span class='ocrx_word' id='word_1_112' title='bbox 512 1679 527 1714; x_wconf 85' lang='lat'><strong>:</strong></span> <span class='ocrx_word' id='word_1_113' title='bbox 561 1658 687 1714; x_wconf 71' lang='lat' dir='ltr'><strong>lla&#39;c</strong></span> <span class='ocrx_word' id='word_1_114' title='bbox 709 1662 906 1714; x_wconf 78' lang='lat' dir='ltr'><strong>locutus</strong></span> <span class='ocrx_word' id='word_1_115' title='bbox 928 1677 1039 1714; x_wconf 83' lang='lat' dir='ltr'><strong>sum</strong></span> <span class='ocrx_word' id='word_1_116' title='bbox 1061 1660 1196 1715; x_wconf 81' lang='lat' dir='ltr'><strong>vobis</strong></span> <span class='ocrx_word' id='word_1_117' title='bbox 1213 1662 1353 1731; x_wconf 76' lang='lat' dir='ltr'><strong>apud</strong></span> <span class='ocrx_word' id='word_1_118' title='bbox 1373 1678 1456 1715; x_wconf 79' lang='lat' dir='ltr'><strong>eos</strong></span> <span class='ocrx_word' id='word_1_119' title='bbox 1477 1679 1701 1718; x_wconf 84' lang='lat' dir='ltr'><strong>manens.</strong></span> <span class='ocrx_word' id='word_1_120' title='bbox 1728 1663 1816 1719; x_wconf 86' lang='lat' dir='ltr'><strong>Illa</strong></span> 
     </span>
    </p>
   </div>
   <div class='ocr_carea' id='block_1_18' title="bbox 250 1752 1813 1824">
    <p class='ocr_par' dir='ltr' id='par_1_18' title="bbox 250 1752 1813 1824">
     <span class='ocr_line' id='line_1_21' title="bbox 250 1752 1813 1824; baseline 0.003 -16"><span class='ocrx_word' id='word_1_121' title='bbox 250 1753 414 1822; x_wconf 74' lang='lat' dir='ltr'><strong>itaque</strong></span> <span class='ocrx_word' id='word_1_122' title='bbox 437 1754 640 1808; x_wconf 81' lang='lat' dir='ltr'><strong>mansio</strong></span> <span class='ocrx_word' id='word_1_123' title='bbox 666 1752 772 1808; x_wconf 83' lang='lat' dir='ltr'><strong>alia</strong></span> <span class='ocrx_word' id='word_1_124' title='bbox 808 1763 911 1817; x_wconf 84' lang='lat' dir='ltr'><strong>est,</strong></span> <span class='ocrx_word' id='word_1_125' title='bbox 942 1770 1101 1824; x_wconf 88' lang='lat' dir='ltr'><strong>qttam</strong></span> <span class='ocrx_word' id='word_1_126' title='bbox 1130 1756 1371 1824; x_wconf 77' lang='lat' dir='ltr'><strong>promisit</strong></span> <span class='ocrx_word' id='word_1_127' title='bbox 1400 1755 1664 1821; x_wconf 83' lang='lat' dir='ltr'><strong>futuram;</strong></span> <span class='ocrx_word' id='word_1_128' title='bbox 1697 1756 1813 1813; x_wconf 75' lang='lat' dir='ltr'><strong>lucc</strong></span> 
     </span>
    </p>
   </div>
   <div class='ocr_carea' id='block_1_19' title="bbox 246 1846 1811 1919">
    <p class='ocr_par' dir='ltr' id='par_1_19' title="bbox 246 1846 1811 1919">
     <span class='ocr_line' id='line_1_22' title="bbox 246 1846 1811 1919; baseline 0.002 -18"><span class='ocrx_word' id='word_1_129' title='bbox 246 1862 369 1903; x_wconf 76' lang='lat' dir='ltr'><strong>vero</strong></span> <span class='ocrx_word' id='word_1_130' title='bbox 386 1846 503 1913; x_wconf 87' lang='lat' dir='ltr'><strong>alia,</strong></span> <span class='ocrx_word' id='word_1_131' title='bbox 524 1863 682 1918; x_wconf 86' lang='lat' dir='ltr'><strong>quam</strong></span> <span class='ocrx_word' id='word_1_132' title='bbox 709 1857 1023 1917; x_wconf 79' lang='lat' dir='ltr'><strong>pneseutent</strong></span> <span class='ocrx_word' id='word_1_133' title='bbox 1045 1863 1165 1902; x_wconf 82' lang='lat' dir='ltr'><strong>esse</strong></span> <span class='ocrx_word' id='word_1_134' title='bbox 1189 1857 1431 1903; x_wconf 89' lang='lat' dir='ltr'><strong>testatur.</strong></span> <span class='ocrx_word' id='word_1_135' title='bbox 1450 1849 1538 1903; x_wconf 90' lang='lat' dir='ltr'><strong>Illa</strong></span> <span class='ocrx_word' id='word_1_136' title='bbox 1556 1850 1811 1919; x_wconf 73' lang='lat' dir='ltr'><strong>spiritua-</strong></span> 
     </span>
    </p>
   </div>
   <div class='ocr_carea' id='block_1_20' title="bbox 247 1937 1814 2008">
    <p class='ocr_par' dir='ltr' id='par_1_20' title="bbox 247 1937 1814 2008">
     <span class='ocr_line' id='line_1_23' title="bbox 247 1937 1814 2008; baseline 0.003 -16"><span class='ocrx_word' id='word_1_137' title='bbox 247 1937 315 1993; x_wconf 79' lang='lat' dir='ltr'><strong>lis</strong></span> <span class='ocrx_word' id='word_1_138' title='bbox 356 1947 450 2004; x_wconf 68' lang='lat' dir='ltr'><strong>est,</strong></span> <span class='ocrx_word' id='word_1_139' title='bbox 495 1950 655 2008; x_wconf 86' lang='lat' dir='ltr'><strong>atque</strong></span> <span class='ocrx_word' id='word_1_140' title='bbox 696 1938 1025 1993; x_wconf 81' lang='lat' dir='ltr'><strong>intrinsecus</strong></span> <span class='ocrx_word' id='word_1_141' title='bbox 1071 1940 1337 1995; x_wconf 77' lang='lat' dir='ltr'><strong>mentibus</strong></span> <span class='ocrx_word' id='word_1_142' title='bbox 1380 1940 1621 1996; x_wconf 88' lang='lat' dir='ltr'><strong>redditur</strong></span> <span class='ocrx_word' id='word_1_143' title='bbox 1653 1960 1666 1996; x_wconf 89' lang='lat'><strong>:</strong></span> <span class='ocrx_word' id='word_1_144' title='bbox 1698 1940 1814 1997; x_wconf 65' lang='lat' dir='ltr'><strong>hate</strong></span> 
     </span>
    </p>
   </div>
   <div class='ocr_carea' id='block_1_21' title="bbox 244 2028 1798 2099">
    <p class='ocr_par' dir='ltr' id='par_1_21' title="bbox 244 2028 1798 2099">
     <span class='ocr_line' id='line_1_24' title="bbox 244 2028 1798 2099; baseline 0.003 -16"><span class='ocrx_word' id='word_1_145' title='bbox 244 2029 517 2097; x_wconf 70' lang='lat' dir='ltr'><strong>Corporalis</strong></span> <span class='ocrx_word' id='word_1_146' title='bbox 543 2028 839 2085; x_wconf 75' lang='lat' dir='ltr'><strong>forinsecus</strong></span> <span class='ocrx_word' id='word_1_147' title='bbox 862 2030 1033 2084; x_wconf 86' lang='lat' dir='ltr'><strong>oculis</strong></span> <span class='ocrx_word' id='word_1_148' title='bbox 1066 2040 1226 2099; x_wconf 85' lang='lat' dir='ltr'><strong>atque</strong></span> <span class='ocrx_word' id='word_1_149' title='bbox 1250 2032 1467 2086; x_wconf 87' lang='lat' dir='ltr'><strong>auribus</strong></span> <span class='ocrx_word' id='word_1_150' title='bbox 1494 2032 1798 2088; x_wconf 69' lang='lat' dir='ltr'><strong>exhibetur.</strong></span> 
     </span>
    </p>
   </div>
   <div class='ocr_carea' id='block_1_22' title="bbox 247 2119 1811 2194">
    <p class='ocr_par' dir='ltr' id='par_1_22' title="bbox 247 2119 1811 2194">
     <span class='ocr_line' id='line_1_25' title="bbox 247 2119 1811 2194; baseline 0.003 -19"><span class='ocrx_word' id='word_1_151' title='bbox 247 2119 337 2176; x_wconf 81' lang='lat' dir='ltr'><strong>Illa</strong></span> <span class='ocrx_word' id='word_1_152' title='bbox 360 2123 404 2175; x_wconf 90' lang='lat' dir='ltr'><strong>in</strong></span> <span class='ocrx_word' id='word_1_153' title='bbox 420 2132 671 2178; x_wconf 67' lang='lat' dir='ltr'><strong>aeternum</strong></span> <span class='ocrx_word' id='word_1_154' title='bbox 714 2123 978 2178; x_wconf 87' lang='lat' dir='ltr'><strong>beatillcat</strong></span> <span class='ocrx_word' id='word_1_155' title='bbox 1009 2123 1296 2186; x_wconf 81' lang='lat' dir='ltr'><strong>liberatos;</strong></span> <span class='ocrx_word' id='word_1_156' title='bbox 1327 2124 1440 2178; x_wconf 64' lang='lat' dir='ltr'><strong>haec</strong></span> <span class='ocrx_word' id='word_1_157' title='bbox 1483 2125 1536 2179; x_wconf 90' lang='lat' dir='ltr'><strong>in</strong></span> <span class='ocrx_word' id='word_1_158' title='bbox 1571 2135 1811 2194; x_wconf 85' lang='lat' dir='ltr'><strong>tempore</strong></span> 
     </span>
    </p>
   </div>
   <div class='ocr_carea' id='block_1_23' title="bbox 242 2213 1807 2271">
    <p class='ocr_par' dir='ltr' id='par_1_23' title="bbox 242 2213 1807 2271">
     <span class='ocr_line' id='line_1_26' title="bbox 242 2213 1807 2271; baseline 0.003 -5"><span class='ocrx_word' id='word_1_159' title='bbox 242 2213 405 2268; x_wconf 73' lang='lat' dir='ltr'><strong>visitat</strong></span> <span class='ocrx_word' id='word_1_160' title='bbox 426 2213 741 2269; x_wconf 73' lang='lat' dir='ltr'><strong>liberandos.</strong></span> <span class='ocrx_word' id='word_1_161' title='bbox 765 2215 1066 2270; x_wconf 88' lang='lat' dir='ltr'><strong>Secundum</strong></span> <span class='ocrx_word' id='word_1_162' title='bbox 1091 2215 1234 2269; x_wconf 78' lang='lat' dir='ltr'><strong>illam</strong></span> <span class='ocrx_word' id='word_1_163' title='bbox 1259 2215 1512 2270; x_wconf 85' lang='lat' dir='ltr'><strong>Dominus</strong></span> <span class='ocrx_word' id='word_1_164' title='bbox 1529 2233 1556 2267; x_wconf 89' lang='lat' dir='ltr'><strong>a</strong></span> <span class='ocrx_word' id='word_1_165' title='bbox 1588 2217 1698 2271; x_wconf 91' lang='lat' dir='ltr'><strong>suis</strong></span> <span class='ocrx_word' id='word_1_166' title='bbox 1724 2216 1807 2271; x_wconf 83' lang='lat' dir='ltr'><strong>tli-</strong></span> 
     </span>
    </p>
   </div>
   <div class='ocr_carea' id='block_1_24' title="bbox 242 2303 1804 2367">
    <p class='ocr_par' dir='ltr' id='par_1_24' title="bbox 242 2303 1804 2367">
     <span class='ocr_line' id='line_1_27' title="bbox 242 2303 1804 2367; baseline 0.001 -7"><span class='ocrx_word' id='word_1_167' title='bbox 242 2303 510 2360; x_wconf 77' lang='lat' dir='ltr'><strong>lectoribus</strong></span> <span class='ocrx_word' id='word_1_168' title='bbox 535 2320 639 2359; x_wconf 86' lang='lat' dir='ltr'><strong>non</strong></span> <span class='ocrx_word' id='word_1_169' title='bbox 672 2304 905 2367; x_wconf 85' lang='lat' dir='ltr'><strong>recedit;</strong></span> <span class='ocrx_word' id='word_1_170' title='bbox 932 2306 1223 2360; x_wconf 77' lang='lat' dir='ltr'><strong>secundum</strong></span> <span class='ocrx_word' id='word_1_171' title='bbox 1253 2306 1388 2360; x_wconf 91' lang='lat' dir='ltr'><strong>hanc</strong></span> <span class='ocrx_word' id='word_1_172' title='bbox 1416 2306 1524 2361; x_wconf 89' lang='lat' dir='ltr'><strong>itet</strong></span> <span class='ocrx_word' id='word_1_173' title='bbox 1554 2307 1804 2362; x_wconf 78' lang='lat' dir='ltr'><strong>recodit‘.</strong></span> 
     </span>
    </p>
   </div>
   <div class='ocr_carea' id='block_1_25' title="bbox 250 2395 1808 2468">
    <p class='ocr_par' dir='ltr' id='par_1_25' title="bbox 250 2395 1808 2468">
     <span class='ocr_line' id='line_1_28' title="bbox 250 2395 1808 2468; baseline 0.002 -16"><span class='ocrx_word' id='word_1_174' title='bbox 250 2395 386 2463; x_wconf 65' lang='lat' dir='ltr'><strong>Hac,</strong></span> <span class='ocrx_word' id='word_1_175' title='bbox 421 2397 601 2468; x_wconf 81' lang='lat' dir='ltr'><strong>inquit,</strong></span> <span class='ocrx_word' id='word_1_176' title='bbox 656 2399 854 2454; x_wconf 76' lang='lat' dir='ltr'><strong>(acutus</strong></span> <span class='ocrx_word' id='word_1_177' title='bbox 896 2415 1009 2454; x_wconf 81' lang='lat' dir='ltr'><strong>sum</strong></span> <span class='ocrx_word' id='word_1_178' title='bbox 1051 2400 1206 2462; x_wconf 70' lang='lat' dir='ltr'><strong>vobis,</strong></span> <span class='ocrx_word' id='word_1_179' title='bbox 1254 2399 1394 2467; x_wconf 68' lang='lat' dir='ltr'><strong>apud</strong></span> <span class='ocrx_word' id='word_1_180' title='bbox 1445 2415 1531 2452; x_wconf 72' lang='lat' dir='ltr'><strong>vos</strong></span> <span class='ocrx_word' id='word_1_181' title='bbox 1559 2416 1767 2455; x_wconf 80' lang='lat' dir='ltr'><strong>manens</strong></span> <span class='ocrx_word' id='word_1_182' title='bbox 1788 2415 1808 2454; x_wconf 89' lang='lat'><strong><em>:</em></strong></span> 
     </span>
    </p>
   </div>
   <div class='ocr_carea' id='block_1_26' title="bbox 243 2488 1804 2560">
    <p class='ocr_par' dir='ltr' id='par_1_26' title="bbox 243 2488 1804 2560">
     <span class='ocr_line' id='line_1_29' title="bbox 243 2488 1804 2560; baseline 0.004 -18"><span class='ocrx_word' id='word_1_183' title='bbox 243 2488 412 2557; x_wconf 70' lang='lat' dir='ltr'><strong>utique</strong></span> <span class='ocrx_word' id='word_1_184' title='bbox 436 2491 710 2560; x_wconf 69' lang='lat' dir='ltr'><strong>prtesentia</strong></span> <span class='ocrx_word' id='word_1_185' title='bbox 738 2490 1024 2559; x_wconf 81' lang='lat' dir='ltr'><strong>corporali,</strong></span> <span class='ocrx_word' id='word_1_186' title='bbox 1051 2505 1152 2560; x_wconf 89' lang='lat' dir='ltr'><strong>qua</strong></span> <span class='ocrx_word' id='word_1_187' title='bbox 1178 2505 1302 2546; x_wconf 88' lang='lat' dir='ltr'><strong>cunt</strong></span> <span class='ocrx_word' id='word_1_188' title='bbox 1333 2490 1440 2546; x_wconf 84' lang='lat' dir='ltr'><strong>illis</strong></span> <span class='ocrx_word' id='word_1_189' title='bbox 1476 2491 1696 2546; x_wconf 71' lang='lat' dir='ltr'><strong>visibilis</strong></span> <span class='ocrx_word' id='word_1_190' title='bbox 1722 2492 1804 2548; x_wconf 91' lang='lat' dir='ltr'><strong>lo-</strong></span> 
     </span>
    </p>
   </div>
   <div class='ocr_carea' id='block_1_27' title="bbox 239 2580 499 2649">
    <p class='ocr_par' dir='ltr' id='par_1_27' title="bbox 239 2580 499 2649">
     <span class='ocr_line' id='line_1_30' title="bbox 239 2580 499 2649; baseline 0.008 -16"><span class='ocrx_word' id='word_1_191' title='bbox 239 2580 499 2649; x_wconf 80' lang='lat' dir='ltr'><strong>qucltatur.</strong></span> 
     </span>
    </p>
   </div>
   <div class='ocr_carea' id='block_1_28' title="bbox 312 2663 1805 2737">
    <p class='ocr_par' dir='ltr' id='par_1_28' title="bbox 312 2663 1805 2737">
     <span class='ocr_line' id='line_1_31' title="bbox 312 2663 1805 2737; baseline 0.003 -19"><span class='ocrx_word' id='word_1_192' title='bbox 312 2663 358 2718; x_wconf 70' lang='lat'><strong>2.</strong></span> <span class='ocrx_word' id='word_1_193' title='bbox 392 2663 671 2721; x_wconf 75' lang='lat' dir='ltr'><strong>Paracletns</strong></span> <span class='ocrx_word' id='word_1_194' title='bbox 697 2676 888 2725; x_wconf 74' lang='lat' dir='ltr'><strong>autem.</strong></span> <span class='ocrx_word' id='word_1_195' title='bbox 920 2665 1106 2736; x_wconf 88' lang='lat' dir='ltr'><strong>inquit,</strong></span> <span class='ocrx_word' id='word_1_196' title='bbox 1136 2665 1364 2736; x_wconf 74' lang='lat' dir='ltr'><strong>Spiritus</strong></span> <span class='ocrx_word' id='word_1_197' title='bbox 1402 2676 1625 2729; x_wconf 82' lang='lat' dir='ltr'><strong>sanctus,</strong></span> <span class='ocrx_word' id='word_1_198' title='bbox 1656 2684 1805 2737; x_wconf 75' lang='lat' dir='ltr'><strong>quam</strong></span> 
     </span>
    </p>
   </div>
   <div class='ocr_carea' id='block_1_29' title="bbox 239 2753 1805 2819">
    <p class='ocr_par' dir='ltr' id='par_1_29' title="bbox 239 2753 1805 2819">
     <span class='ocr_line' id='line_1_32' title="bbox 239 2753 1805 2819; baseline 0.002 -11"><span class='ocrx_word' id='word_1_199' title='bbox 239 2754 392 2809; x_wconf 62' lang='lat' dir='ltr'><strong>mittet</strong></span> <span class='ocrx_word' id='word_1_200' title='bbox 420 2753 562 2809; x_wconf 83' lang='lat' dir='ltr'><strong>Pater</strong></span> <span class='ocrx_word' id='word_1_201' title='bbox 582 2757 633 2809; x_wconf 90' lang='lat' dir='ltr'><strong>in</strong></span> <span class='ocrx_word' id='word_1_202' title='bbox 682 2756 884 2810; x_wconf 86' lang='lat' dir='ltr'><strong>nomine</strong></span> <span class='ocrx_word' id='word_1_203' title='bbox 931 2772 1059 2818; x_wconf 82' lang='lat' dir='ltr'><strong>meo,</strong></span> <span class='ocrx_word' id='word_1_204' title='bbox 1089 2756 1176 2809; x_wconf 84' lang='lat' dir='ltr'><strong>ille</strong></span> <span class='ocrx_word' id='word_1_205' title='bbox 1199 2771 1286 2810; x_wconf 76' lang='lat' dir='ltr'><strong>vos</strong></span> <span class='ocrx_word' id='word_1_206' title='bbox 1309 2757 1500 2810; x_wconf 80' lang='lat' dir='ltr'><strong>docebit</strong></span> <span class='ocrx_word' id='word_1_207' title='bbox 1541 2758 1729 2819; x_wconf 85' lang='lat' dir='ltr'><strong>omnia,</strong></span> <span class='ocrx_word' id='word_1_208' title='bbox 1758 2768 1805 2811; x_wconf 84' lang='lat' dir='ltr'><strong>et</strong></span> 
     </span>
    </p>
   </div>
   <div class='ocr_carea' id='block_1_30' title="bbox 236 2846 1803 2917">
    <p class='ocr_par' dir='ltr' id='par_1_30' title="bbox 236 2846 1803 2917">
     <span class='ocr_line' id='line_1_33' title="bbox 236 2846 1803 2917; baseline 0.002 -18"><span class='ocrx_word' id='word_1_209' title='bbox 236 2846 617 2900; x_wconf 73' lang='lat' dir='ltr'><strong>commemornbit</strong></span> <span class='ocrx_word' id='word_1_210' title='bbox 638 2862 723 2901; x_wconf 74' lang='lat' dir='ltr'><strong>vos</strong></span> <span class='ocrx_word' id='word_1_211' title='bbox 737 2846 906 2899; x_wconf 86' lang='lat' dir='ltr'><strong>omnia</strong></span> <span class='ocrx_word' id='word_1_212' title='bbox 925 2861 1248 2917; x_wconf 71' lang='lat' dir='ltr'><strong>qnwcutnquc</strong></span> <span class='ocrx_word' id='word_1_213' title='bbox 1267 2846 1445 2900; x_wconf 72' lang='lat' dir='ltr'><strong>dixero</strong></span> <span class='ocrx_word' id='word_1_214' title='bbox 1467 2846 1620 2902; x_wconf 77' lang='lat' dir='ltr'><strong>rubis.</strong></span> <span class='ocrx_word' id='word_1_215' title='bbox 1641 2846 1803 2902; x_wconf 85' lang='lat' dir='ltr'><strong>Nutu-</strong></span> 
     </span>
    </p>
   </div>
   <div class='ocr_carea' id='block_1_31' title="bbox 238 2935 1770 3007">
    <p class='ocr_par' dir='ltr' id='par_1_31' title="bbox 238 2935 1770 3007">
     <span class='ocr_line' id='line_1_34' title="bbox 238 2935 1770 3007; baseline 0.005 -20"><span class='ocrx_word' id='word_1_216' title='bbox 238 2936 470 3005; x_wconf 67' lang='lat' dir='ltr'><strong>quill-tam</strong></span> <span class='ocrx_word' id='word_1_217' title='bbox 494 2937 618 2992; x_wconf 88' lang='lat' dir='ltr'><strong>dicit</strong></span> <span class='ocrx_word' id='word_1_218' title='bbox 647 2935 828 3001; x_wconf 80' lang='lat' dir='ltr'><strong>Filius,</strong></span> <span class='ocrx_word' id='word_1_219' title='bbox 855 2947 908 2992; x_wconf 89' lang='lat' dir='ltr'><strong>et</strong></span> <span class='ocrx_word' id='word_1_220' title='bbox 934 2937 1090 2993; x_wconf 77' lang='lat' dir='ltr'><strong>doret</strong></span> <span class='ocrx_word' id='word_1_221' title='bbox 1117 2939 1346 3007; x_wconf 76' lang='lat' dir='ltr'><strong>Spiritus</strong></span> <span class='ocrx_word' id='word_1_222' title='bbox 1366 2949 1601 3003; x_wconf 86' lang='lat' dir='ltr'><strong>sanctus,</strong></span> <span class='ocrx_word' id='word_1_223' title='bbox 1631 2949 1687 2994; x_wconf 78' lang='lat' dir='ltr'><strong>ut</strong></span> <span class='ocrx_word' id='word_1_224' title='bbox 1715 2939 1770 2995; x_wconf 89' lang='lat' dir='ltr'><strong>di</strong></span> 
     </span>
    </p>
   </div>
   <div class='ocr_carea' id='block_1_32' title="bbox 237 3025 1801 3097">
    <p class='ocr_par' dir='ltr' id='par_1_32' title="bbox 237 3025 1801 3097">
     <span class='ocr_line' id='line_1_35' title="bbox 237 3025 1801 3097; baseline 0.004 -17"><span class='ocrx_word' id='word_1_225' title='bbox 237 3036 384 3081; x_wconf 80' lang='lat' dir='ltr'><strong>cente</strong></span> <span class='ocrx_word' id='word_1_226' title='bbox 423 3025 549 3082; x_wconf 69' lang='lat' dir='ltr'><strong>Filio</strong></span> <span class='ocrx_word' id='word_1_227' title='bbox 592 3028 748 3084; x_wconf 84' lang='lat' dir='ltr'><strong>verba</strong></span> <span class='ocrx_word' id='word_1_228' title='bbox 779 3028 1095 3095; x_wconf 76' lang='lat' dir='ltr'><strong>‘Capiamtls,</strong></span> <span class='ocrx_word' id='word_1_229' title='bbox 1126 3028 1353 3083; x_wconf 84' lang='lat' dir='ltr'><strong>docente</strong></span> <span class='ocrx_word' id='word_1_230' title='bbox 1380 3038 1555 3083; x_wconf 84' lang='lat' dir='ltr'><strong>autem</strong></span> <span class='ocrx_word' id='word_1_231' title='bbox 1601 3029 1801 3097; x_wconf 79' lang='lat' dir='ltr'><strong>Spiritu</strong></span> 
     </span>
    </p>
   </div>
   <div class='ocr_carea' id='block_1_33' title="bbox 240 3120 1800 3191">
    <p class='ocr_par' dir='ltr' id='par_1_33' title="bbox 240 3120 1800 3191">
     <span class='ocr_line' id='line_1_36' title="bbox 240 3120 1800 3191; baseline 0.005 -20"><span class='ocrx_word' id='word_1_232' title='bbox 240 3130 412 3175; x_wconf 83' lang='lat' dir='ltr'><strong>saneto</strong></span> <span class='ocrx_word' id='word_1_233' title='bbox 429 3120 608 3176; x_wconf 84' lang='lat' dir='ltr'><strong>eadem</strong></span> <span class='ocrx_word' id='word_1_234' title='bbox 648 3120 807 3177; x_wconf 88' lang='lat' dir='ltr'><strong>verba</strong></span> <span class='ocrx_word' id='word_1_235' title='bbox 835 3121 1222 3191; x_wconf 72' lang='lat' dir='ltr'><strong>intelligamth</strong></span> <span class='ocrx_word' id='word_1_236' title='bbox 1249 3121 1408 3189; x_wconf 83' lang='lat' dir='ltr'><strong>Quasi</strong></span> <span class='ocrx_word' id='word_1_237' title='bbox 1452 3122 1594 3177; x_wconf 90' lang='lat' dir='ltr'><strong>dicat</strong></span> <span class='ocrx_word' id='word_1_238' title='bbox 1635 3123 1800 3179; x_wconf 80' lang='lat' dir='ltr'><strong>Filius</strong></span> 
     </span>
    </p>
   </div>
   <div class='ocr_carea' id='block_1_34' title="bbox 238 3211 1798 3281">
    <p class='ocr_par' dir='ltr' id='par_1_34' title="bbox 238 3211 1798 3281">
     <span class='ocr_line' id='line_1_37' title="bbox 238 3211 1798 3281; baseline 0.005 -17"><span class='ocrx_word' id='word_1_239' title='bbox 238 3211 350 3267; x_wconf 76' lang='lat' dir='ltr'><strong>sine</strong></span> <span class='ocrx_word' id='word_1_240' title='bbox 372 3212 560 3281; x_wconf 87' lang='lat' dir='ltr'><strong>Spiritu</strong></span> <span class='ocrx_word' id='word_1_241' title='bbox 589 3224 795 3275; x_wconf 89' lang='lat' dir='ltr'><strong>sancto,</strong></span> <span class='ocrx_word' id='word_1_242' title='bbox 825 3222 917 3266; x_wconf 91' lang='lat' dir='ltr'><strong>aut</strong></span> <span class='ocrx_word' id='word_1_243' title='bbox 962 3211 1192 3280; x_wconf 80' lang='lat' dir='ltr'><strong>Spiritus</strong></span> <span class='ocrx_word' id='word_1_244' title='bbox 1214 3224 1430 3269; x_wconf 78' lang='lat' dir='ltr'><strong>smn-tus</strong></span> <span class='ocrx_word' id='word_1_245' title='bbox 1455 3213 1644 3269; x_wconf 82' lang='lat' dir='ltr'><strong>doceat</strong></span> <span class='ocrx_word' id='word_1_246' title='bbox 1683 3216 1798 3277; x_wconf 76' lang='lat' dir='ltr'><strong>sine</strong></span> 
     </span>
    </p>
   </div>
   <div class='ocr_carea' id='block_1_35' title="bbox 240 3297 1798 3373">
    <p class='ocr_par' dir='ltr' id='par_1_35' title="bbox 240 3297 1798 3373">
     <span class='ocr_line' id='line_1_38' title="bbox 240 3297 1798 3373; baseline 0.004 -19"><span class='ocrx_word' id='word_1_247' title='bbox 240 3297 368 3356; x_wconf 78' lang='lat' dir='ltr'><strong>Filio</strong></span> <span class='ocrx_word' id='word_1_248' title='bbox 394 3321 408 3355; x_wconf 88' lang='lat'>:</span> <span class='ocrx_word' id='word_1_249' title='bbox 437 3315 521 3358; x_wconf 85' lang='lat' dir='ltr'><strong>aut</strong></span> <span class='ocrx_word' id='word_1_250' title='bbox 560 3319 685 3360; x_wconf 85' lang='lat' dir='ltr'><strong>vero</strong></span> <span class='ocrx_word' id='word_1_251' title='bbox 711 3320 815 3358; x_wconf 90' lang='lat' dir='ltr'><strong>non</strong></span> <span class='ocrx_word' id='word_1_252' title='bbox 841 3313 894 3359; x_wconf 89' lang='lat' dir='ltr'><strong>et</strong></span> <span class='ocrx_word' id='word_1_253' title='bbox 939 3302 1108 3359; x_wconf 80' lang='lat' dir='ltr'><strong>Filius</strong></span> <span class='ocrx_word' id='word_1_254' title='bbox 1131 3304 1321 3358; x_wconf 84' lang='lat' dir='ltr'><strong>doceat</strong></span> <span class='ocrx_word' id='word_1_255' title='bbox 1341 3316 1395 3361; x_wconf 93' lang='lat' dir='ltr'><strong>et</strong></span> <span class='ocrx_word' id='word_1_256' title='bbox 1420 3305 1649 3373; x_wconf 88' lang='lat' dir='ltr'><strong>Spiritus</strong></span> <span class='ocrx_word' id='word_1_257' title='bbox 1674 3322 1798 3361; x_wconf 89' lang='lat' dir='ltr'><strong>san-</strong></span> 
     </span>
    </p>
   </div>
   <div class='ocr_carea' id='block_1_36' title="bbox 238 3392 1797 3464">
    <p class='ocr_par' dir='ltr' id='par_1_36' title="bbox 238 3392 1797 3464">
     <span class='ocr_line' id='line_1_39' title="bbox 238 3392 1797 3464; baseline 0.005 -18"><span class='ocrx_word' id='word_1_258' title='bbox 238 3400 347 3446; x_wconf 81' lang='lat' dir='ltr'><strong>ctus</strong></span> <span class='ocrx_word' id='word_1_259' title='bbox 368 3392 517 3459; x_wconf 88' lang='lat' dir='ltr'><strong>dicat,</strong></span> <span class='ocrx_word' id='word_1_260' title='bbox 535 3403 589 3449; x_wconf 90' lang='lat' dir='ltr'><strong>et</strong></span> <span class='ocrx_word' id='word_1_261' title='bbox 606 3408 726 3449; x_wconf 89' lang='lat' dir='ltr'><strong>cum</strong></span> <span class='ocrx_word' id='word_1_262' title='bbox 748 3394 888 3449; x_wconf 84' lang='lat' dir='ltr'><strong>Deus</strong></span> <span class='ocrx_word' id='word_1_263' title='bbox 915 3394 1112 3464; x_wconf 89' lang='lat' dir='ltr'><strong>aliqttid</strong></span> <span class='ocrx_word' id='word_1_264' title='bbox 1140 3395 1268 3449; x_wconf 70' lang='lat' dir='ltr'><strong>dicit</strong></span> <span class='ocrx_word' id='word_1_265' title='bbox 1290 3405 1345 3449; x_wconf 90' lang='lat' dir='ltr'><strong>et</strong></span> <span class='ocrx_word' id='word_1_266' title='bbox 1368 3395 1544 3459; x_wconf 84' lang='lat' dir='ltr'><strong>ducet,</strong></span> <span class='ocrx_word' id='word_1_267' title='bbox 1564 3396 1797 3454; x_wconf 75' lang='lat' dir='ltr'><strong>Trinitas</strong></span> 
     </span>
    </p>
   </div>
   <div class='ocr_carea' id='block_1_37' title="bbox 241 3478 1794 3557">
    <p class='ocr_par' dir='ltr' id='par_1_37' title="bbox 241 3478 1794 3557">
     <span class='ocr_line' id='line_1_40' title="bbox 241 3478 1794 3557; baseline 0.006 -24"><span class='ocrx_word' id='word_1_268' title='bbox 241 3478 343 3550; x_wconf 76' lang='lat' dir='ltr'><strong>ipsa</strong></span> <span class='ocrx_word' id='word_1_269' title='bbox 359 3484 488 3539; x_wconf 87' lang='lat' dir='ltr'><strong>dicat</strong></span> <span class='ocrx_word' id='word_1_270' title='bbox 511 3485 807 3539; x_wconf 77' lang='lat' dir='ltr'><strong>etdoCeat?</strong></span> <span class='ocrx_word' id='word_1_271' title='bbox 837 3484 942 3539; x_wconf 87' lang='lat' dir='ltr'><strong>Sed</strong></span> <span class='ocrx_word' id='word_1_272' title='bbox 962 3485 1215 3555; x_wconf 85' lang='lat' dir='ltr'><strong>quoniam</strong></span> <span class='ocrx_word' id='word_1_273' title='bbox 1237 3485 1473 3540; x_wconf 84' lang='lat' dir='ltr'><strong>Trinitas</strong></span> <span class='ocrx_word' id='word_1_274' title='bbox 1502 3496 1603 3550; x_wconf 79' lang='lat' dir='ltr'><strong>est,</strong></span> <span class='ocrx_word' id='word_1_275' title='bbox 1633 3502 1794 3557; x_wconf 84' lang='lat' dir='ltr'><strong>opor-</strong></span> 
     </span>
    </p>
   </div>
   <div class='ocr_carea' id='block_1_38' title="bbox 240 3566 1796 3641">
    <p class='ocr_par' dir='ltr' id='par_1_38' title="bbox 240 3566 1796 3641">
     <span class='ocr_line' id='line_1_41' title="bbox 240 3566 1796 3641; baseline 0.004 -19"><span class='ocrx_word' id='word_1_276' title='bbox 240 3566 370 3622; x_wconf 79' lang='lat' dir='ltr'><strong>tebat</strong></span> <span class='ocrx_word' id='word_1_277' title='bbox 411 3569 522 3638; x_wconf 80' lang='lat' dir='ltr'><strong>ejus</strong></span> <span class='ocrx_word' id='word_1_278' title='bbox 560 3568 797 3639; x_wconf 79' lang='lat' dir='ltr'><strong>singulas</strong></span> <span class='ocrx_word' id='word_1_279' title='bbox 825 3567 1093 3623; x_wconf 75' lang='lat' dir='ltr'><strong>insinuare</strong></span> <span class='ocrx_word' id='word_1_280' title='bbox 1139 3584 1413 3638; x_wconf 75' lang='lat' dir='ltr'><strong>personas,</strong></span> <span class='ocrx_word' id='word_1_281' title='bbox 1445 3586 1671 3641; x_wconf 86' lang='lat' dir='ltr'><strong>eamque</strong></span> <span class='ocrx_word' id='word_1_282' title='bbox 1698 3586 1796 3628; x_wconf 86' lang='lat' dir='ltr'><strong>nos</strong></span> 
     </span>
    </p>
   </div>
   <div class='ocr_carea' id='block_1_39' title="bbox 237 3655 1792 3731">
    <p class='ocr_par' dir='ltr' id='par_1_39' title="bbox 237 3655 1792 3731">
     <span class='ocr_line' id='line_1_42' title="bbox 237 3655 1792 3731; baseline 0.001 -16"><span class='ocrx_word' id='word_1_283' title='bbox 237 3655 462 3717; x_wconf 81' lang='lat' dir='ltr'><strong>distincte</strong></span> <span class='ocrx_word' id='word_1_284' title='bbox 480 3662 683 3725; x_wconf 64' lang='lat' dir='ltr'><strong>audite,</strong></span> <span class='ocrx_word' id='word_1_285' title='bbox 712 3661 1132 3731; x_wconf 75' lang='lat' dir='ltr'><strong>inseparabiliter</strong></span> <span class='ocrx_word' id='word_1_286' title='bbox 1177 3661 1491 3731; x_wconf 85' lang='lat' dir='ltr'><strong>intelligere.</strong></span> <span class='ocrx_word' id='word_1_287' title='bbox 1525 3664 1658 3717; x_wconf 84' lang='lat' dir='ltr'><strong>Audi</strong></span> <span class='ocrx_word' id='word_1_288' title='bbox 1690 3662 1792 3718; x_wconf 87' lang='lat' dir='ltr'><strong>Pa-</strong></span> 
     </span>
    </p>
   </div>
   <div class='ocr_carea' id='block_1_40' title="bbox 238 3749 1795 3817">
    <p class='ocr_par' dir='ltr' id='par_1_40' title="bbox 238 3749 1795 3817">
     <span class='ocr_line' id='line_1_43' title="bbox 238 3749 1795 3817; baseline 0.001 -11"><span class='ocrx_word' id='word_1_289' title='bbox 238 3756 358 3806; x_wconf 75' lang='lat' dir='ltr'><strong>trem</strong></span> <span class='ocrx_word' id='word_1_290' title='bbox 371 3751 623 3807; x_wconf 73' lang='lat' dir='ltr'><strong>dicentem</strong></span> <span class='ocrx_word' id='word_1_291' title='bbox 652 3751 740 3807; x_wconf 83' lang='lat' dir='ltr'><strong>ubi</strong></span> <span class='ocrx_word' id='word_1_292' title='bbox 787 3750 937 3817; x_wconf 54' lang='lat' dir='ltr'><strong>lepis,</strong></span> <span class='ocrx_word' id='word_1_293' title='bbox 972 3749 1217 3805; x_wconf 84' lang='lat' dir='ltr'><strong>Domtnns</strong></span> <span class='ocrx_word' id='word_1_294' title='bbox 1258 3753 1385 3806; x_wconf 72' lang='lat' dir='ltr'><strong>dixtt</strong></span> <span class='ocrx_word' id='word_1_295' title='bbox 1413 3754 1480 3805; x_wconf 85' lang='lat' dir='ltr'><strong>ad</strong></span> <span class='ocrx_word' id='word_1_296' title='bbox 1504 3768 1599 3815; x_wconf 85' lang='lat' dir='ltr'><strong>me,</strong></span> <span class='ocrx_word' id='word_1_297' title='bbox 1631 3750 1795 3807; x_wconf 74' lang='lat' dir='ltr'><strong>Filius</strong></span> 
     </span>
    </p>
   </div>
   <div class='ocr_carea' id='block_1_41' title="bbox 238 3841 1789 3915">
    <p class='ocr_par' dir='ltr' id='par_1_41' title="bbox 238 3841 1789 3915">
     <span class='ocr_line' id='line_1_44' title="bbox 238 3841 1789 3915; baseline 0.003 -22"><span class='ocrx_word' id='word_1_298' title='bbox 238 3856 428 3896; x_wconf 73' lang='lat' dir='ltr'><strong>tumes</strong></span> <span class='ocrx_word' id='word_1_299' title='bbox 447 3844 539 3914; x_wconf 84' lang='lat' dir='ltr'><strong>tu(</strong></span> <span class='ocrx_word' id='word_1_300' title='bbox 570 3841 714 3896; x_wconf 82' lang='lat' dir='ltr'><strong>Psal.</strong></span> <span class='ocrx_word' id='word_1_301' title='bbox 742 3857 798 3905; x_wconf 84' lang='lat' dir='ltr'><strong>tt,</strong></span> <span class='ocrx_word' id='word_1_302' title='bbox 828 3843 900 3913; x_wconf 82' lang='lat'><strong>7)</strong></span> <span class='ocrx_word' id='word_1_303' title='bbox 931 3845 1087 3895; x_wconf 89' lang='lat' dir='ltr'><strong>:andi</strong></span> <span class='ocrx_word' id='word_1_304' title='bbox 1134 3851 1192 3896; x_wconf 85' lang='lat' dir='ltr'><strong>et</strong></span> <span class='ocrx_word' id='word_1_305' title='bbox 1214 3842 1494 3898; x_wconf 83' lang='lat' dir='ltr'><strong>docentem</strong></span> <span class='ocrx_word' id='word_1_306' title='bbox 1521 3843 1608 3899; x_wconf 89' lang='lat' dir='ltr'><strong>ubi</strong></span> <span class='ocrx_word' id='word_1_307' title='bbox 1641 3845 1789 3915; x_wconf 80' lang='lat' dir='ltr'><strong>legis,</strong></span> 
     </span>
    </p>
   </div>
   <div class='ocr_carea' id='block_1_42' title="bbox 239 3928 1787 4005">
    <p class='ocr_par' dir='ltr' id='par_1_42' title="bbox 239 3928 1787 4005">
     <span class='ocr_line' id='line_1_45' title="bbox 239 3928 1787 4005; baseline 0.003 -22"><span class='ocrx_word' id='word_1_308' title='bbox 239 3928 397 3986; x_wconf 77' lang='lat' dir='ltr'><strong>Omnis</strong></span> <span class='ocrx_word' id='word_1_309' title='bbox 419 3933 502 4005; x_wconf 75' lang='lat' dir='ltr'><strong>qui</strong></span> <span class='ocrx_word' id='word_1_310' title='bbox 526 3933 715 3987; x_wconf 72' lang='lat' dir='ltr'><strong>audiuit</strong></span> <span class='ocrx_word' id='word_1_311' title='bbox 742 3949 775 3985; x_wconf 80' lang='grc' dir='ltr'><em>α</em></span> <span class='ocrx_word' id='word_1_312' title='bbox 807 3931 959 3985; x_wconf 82' lang='lat' dir='ltr'><strong>Patre</strong></span> <span class='ocrx_word' id='word_1_313' title='bbox 976 3942 1019 3985; x_wconf 87' lang='lat' dir='ltr'><strong>ct</strong></span> <span class='ocrx_word' id='word_1_314' title='bbox 1045 3933 1242 3990; x_wconf 87' lang='lat' dir='ltr'><strong>didicit.</strong></span> <span class='ocrx_word' id='word_1_315' title='bbox 1269 3936 1397 3986; x_wconf 80' lang='lat' dir='ltr'><strong>venit</strong></span> <span class='ocrx_word' id='word_1_316' title='bbox 1415 3934 1481 3986; x_wconf 84' lang='lat' dir='ltr'><strong>ad</strong></span> <span class='ocrx_word' id='word_1_317' title='bbox 1501 3950 1579 3986; x_wconf 79' lang='lat' dir='ltr'><strong>me</strong></span> <span class='ocrx_word' id='word_1_318' title='bbox 1598 3934 1616 4003; x_wconf 90' lang='lat'><strong>(</strong></span> <span class='ocrx_word' id='word_1_319' title='bbox 1631 3931 1787 3988; x_wconf 82' lang='lat' dir='ltr'><strong>Joan.</strong></span> 
     </span>
    </p>
   </div>
   <div class='ocr_carea' id='block_1_43' title="bbox 235 4023 1791 4095">
    <p class='ocr_par' dir='ltr' id='par_1_43' title="bbox 235 4023 1791 4095">
     <span class='ocr_line' id='line_1_46' title="bbox 235 4023 1791 4095; baseline 0 -16"><span class='ocrx_word' id='word_1_320' title='bbox 235 4025 384 4087; x_wconf 67' lang='grc' dir='ltr'><strong>γι.ιὸ</strong></span> <span class='ocrx_word' id='word_1_321' title='bbox 405 4025 445 4095; x_wconf 91' lang='grc'><strong>).</strong></span> <span class='ocrx_word' id='word_1_322' title='bbox 478 4024 666 4080; x_wconf 83' lang='lat' dir='ltr'><strong>Filium</strong></span> <span class='ocrx_word' id='word_1_323' title='bbox 697 4038 825 4079; x_wconf 86' lang='lat' dir='ltr'><strong>vero</strong></span> <span class='ocrx_word' id='word_1_324' title='bbox 850 4024 1114 4079; x_wconf 89' lang='lat' dir='ltr'><strong>dicentem</strong></span> <span class='ocrx_word' id='word_1_325' title='bbox 1160 4026 1318 4078; x_wconf 88' lang='lat' dir='ltr'><strong>tnodo</strong></span> <span class='ocrx_word' id='word_1_326' title='bbox 1367 4023 1596 4088; x_wconf 90' lang='lat' dir='ltr'><strong>audisti;</strong></span> <span class='ocrx_word' id='word_1_327' title='bbox 1629 4025 1695 4080; x_wconf 90' lang='lat' dir='ltr'><strong>de</strong></span> <span class='ocrx_word' id='word_1_328' title='bbox 1730 4040 1791 4081; x_wconf 90' lang='lat' dir='ltr'><strong>se</strong></span> 
     </span>
    </p>
   </div>
   <div class='ocr_carea' id='block_1_44' title="bbox 239 4117 1789 4188">
    <p class='ocr_par' dir='ltr' id='par_1_44' title="bbox 239 4117 1789 4188">
     <span class='ocr_line' id='line_1_47' title="bbox 239 4117 1789 4188; baseline 0.001 -17"><span class='ocrx_word' id='word_1_329' title='bbox 239 4119 411 4188; x_wconf 78' lang='lat' dir='ltr'><strong>quippe</strong></span> <span class='ocrx_word' id='word_1_330' title='bbox 441 4118 533 4184; x_wconf 91' lang='lat' dir='ltr'><strong>ait,</strong></span> <span class='ocrx_word' id='word_1_331' title='bbox 573 4119 910 4187; x_wconf 70' lang='lat' dir='ltr'><strong>QuttCtttttqtte</strong></span> <span class='ocrx_word' id='word_1_332' title='bbox 943 4117 1115 4172; x_wconf 71' lang='lat' dir='ltr'><strong>dixero</strong></span> <span class='ocrx_word' id='word_1_333' title='bbox 1142 4118 1278 4171; x_wconf 79' lang='lat' dir='ltr'><strong>vobis</strong></span> <span class='ocrx_word' id='word_1_334' title='bbox 1304 4134 1324 4171; x_wconf 89' lang='lat'><strong><em>:</em></strong></span> <span class='ocrx_word' id='word_1_335' title='bbox 1348 4133 1505 4187; x_wconf 84' lang='lat' dir='ltr'><strong>quem</strong></span> <span class='ocrx_word' id='word_1_336' title='bbox 1530 4119 1574 4173; x_wconf 89' lang='lat' dir='ltr'><strong>si</strong></span> <span class='ocrx_word' id='word_1_337' title='bbox 1604 4128 1660 4173; x_wconf 90' lang='lat' dir='ltr'><strong>et</strong></span> <span class='ocrx_word' id='word_1_338' title='bbox 1688 4118 1789 4173; x_wconf 81' lang='lat' dir='ltr'><strong>(lo-</strong></span> 
     </span>
    </p>
   </div>
   <div class='ocr_carea' id='block_1_45' title="bbox 242 4208 1785 4280">
    <p class='ocr_par' dir='ltr' id='par_1_45' title="bbox 242 4208 1785 4280">
     <span class='ocr_line' id='line_1_48' title="bbox 242 4208 1785 4280; baseline 0.001 -17"><span class='ocrx_word' id='word_1_339' title='bbox 242 4211 517 4267; x_wconf 66' lang='lat' dir='ltr'><strong>sententiis</strong></span> <span class='ocrx_word' id='word_1_340' title='bbox 542 4226 722 4278; x_wconf 69' lang='lat' dir='ltr'><strong>nosse,</strong></span> <span class='ocrx_word' id='word_1_341' title='bbox 751 4211 1058 4278; x_wconf 82' lang='lat' dir='ltr'><strong>magistrum</strong></span> <span class='ocrx_word' id='word_1_342' title='bbox 1092 4212 1285 4276; x_wconf 87' lang='lat' dir='ltr'><strong>recole,</strong></span> <span class='ocrx_word' id='word_1_343' title='bbox 1312 4208 1455 4265; x_wconf 75' lang='lat' dir='ltr'><strong>Unus</strong></span> <span class='ocrx_word' id='word_1_344' title='bbox 1479 4219 1572 4271; x_wconf 79' lang='lat' dir='ltr'><strong>est,</strong></span> <span class='ocrx_word' id='word_1_345' title='bbox 1598 4210 1785 4280; x_wconf 84' lang='lat' dir='ltr'><strong>inquit,</strong></span> 
     </span>
    </p>
   </div>
   <div class='ocr_carea' id='block_1_46' title="bbox 248 4296 1785 4373">
    <p class='ocr_par' dir='ltr' id='par_1_46' title="bbox 248 4296 1785 4373">
     <span class='ocr_line' id='line_1_49' title="bbox 248 4296 1785 4373; baseline 0.001 -20"><span class='ocrx_word' id='word_1_346' title='bbox 248 4296 455 4373; x_wconf 60' lang='grc' dir='ltr'><strong>Παρίων</strong></span> <span class='ocrx_word' id='word_1_347' title='bbox 481 4313 637 4359; x_wconf 75' lang='lat' dir='ltr'><strong>vester</strong></span> <span class='ocrx_word' id='word_1_348' title='bbox 664 4301 926 4371; x_wconf 80' lang='lat' dir='ltr'><strong>Christtts(</strong></span> <span class='ocrx_word' id='word_1_349' title='bbox 959 4298 1146 4354; x_wconf 72' lang='lat' dir='ltr'><strong>Matth.</strong></span> <span class='ocrx_word' id='word_1_350' title='bbox 1183 4315 1335 4364; x_wconf 70' lang='lat' dir='ltr'><strong>unt,</strong></span> <span class='ocrx_word' id='word_1_351' title='bbox 1365 4300 1431 4355; x_wconf 83' lang='lat' dir='ltr'><strong>ltl</strong></span> <span class='ocrx_word' id='word_1_352' title='bbox 1452 4300 1492 4373; x_wconf 92' lang='lat'><strong>).</strong></span> <span class='ocrx_word' id='word_1_353' title='bbox 1531 4300 1785 4369; x_wconf 87' lang='lat' dir='ltr'><strong>Spiritum</strong></span> 
     </span>
    </p>
   </div>
   <div class='ocr_carea' id='block_1_47' title="bbox 248 4392 1787 4464">
    <p class='ocr_par' dir='ltr' id='par_1_47' title="bbox 248 4392 1787 4464">
     <span class='ocr_line' id='line_1_50' title="bbox 248 4392 1787 4464; baseline -0.001 -17"><span class='ocrx_word' id='word_1_354' title='bbox 248 4402 648 4460; x_wconf 65' lang='lat' dir='ltr'><strong>porrusauctum,</strong></span> <span class='ocrx_word' id='word_1_355' title='bbox 675 4409 832 4464; x_wconf 86' lang='lat' dir='ltr'><strong>quem</strong></span> <span class='ocrx_word' id='word_1_356' title='bbox 856 4395 1014 4446; x_wconf 90' lang='lat' dir='ltr'><strong>modo</strong></span> <span class='ocrx_word' id='word_1_357' title='bbox 1050 4392 1240 4446; x_wconf 79' lang='lat' dir='ltr'><strong>audisti</strong></span> <span class='ocrx_word' id='word_1_358' title='bbox 1268 4392 1544 4447; x_wconf 84' lang='lat' dir='ltr'><strong>docentem</strong></span> <span class='ocrx_word' id='word_1_359' title='bbox 1588 4393 1676 4447; x_wconf 87' lang='lat' dir='ltr'><strong>ubi</strong></span> <span class='ocrx_word' id='word_1_360' title='bbox 1703 4392 1787 4446; x_wconf 92' lang='lat' dir='ltr'><strong>di-</strong></span> 
     </span>
    </p>
   </div>
   <div class='ocr_carea' id='block_1_48' title="bbox 249 4482 1782 4557">
    <p class='ocr_par' dir='ltr' id='par_1_48' title="bbox 249 4482 1782 4557">
     <span class='ocr_line' id='line_1_51' title="bbox 249 4482 1782 4557; baseline 0.003 -21"><span class='ocrx_word' id='word_1_361' title='bbox 249 4491 361 4537; x_wconf 82' lang='lat' dir='ltr'><strong>ctum</strong></span> <span class='ocrx_word' id='word_1_362' title='bbox 377 4494 471 4550; x_wconf 89' lang='lat' dir='ltr'><strong>est,</strong></span> <span class='ocrx_word' id='word_1_363' title='bbox 504 4484 623 4557; x_wconf 82' lang='lat' dir='ltr'><strong>Ipse</strong></span> <span class='ocrx_word' id='word_1_364' title='bbox 643 4500 727 4538; x_wconf 79' lang='lat' dir='ltr'><strong>ros</strong></span> <span class='ocrx_word' id='word_1_365' title='bbox 750 4484 941 4537; x_wconf 80' lang='lat' dir='ltr'><strong>docebit</strong></span> <span class='ocrx_word' id='word_1_366' title='bbox 958 4485 1147 4549; x_wconf 70' lang='lat' dir='ltr'><strong>omnia,</strong></span> <span class='ocrx_word' id='word_1_367' title='bbox 1174 4482 1295 4538; x_wconf 89' lang='lat' dir='ltr'><strong>audi</strong></span> <span class='ocrx_word' id='word_1_368' title='bbox 1318 4485 1478 4538; x_wconf 87' lang='lat' dir='ltr'><strong>ctiant</strong></span> <span class='ocrx_word' id='word_1_369' title='bbox 1496 4483 1782 4553; x_wconf 76' lang='lat' dir='ltr'><strong>dicentem,</strong></span> 
     </span>
    </p>
   </div>
   <div class='ocr_carea' id='block_1_49' title="bbox 251 4574 1786 4648">
    <p class='ocr_par' dir='ltr' id='par_1_49' title="bbox 251 4574 1786 4648">
     <span class='ocr_line' id='line_1_52' title="bbox 251 4574 1786 4648; baseline 0.005 -20"><span class='ocrx_word' id='word_1_370' title='bbox 251 4574 318 4628; x_wconf 77' lang='lat' dir='ltr'><strong>ubi</strong></span> <span class='ocrx_word' id='word_1_371' title='bbox 343 4577 460 4648; x_wconf 78' lang='lat' dir='ltr'><strong>legis</strong></span> <span class='ocrx_word' id='word_1_372' title='bbox 479 4579 531 4632; x_wconf 90' lang='lat' dir='ltr'><strong>in</strong></span> <span class='ocrx_word' id='word_1_373' title='bbox 562 4578 781 4633; x_wconf 79' lang='lat' dir='ltr'><strong>Actibus</strong></span> <span class='ocrx_word' id='word_1_374' title='bbox 808 4577 1204 4646; x_wconf 70' lang='lat' dir='ltr'><strong>Alntstolorum,</strong></span> <span class='ocrx_word' id='word_1_375' title='bbox 1223 4578 1374 4632; x_wconf 89' lang='lat' dir='ltr'><strong>beato</strong></span> <span class='ocrx_word' id='word_1_376' title='bbox 1404 4578 1558 4633; x_wconf 85' lang='lat' dir='ltr'><strong>Petro</strong></span> <span class='ocrx_word' id='word_1_377' title='bbox 1583 4578 1786 4637; x_wconf 74' lang='lat' dir='ltr'><strong>divisse</strong></span> 
     </span>
    </p>
   </div>
   <div class='ocr_carea' id='block_1_50' title="bbox 249 4663 1785 4741">
    <p class='ocr_par' dir='ltr' id='par_1_50' title="bbox 249 4663 1785 4741">
     <span class='ocr_line' id='line_1_53' title="bbox 249 4663 1785 4741; baseline 0.003 -21"><span class='ocrx_word' id='word_1_378' title='bbox 249 4663 462 4736; x_wconf 81' lang='lat' dir='ltr'><strong>Spiritum</strong></span> <span class='ocrx_word' id='word_1_379' title='bbox 490 4678 754 4734; x_wconf 87' lang='lat' dir='ltr'><strong>sanctum,</strong></span> <span class='ocrx_word' id='word_1_380' title='bbox 799 4665 935 4722; x_wconf 85' lang='lat' dir='ltr'><strong>Vade</strong></span> <span class='ocrx_word' id='word_1_381' title='bbox 959 4684 1072 4721; x_wconf 87' lang='lat' dir='ltr'><strong>cum</strong></span> <span class='ocrx_word' id='word_1_382' title='bbox 1096 4668 1218 4733; x_wconf 78' lang='lat' dir='ltr'><strong>illis,</strong></span> <span class='ocrx_word' id='word_1_383' title='bbox 1263 4668 1382 4736; x_wconf 82' lang='lat' dir='ltr'><strong>quin</strong></span> <span class='ocrx_word' id='word_1_384' title='bbox 1431 4685 1523 4741; x_wconf 80' lang='lat' dir='ltr'><strong>ego</strong></span> <span class='ocrx_word' id='word_1_385' title='bbox 1562 4669 1676 4723; x_wconf 86' lang='lat' dir='ltr'><strong>misi</strong></span> <span class='ocrx_word' id='word_1_386' title='bbox 1701 4686 1785 4725; x_wconf 79' lang='lat' dir='ltr'><strong>eos</strong></span> 
     </span>
    </p>
   </div>
   <div class='ocr_carea' id='block_1_51' title="bbox 250 4752 1780 4829">
    <p class='ocr_par' dir='ltr' id='par_1_51' title="bbox 250 4752 1780 4829">
     <span class='ocr_line' id='line_1_54' title="bbox 250 4752 1780 4829; baseline 0.003 -19"><span class='ocrx_word' id='word_1_387' title='bbox 250 4752 371 4826; x_wconf 79' lang='lat' dir='ltr'><strong>(Act.</strong></span> <span class='ocrx_word' id='word_1_388' title='bbox 393 4758 563 4829; x_wconf 66' lang='lat'><strong>3,20)</strong></span> <span class='ocrx_word' id='word_1_389' title='bbox 614 4757 799 4813; x_wconf 84' lang='lat' dir='ltr'><strong>Omnis</strong></span> <span class='ocrx_word' id='word_1_390' title='bbox 828 4758 984 4825; x_wconf 82' lang='lat' dir='ltr'><strong>igitur</strong></span> <span class='ocrx_word' id='word_1_391' title='bbox 1008 4768 1063 4813; x_wconf 92' lang='lat' dir='ltr'><strong>et</strong></span> <span class='ocrx_word' id='word_1_392' title='bbox 1087 4756 1215 4813; x_wconf 90' lang='lat' dir='ltr'><strong>dicit</strong></span> <span class='ocrx_word' id='word_1_393' title='bbox 1244 4769 1297 4812; x_wconf 87' lang='lat' dir='ltr'><strong>et</strong></span> <span class='ocrx_word' id='word_1_394' title='bbox 1325 4758 1485 4813; x_wconf 88' lang='lat' dir='ltr'><strong>docet</strong></span> <span class='ocrx_word' id='word_1_395' title='bbox 1511 4759 1780 4815; x_wconf 83' lang='lat' dir='ltr'><strong>Trinitas:</strong></span> 
     </span>
    </p>
   </div>
   <div class='ocr_carea' id='block_1_52' title="bbox 250 4847 1784 4918">
    <p class='ocr_par' dir='ltr' id='par_1_52' title="bbox 250 4847 1784 4918">
     <span class='ocr_line' id='line_1_55' title="bbox 250 4847 1784 4918; baseline 0.001 -15"><span class='ocrx_word' id='word_1_396' title='bbox 250 4847 319 4903; x_wconf 74' lang='lat' dir='ltr'><strong>Iul</strong></span> <span class='ocrx_word' id='word_1_397' title='bbox 341 4851 428 4904; x_wconf 72' lang='lat' dir='ltr'><strong>nisi</strong></span> <span class='ocrx_word' id='word_1_398' title='bbox 453 4851 612 4906; x_wconf 87' lang='lat' dir='ltr'><strong>etiaut</strong></span> <span class='ocrx_word' id='word_1_399' title='bbox 636 4849 940 4918; x_wconf 78' lang='lat' dir='ltr'><strong>singillatim</strong></span> <span class='ocrx_word' id='word_1_400' title='bbox 969 4847 1459 4911; x_wconf 81' lang='lat' dir='ltr'><strong>commendaretur,</strong></span> <span class='ocrx_word' id='word_1_401' title='bbox 1495 4864 1612 4904; x_wconf 90' lang='lat' dir='ltr'><strong>eam</strong></span> <span class='ocrx_word' id='word_1_402' title='bbox 1641 4851 1784 4907; x_wconf 90' lang='lat' dir='ltr'><strong>nullo</strong></span> 
     </span>
    </p>
   </div>
   <div class='ocr_carea' id='block_1_53' title="bbox 251 4937 1783 5009">
    <p class='ocr_par' dir='ltr' id='par_1_53' title="bbox 251 4937 1783 5009">
     <span class='ocr_line' id='line_1_56' title="bbox 251 4937 1783 5009; baseline 0.004 -19"><span class='ocrx_word' id='word_1_403' title='bbox 251 4937 376 4993; x_wconf 81' lang='lat' dir='ltr'><strong>modo</strong></span> <span class='ocrx_word' id='word_1_404' title='bbox 406 4940 633 4997; x_wconf 88' lang='lat' dir='ltr'><strong>humana</strong></span> <span class='ocrx_word' id='word_1_405' title='bbox 662 4954 853 5009; x_wconf 82' lang='lat' dir='ltr'><strong>capere</strong></span> <span class='ocrx_word' id='word_1_406' title='bbox 879 4940 1059 5008; x_wconf 91' lang='lat' dir='ltr'><strong>utique</strong></span> <span class='ocrx_word' id='word_1_407' title='bbox 1110 4947 1288 5008; x_wconf 75' lang='lat' dir='ltr'><strong>posset</strong></span> <span class='ocrx_word' id='word_1_408' title='bbox 1319 4939 1614 4994; x_wconf 88' lang='lat' dir='ltr'><strong>iulirtnitas.</strong></span> <span class='ocrx_word' id='word_1_409' title='bbox 1649 4938 1783 4996; x_wconf 87' lang='lat' dir='ltr'><strong>Cum</strong></span> 
     </span>
    </p>
   </div>
   <div class='ocr_carea' id='block_1_54' title="bbox 251 5031 1785 5101">
    <p class='ocr_par' dir='ltr' id='par_1_54' title="bbox 251 5031 1785 5101">
     <span class='ocr_line' id='line_1_57' title="bbox 251 5031 1785 5101; baseline 0.003 -16"><span class='ocrx_word' id='word_1_410' title='bbox 251 5042 345 5099; x_wconf 73' lang='lat' dir='ltr'><strong>ergo</strong></span> <span class='ocrx_word' id='word_1_411' title='bbox 364 5033 574 5087; x_wconf 79' lang='lat' dir='ltr'><strong>omnino</strong></span> <span class='ocrx_word' id='word_1_412' title='bbox 593 5032 663 5086; x_wconf 89' lang='lat' dir='ltr'><strong>sit</strong></span> <span class='ocrx_word' id='word_1_413' title='bbox 688 5031 1077 5101; x_wconf 65' lang='lat' dir='ltr'><strong>insclxtrabilis,</strong></span> <span class='ocrx_word' id='word_1_414' title='bbox 1107 5047 1378 5101; x_wconf 84' lang='lat' dir='ltr'><strong>nunquam</strong></span> <span class='ocrx_word' id='word_1_415' title='bbox 1409 5031 1641 5088; x_wconf 84' lang='lat' dir='ltr'><strong>Trinitas</strong></span> <span class='ocrx_word' id='word_1_416' title='bbox 1664 5048 1785 5089; x_wconf 87' lang='lat' dir='ltr'><strong>esse</strong></span> 
     </span>
    </p>
   </div>
   <div class='ocr_carea' id='block_1_55' title="bbox 252 5122 1785 5192">
    <p class='ocr_par' dir='ltr' id='par_1_55' title="bbox 252 5122 1785 5192">
     <span class='ocr_line' id='line_1_58' title="bbox 252 5122 1785 5192; baseline 0.005 -19"><span class='ocrx_word' id='word_1_417' title='bbox 252 5124 447 5187; x_wconf 68' lang='lat' dir='ltr'><strong>sanetur,</strong></span> <span class='ocrx_word' id='word_1_418' title='bbox 469 5124 513 5177; x_wconf 89' lang='lat' dir='ltr'><strong>si</strong></span> <span class='ocrx_word' id='word_1_419' title='bbox 544 5138 757 5192; x_wconf 83' lang='lat' dir='ltr'><strong>semper</strong></span> <span class='ocrx_word' id='word_1_420' title='bbox 786 5122 1212 5190; x_wconf 85' lang='lat' dir='ltr'><strong>inseparabiliter</strong></span> <span class='ocrx_word' id='word_1_421' title='bbox 1250 5124 1549 5179; x_wconf 87' lang='lat' dir='ltr'><strong>diceretur:</strong></span> <span class='ocrx_word' id='word_1_422' title='bbox 1580 5140 1700 5180; x_wconf 88' lang='lat' dir='ltr'><strong>nam</strong></span> <span class='ocrx_word' id='word_1_423' title='bbox 1729 5134 1785 5182; x_wconf 89' lang='lat' dir='ltr'><strong>ct</strong></span> 
     </span>
    </p>
   </div>
   <div class='ocr_carea' id='block_1_56' title="bbox 251 5212 1778 5285">
    <p class='ocr_par' dir='ltr' id='par_1_56' title="bbox 251 5212 1778 5285">
     <span class='ocr_line' id='line_1_59' title="bbox 251 5212 1778 5285; baseline 0.005 -21"><span class='ocrx_word' id='word_1_424' title='bbox 251 5221 336 5266; x_wconf 76' lang='lat' dir='ltr'><strong>eum</strong></span> <span class='ocrx_word' id='word_1_425' title='bbox 361 5214 579 5269; x_wconf 83' lang='lat' dir='ltr'><strong>dicimus</strong></span> <span class='ocrx_word' id='word_1_426' title='bbox 606 5213 816 5269; x_wconf 82' lang='lat' dir='ltr'><strong>Patrem</strong></span> <span class='ocrx_word' id='word_1_427' title='bbox 842 5222 898 5269; x_wconf 89' lang='lat' dir='ltr'><strong>ct</strong></span> <span class='ocrx_word' id='word_1_428' title='bbox 923 5212 1110 5268; x_wconf 79' lang='lat' dir='ltr'><strong>Filium</strong></span> <span class='ocrx_word' id='word_1_429' title='bbox 1133 5224 1188 5269; x_wconf 91' lang='lat' dir='ltr'><strong>et</strong></span> <span class='ocrx_word' id='word_1_430' title='bbox 1218 5213 1473 5284; x_wconf 83' lang='lat' dir='ltr'><strong>Spiritum</strong></span> <span class='ocrx_word' id='word_1_431' title='bbox 1514 5226 1778 5285; x_wconf 81' lang='lat' dir='ltr'><strong>sanctum,</strong></span> 
     </span>
    </p>
   </div>
   <div class='ocr_carea' id='block_1_57' title="bbox 254 5306 1781 5377">
    <p class='ocr_par' dir='ltr' id='par_1_57' title="bbox 254 5306 1781 5377">
     <span class='ocr_line' id='line_1_60' title="bbox 254 5306 1781 5377; baseline 0.002 -18"><span class='ocrx_word' id='word_1_432' title='bbox 254 5316 326 5359; x_wconf 77' lang='lat' dir='ltr'><strong>mu</strong></span> <span class='ocrx_word' id='word_1_433' title='bbox 358 5320 447 5362; x_wconf 86' lang='lat' dir='ltr'><strong>eos</strong></span> <span class='ocrx_word' id='word_1_434' title='bbox 467 5306 648 5376; x_wconf 87' lang='lat' dir='ltr'><strong>tttiqne</strong></span> <span class='ocrx_word' id='word_1_435' title='bbox 674 5306 904 5361; x_wconf 85' lang='lat' dir='ltr'><strong>dicimus</strong></span> <span class='ocrx_word' id='word_1_436' title='bbox 932 5307 1110 5364; x_wconf 89' lang='lat' dir='ltr'><strong>simul.</strong></span> <span class='ocrx_word' id='word_1_437' title='bbox 1142 5322 1264 5361; x_wconf 82' lang='lat' dir='ltr'><strong>eum</strong></span> <span class='ocrx_word' id='word_1_438' title='bbox 1298 5308 1416 5377; x_wconf 69' lang='lat' dir='ltr'><strong>ip~i&#39;</strong></span> <span class='ocrx_word' id='word_1_439' title='bbox 1438 5324 1542 5361; x_wconf 88' lang='lat' dir='ltr'><strong>ttott</strong></span> <span class='ocrx_word' id='word_1_440' title='bbox 1575 5309 1781 5377; x_wconf 78' lang='lat' dir='ltr'><strong>pOSsint</strong></span> 
     </span>
    </p>
   </div>
   <div class='ocr_carea' id='block_1_58' title="bbox 251 5396 1778 5468">
    <p class='ocr_par' dir='ltr' id='par_1_58' title="bbox 251 5396 1778 5468">
     <span class='ocr_line' id='line_1_61' title="bbox 251 5396 1778 5468; baseline 0.003 -18"><span class='ocrx_word' id='word_1_441' title='bbox 251 5406 335 5450; x_wconf 69' lang='lat' dir='ltr'><strong>asc</strong></span> <span class='ocrx_word' id='word_1_442' title='bbox 356 5411 450 5451; x_wconf 82' lang='lat' dir='ltr'><strong>non</strong></span> <span class='ocrx_word' id='word_1_443' title='bbox 477 5396 651 5452; x_wconf 79' lang='lat' dir='ltr'><strong>simul.</strong></span> <span class='ocrx_word' id='word_1_444' title='bbox 681 5397 832 5465; x_wconf 79' lang='lat' dir='ltr'><strong>Quod</strong></span> <span class='ocrx_word' id='word_1_445' title='bbox 861 5412 987 5453; x_wconf 64' lang='lat' dir='ltr'><strong>vero</strong></span> <span class='ocrx_word' id='word_1_446' title='bbox 1005 5398 1225 5465; x_wconf 87' lang='lat' dir='ltr'><strong>addidit,</strong></span> <span class='ocrx_word' id='word_1_447' title='bbox 1252 5399 1778 5468; x_wconf 65' lang='lat' dir='ltr'><strong>commemoraturus,</strong></span> 
     </span>
    </p>
   </div>
   <div class='ocr_carea' id='block_1_59' title="bbox 249 5482 1782 5559">
    <p class='ocr_par' dir='ltr' id='par_1_59' title="bbox 249 5482 1782 5559">
     <span class='ocr_line' id='line_1_62' title="bbox 249 5482 1782 5559; baseline 0.003 -20"><span class='ocrx_word' id='word_1_448' title='bbox 249 5482 498 5557; x_wconf 65' lang='lat' dir='ltr'><strong>intelligere</strong></span> <span class='ocrx_word' id='word_1_449' title='bbox 525 5488 782 5543; x_wconf 84' lang='lat' dir='ltr'><strong>debemus</strong></span> <span class='ocrx_word' id='word_1_450' title='bbox 807 5489 990 5551; x_wconf 89' lang='lat' dir='ltr'><strong>etiam,</strong></span> <span class='ocrx_word' id='word_1_451' title='bbox 1016 5490 1157 5559; x_wconf 78' lang='lat' dir='ltr'><strong>quod</strong></span> <span class='ocrx_word' id='word_1_452' title='bbox 1175 5489 1423 5559; x_wconf 71' lang='lat' dir='ltr'><strong>iubemur</strong></span> <span class='ocrx_word' id='word_1_453' title='bbox 1448 5504 1553 5545; x_wconf 93' lang='lat' dir='ltr'><strong>non</strong></span> <span class='ocrx_word' id='word_1_454' title='bbox 1590 5490 1782 5545; x_wconf 84' lang='lat' dir='ltr'><strong>oblivi-</strong></span> 
     </span>
    </p>
   </div>
   <div class='ocr_carea' id='block_1_60' title="bbox 252 5578 1777 5655">
    <p class='ocr_par' dir='ltr' id='par_1_60' title="bbox 252 5578 1777 5655">
     <span class='ocr_line' id='line_1_63' title="bbox 252 5578 1777 5655; baseline 0.003 -22"><span class='ocrx_word' id='word_1_455' title='bbox 252 5578 305 5633; x_wconf 74' lang='lat' dir='ltr'><strong>tt&#39;i</strong></span> <span class='ocrx_word' id='word_1_456' title='bbox 325 5581 691 5636; x_wconf 75' lang='lat' dir='ltr'><strong>saluberrimos</strong></span> <span class='ocrx_word' id='word_1_457' title='bbox 728 5581 959 5635; x_wconf 87' lang='lat' dir='ltr'><strong>monitus</strong></span> <span class='ocrx_word' id='word_1_458' title='bbox 978 5582 1043 5635; x_wconf 89' lang='lat' dir='ltr'><strong>ad</strong></span> <span class='ocrx_word' id='word_1_459' title='bbox 1063 5584 1285 5653; x_wconf 82' lang='lat' dir='ltr'><strong>gratiam</strong></span> <span class='ocrx_word' id='word_1_460' title='bbox 1310 5584 1594 5655; x_wconf 84' lang='lat' dir='ltr'><strong>pertinere,</strong></span> <span class='ocrx_word' id='word_1_461' title='bbox 1616 5596 1777 5654; x_wconf 86' lang='lat' dir='ltr'><strong>quam</strong></span> 
     </span>
    </p>
   </div>
   <div class='ocr_carea' id='block_1_61' title="bbox 248 5670 978 5742">
    <p class='ocr_par' dir='ltr' id='par_1_61' title="bbox 248 5670 978 5742">
     <span class='ocr_line' id='line_1_64' title="bbox 248 5670 978 5742; baseline 0.003 -17"><span class='ocrx_word' id='word_1_462' title='bbox 248 5681 317 5725; x_wconf 74' lang='lat' dir='ltr'><strong>ltus</strong></span> <span class='ocrx_word' id='word_1_463' title='bbox 331 5683 705 5727; x_wconf 84' lang='lat' dir='ltr'><strong>commemorat</strong></span> <span class='ocrx_word' id='word_1_464' title='bbox 728 5670 978 5742; x_wconf 78' lang='lat' dir='ltr'><strong>Spiritus.</strong></span> 
     </span>
    </p>
   </div>
   <div class='ocr_carea' id='block_1_62' title="bbox 262 5762 1234 5846">
    <p class='ocr_par' dir='ltr' id='par_1_62' title="bbox 262 5762 1234 5846">
     <span class='ocr_line' id='line_1_65' title="bbox 262 5762 1234 5846; baseline 0.002 -12"><span class='ocrx_word' id='word_1_465' title='bbox 262 5762 265 5763; x_wconf 14' lang='grc' dir='ltr'><em>ν</em></span> <span class='ocrx_word' id='word_1_466' title='bbox 289 5780 306 5815; x_wconf 76' lang='grc'>⁸</span> <span class='ocrx_word' id='word_1_467' title='bbox 323 5786 423 5835; x_wconf 74' lang='lat' dir='ltr'><strong>lar.</strong></span> <span class='ocrx_word' id='word_1_468' title='bbox 463 5782 606 5835; x_wconf 83' lang='lat' dir='ltr'><strong>redit.</strong></span> <span class='ocrx_word' id='word_1_469' title='bbox 623 5785 792 5835; x_wconf 61' lang='lat' dir='ltr'><strong>caeli</strong></span> <span class='ocrx_word' id='word_1_470' title='bbox 808 5784 1020 5846; x_wconf 81' lang='lat' dir='ltr'><strong>codices,</strong></span> <span class='ocrx_word' id='word_1_471' title='bbox 1036 5784 1234 5838; x_wconf 80' lang='lat' dir='ltr'><strong>recedit.</strong></span> 
     </span>
    </p>
   </div>
   <div class='ocr_carea' id='block_1_63' title="bbox 481 5868 1187 5935">
    <p class='ocr_par' dir='ltr' id='par_1_63' title="bbox 481 5868 1187 5935">
     <span class='ocr_line' id='line_1_66' title="bbox 481 5868 1187 5935; baseline 0.003 -2"><span class='ocrx_word' id='word_1_472' title='bbox 481 5868 706 5934; x_wconf 63' lang='lat' dir='ltr'><strong>Sacr.</strong></span> <span class='ocrx_word' id='word_1_473' title='bbox 751 5873 1032 5934; x_wconf 67' lang='grc' dir='ltr'><strong>Ληουεῖ.</strong></span> <span class='ocrx_word' id='word_1_474' title='bbox 1074 5872 1187 5935; x_wconf 92' lang='lat' dir='ltr'><strong>lll.</strong></span> 
     </span>
    </p>
   </div>
   <div class='ocr_carea' id='block_1_64' title="bbox 1305 338 2454 409">
    <p class='ocr_par' dir='ltr' id='par_1_64' title="bbox 1305 338 2454 409">
     <span class='ocr_line' id='line_1_67' title="bbox 1305 338 2454 409; baseline 0.013 -14"><span class='ocrx_word' id='word_1_475' title='bbox 1305 338 1715 398; x_wconf 77' lang='lat' dir='ltr'><strong>TRAC&#39;I‘ATUS</strong></span> <span class='ocrx_word' id='word_1_476' title='bbox 1753 339 2009 398; x_wconf 78' lang='lat' dir='ltr'><strong>LXXVII.</strong></span> <span class='ocrx_word' id='word_1_477' title='bbox 2048 340 2275 407; x_wconf 78' lang='lat' dir='ltr'><strong>CAPUT</strong></span> <span class='ocrx_word' id='word_1_478' title='bbox 2313 346 2454 409; x_wconf 64' lang='lat' dir='ltr'><strong>XIV.</strong></span> 
     </span>
    </p>
   </div>
   <div class='ocr_carea' id='block_1_65' title="bbox 2011 457 3521 550">
    <p class='ocr_par' dir='ltr' id='par_1_65' title="bbox 2011 457 3521 550">
     <span class='ocr_line' id='line_1_68' title="bbox 2011 457 3521 550; baseline 0.024 -39"><span class='ocrx_word' id='word_1_479' title='bbox 2011 457 2064 550; x_wconf 73' lang='grc'><strong>5.</strong></span> <span class='ocrx_word' id='word_1_480' title='bbox 2093 458 2301 529; x_wconf 80' lang='lat' dir='ltr'><strong>Pacem,</strong></span> <span class='ocrx_word' id='word_1_481' title='bbox 2334 466 2536 536; x_wconf 86' lang='lat' dir='ltr'><strong>inquit,</strong></span> <span class='ocrx_word' id='word_1_482' title='bbox 2577 470 2805 542; x_wconf 68' lang='lat' dir='ltr'><strong>relinquo</strong></span> <span class='ocrx_word' id='word_1_483' title='bbox 2840 476 2997 543; x_wconf 78' lang='lat' dir='ltr'><strong>vobis,</strong></span> <span class='ocrx_word' id='word_1_484' title='bbox 3040 498 3213 550; x_wconf 80' lang='lat' dir='ltr'><strong>pacem</strong></span> <span class='ocrx_word' id='word_1_485' title='bbox 3254 502 3415 543; x_wconf 81' lang='lat' dir='ltr'><strong>meam</strong></span> <span class='ocrx_word' id='word_1_486' title='bbox 3453 493 3521 549; x_wconf 82' lang='lat' dir='ltr'><strong>do</strong></span> 
     </span>
    </p>
   </div>
   <div class='ocr_carea' id='block_1_66' title="bbox 1937 549 3518 640">
    <p class='ocr_par' dir='ltr' id='par_1_66' title="bbox 1937 549 3518 640">
     <span class='ocr_line' id='line_1_69' title="bbox 1937 549 3518 640; baseline 0.023 -40"><span class='ocrx_word' id='word_1_487' title='bbox 1937 549 2092 604; x_wconf 80' lang='lat' dir='ltr'><strong>vobis.</strong></span> <span class='ocrx_word' id='word_1_488' title='bbox 2122 549 2233 607; x_wconf 81' lang='lat' dir='ltr'><strong>Hoc</strong></span> <span class='ocrx_word' id='word_1_489' title='bbox 2260 565 2343 609; x_wconf 88' lang='lat' dir='ltr'><strong>est</strong></span> <span class='ocrx_word' id='word_1_490' title='bbox 2366 557 2504 625; x_wconf 89' lang='lat' dir='ltr'><strong>quod</strong></span> <span class='ocrx_word' id='word_1_491' title='bbox 2536 558 2760 629; x_wconf 85' lang='lat' dir='ltr'><strong>legimus</strong></span> <span class='ocrx_word' id='word_1_492' title='bbox 2790 566 2926 633; x_wconf 90' lang='lat' dir='ltr'><strong>apud</strong></span> <span class='ocrx_word' id='word_1_493' title='bbox 2967 549 3297 640; x_wconf 74' lang='lat' dir='ltr'><strong>prophetam,</strong></span> <span class='ocrx_word' id='word_1_494' title='bbox 3330 577 3518 638; x_wconf 79' lang='lat' dir='ltr'><strong>Pacem</strong></span> 
     </span>
    </p>
   </div>
   <div class='ocr_carea' id='block_1_67' title="bbox 1936 655 3520 741">
    <p class='ocr_par' dir='ltr' id='par_1_67' title="bbox 1936 655 3520 741">
     <span class='ocr_line' id='line_1_70' title="bbox 1936 655 3520 741; baseline 0.023 -49"><span class='ocrx_word' id='word_1_495' title='bbox 1936 655 2087 711; x_wconf 78' lang='lat' dir='ltr'><strong>super</strong></span> <span class='ocrx_word' id='word_1_496' title='bbox 2128 660 2299 741; x_wconf 66' lang='lat' dir='ltr'><strong>pacein</strong></span> <span class='ocrx_word' id='word_1_497' title='bbox 2382 663 2562 741; x_wconf 86' lang='lat' dir='ltr'><strong>pacem</strong></span> <span class='ocrx_word' id='word_1_498' title='bbox 2604 655 2757 710; x_wconf 88' lang='lat' dir='ltr'><strong>nobis</strong></span> <span class='ocrx_word' id='word_1_499' title='bbox 2801 658 3046 729; x_wconf 88' lang='lat' dir='ltr'><strong>relinquit</strong></span> <span class='ocrx_word' id='word_1_500' title='bbox 3085 664 3253 720; x_wconf 83' lang='lat' dir='ltr'><strong>iturus</strong></span> <span class='ocrx_word' id='word_1_501' title='bbox 3277 710 3292 731; x_wconf 92' lang='lat'><strong>,</strong></span> <span class='ocrx_word' id='word_1_502' title='bbox 3335 685 3520 741; x_wconf 85' lang='lat' dir='ltr'><strong>pacem</strong></span> 
     </span>
    </p>
   </div>
   <div class='ocr_carea' id='block_1_68' title="bbox 1936 737 3515 821">
    <p class='ocr_par' dir='ltr' id='par_1_68' title="bbox 1936 737 3515 821">
     <span class='ocr_line' id='line_1_71' title="bbox 1936 737 3515 821; baseline 0.022 -36"><span class='ocrx_word' id='word_1_503' title='bbox 1936 744 2086 786; x_wconf 89' lang='lat' dir='ltr'><strong>suam</strong></span> <span class='ocrx_word' id='word_1_504' title='bbox 2130 737 2282 791; x_wconf 89' lang='lat' dir='ltr'><strong>nobis</strong></span> <span class='ocrx_word' id='word_1_505' title='bbox 2310 739 2454 795; x_wconf 81' lang='lat' dir='ltr'><strong>dabit</strong></span> <span class='ocrx_word' id='word_1_506' title='bbox 2484 742 2535 796; x_wconf 93' lang='lat' dir='ltr'><strong>in</strong></span> <span class='ocrx_word' id='word_1_507' title='bbox 2568 744 2671 798; x_wconf 85' lang='lat' dir='ltr'><strong>line</strong></span> <span class='ocrx_word' id='word_1_508' title='bbox 2702 757 2975 804; x_wconf 84' lang='lat' dir='ltr'><strong>venturus.</strong></span> <span class='ocrx_word' id='word_1_509' title='bbox 3016 752 3205 810; x_wconf 84' lang='lat' dir='ltr'><strong>Pacem</strong></span> <span class='ocrx_word' id='word_1_510' title='bbox 3246 737 3401 818; x_wconf 79' lang='lat' dir='ltr'><strong>nobis</strong></span> <span class='ocrx_word' id='word_1_511' title='bbox 3428 780 3515 821; x_wconf 81' lang='lat' dir='ltr'><strong>re-</strong></span> 
     </span>
    </p>
   </div>
   <div class='ocr_carea' id='block_1_69' title="bbox 1934 822 3517 914">
    <p class='ocr_par' dir='ltr' id='par_1_69' title="bbox 1934 822 3517 914">
     <span class='ocr_line' id='line_1_72' title="bbox 1934 822 3517 914; baseline 0.024 -38"><span class='ocrx_word' id='word_1_512' title='bbox 1934 822 2123 914; x_wconf 78' lang='lat' dir='ltr'><strong>linquit</strong></span> <span class='ocrx_word' id='word_1_513' title='bbox 2166 829 2218 883; x_wconf 93' lang='lat' dir='ltr'><strong>in</strong></span> <span class='ocrx_word' id='word_1_514' title='bbox 2266 829 2368 886; x_wconf 87' lang='lat' dir='ltr'><strong>hoc</strong></span> <span class='ocrx_word' id='word_1_515' title='bbox 2413 837 2643 903; x_wconf 69' lang='lat' dir='ltr'><strong>smculo,</strong></span> <span class='ocrx_word' id='word_1_516' title='bbox 2690 854 2870 907; x_wconf 82' lang='lat' dir='ltr'><strong>pacem</strong></span> <span class='ocrx_word' id='word_1_517' title='bbox 2915 858 3063 899; x_wconf 89' lang='lat' dir='ltr'><strong>suam</strong></span> <span class='ocrx_word' id='word_1_518' title='bbox 3108 850 3261 905; x_wconf 87' lang='lat' dir='ltr'><strong>nobis</strong></span> <span class='ocrx_word' id='word_1_519' title='bbox 3287 854 3431 911; x_wconf 83' lang='lat' dir='ltr'><strong>dabit</strong></span> <span class='ocrx_word' id='word_1_520' title='bbox 3462 860 3517 914; x_wconf 89' lang='lat' dir='ltr'><strong>in</strong></span> 
     </span>
    </p>
   </div>
   <div class='ocr_carea' id='block_1_70' title="bbox 1931 911 3514 1019">
    <p class='ocr_par' dir='ltr' id='par_1_70' title="bbox 1931 911 3514 1019">
     <span class='ocr_line' id='line_1_73' title="bbox 1931 911 3514 1019; baseline 0.025 -52"><span class='ocrx_word' id='word_1_521' title='bbox 1931 911 2109 971; x_wconf 80' lang='lat' dir='ltr'><strong>futuro</strong></span> <span class='ocrx_word' id='word_1_522' title='bbox 2136 921 2352 974; x_wconf 61' lang='lat' dir='ltr'><strong>sarculo.</strong></span> <span class='ocrx_word' id='word_1_523' title='bbox 2396 923 2584 980; x_wconf 81' lang='lat' dir='ltr'><strong>Pacem</strong></span> <span class='ocrx_word' id='word_1_524' title='bbox 2627 942 2777 984; x_wconf 92' lang='lat' dir='ltr'><strong>suam</strong></span> <span class='ocrx_word' id='word_1_525' title='bbox 2818 935 2968 990; x_wconf 88' lang='lat' dir='ltr'><strong>nobis</strong></span> <span class='ocrx_word' id='word_1_526' title='bbox 3010 940 3279 1013; x_wconf 79' lang='lat' dir='ltr'><strong>relinquit,</strong></span> <span class='ocrx_word' id='word_1_527' title='bbox 3326 948 3376 1002; x_wconf 90' lang='lat' dir='ltr'><strong>in</strong></span> <span class='ocrx_word' id='word_1_528' title='bbox 3411 911 3514 1019; x_wconf 64' lang='lat' dir='ltr'><strong>qua</strong></span> 
     </span>
    </p>
   </div>
   <div class='ocr_carea' id='block_1_71' title="bbox 1931 1010 3510 1112">
    <p class='ocr_par' dir='ltr' id='par_1_71' title="bbox 1931 1010 3510 1112">
     <span class='ocr_line' id='line_1_74' title="bbox 1931 1010 3510 1112; baseline 0.027 -56"><span class='ocrx_word' id='word_1_529' title='bbox 1931 1018 2208 1063; x_wconf 89' lang='lat' dir='ltr'><strong>manentes</strong></span> <span class='ocrx_word' id='word_1_530' title='bbox 2231 1010 2434 1067; x_wconf 83' lang='lat' dir='ltr'><strong>hostem</strong></span> <span class='ocrx_word' id='word_1_531' title='bbox 2453 1017 2711 1074; x_wconf 78' lang='lat' dir='ltr'><strong>vincimus</strong></span> <span class='ocrx_word' id='word_1_532' title='bbox 2742 1039 2754 1074; x_wconf 93' lang='lat'><strong>:</strong></span> <span class='ocrx_word' id='word_1_533' title='bbox 2786 1038 2969 1092; x_wconf 87' lang='lat' dir='ltr'><strong>pacem</strong></span> <span class='ocrx_word' id='word_1_534' title='bbox 2996 1045 3144 1084; x_wconf 86' lang='lat' dir='ltr'><strong>suam</strong></span> <span class='ocrx_word' id='word_1_535' title='bbox 3167 1010 3326 1092; x_wconf 79' lang='lat' dir='ltr'><strong>nobis</strong></span> <span class='ocrx_word' id='word_1_536' title='bbox 3346 1010 3510 1112; x_wconf 76' lang='lat' dir='ltr'><strong>dabit,</strong></span> 
     </span>
    </p>
   </div>
   <div class='ocr_carea' id='block_1_72' title="bbox 1930 1098 3514 1198">
    <p class='ocr_par' dir='ltr' id='par_1_72' title="bbox 1930 1098 3514 1198">
     <span class='ocr_line' id='line_1_75' title="bbox 1930 1098 3514 1198; baseline 0.027 -50"><span class='ocrx_word' id='word_1_537' title='bbox 1930 1098 2145 1198; x_wconf 72' lang='lat' dir='ltr'><strong>quando</strong></span> <span class='ocrx_word' id='word_1_538' title='bbox 2173 1100 2288 1157; x_wconf 90' lang='lat' dir='ltr'><strong>sine</strong></span> <span class='ocrx_word' id='word_1_539' title='bbox 2318 1104 2467 1161; x_wconf 82' lang='lat' dir='ltr'><strong>hoste</strong></span> <span class='ocrx_word' id='word_1_540' title='bbox 2499 1111 2852 1175; x_wconf 83' lang='lat' dir='ltr'><strong>regnabitnus.</strong></span> <span class='ocrx_word' id='word_1_541' title='bbox 2898 1116 3084 1174; x_wconf 82' lang='lat' dir='ltr'><strong>Pacem</strong></span> <span class='ocrx_word' id='word_1_542' title='bbox 3133 1120 3378 1198; x_wconf 77' lang='lat' dir='ltr'><strong>relinquit</strong></span> <span class='ocrx_word' id='word_1_543' title='bbox 3414 1098 3514 1190; x_wconf 58' lang='lat' dir='ltr'><strong>no:</strong></span> 
     </span>
    </p>
   </div>
   <div class='ocr_carea' id='block_1_73' title="bbox 1929 1185 3511 1283">
    <p class='ocr_par' dir='ltr' id='par_1_73' title="bbox 1929 1185 3511 1283">
     <span class='ocr_line' id='line_1_76' title="bbox 1929 1185 3511 1283; baseline 0.026 -44"><span class='ocrx_word' id='word_1_544' title='bbox 1929 1185 2047 1253; x_wconf 86' lang='lat' dir='ltr'><strong>his,</strong></span> <span class='ocrx_word' id='word_1_545' title='bbox 2100 1200 2157 1243; x_wconf 93' lang='lat' dir='ltr'><strong>ut</strong></span> <span class='ocrx_word' id='word_1_546' title='bbox 2204 1194 2360 1248; x_wconf 83' lang='lat' dir='ltr'><strong>etiam</strong></span> <span class='ocrx_word' id='word_1_547' title='bbox 2412 1193 2499 1251; x_wconf 88' lang='lat' dir='ltr'><strong>hic</strong></span> <span class='ocrx_word' id='word_1_548' title='bbox 2549 1199 2772 1258; x_wconf 86' lang='lat' dir='ltr'><strong>invicem</strong></span> <span class='ocrx_word' id='word_1_549' title='bbox 2799 1206 3076 1275; x_wconf 84' lang='lat' dir='ltr'><strong>diligamus</strong></span> <span class='ocrx_word' id='word_1_550' title='bbox 3106 1231 3118 1265; x_wconf 90' lang='lat'><strong>:</strong></span> <span class='ocrx_word' id='word_1_551' title='bbox 3151 1185 3331 1283; x_wconf 77' lang='lat' dir='ltr'><strong>pacein</strong></span> <span class='ocrx_word' id='word_1_552' title='bbox 3358 1185 3511 1281; x_wconf 64' lang='lat' dir='ltr'><strong>suam</strong></span> 
     </span>
    </p>
   </div>
   <div class='ocr_carea' id='block_1_74' title="bbox 1930 1279 3508 1372">
    <p class='ocr_par' dir='ltr' id='par_1_74' title="bbox 1930 1279 3508 1372">
     <span class='ocr_line' id='line_1_77' title="bbox 1930 1279 3508 1372; baseline 0.026 -41"><span class='ocrx_word' id='word_1_553' title='bbox 1930 1279 2085 1335; x_wconf 85' lang='lat' dir='ltr'><strong>nobis</strong></span> <span class='ocrx_word' id='word_1_554' title='bbox 2105 1282 2269 1349; x_wconf 89' lang='lat' dir='ltr'><strong>dabit,</strong></span> <span class='ocrx_word' id='word_1_555' title='bbox 2300 1287 2387 1340; x_wconf 92' lang='lat' dir='ltr'><strong>uhi</strong></span> <span class='ocrx_word' id='word_1_556' title='bbox 2418 1304 2683 1359; x_wconf 88' lang='lat' dir='ltr'><strong>nunquam</strong></span> <span class='ocrx_word' id='word_1_557' title='bbox 2709 1295 2990 1354; x_wconf 82' lang='lat' dir='ltr'><strong>dissentire</strong></span> <span class='ocrx_word' id='word_1_558' title='bbox 3015 1318 3121 1372; x_wconf 86' lang='lat' dir='ltr'><strong>pos:</strong></span> <span class='ocrx_word' id='word_1_559' title='bbox 3142 1279 3297 1364; x_wconf 85' lang='lat' dir='ltr'><strong>imus.</strong></span> <span class='ocrx_word' id='word_1_560' title='bbox 3319 1279 3508 1372; x_wconf 77' lang='lat' dir='ltr'><strong>Pacem</strong></span> 
     </span>
    </p>
   </div>
   <div class='ocr_carea' id='block_1_75' title="bbox 1927 1370 3510 1474">
    <p class='ocr_par' dir='ltr' id='par_1_75' title="bbox 1927 1370 3510 1474">
     <span class='ocr_line' id='line_1_78' title="bbox 1927 1370 3510 1474; baseline 0.019 -53"><span class='ocrx_word' id='word_1_561' title='bbox 1927 1370 2182 1442; x_wconf 85' lang='lat' dir='ltr'><strong>relinquit</strong></span> <span class='ocrx_word' id='word_1_562' title='bbox 2211 1376 2396 1440; x_wconf 86' lang='lat' dir='ltr'><strong>nobis,</strong></span> <span class='ocrx_word' id='word_1_563' title='bbox 2430 1396 2497 1435; x_wconf 89' lang='lat' dir='ltr'><strong>ne</strong></span> <span class='ocrx_word' id='word_1_564' title='bbox 2524 1381 2590 1437; x_wconf 89' lang='lat' dir='ltr'><strong>de</strong></span> <span class='ocrx_word' id='word_1_565' title='bbox 2618 1386 2840 1440; x_wconf 86' lang='lat' dir='ltr'><strong>occultis</strong></span> <span class='ocrx_word' id='word_1_566' title='bbox 2881 1370 3076 1447; x_wconf 76' lang='lat' dir='ltr'><strong>nostris</strong></span> <span class='ocrx_word' id='word_1_567' title='bbox 3116 1398 3340 1457; x_wconf 75' lang='lat' dir='ltr'><strong>invicem</strong></span> <span class='ocrx_word' id='word_1_568' title='bbox 3366 1370 3510 1474; x_wconf 50' lang='lat' dir='ltr'><strong>indis</strong></span> 
     </span>
    </p>
   </div>
   <div class='ocr_carea' id='block_1_76' title="bbox 1925 1469 3508 1552">
    <p class='ocr_par' dir='ltr' id='par_1_76' title="bbox 1925 1469 3508 1552">
     <span class='ocr_line' id='line_1_79' title="bbox 1925 1469 3508 1552; baseline 0.023 -37"><span class='ocrx_word' id='word_1_569' title='bbox 1925 1474 2129 1529; x_wconf 83' lang='lat' dir='ltr'><strong>centus,</strong></span> <span class='ocrx_word' id='word_1_570' title='bbox 2155 1479 2273 1519; x_wconf 89' lang='lat' dir='ltr'><strong>cum</strong></span> <span class='ocrx_word' id='word_1_571' title='bbox 2306 1469 2356 1520; x_wconf 92' lang='lat' dir='ltr'><strong>iu</strong></span> <span class='ocrx_word' id='word_1_572' title='bbox 2386 1469 2486 1525; x_wconf 86' lang='lat' dir='ltr'><strong>hoc</strong></span> <span class='ocrx_word' id='word_1_573' title='bbox 2512 1486 2695 1528; x_wconf 89' lang='lat' dir='ltr'><strong>sumus</strong></span> <span class='ocrx_word' id='word_1_574' title='bbox 2711 1479 2940 1532; x_wconf 90' lang='lat' dir='ltr'><strong>mundo:</strong></span> <span class='ocrx_word' id='word_1_575' title='bbox 2971 1497 3149 1550; x_wconf 88' lang='lat' dir='ltr'><strong>pacem</strong></span> <span class='ocrx_word' id='word_1_576' title='bbox 3182 1505 3329 1545; x_wconf 88' lang='lat' dir='ltr'><strong>suam</strong></span> <span class='ocrx_word' id='word_1_577' title='bbox 3359 1469 3508 1552; x_wconf 82' lang='lat' dir='ltr'><strong>dabit</strong></span> 
     </span>
    </p>
   </div>
   <div class='ocr_carea' id='block_1_77' title="bbox 1924 1554 3505 1649">
    <p class='ocr_par' dir='ltr' id='par_1_77' title="bbox 1924 1554 3505 1649">
     <span class='ocr_line' id='line_1_80' title="bbox 1924 1554 3505 1649; baseline 0.024 -42"><span class='ocrx_word' id='word_1_578' title='bbox 1924 1554 2098 1618; x_wconf 89' lang='lat' dir='ltr'><strong>nobis,</strong></span> <span class='ocrx_word' id='word_1_579' title='bbox 2144 1573 2265 1613; x_wconf 87' lang='lat' dir='ltr'><strong>eum</strong></span> <span class='ocrx_word' id='word_1_580' title='bbox 2306 1562 2661 1621; x_wconf 82' lang='lat' dir='ltr'><strong>manil‘estahit</strong></span> <span class='ocrx_word' id='word_1_581' title='bbox 2691 1571 3037 1639; x_wconf 85' lang='lat' dir='ltr'><strong>cogitationes</strong></span> <span class='ocrx_word' id='word_1_582' title='bbox 3061 1582 3235 1636; x_wconf 86' lang='lat' dir='ltr'><strong>cnrdis</strong></span> <span class='ocrx_word' id='word_1_583' title='bbox 3253 1626 3269 1649; x_wconf 92' lang='lat'><strong>,</strong></span> <span class='ocrx_word' id='word_1_584' title='bbox 3297 1596 3351 1641; x_wconf 89' lang='lat' dir='ltr'><strong>et</strong></span> <span class='ocrx_word' id='word_1_585' title='bbox 3379 1597 3505 1646; x_wconf 90' lang='lat' dir='ltr'><strong>tunc</strong></span> 
     </span>
    </p>
   </div>
   <div class='ocr_carea' id='block_1_78' title="bbox 1924 1643 3499 1738">
    <p class='ocr_par' dir='ltr' id='par_1_78' title="bbox 1924 1643 3499 1738">
     <span class='ocr_line' id='line_1_81' title="bbox 1924 1643 3499 1738; baseline 0.027 -42"><span class='ocrx_word' id='word_1_586' title='bbox 1924 1643 2041 1700; x_wconf 89' lang='lat' dir='ltr'><strong>laus</strong></span> <span class='ocrx_word' id='word_1_587' title='bbox 2073 1647 2174 1702; x_wconf 84' lang='lat' dir='ltr'><strong>erit</strong></span> <span class='ocrx_word' id='word_1_588' title='bbox 2202 1650 2481 1721; x_wconf 84' lang='lat' dir='ltr'><strong>unicuique</strong></span> <span class='ocrx_word' id='word_1_589' title='bbox 2505 1670 2534 1709; x_wconf 86' lang='lat' dir='ltr'><strong>a</strong></span> <span class='ocrx_word' id='word_1_590' title='bbox 2567 1657 2675 1713; x_wconf 85' lang='lat' dir='ltr'><strong>Deo</strong></span> <span class='ocrx_word' id='word_1_591' title='bbox 2702 1660 2719 1728; x_wconf 90' lang='lat'>(</span> <span class='ocrx_word' id='word_1_592' title='bbox 2741 1660 2755 1713; x_wconf 97' lang='grc' dir='ltr'><strong>Ι</strong></span> <span class='ocrx_word' id='word_1_593' title='bbox 2785 1662 2901 1717; x_wconf 83' lang='lat' dir='ltr'><strong>Cor.</strong></span> <span class='ocrx_word' id='word_1_594' title='bbox 2928 1682 2997 1731; x_wconf 87' lang='lat' dir='ltr'><strong>tv,</strong></span> <span class='ocrx_word' id='word_1_595' title='bbox 3022 1669 3099 1737; x_wconf 65' lang='grc' dir='ltr'><strong>εἰ).</strong></span> <span class='ocrx_word' id='word_1_596' title='bbox 3122 1669 3175 1724; x_wconf 91' lang='lat' dir='ltr'><strong>In</strong></span> <span class='ocrx_word' id='word_1_597' title='bbox 3204 1643 3292 1729; x_wconf 76' lang='lat' dir='ltr'><strong>illo</strong></span> <span class='ocrx_word' id='word_1_598' title='bbox 3322 1643 3499 1738; x_wconf 68' lang='lat' dir='ltr'><strong>tamen</strong></span> 
     </span>
    </p>
   </div>
   <div class='ocr_carea' id='block_1_79' title="bbox 1920 1740 3504 1842">
    <p class='ocr_par' dir='ltr' id='par_1_79' title="bbox 1920 1740 3504 1842">
     <span class='ocr_line' id='line_1_82' title="bbox 1920 1740 3504 1842; baseline 0.027 -54"><span class='ocrx_word' id='word_1_599' title='bbox 1920 1744 2081 1842; x_wconf 57' lang='lat' dir='ltr'><strong>atque</strong></span> <span class='ocrx_word' id='word_1_600' title='bbox 2106 1740 2292 1842; x_wconf 46' lang='lat' dir='ltr'><strong>abillo</strong></span> <span class='ocrx_word' id='word_1_601' title='bbox 2322 1745 2472 1801; x_wconf 86' lang='lat' dir='ltr'><strong>nobis</strong></span> <span class='ocrx_word' id='word_1_602' title='bbox 2498 1759 2577 1801; x_wconf 86' lang='lat' dir='ltr'><strong>est</strong></span> <span class='ocrx_word' id='word_1_603' title='bbox 2608 1748 2727 1819; x_wconf 73' lang='lat' dir='ltr'><strong>pati,</strong></span> <span class='ocrx_word' id='word_1_604' title='bbox 2759 1755 2870 1811; x_wconf 87' lang='lat' dir='ltr'><strong>sive</strong></span> <span class='ocrx_word' id='word_1_605' title='bbox 2898 1773 3052 1826; x_wconf 87' lang='lat' dir='ltr'><strong>quam</strong></span> <span class='ocrx_word' id='word_1_606' title='bbox 3083 1765 3235 1821; x_wconf 88' lang='lat' dir='ltr'><strong>nobis</strong></span> <span class='ocrx_word' id='word_1_607' title='bbox 3257 1770 3504 1842; x_wconf 76' lang='lat' dir='ltr'><strong>relinquit</strong></span> 
     </span>
    </p>
   </div>
   <div class='ocr_carea' id='block_1_80' title="bbox 1920 1825 3506 1932">
    <p class='ocr_par' dir='ltr' id='par_1_80' title="bbox 1920 1825 3506 1932">
     <span class='ocr_line' id='line_1_83' title="bbox 1920 1825 3506 1932; baseline 0.021 -53"><span class='ocrx_word' id='word_1_608' title='bbox 1920 1825 2092 1884; x_wconf 86' lang='lat' dir='ltr'><strong>iturus</strong></span> <span class='ocrx_word' id='word_1_609' title='bbox 2130 1832 2195 1885; x_wconf 91' lang='lat' dir='ltr'><strong>ad</strong></span> <span class='ocrx_word' id='word_1_610' title='bbox 2241 1833 2471 1902; x_wconf 91' lang='lat' dir='ltr'><strong>Patrem,</strong></span> <span class='ocrx_word' id='word_1_611' title='bbox 2500 1840 2616 1895; x_wconf 89' lang='lat' dir='ltr'><strong>sive</strong></span> <span class='ocrx_word' id='word_1_612' title='bbox 2645 1859 2801 1909; x_wconf 80' lang='lat' dir='ltr'><strong>quam</strong></span> <span class='ocrx_word' id='word_1_613' title='bbox 2857 1825 3009 1904; x_wconf 84' lang='lat' dir='ltr'><strong>nobis</strong></span> <span class='ocrx_word' id='word_1_614' title='bbox 3056 1853 3201 1910; x_wconf 87' lang='lat' dir='ltr'><strong>dabit</strong></span> <span class='ocrx_word' id='word_1_615' title='bbox 3248 1874 3342 1911; x_wconf 84' lang='lat' dir='ltr'><strong>nos</strong></span> 
     </span>
    </p>
   </div>
   <div class='ocr_carea' id='block_1_81' title="bbox 1917 1918 3505 2025">
    <p class='ocr_par' dir='ltr' id='par_1_81' title="bbox 1917 1918 3505 2025">
     <span class='ocr_line' id='line_1_84' title="bbox 1917 1918 3505 2025; baseline 0.023 -51"><span class='ocrx_word' id='word_1_616' title='bbox 1917 1918 2175 1979; x_wconf 89' lang='lat' dir='ltr'><strong>ducturus</strong></span> <span class='ocrx_word' id='word_1_617' title='bbox 2220 1927 2286 1981; x_wconf 90' lang='lat' dir='ltr'><strong>ad</strong></span> <span class='ocrx_word' id='word_1_618' title='bbox 2331 1928 2562 1986; x_wconf 87' lang='lat' dir='ltr'><strong>Patrem.</strong></span> <span class='ocrx_word' id='word_1_619' title='bbox 2614 1933 2749 2001; x_wconf 86' lang='lat' dir='ltr'><strong>Quid</strong></span> <span class='ocrx_word' id='word_1_620' title='bbox 2807 1951 2981 1995; x_wconf 91' lang='lat' dir='ltr'><strong>autem</strong></span> <span class='ocrx_word' id='word_1_621' title='bbox 3041 1946 3195 2001; x_wconf 88' lang='lat' dir='ltr'><strong>nobis</strong></span> <span class='ocrx_word' id='word_1_622' title='bbox 3256 1918 3505 2025; x_wconf 69' lang='lat' dir='ltr'><strong>relinquit</strong></span> 
     </span>
    </p>
   </div>
   <div class='ocr_carea' id='block_1_82' title="bbox 1917 2016 3503 2103">
    <p class='ocr_par' dir='ltr' id='par_1_82' title="bbox 1917 2016 3503 2103">
     <span class='ocr_line' id='line_1_85' title="bbox 1917 2016 3503 2103; baseline 0.018 -40"><span class='ocrx_word' id='word_1_623' title='bbox 1917 2016 2212 2069; x_wconf 84' lang='lat' dir='ltr'><strong>ascendens</strong></span> <span class='ocrx_word' id='word_1_624' title='bbox 2258 2032 2288 2071; x_wconf 88' lang='lat' dir='ltr'><strong>a</strong></span> <span class='ocrx_word' id='word_1_625' title='bbox 2335 2021 2507 2087; x_wconf 88' lang='lat' dir='ltr'><strong>nobis,</strong></span> <span class='ocrx_word' id='word_1_626' title='bbox 2541 2025 2638 2078; x_wconf 82' lang='lat' dir='ltr'><strong>nisi</strong></span> <span class='ocrx_word' id='word_1_627' title='bbox 2670 2027 2922 2095; x_wconf 78' lang='lat' dir='ltr'><strong>seipsnm,</strong></span> <span class='ocrx_word' id='word_1_628' title='bbox 2955 2033 3078 2090; x_wconf 89' lang='lat' dir='ltr'><strong>dum</strong></span> <span class='ocrx_word' id='word_1_629' title='bbox 3111 2055 3214 2094; x_wconf 87' lang='lat' dir='ltr'><strong>non</strong></span> <span class='ocrx_word' id='word_1_630' title='bbox 3247 2016 3443 2102; x_wconf 65' lang='lat' dir='ltr'><strong>reiedil</strong></span> <span class='ocrx_word' id='word_1_631' title='bbox 3470 2063 3503 2103; x_wconf 61' lang='grc' dir='ltr'><strong>α</strong></span> 
     </span>
    </p>
   </div>
   <div class='ocr_carea' id='block_1_83' title="bbox 1916 2102 3502 2208">
    <p class='ocr_par' dir='ltr' id='par_1_83' title="bbox 1916 2102 3502 2208">
     <span class='ocr_line' id='line_1_86' title="bbox 1916 2102 3502 2208; baseline 0.025 -54"><span class='ocrx_word' id='word_1_632' title='bbox 1916 2102 2107 2157; x_wconf 73' lang='lat' dir='ltr'><strong>nobis?</strong></span> <span class='ocrx_word' id='word_1_633' title='bbox 2139 2106 2253 2173; x_wconf 75' lang='lat' dir='ltr'><strong>Ipse.</strong></span> <span class='ocrx_word' id='word_1_634' title='bbox 2290 2120 2367 2163; x_wconf 83' lang='lat' dir='ltr'><strong>est</strong></span> <span class='ocrx_word' id='word_1_635' title='bbox 2401 2113 2541 2164; x_wconf 81' lang='lat' dir='ltr'><strong>enim</strong></span> <span class='ocrx_word' id='word_1_636' title='bbox 2583 2130 2680 2181; x_wconf 79' lang='lat' dir='ltr'><strong>pax</strong></span> <span class='ocrx_word' id='word_1_637' title='bbox 2715 2131 2927 2186; x_wconf 74' lang='lat' dir='ltr'><strong>noszra;</strong></span> <span class='ocrx_word' id='word_1_638' title='bbox 2974 2126 3064 2194; x_wconf 81' lang='lat' dir='ltr'><strong>qui</strong></span> <span class='ocrx_word' id='word_1_639' title='bbox 3111 2128 3231 2185; x_wconf 83' lang='lat' dir='ltr'><strong>fecit</strong></span> <span class='ocrx_word' id='word_1_640' title='bbox 3280 2143 3502 2208; x_wconf 85' lang='lat' dir='ltr'><strong>utraque</strong></span> 
     </span>
    </p>
   </div>
   <div class='ocr_carea' id='block_1_84' title="bbox 1917 2194 3504 2289">
    <p class='ocr_par' dir='ltr' id='par_1_84' title="bbox 1917 2194 3504 2289">
     <span class='ocr_line' id='line_1_87' title="bbox 1917 2194 3504 2289; baseline 0.025 -43"><span class='ocrx_word' id='word_1_641' title='bbox 1917 2206 2078 2247; x_wconf 90' lang='lat' dir='ltr'><strong>unum</strong></span> <span class='ocrx_word' id='word_1_642' title='bbox 2111 2194 2324 2267; x_wconf 74' lang='lat' dir='ltr'><strong>(h‘pitcs.</strong></span> <span class='ocrx_word' id='word_1_643' title='bbox 2374 2216 2430 2267; x_wconf 90' lang='lat' dir='ltr'><strong>tt,</strong></span> <span class='ocrx_word' id='word_1_644' title='bbox 2482 2204 2591 2272; x_wconf 71' lang='lat' dir='ltr'><strong>l4).</strong></span> <span class='ocrx_word' id='word_1_645' title='bbox 2642 2205 2754 2262; x_wconf 74' lang='lat' dir='ltr'><strong>Pax</strong></span> <span class='ocrx_word' id='word_1_646' title='bbox 2800 2226 2927 2280; x_wconf 87' lang='lat' dir='ltr'><strong>ergo</strong></span> <span class='ocrx_word' id='word_1_647' title='bbox 2977 2217 3088 2283; x_wconf 89' lang='lat' dir='ltr'><strong>ipse</strong></span> <span class='ocrx_word' id='word_1_648' title='bbox 3132 2223 3285 2278; x_wconf 87' lang='lat' dir='ltr'><strong>nobis</strong></span> <span class='ocrx_word' id='word_1_649' title='bbox 3314 2194 3504 2289; x_wconf 50' lang='lat' dir='ltr'><strong>est,.et</strong></span> 
     </span>
    </p>
   </div>
   <div class='ocr_carea' id='block_1_85' title="bbox 1914 2288 3499 2375">
    <p class='ocr_par' dir='ltr' id='par_1_85' title="bbox 1914 2288 3499 2375">
     <span class='ocr_line' id='line_1_88' title="bbox 1914 2288 3499 2375; baseline 0.026 -40"><span class='ocrx_word' id='word_1_650' title='bbox 1914 2295 2035 2336; x_wconf 89' lang='lat' dir='ltr'><strong>cum</strong></span> <span class='ocrx_word' id='word_1_651' title='bbox 2081 2288 2345 2343; x_wconf 77' lang='lat' dir='ltr'><strong>ert-dantis</strong></span> <span class='ocrx_word' id='word_1_652' title='bbox 2390 2293 2508 2359; x_wconf 83' lang='lat' dir='ltr'><strong>quia</strong></span> <span class='ocrx_word' id='word_1_653' title='bbox 2540 2305 2623 2349; x_wconf 86' lang='lat' dir='ltr'><strong>est</strong></span> <span class='ocrx_word' id='word_1_654' title='bbox 2646 2337 2659 2358; x_wconf 91' lang='lat'><strong>,</strong></span> <span class='ocrx_word' id='word_1_655' title='bbox 2690 2308 2744 2351; x_wconf 90' lang='lat' dir='ltr'><strong>et</strong></span> <span class='ocrx_word' id='word_1_656' title='bbox 2771 2314 2892 2353; x_wconf 90' lang='lat' dir='ltr'><strong>eum</strong></span> <span class='ocrx_word' id='word_1_657' title='bbox 2926 2305 3164 2362; x_wconf 85' lang='lat' dir='ltr'><strong>videmus</strong></span> <span class='ocrx_word' id='word_1_658' title='bbox 3192 2327 3312 2367; x_wconf 88' lang='lat' dir='ltr'><strong>cum</strong></span> <span class='ocrx_word' id='word_1_659' title='bbox 3342 2288 3499 2375; x_wconf 85' lang='lat' dir='ltr'><strong>sicuti</strong></span> 
     </span>
    </p>
   </div>
   <div class='ocr_carea' id='block_1_86' title="bbox 1913 2373 3497 2464">
    <p class='ocr_par' dir='ltr' id='par_1_86' title="bbox 1913 2373 3497 2464">
     <span class='ocr_line' id='line_1_89' title="bbox 1913 2373 3497 2464; baseline 0.024 -37"><span class='ocrx_word' id='word_1_660' title='bbox 1913 2383 1990 2427; x_wconf 80' lang='lat' dir='ltr'><strong>CSI</strong></span> <span class='ocrx_word' id='word_1_661' title='bbox 2019 2373 2038 2443; x_wconf 86' lang='lat'>(</span> <span class='ocrx_word' id='word_1_662' title='bbox 2058 2374 2073 2428; x_wconf 95' lang='grc' dir='ltr'><strong>Ι</strong></span> <span class='ocrx_word' id='word_1_663' title='bbox 2098 2374 2254 2431; x_wconf 79' lang='lat' dir='ltr'><strong>Joan.</strong></span> <span class='ocrx_word' id='word_1_664' title='bbox 2292 2395 2362 2455; x_wconf 78' lang='lat' dir='ltr'><strong>tn.</strong></span> <span class='ocrx_word' id='word_1_665' title='bbox 2394 2380 2469 2453; x_wconf 72' lang='lat'><strong>2).</strong></span> <span class='ocrx_word' id='word_1_666' title='bbox 2506 2383 2561 2438; x_wconf 89' lang='lat' dir='ltr'><strong>Si</strong></span> <span class='ocrx_word' id='word_1_667' title='bbox 2592 2388 2733 2440; x_wconf 84' lang='lat' dir='ltr'><strong>enim</strong></span> <span class='ocrx_word' id='word_1_668' title='bbox 2769 2393 3017 2459; x_wconf 87' lang='lat' dir='ltr'><strong>qttanuliu</strong></span> <span class='ocrx_word' id='word_1_669' title='bbox 3066 2412 3248 2456; x_wconf 89' lang='lat' dir='ltr'><strong>sumus</strong></span> <span class='ocrx_word' id='word_1_670' title='bbox 3291 2404 3343 2460; x_wconf 87' lang='lat' dir='ltr'><strong>itt</strong></span> <span class='ocrx_word' id='word_1_671' title='bbox 3372 2373 3497 2464; x_wconf 48' lang='lat' dir='ltr'><strong>cor;</strong></span> 
     </span>
    </p>
   </div>
   <div class='ocr_carea' id='block_1_87' title="bbox 1912 2473 3494 2570">
    <p class='ocr_par' dir='ltr' id='par_1_87' title="bbox 1912 2473 3494 2570">
     <span class='ocr_line' id='line_1_90' title="bbox 1912 2473 3494 2570; baseline 0.025 -56"><span class='ocrx_word' id='word_1_672' title='bbox 1912 2478 2043 2570; x_wconf 70' lang='lat' dir='ltr'><strong>pqre</strong></span> <span class='ocrx_word' id='word_1_673' title='bbox 2087 2473 2414 2538; x_wconf 85' lang='lat' dir='ltr'><strong>corruptibili</strong></span> <span class='ocrx_word' id='word_1_674' title='bbox 2459 2478 2598 2562; x_wconf 87' lang='lat' dir='ltr'><strong>quod</strong></span> <span class='ocrx_word' id='word_1_675' title='bbox 2649 2492 2901 2550; x_wconf 71' lang='lat' dir='ltr'><strong>aggravet</strong></span> <span class='ocrx_word' id='word_1_676' title='bbox 2941 2487 3204 2556; x_wconf 88' lang='lat' dir='ltr'><strong>animam,</strong></span> <span class='ocrx_word' id='word_1_677' title='bbox 3238 2508 3361 2566; x_wconf 83' lang='lat' dir='ltr'><strong>cum</strong></span> <span class='ocrx_word' id='word_1_678' title='bbox 3398 2515 3494 2570; x_wconf 80' lang='lat' dir='ltr'><strong>per</strong></span> 
     </span>
    </p>
   </div>
   <div class='ocr_carea' id='block_1_88' title="bbox 1912 2555 3496 2660">
    <p class='ocr_par' dir='ltr' id='par_1_88' title="bbox 1912 2555 3496 2660">
     <span class='ocr_line' id='line_1_91' title="bbox 1912 2555 3496 2660; baseline 0.025 -52"><span class='ocrx_word' id='word_1_679' title='bbox 1912 2555 2067 2610; x_wconf 87' lang='lat' dir='ltr'><strong>Iidem</strong></span> <span class='ocrx_word' id='word_1_680' title='bbox 2094 2560 2448 2631; x_wconf 72' lang='lat' dir='ltr'><strong>ambulamus,</strong></span> <span class='ocrx_word' id='word_1_681' title='bbox 2472 2555 2574 2623; x_wconf 80' lang='lat' dir='ltr'><strong>non</strong></span> <span class='ocrx_word' id='word_1_682' title='bbox 2604 2584 2699 2639; x_wconf 89' lang='lat' dir='ltr'><strong>per</strong></span> <span class='ocrx_word' id='word_1_683' title='bbox 2723 2575 2976 2642; x_wconf 83' lang='lat' dir='ltr'><strong>speciem,</strong></span> <span class='ocrx_word' id='word_1_684' title='bbox 3011 2595 3115 2634; x_wconf 92' lang='lat' dir='ltr'><strong>non</strong></span> <span class='ocrx_word' id='word_1_685' title='bbox 3144 2561 3337 2641; x_wconf 79' lang='lat' dir='ltr'><strong>deserit</strong></span> 
     </span>
    </p>
   </div>
   <div class='ocr_carea' id='block_1_89' title="bbox 1908 2649 3494 2747">
    <p class='ocr_par' dir='ltr' id='par_1_89' title="bbox 1908 2649 3494 2747">
     <span class='ocr_line' id='line_1_92' title="bbox 1908 2649 3494 2747; baseline 0.026 -49"><span class='ocrx_word' id='word_1_686' title='bbox 1908 2649 2211 2747; x_wconf 78' lang='lat' dir='ltr'><strong>egrinantes</strong></span> <span class='ocrx_word' id='word_1_687' title='bbox 2238 2670 2266 2705; x_wconf 93' lang='lat' dir='ltr'><strong>a</strong></span> <span class='ocrx_word' id='word_1_688' title='bbox 2295 2669 2355 2709; x_wconf 88' lang='lat' dir='ltr'><strong>se</strong></span> <span class='ocrx_word' id='word_1_689' title='bbox 2384 2655 2462 2727; x_wconf 91' lang='lat' dir='ltr'><strong>(ll</strong></span> <span class='ocrx_word' id='word_1_690' title='bbox 2492 2659 2608 2713; x_wconf 80' lang='lat' dir='ltr'><strong>Cor.</strong></span> <span class='ocrx_word' id='word_1_691' title='bbox 2640 2677 2693 2729; x_wconf 79' lang='grc' dir='ltr'><strong>ν,</strong></span> <span class='ocrx_word' id='word_1_692' title='bbox 2716 2662 2770 2727; x_wconf 83' lang='lat'><strong>6,</strong></span> <span class='ocrx_word' id='word_1_693' title='bbox 2809 2666 2899 2734; x_wconf 67' lang='lat'><strong>7);</strong></span> <span class='ocrx_word' id='word_1_694' title='bbox 2927 2681 3124 2737; x_wconf 86' lang='lat' dir='ltr'><strong>quanto</strong></span> <span class='ocrx_word' id='word_1_695' title='bbox 3159 2679 3327 2747; x_wconf 82' lang='lat' dir='ltr'><strong>magis</strong></span> <span class='ocrx_word' id='word_1_696' title='bbox 3369 2649 3494 2738; x_wconf 73' lang='lat' dir='ltr'><strong>cum</strong></span> 
     </span>
    </p>
   </div>
   <div class='ocr_carea' id='block_1_90' title="bbox 1908 2739 3423 2831">
    <p class='ocr_par' dir='ltr' id='par_1_90' title="bbox 1908 2739 3423 2831">
     <span class='ocr_line' id='line_1_93' title="bbox 1908 2739 3423 2831; baseline 0.023 -39"><span class='ocrx_word' id='word_1_697' title='bbox 1908 2739 1982 2794; x_wconf 81' lang='lat' dir='ltr'><strong>ad‘</strong></span> <span class='ocrx_word' id='word_1_698' title='bbox 2007 2741 2173 2810; x_wconf 83' lang='lat' dir='ltr'><strong>ipsam</strong></span> <span class='ocrx_word' id='word_1_699' title='bbox 2201 2748 2435 2814; x_wconf 87' lang='lat' dir='ltr'><strong>speciem</strong></span> <span class='ocrx_word' id='word_1_700' title='bbox 2468 2752 2801 2821; x_wconf 88' lang='lat' dir='ltr'><strong>venerimus,</strong></span> <span class='ocrx_word' id='word_1_701' title='bbox 2836 2773 2935 2811; x_wconf 88' lang='lat' dir='ltr'><strong>nos</strong></span> <span class='ocrx_word' id='word_1_702' title='bbox 2964 2761 3201 2831; x_wconf 84' lang='lat' dir='ltr'><strong>implebit</strong></span> <span class='ocrx_word' id='word_1_703' title='bbox 3223 2739 3295 2822; x_wconf 44' lang='lat' dir='ltr'><strong>e&#39;x</strong></span> <span class='ocrx_word' id='word_1_704' title='bbox 3324 2771 3423 2826; x_wconf 75' lang='lat' dir='ltr'><strong>se?</strong></span> 
     </span>
    </p>
   </div>
   <div class='ocr_carea' id='block_1_91' title="bbox 1977 2830 3489 2932">
    <p class='ocr_par' dir='ltr' id='par_1_91' title="bbox 1977 2830 3489 2932">
     <span class='ocr_line' id='line_1_94' title="bbox 1977 2830 3489 2932; baseline 0.023 -47"><span class='ocrx_word' id='word_1_705' title='bbox 1977 2830 2032 2886; x_wconf 71' lang='grc'><strong>4.</strong></span> <span class='ocrx_word' id='word_1_706' title='bbox 2195 2836 2321 2932; x_wconf 70' lang='lat' dir='ltr'><strong>quid</strong></span> <span class='ocrx_word' id='word_1_707' title='bbox 2345 2846 2426 2892; x_wconf 67' lang='lat' dir='ltr'><strong>est</strong></span> <span class='ocrx_word' id='word_1_708' title='bbox 2454 2841 2594 2909; x_wconf 87' lang='lat' dir='ltr'><strong>quod</strong></span> <span class='ocrx_word' id='word_1_709' title='bbox 2624 2844 2709 2897; x_wconf 90' lang='lat' dir='ltr'><strong>ubi</strong></span> <span class='ocrx_word' id='word_1_710' title='bbox 2738 2847 2832 2912; x_wconf 92' lang='lat' dir='ltr'><strong>ait,</strong></span> <span class='ocrx_word' id='word_1_711' title='bbox 2864 2830 3050 2905; x_wconf 81' lang='lat' dir='ltr'><strong>Pacem</strong></span> <span class='ocrx_word' id='word_1_712' title='bbox 3078 2856 3306 2930; x_wconf 82' lang='lat' dir='ltr'><strong>relinquo</strong></span> <span class='ocrx_word' id='word_1_713' title='bbox 3333 2862 3489 2932; x_wconf 75' lang='lat' dir='ltr'><strong>vobis,</strong></span> 
     </span>
    </p>
   </div>
   <div class='ocr_carea' id='block_1_92' title="bbox 1907 2925 3495 3015">
    <p class='ocr_par' dir='ltr' id='par_1_92' title="bbox 1907 2925 3495 3015">
     <span class='ocr_line' id='line_1_95' title="bbox 1907 2925 3495 3015; baseline 0.026 -41"><span class='ocrx_word' id='word_1_714' title='bbox 1907 2936 2014 2976; x_wconf 89' lang='lat' dir='ltr'><strong>non</strong></span> <span class='ocrx_word' id='word_1_715' title='bbox 2051 2925 2254 2980; x_wconf 85' lang='lat' dir='ltr'><strong>addidit</strong></span> <span class='ocrx_word' id='word_1_716' title='bbox 2297 2945 2497 2994; x_wconf 86' lang='lat' dir='ltr'><strong>nteant;</strong></span> <span class='ocrx_word' id='word_1_717' title='bbox 2538 2934 2623 2986; x_wconf 92' lang='lat' dir='ltr'><strong>ubi</strong></span> <span class='ocrx_word' id='word_1_718' title='bbox 2668 2950 2796 2991; x_wconf 86' lang='lat' dir='ltr'><strong>vero</strong></span> <span class='ocrx_word' id='word_1_719' title='bbox 2821 2941 2914 3005; x_wconf 87' lang='lat' dir='ltr'><strong>ait,</strong></span> <span class='ocrx_word' id='word_1_720' title='bbox 2942 2945 3009 2996; x_wconf 83' lang='lat' dir='ltr'><strong>do</strong></span> <span class='ocrx_word' id='word_1_721' title='bbox 3043 2925 3318 3014; x_wconf 29' lang='lat' dir='ltr'><strong>vobis,vibi</strong></span> <span class='ocrx_word' id='word_1_722' title='bbox 3356 2925 3495 3015; x_wconf 77' lang='lat' dir='ltr'><strong>dixit</strong></span> 
     </span>
    </p>
   </div>
   <div class='ocr_carea' id='block_1_93' title="bbox 1907 3017 3493 3104">
    <p class='ocr_par' dir='ltr' id='par_1_93' title="bbox 1907 3017 3493 3104">
     <span class='ocr_line' id='line_1_96' title="bbox 1907 3017 3493 3104; baseline 0.024 -38"><span class='ocrx_word' id='word_1_723' title='bbox 1907 3029 2067 3068; x_wconf 70' lang='lat' dir='ltr'><strong>meum</strong></span> <span class='ocrx_word' id='word_1_724' title='bbox 2091 3018 2117 3070; x_wconf 70' lang='lat'><strong>.9</strong></span> <span class='ocrx_word' id='word_1_725' title='bbox 2148 3017 2331 3073; x_wconf 89' lang='lat' dir='ltr'><strong>Utrum</strong></span> <span class='ocrx_word' id='word_1_726' title='bbox 2354 3021 2772 3081; x_wconf 89' lang='lat' dir='ltr'><strong>subaudiendum</strong></span> <span class='ocrx_word' id='word_1_727' title='bbox 2797 3042 2877 3084; x_wconf 89' lang='lat' dir='ltr'><strong>est</strong></span> <span class='ocrx_word' id='word_1_728' title='bbox 2898 3049 3078 3103; x_wconf 86' lang='lat' dir='ltr'><strong>nteant,</strong></span> <span class='ocrx_word' id='word_1_729' title='bbox 3103 3047 3156 3092; x_wconf 91' lang='lat' dir='ltr'><strong>et</strong></span> <span class='ocrx_word' id='word_1_730' title='bbox 3181 3040 3270 3096; x_wconf 91' lang='lat' dir='ltr'><strong>ubi</strong></span> <span class='ocrx_word' id='word_1_731' title='bbox 3292 3042 3493 3104; x_wconf 86' lang='lat' dir='ltr'><strong>dictum</strong></span> 
     </span>
    </p>
   </div>
   <div class='ocr_carea' id='block_1_94' title="bbox 1905 3114 3492 3208">
    <p class='ocr_par' dir='ltr' id='par_1_94' title="bbox 1905 3114 3492 3208">
     <span class='ocr_line' id='line_1_97' title="bbox 1905 3114 3492 3208; baseline 0.021 -47"><span class='ocrx_word' id='word_1_732' title='bbox 1905 3122 2011 3161; x_wconf 85' lang='lat' dir='ltr'><strong>non</strong></span> <span class='ocrx_word' id='word_1_733' title='bbox 2171 3114 2291 3182; x_wconf 88' lang='lat' dir='ltr'><strong>quia</strong></span> <span class='ocrx_word' id='word_1_734' title='bbox 2325 3126 2497 3183; x_wconf 62' lang='lat' dir='ltr'><strong>toxest</strong></span> <span class='ocrx_word' id='word_1_735' title='bbox 2538 3118 2724 3174; x_wconf 81' lang='lat' dir='ltr'><strong>referri</strong></span> <span class='ocrx_word' id='word_1_736' title='bbox 2759 3124 2823 3176; x_wconf 87' lang='lat' dir='ltr'><strong>ad</strong></span> <span class='ocrx_word' id='word_1_737' title='bbox 2854 3136 3135 3199; x_wconf 88' lang='lat' dir='ltr'><strong>utrumque</strong></span> <span class='ocrx_word' id='word_1_738' title='bbox 3162 3137 3492 3208; x_wconf 82' lang='lat' dir='ltr'><strong>etiamquod</strong></span> 
     </span>
    </p>
   </div>
   <div class='ocr_carea' id='block_1_95' title="bbox 1904 3200 3493 3302">
    <p class='ocr_par' dir='ltr' id='par_1_95' title="bbox 1904 3200 3493 3302">
     <span class='ocr_line' id='line_1_98' title="bbox 1904 3200 3493 3302; baseline 0.023 -50"><span class='ocrx_word' id='word_1_739' title='bbox 1904 3200 2289 3302; x_wconf 80' lang='lat' dir='ltr'><strong>semeldietum</strong></span> <span class='ocrx_word' id='word_1_740' title='bbox 2318 3210 2439 3260; x_wconf 80' lang='lat' dir='ltr'><strong>est?</strong></span> <span class='ocrx_word' id='word_1_741' title='bbox 2465 3210 2546 3262; x_wconf 74' lang='lat' dir='ltr'><strong>An</strong></span> <span class='ocrx_word' id='word_1_742' title='bbox 2574 3211 2706 3265; x_wconf 82' lang='lat' dir='ltr'><strong>forte</strong></span> <span class='ocrx_word' id='word_1_743' title='bbox 2744 3224 2798 3268; x_wconf 91' lang='lat' dir='ltr'><strong>et</strong></span> <span class='ocrx_word' id='word_1_744' title='bbox 2841 3215 2928 3273; x_wconf 92' lang='lat' dir='ltr'><strong>hic</strong></span> <span class='ocrx_word' id='word_1_745' title='bbox 2952 3219 3147 3289; x_wconf 87' lang='lat' dir='ltr'><strong>aliquid</strong></span> <span class='ocrx_word' id='word_1_746' title='bbox 3180 3225 3306 3281; x_wconf 85' lang='lat' dir='ltr'><strong>latet</strong></span> <span class='ocrx_word' id='word_1_747' title='bbox 3345 3200 3493 3302; x_wconf 77' lang='lat' dir='ltr'><strong>quod</strong></span> 
     </span>
    </p>
   </div>
   <div class='ocr_carea' id='block_1_96' title="bbox 1904 3296 3491 3385">
    <p class='ocr_par' dir='ltr' id='par_1_96' title="bbox 1904 3296 3491 3385">
     <span class='ocr_line' id='line_1_99' title="bbox 1904 3296 3491 3385; baseline 0.023 -42"><span class='ocrx_word' id='word_1_748' title='bbox 1904 3296 2190 3361; x_wconf 86' lang='lat' dir='ltr'><strong>petendum</strong></span> <span class='ocrx_word' id='word_1_749' title='bbox 2214 3306 2296 3352; x_wconf 65' lang='lat' dir='ltr'><strong>est</strong></span> <span class='ocrx_word' id='word_1_750' title='bbox 2320 3307 2376 3353; x_wconf 88' lang='lat' dir='ltr'><strong>et</strong></span> <span class='ocrx_word' id='word_1_751' title='bbox 2403 3303 2748 3370; x_wconf 82' lang='lat' dir='ltr'><strong>qu:erendum</strong></span> <span class='ocrx_word' id='word_1_752' title='bbox 2767 3348 2782 3371; x_wconf 94' lang='lat'><strong>,</strong></span> <span class='ocrx_word' id='word_1_753' title='bbox 2813 3317 2866 3363; x_wconf 92' lang='lat' dir='ltr'><strong>et</strong></span> <span class='ocrx_word' id='word_1_754' title='bbox 2894 3310 2958 3364; x_wconf 92' lang='lat' dir='ltr'><strong>ad</strong></span> <span class='ocrx_word' id='word_1_755' title='bbox 2988 3313 3128 3382; x_wconf 85' lang='lat' dir='ltr'><strong>quod</strong></span> <span class='ocrx_word' id='word_1_756' title='bbox 3155 3296 3491 3385; x_wconf 82' lang='lat' dir='ltr'><strong>pulsantibus</strong></span> 
     </span>
    </p>
   </div>
   <div class='ocr_carea' id='block_1_97' title="bbox 1901 3390 3490 3474">
    <p class='ocr_par' dir='ltr' id='par_1_97' title="bbox 1901 3390 3490 3474">
     <span class='ocr_line' id='line_1_100' title="bbox 1901 3390 3490 3474; baseline 0.021 -34"><span class='ocrx_word' id='word_1_757' title='bbox 1901 3390 2285 3457; x_wconf 77' lang='lat' dir='ltr'><strong>aperiendum?</strong></span> <span class='ocrx_word' id='word_1_758' title='bbox 2313 3393 2447 3461; x_wconf 85' lang='lat' dir='ltr'><strong>Quid</strong></span> <span class='ocrx_word' id='word_1_759' title='bbox 2475 3395 2518 3449; x_wconf 90' lang='lat' dir='ltr'><strong>si</strong></span> <span class='ocrx_word' id='word_1_760' title='bbox 2549 3396 2691 3452; x_wconf 89' lang='lat' dir='ltr'><strong>enim</strong></span> <span class='ocrx_word' id='word_1_761' title='bbox 2739 3414 2921 3468; x_wconf 86' lang='lat' dir='ltr'><strong>pacem</strong></span> <span class='ocrx_word' id='word_1_762' title='bbox 2964 3421 3112 3460; x_wconf 88' lang='lat' dir='ltr'><strong>suam</strong></span> <span class='ocrx_word' id='word_1_763' title='bbox 3157 3425 3276 3465; x_wconf 87' lang='lat' dir='ltr'><strong>eam</strong></span> <span class='ocrx_word' id='word_1_764' title='bbox 3324 3413 3490 3474; x_wconf 86' lang='lat' dir='ltr'><strong>voluit</strong></span> 
     </span>
    </p>
   </div>
   <div class='ocr_carea' id='block_1_98' title="bbox 1901 3477 3488 3569">
    <p class='ocr_par' dir='ltr' id='par_1_98' title="bbox 1901 3477 3488 3569">
     <span class='ocr_line' id='line_1_101' title="bbox 1901 3477 3488 3569; baseline 0.02 -38"><span class='ocrx_word' id='word_1_765' title='bbox 1901 3477 2121 3548; x_wconf 78' lang='lat' dir='ltr'><strong>intelligi</strong></span> <span class='ocrx_word' id='word_1_766' title='bbox 2153 3483 2362 3550; x_wconf 82' lang='lat' dir='ltr'><strong>qualem</strong></span> <span class='ocrx_word' id='word_1_767' title='bbox 2389 3484 2544 3541; x_wconf 90' lang='lat' dir='ltr'><strong>habet</strong></span> <span class='ocrx_word' id='word_1_768' title='bbox 2573 3487 2723 3557; x_wconf 82' lang='lat' dir='ltr'><strong>ipse?</strong></span> <span class='ocrx_word' id='word_1_769' title='bbox 2752 3489 2856 3545; x_wconf 82' lang='lat' dir='ltr'><strong>Pax</strong></span> <span class='ocrx_word' id='word_1_770' title='bbox 2886 3508 3012 3548; x_wconf 86' lang='lat' dir='ltr'><strong>vero</strong></span> <span class='ocrx_word' id='word_1_771' title='bbox 3032 3497 3131 3551; x_wconf 87' lang='lat' dir='ltr'><strong>ista</strong></span> <span class='ocrx_word' id='word_1_772' title='bbox 3151 3515 3310 3569; x_wconf 88' lang='lat' dir='ltr'><strong>quant</strong></span> <span class='ocrx_word' id='word_1_773' title='bbox 3332 3506 3488 3563; x_wconf 80' lang='lat' dir='ltr'><strong>nobis</strong></span> 
     </span>
    </p>
   </div>
   <div class='ocr_carea' id='block_1_99' title="bbox 1900 3571 3485 3658">
    <p class='ocr_par' dir='ltr' id='par_1_99' title="bbox 1900 3571 3485 3658">
     <span class='ocr_line' id='line_1_102' title="bbox 1900 3571 3485 3658; baseline 0.019 -34"><span class='ocrx_word' id='word_1_774' title='bbox 1900 3571 2150 3643; x_wconf 88' lang='lat' dir='ltr'><strong>relinquit</strong></span> <span class='ocrx_word' id='word_1_775' title='bbox 2191 3575 2241 3627; x_wconf 91' lang='lat' dir='ltr'><strong>iu</strong></span> <span class='ocrx_word' id='word_1_776' title='bbox 2289 3575 2388 3631; x_wconf 84' lang='lat' dir='ltr'><strong>huc</strong></span> <span class='ocrx_word' id='word_1_777' title='bbox 2432 3580 2658 3647; x_wconf 74' lang='lat' dir='ltr'><strong>szeculo,</strong></span> <span class='ocrx_word' id='word_1_778' title='bbox 2706 3595 2884 3639; x_wconf 81' lang='lat' dir='ltr'><strong>neStra</strong></span> <span class='ocrx_word' id='word_1_779' title='bbox 2920 3596 3001 3641; x_wconf 87' lang='lat' dir='ltr'><strong>est</strong></span> <span class='ocrx_word' id='word_1_780' title='bbox 3044 3593 3219 3658; x_wconf 86' lang='lat' dir='ltr'><strong>potius</strong></span> <span class='ocrx_word' id='word_1_781' title='bbox 3257 3594 3485 3654; x_wconf 84' lang='lat' dir='ltr'><strong>dicenda</strong></span> 
     </span>
    </p>
   </div>
   <div class='ocr_carea' id='block_1_100' title="bbox 1899 3665 3483 3756">
    <p class='ocr_par' dir='ltr' id='par_1_100' title="bbox 1899 3665 3483 3756">
     <span class='ocr_line' id='line_1_103' title="bbox 1899 3665 3483 3756; baseline 0.018 -42"><span class='ocrx_word' id='word_1_782' title='bbox 1899 3675 2057 3756; x_wconf 74' lang='lat' dir='ltr'><strong>quam</strong></span> <span class='ocrx_word' id='word_1_783' title='bbox 2087 3665 2268 3756; x_wconf 82' lang='lat' dir='ltr'><strong>ipsius.</strong></span> <span class='ocrx_word' id='word_1_784' title='bbox 2297 3666 2371 3720; x_wconf 91' lang='lat' dir='ltr'><strong>Illi</strong></span> <span class='ocrx_word' id='word_1_785' title='bbox 2401 3669 2596 3740; x_wconf 88' lang='lat' dir='ltr'><strong>quippe</strong></span> <span class='ocrx_word' id='word_1_786' title='bbox 2628 3670 2757 3726; x_wconf 85' lang='lat' dir='ltr'><strong>nihil</strong></span> <span class='ocrx_word' id='word_1_787' title='bbox 2787 3687 3046 3745; x_wconf 80' lang='lat' dir='ltr'><strong>repugnat</strong></span> <span class='ocrx_word' id='word_1_788' title='bbox 3085 3679 3139 3733; x_wconf 91' lang='lat' dir='ltr'><strong>in</strong></span> <span class='ocrx_word' id='word_1_789' title='bbox 3169 3682 3366 3752; x_wconf 80' lang='lat' dir='ltr'><strong>seipse,</strong></span> <span class='ocrx_word' id='word_1_790' title='bbox 3387 3687 3483 3756; x_wconf 84' lang='lat' dir='ltr'><strong>qui</strong></span> 
     </span>
    </p>
   </div>
   <div class='ocr_carea' id='block_1_101' title="bbox 1899 3752 3483 3833">
    <p class='ocr_par' dir='ltr' id='par_1_101' title="bbox 1899 3752 3483 3833">
     <span class='ocr_line' id='line_1_104' title="bbox 1899 3752 3483 3833; baseline 0.018 -29"><span class='ocrx_word' id='word_1_791' title='bbox 1899 3752 2103 3807; x_wconf 89' lang='lat' dir='ltr'><strong>nullum</strong></span> <span class='ocrx_word' id='word_1_792' title='bbox 2137 3754 2295 3810; x_wconf 89' lang='lat' dir='ltr'><strong>habet</strong></span> <span class='ocrx_word' id='word_1_793' title='bbox 2320 3761 2538 3816; x_wconf 88' lang='lat' dir='ltr'><strong>omnino</strong></span> <span class='ocrx_word' id='word_1_794' title='bbox 2564 3762 2857 3831; x_wconf 82' lang='lat' dir='ltr'><strong>peccatum</strong></span> <span class='ocrx_word' id='word_1_795' title='bbox 2900 3784 2914 3820; x_wconf 88' lang='lat'><strong>:</strong></span> <span class='ocrx_word' id='word_1_796' title='bbox 2961 3784 3057 3821; x_wconf 87' lang='lat' dir='ltr'><strong>nos</strong></span> <span class='ocrx_word' id='word_1_797' title='bbox 3094 3781 3270 3827; x_wconf 86' lang='lat' dir='ltr'><strong>autem</strong></span> <span class='ocrx_word' id='word_1_798' title='bbox 3319 3752 3483 3833; x_wconf 78' lang='lat' dir='ltr'><strong>talem</strong></span> 
     </span>
    </p>
   </div>
   <div class='ocr_carea' id='block_1_102' title="bbox 1900 3849 3485 3933">
    <p class='ocr_par' dir='ltr' id='par_1_102' title="bbox 1900 3849 3485 3933">
     <span class='ocr_line' id='line_1_105' title="bbox 1900 3849 3485 3933; baseline 0.02 -40"><span class='ocrx_word' id='word_1_799' title='bbox 1900 3859 2085 3913; x_wconf 87' lang='lat' dir='ltr'><strong>pacem</strong></span> <span class='ocrx_word' id='word_1_800' title='bbox 2139 3861 2280 3901; x_wconf 84' lang='lat' dir='ltr'><strong>nune</strong></span> <span class='ocrx_word' id='word_1_801' title='bbox 2333 3849 2606 3918; x_wconf 84' lang='lat' dir='ltr'><strong>habemus,</strong></span> <span class='ocrx_word' id='word_1_802' title='bbox 2655 3855 2705 3909; x_wconf 93' lang='lat' dir='ltr'><strong>in</strong></span> <span class='ocrx_word' id='word_1_803' title='bbox 2747 3872 2848 3926; x_wconf 88' lang='lat' dir='ltr'><strong>qua</strong></span> <span class='ocrx_word' id='word_1_804' title='bbox 2878 3859 3053 3916; x_wconf 91' lang='lat' dir='ltr'><strong>adhuc</strong></span> <span class='ocrx_word' id='word_1_805' title='bbox 3077 3862 3337 3933; x_wconf 78' lang='lat' dir='ltr'><strong>dicamus,</strong></span> <span class='ocrx_word' id='word_1_806' title='bbox 3384 3865 3485 3924; x_wconf 76' lang='lat' dir='ltr'><strong>Di-</strong></span> 
     </span>
    </p>
   </div>
   <div class='ocr_carea' id='block_1_103' title="bbox 1898 3938 3482 4031">
    <p class='ocr_par' dir='ltr' id='par_1_103' title="bbox 1898 3938 3482 4031">
     <span class='ocr_line' id='line_1_106' title="bbox 1898 3938 3482 4031; baseline 0.018 -42"><span class='ocrx_word' id='word_1_807' title='bbox 1898 3938 2038 3991; x_wconf 84' lang='lat' dir='ltr'><strong>mitte</strong></span> <span class='ocrx_word' id='word_1_808' title='bbox 2084 3938 2229 3994; x_wconf 80' lang='lat' dir='ltr'><strong>nobis</strong></span> <span class='ocrx_word' id='word_1_809' title='bbox 2277 3941 2444 3995; x_wconf 77' lang='lat' dir='ltr'><strong>debita</strong></span> <span class='ocrx_word' id='word_1_810' title='bbox 2492 3955 2664 3998; x_wconf 79' lang='lat' dir='ltr'><strong>nostra</strong></span> <span class='ocrx_word' id='word_1_811' title='bbox 2710 3945 2923 4017; x_wconf 68' lang='lat' dir='ltr'><strong>(Matt/1.</strong></span> <span class='ocrx_word' id='word_1_812' title='bbox 2973 3967 3046 4018; x_wconf 79' lang='lat' dir='ltr'><strong>VI,</strong></span> <span class='ocrx_word' id='word_1_813' title='bbox 3086 3955 3202 4025; x_wconf 76' lang='lat' dir='ltr'><strong>l2).</strong></span> <span class='ocrx_word' id='word_1_814' title='bbox 3233 3957 3323 4012; x_wconf 81' lang='lat' dir='ltr'><strong>Est</strong></span> <span class='ocrx_word' id='word_1_815' title='bbox 3348 3973 3482 4031; x_wconf 79' lang='lat' dir='ltr'><strong>ergo</strong></span> 
     </span>
    </p>
   </div>
   <div class='ocr_carea' id='block_1_104' title="bbox 1897 4030 3483 4121">
    <p class='ocr_par' dir='ltr' id='par_1_104' title="bbox 1897 4030 3483 4121">
     <span class='ocr_line' id='line_1_107' title="bbox 1897 4030 3483 4121; baseline 0.016 -36"><span class='ocrx_word' id='word_1_816' title='bbox 1897 4030 2051 4085; x_wconf 81' lang='lat' dir='ltr'><strong>nobis</strong></span> <span class='ocrx_word' id='word_1_817' title='bbox 2098 4047 2199 4102; x_wconf 75' lang='lat' dir='ltr'><strong>pax</strong></span> <span class='ocrx_word' id='word_1_818' title='bbox 2239 4034 2433 4104; x_wconf 89' lang='lat' dir='ltr'><strong>aliqua,</strong></span> <span class='ocrx_word' id='word_1_819' title='bbox 2478 4039 2729 4106; x_wconf 86' lang='lat' dir='ltr'><strong>quoniam</strong></span> <span class='ocrx_word' id='word_1_820' title='bbox 2768 4042 3202 4102; x_wconf 88' lang='lat' dir='ltr'><strong>condelectamur</strong></span> <span class='ocrx_word' id='word_1_821' title='bbox 3237 4049 3338 4121; x_wconf 88' lang='lat' dir='ltr'><strong>legi</strong></span> <span class='ocrx_word' id='word_1_822' title='bbox 3386 4030 3483 4109; x_wconf 63' lang='lat' dir='ltr'><strong>[lci</strong></span> 
     </span>
    </p>
   </div>
   <div class='ocr_carea' id='block_1_105' title="bbox 1896 4124 3478 4211">
    <p class='ocr_par' dir='ltr' id='par_1_105' title="bbox 1896 4124 3478 4211">
     <span class='ocr_line' id='line_1_108' title="bbox 1896 4124 3478 4211; baseline 0.015 -36"><span class='ocrx_word' id='word_1_823' title='bbox 1896 4124 2188 4176; x_wconf 79' lang='lat' dir='ltr'><strong>SCClll.tllllll</strong></span> <span class='ocrx_word' id='word_1_824' title='bbox 2224 4125 2528 4181; x_wconf 87' lang='lat' dir='ltr'><strong>interiorem</strong></span> <span class='ocrx_word' id='word_1_825' title='bbox 2560 4128 2829 4185; x_wconf 88' lang='lat' dir='ltr'><strong>hominem</strong></span> <span class='ocrx_word' id='word_1_826' title='bbox 2858 4152 2872 4186; x_wconf 91' lang='lat'><strong>:</strong></span> <span class='ocrx_word' id='word_1_827' title='bbox 2905 4136 2998 4189; x_wconf 88' lang='lat' dir='ltr'><strong>sed</strong></span> <span class='ocrx_word' id='word_1_828' title='bbox 3024 4152 3130 4191; x_wconf 91' lang='lat' dir='ltr'><strong>non</strong></span> <span class='ocrx_word' id='word_1_829' title='bbox 3160 4148 3242 4194; x_wconf 90' lang='lat' dir='ltr'><strong>est</strong></span> <span class='ocrx_word' id='word_1_830' title='bbox 3286 4143 3478 4211; x_wconf 83' lang='lat' dir='ltr'><strong>plena,</strong></span> 
     </span>
    </p>
   </div>
   <div class='ocr_carea' id='block_1_106' title="bbox 1894 4214 3478 4296">
    <p class='ocr_par' dir='ltr' id='par_1_106' title="bbox 1894 4214 3478 4296">
     <span class='ocr_line' id='line_1_109' title="bbox 1894 4214 3478 4296; baseline 0.016 -32"><span class='ocrx_word' id='word_1_831' title='bbox 1894 4214 2015 4281; x_wconf 86' lang='lat' dir='ltr'><strong>quia</strong></span> <span class='ocrx_word' id='word_1_832' title='bbox 2063 4214 2305 4271; x_wconf 88' lang='lat' dir='ltr'><strong>videmus</strong></span> <span class='ocrx_word' id='word_1_833' title='bbox 2345 4215 2502 4271; x_wconf 87' lang='lat' dir='ltr'><strong>aliam</strong></span> <span class='ocrx_word' id='word_1_834' title='bbox 2543 4218 2711 4289; x_wconf 87' lang='lat' dir='ltr'><strong>legent</strong></span> <span class='ocrx_word' id='word_1_835' title='bbox 2743 4222 2795 4274; x_wconf 91' lang='lat' dir='ltr'><strong>in</strong></span> <span class='ocrx_word' id='word_1_836' title='bbox 2827 4223 3076 4279; x_wconf 86' lang='lat' dir='ltr'><strong>membris</strong></span> <span class='ocrx_word' id='word_1_837' title='bbox 3114 4229 3347 4296; x_wconf 64' lang='lat' dir='ltr'><strong>rostris,</strong></span> <span class='ocrx_word' id='word_1_838' title='bbox 3387 4247 3478 4289; x_wconf 75' lang='lat' dir='ltr'><strong>re-</strong></span> 
     </span>
    </p>
   </div>
   <div class='ocr_carea' id='block_1_107' title="bbox 1895 4308 3477 4395">
    <p class='ocr_par' dir='ltr' id='par_1_107' title="bbox 1895 4308 3477 4395">
     <span class='ocr_line' id='line_1_110' title="bbox 1895 4308 3477 4395; baseline 0.014 -37"><span class='ocrx_word' id='word_1_839' title='bbox 1895 4316 2214 4374; x_wconf 81' lang='lat' dir='ltr'><strong>pugnantem</strong></span> <span class='ocrx_word' id='word_1_840' title='bbox 2252 4308 2350 4379; x_wconf 85' lang='lat' dir='ltr'><strong>legi</strong></span> <span class='ocrx_word' id='word_1_841' title='bbox 2391 4312 2583 4365; x_wconf 87' lang='lat' dir='ltr'><strong>mentis</strong></span> <span class='ocrx_word' id='word_1_842' title='bbox 2626 4323 2822 4367; x_wconf 79' lang='lat' dir='ltr'><strong>nostra:</strong></span> <span class='ocrx_word' id='word_1_843' title='bbox 2866 4314 3039 4386; x_wconf 83' lang='lat' dir='ltr'><strong>(Rom.</strong></span> <span class='ocrx_word' id='word_1_844' title='bbox 3081 4318 3477 4395; x_wconf 72' lang='lat' dir='ltr'><strong>vn,22et23).</strong></span> 
     </span>
    </p>
   </div>
   <div class='ocr_carea' id='block_1_108' title="bbox 1893 4398 3477 4480">
    <p class='ocr_par' dir='ltr' id='par_1_108' title="bbox 1893 4398 3477 4480">
     <span class='ocr_line' id='line_1_111' title="bbox 1893 4398 3477 4480; baseline 0.013 -28"><span class='ocrx_word' id='word_1_845' title='bbox 1893 4398 2131 4468; x_wconf 86' lang='lat' dir='ltr'><strong>ltetnque</strong></span> <span class='ocrx_word' id='word_1_846' title='bbox 2171 4401 2307 4455; x_wconf 88' lang='lat' dir='ltr'><strong>inter</strong></span> <span class='ocrx_word' id='word_1_847' title='bbox 2328 4418 2423 4457; x_wconf 87' lang='lat' dir='ltr'><strong>nos</strong></span> <span class='ocrx_word' id='word_1_848' title='bbox 2449 4404 2593 4473; x_wconf 88' lang='lat' dir='ltr'><strong>ipsos</strong></span> <span class='ocrx_word' id='word_1_849' title='bbox 2622 4414 2706 4460; x_wconf 89' lang='lat' dir='ltr'><strong>est</strong></span> <span class='ocrx_word' id='word_1_850' title='bbox 2744 4406 2896 4460; x_wconf 85' lang='lat' dir='ltr'><strong>nobis</strong></span> <span class='ocrx_word' id='word_1_851' title='bbox 2929 4424 3051 4478; x_wconf 76' lang='lat' dir='ltr'><strong>pax,</strong></span> <span class='ocrx_word' id='word_1_852' title='bbox 3079 4412 3201 4480; x_wconf 90' lang='lat' dir='ltr'><strong>quia</strong></span> <span class='ocrx_word' id='word_1_853' title='bbox 3246 4414 3477 4475; x_wconf 79' lang='lat' dir='ltr'><strong>invicem</strong></span> 
     </span>
    </p>
   </div>
   <div class='ocr_carea' id='block_1_109' title="bbox 1893 4489 3479 4570">
    <p class='ocr_par' dir='ltr' id='par_1_109' title="bbox 1893 4489 3479 4570">
     <span class='ocr_line' id='line_1_112' title="bbox 1893 4489 3479 4570; baseline 0.013 -26"><span class='ocrx_word' id='word_1_854' title='bbox 1893 4489 2049 4545; x_wconf 88' lang='lat' dir='ltr'><strong>nobis</strong></span> <span class='ocrx_word' id='word_1_855' title='bbox 2099 4492 2364 4549; x_wconf 84' lang='lat' dir='ltr'><strong>credimus</strong></span> <span class='ocrx_word' id='word_1_856' title='bbox 2412 4496 2553 4564; x_wconf 87' lang='lat' dir='ltr'><strong>quod</strong></span> <span class='ocrx_word' id='word_1_857' title='bbox 2598 4497 2820 4552; x_wconf 84' lang='lat' dir='ltr'><strong>invicem</strong></span> <span class='ocrx_word' id='word_1_858' title='bbox 2867 4499 3146 4570; x_wconf 81' lang='lat' dir='ltr'><strong>diligamus</strong></span> <span class='ocrx_word' id='word_1_859' title='bbox 3191 4520 3205 4557; x_wconf 91' lang='lat'><strong>:</strong></span> <span class='ocrx_word' id='word_1_860' title='bbox 3253 4504 3348 4561; x_wconf 89' lang='lat' dir='ltr'><strong>sed</strong></span> <span class='ocrx_word' id='word_1_861' title='bbox 3377 4523 3479 4565; x_wconf 88' lang='lat' dir='ltr'><strong>nec</strong></span> 
     </span>
    </p>
   </div>
   <div class='ocr_carea' id='block_1_110' title="bbox 1892 4583 3476 4660">
    <p class='ocr_par' dir='ltr' id='par_1_110' title="bbox 1892 4583 3476 4660">
     <span class='ocr_line' id='line_1_113' title="bbox 1892 4583 3476 4660; baseline 0.011 -22"><span class='ocrx_word' id='word_1_862' title='bbox 1892 4583 2006 4653; x_wconf 89' lang='lat' dir='ltr'><strong>ipsa</strong></span> <span class='ocrx_word' id='word_1_863' title='bbox 2048 4585 2201 4655; x_wconf 87' lang='lat' dir='ltr'><strong>plena</strong></span> <span class='ocrx_word' id='word_1_864' title='bbox 2244 4598 2325 4642; x_wconf 92' lang='lat' dir='ltr'><strong>est</strong></span> <span class='ocrx_word' id='word_1_865' title='bbox 2347 4628 2363 4653; x_wconf 93' lang='lat'><strong>,</strong></span> <span class='ocrx_word' id='word_1_866' title='bbox 2406 4589 2524 4658; x_wconf 84' lang='lat' dir='ltr'><strong>quia</strong></span> <span class='ocrx_word' id='word_1_867' title='bbox 2556 4590 2902 4660; x_wconf 83' lang='lat' dir='ltr'><strong>cogitationes</strong></span> <span class='ocrx_word' id='word_1_868' title='bbox 2931 4593 3109 4648; x_wconf 87' lang='lat' dir='ltr'><strong>cordis</strong></span> <span class='ocrx_word' id='word_1_869' title='bbox 3138 4598 3302 4652; x_wconf 89' lang='lat' dir='ltr'><strong>nostri</strong></span> <span class='ocrx_word' id='word_1_870' title='bbox 3335 4599 3476 4654; x_wconf 82' lang='lat' dir='ltr'><strong>invi-</strong></span> 
     </span>
    </p>
   </div>
   <div class='ocr_carea' id='block_1_111' title="bbox 1892 4678 3475 4756">
    <p class='ocr_par' dir='ltr' id='par_1_111' title="bbox 1892 4678 3475 4756">
     <span class='ocr_line' id='line_1_114' title="bbox 1892 4678 3475 4756; baseline 0.009 -23"><span class='ocrx_word' id='word_1_871' title='bbox 1892 4691 2009 4733; x_wconf 88' lang='lat' dir='ltr'><strong>cem</strong></span> <span class='ocrx_word' id='word_1_872' title='bbox 2037 4694 2141 4733; x_wconf 90' lang='lat' dir='ltr'><strong>non</strong></span> <span class='ocrx_word' id='word_1_873' title='bbox 2170 4678 2442 4746; x_wconf 83' lang='lat' dir='ltr'><strong>videmus;</strong></span> <span class='ocrx_word' id='word_1_874' title='bbox 2466 4690 2519 4735; x_wconf 90' lang='lat' dir='ltr'><strong>et</strong></span> <span class='ocrx_word' id='word_1_875' title='bbox 2545 4681 2786 4751; x_wconf 72' lang='lat' dir='ltr'><strong>quaedam</strong></span> <span class='ocrx_word' id='word_1_876' title='bbox 2812 4684 2879 4739; x_wconf 88' lang='lat' dir='ltr'><strong>de</strong></span> <span class='ocrx_word' id='word_1_877' title='bbox 2906 4685 3057 4740; x_wconf 79' lang='lat' dir='ltr'><strong>nobis</strong></span> <span class='ocrx_word' id='word_1_878' title='bbox 3075 4703 3194 4756; x_wconf 74' lang='lat' dir='ltr'><strong>quur</strong></span> <span class='ocrx_word' id='word_1_879' title='bbox 3212 4704 3317 4744; x_wconf 89' lang='lat' dir='ltr'><strong>non</strong></span> <span class='ocrx_word' id='word_1_880' title='bbox 3344 4700 3475 4748; x_wconf 87' lang='lat' dir='ltr'><strong>sunt</strong></span> 
     </span>
    </p>
   </div>
   <div class='ocr_carea' id='block_1_112' title="bbox 1891 4768 3472 4852">
    <p class='ocr_par' dir='ltr' id='par_1_112' title="bbox 1891 4768 3472 4852">
     <span class='ocr_line' id='line_1_115' title="bbox 1891 4768 3472 4852; baseline 0.009 -29"><span class='ocrx_word' id='word_1_881' title='bbox 1891 4768 1944 4823; x_wconf 89' lang='lat' dir='ltr'><strong>in</strong></span> <span class='ocrx_word' id='word_1_882' title='bbox 1976 4770 2146 4833; x_wconf 86' lang='lat' dir='ltr'><strong>nobis,</strong></span> <span class='ocrx_word' id='word_1_883' title='bbox 2185 4771 2265 4826; x_wconf 86' lang='lat' dir='ltr'><strong>vel</strong></span> <span class='ocrx_word' id='word_1_884' title='bbox 2314 4771 2365 4824; x_wconf 92' lang='lat' dir='ltr'><strong>in</strong></span> <span class='ocrx_word' id='word_1_885' title='bbox 2415 4771 2604 4826; x_wconf 87' lang='lat' dir='ltr'><strong>tnelius</strong></span> <span class='ocrx_word' id='word_1_886' title='bbox 2642 4773 2866 4827; x_wconf 83' lang='lat' dir='ltr'><strong>invicem</strong></span> <span class='ocrx_word' id='word_1_887' title='bbox 2899 4776 2978 4830; x_wconf 92' lang='lat' dir='ltr'><strong>vel</strong></span> <span class='ocrx_word' id='word_1_888' title='bbox 3010 4776 3060 4829; x_wconf 93' lang='lat' dir='ltr'><strong>in</strong></span> <span class='ocrx_word' id='word_1_889' title='bbox 3086 4776 3321 4836; x_wconf 89' lang='lat' dir='ltr'><strong>deterius</strong></span> <span class='ocrx_word' id='word_1_890' title='bbox 3350 4781 3472 4852; x_wconf 84' lang='lat' dir='ltr'><strong>opi-</strong></span> 
     </span>
    </p>
   </div>
   <div class='ocr_carea' id='block_1_113' title="bbox 1891 4863 3469 4944">
    <p class='ocr_par' dir='ltr' id='par_1_113' title="bbox 1891 4863 3469 4944">
     <span class='ocr_line' id='line_1_116' title="bbox 1891 4863 3469 4944; baseline 0.009 -26"><span class='ocrx_word' id='word_1_891' title='bbox 1891 4878 2100 4918; x_wconf 87' lang='lat' dir='ltr'><strong>namur.</strong></span> <span class='ocrx_word' id='word_1_892' title='bbox 2131 4863 2310 4934; x_wconf 89' lang='lat' dir='ltr'><strong>Itaque</strong></span> <span class='ocrx_word' id='word_1_893' title='bbox 2338 4865 2435 4919; x_wconf 89' lang='lat' dir='ltr'><strong>ista</strong></span> <span class='ocrx_word' id='word_1_894' title='bbox 2463 4865 2672 4919; x_wconf 89' lang='lat' dir='ltr'><strong>etiamsi</strong></span> <span class='ocrx_word' id='word_1_895' title='bbox 2699 4868 2766 4921; x_wconf 87' lang='lat' dir='ltr'><strong>ab</strong></span> <span class='ocrx_word' id='word_1_896' title='bbox 2793 4869 2881 4922; x_wconf 89' lang='lat' dir='ltr'><strong>illo</strong></span> <span class='ocrx_word' id='word_1_897' title='bbox 2911 4870 3062 4924; x_wconf 90' lang='lat' dir='ltr'><strong>nobis</strong></span> <span class='ocrx_word' id='word_1_898' title='bbox 3103 4873 3285 4928; x_wconf 87' lang='lat' dir='ltr'><strong>relicta</strong></span> <span class='ocrx_word' id='word_1_899' title='bbox 3339 4884 3426 4931; x_wconf 89' lang='lat' dir='ltr'><strong>est</strong></span> <span class='ocrx_word' id='word_1_900' title='bbox 3450 4918 3469 4944; x_wconf 88' lang='lat'><strong>,</strong></span> 
     </span>
    </p>
   </div>
   <div class='ocr_carea' id='block_1_114' title="bbox 1889 4955 3475 5025">
    <p class='ocr_par' dir='ltr' id='par_1_114' title="bbox 1889 4955 3475 5025">
     <span class='ocr_line' id='line_1_117' title="bbox 1889 4955 3475 5025; baseline 0.011 -19"><span class='ocrx_word' id='word_1_901' title='bbox 1889 4968 1991 5025; x_wconf 76' lang='lat' dir='ltr'><strong>pax</strong></span> <span class='ocrx_word' id='word_1_902' title='bbox 2022 4962 2201 5008; x_wconf 88' lang='lat' dir='ltr'><strong>nostra</strong></span> <span class='ocrx_word' id='word_1_903' title='bbox 2229 4963 2311 5010; x_wconf 90' lang='lat' dir='ltr'><strong>est</strong></span> <span class='ocrx_word' id='word_1_904' title='bbox 2338 4972 2350 5006; x_wconf 90' lang='lat'>:</span> <span class='ocrx_word' id='word_1_905' title='bbox 2384 4955 2482 5009; x_wconf 83' lang='lat' dir='ltr'><strong>nisi</strong></span> <span class='ocrx_word' id='word_1_906' title='bbox 2512 4957 2653 5011; x_wconf 90' lang='lat' dir='ltr'><strong>enim</strong></span> <span class='ocrx_word' id='word_1_907' title='bbox 2681 4958 2748 5011; x_wconf 90' lang='lat' dir='ltr'><strong>ab</strong></span> <span class='ocrx_word' id='word_1_908' title='bbox 2777 4958 2888 5020; x_wconf 91' lang='lat' dir='ltr'><strong>illo,</strong></span> <span class='ocrx_word' id='word_1_909' title='bbox 2922 4974 3026 5013; x_wconf 89' lang='lat' dir='ltr'><strong>non</strong></span> <span class='ocrx_word' id='word_1_910' title='bbox 3072 4961 3391 5022; x_wconf 87' lang='lat' dir='ltr'><strong>haberemus</strong></span> <span class='ocrx_word' id='word_1_911' title='bbox 3412 4975 3475 5024; x_wconf 85' lang='lat' dir='ltr'><strong>et</strong></span> 
     </span>
    </p>
   </div>
   <div class='ocr_carea' id='block_1_115' title="bbox 1889 5043 3476 5115">
    <p class='ocr_par' dir='ltr' id='par_1_115' title="bbox 1889 5043 3476 5115">
     <span class='ocr_line' id='line_1_118' title="bbox 1889 5043 3476 5115; baseline 0.01 -17"><span class='ocrx_word' id='word_1_912' title='bbox 1889 5045 2085 5109; x_wconf 87' lang='lat' dir='ltr'><strong>talem;</strong></span> <span class='ocrx_word' id='word_1_913' title='bbox 2136 5043 2229 5099; x_wconf 87' lang='lat' dir='ltr'><strong>sed</strong></span> <span class='ocrx_word' id='word_1_914' title='bbox 2280 5045 2392 5114; x_wconf 90' lang='lat' dir='ltr'><strong>ipse</strong></span> <span class='ocrx_word' id='word_1_915' title='bbox 2438 5060 2543 5099; x_wconf 87' lang='lat' dir='ltr'><strong>non</strong></span> <span class='ocrx_word' id='word_1_916' title='bbox 2595 5045 2753 5101; x_wconf 87' lang='lat' dir='ltr'><strong>habet</strong></span> <span class='ocrx_word' id='word_1_917' title='bbox 2804 5048 2980 5103; x_wconf 87' lang='lat' dir='ltr'><strong>talem.</strong></span> <span class='ocrx_word' id='word_1_918' title='bbox 3032 5051 3090 5106; x_wconf 87' lang='lat' dir='ltr'><strong>Si</strong></span> <span class='ocrx_word' id='word_1_919' title='bbox 3142 5056 3476 5115; x_wconf 83' lang='lat' dir='ltr'><strong>tenuerimus</strong></span> 
     </span>
    </p>
   </div>
   <div class='ocr_carea' id='block_1_116' title="bbox 1889 5135 3478 5211">
    <p class='ocr_par' dir='ltr' id='par_1_116' title="bbox 1889 5135 3478 5211">
     <span class='ocr_line' id='line_1_119' title="bbox 1889 5135 3478 5211; baseline 0.011 -22"><span class='ocrx_word' id='word_1_920' title='bbox 1889 5150 2055 5205; x_wconf 87' lang='lat' dir='ltr'><strong>usque</strong></span> <span class='ocrx_word' id='word_1_921' title='bbox 2082 5136 2135 5189; x_wconf 91' lang='lat' dir='ltr'><strong>in</strong></span> <span class='ocrx_word' id='word_1_922' title='bbox 2163 5135 2320 5191; x_wconf 82' lang='lat' dir='ltr'><strong>ﬁnem</strong></span> <span class='ocrx_word' id='word_1_923' title='bbox 2351 5135 2560 5205; x_wconf 86' lang='lat' dir='ltr'><strong>qualem</strong></span> <span class='ocrx_word' id='word_1_924' title='bbox 2587 5137 2918 5207; x_wconf 76' lang='lat' dir='ltr'><strong>accepimus,</strong></span> <span class='ocrx_word' id='word_1_925' title='bbox 2946 5142 3157 5211; x_wconf 87' lang='lat' dir='ltr'><strong>qualem</strong></span> <span class='ocrx_word' id='word_1_926' title='bbox 3187 5144 3349 5204; x_wconf 85' lang='lat' dir='ltr'><strong>habet</strong></span> <span class='ocrx_word' id='word_1_927' title='bbox 3377 5149 3478 5205; x_wconf 87' lang='lat' dir='ltr'><strong>ha-</strong></span> 
     </span>
    </p>
   </div>
   <div class='ocr_carea' id='block_1_117' title="bbox 1889 5225 3473 5303">
    <p class='ocr_par' dir='ltr' id='par_1_117' title="bbox 1889 5225 3473 5303">
     <span class='ocr_line' id='line_1_120' title="bbox 1889 5225 3473 5303; baseline 0.011 -23"><span class='ocrx_word' id='word_1_928' title='bbox 1889 5225 2152 5289; x_wconf 88' lang='lat' dir='ltr'><strong>bebimus,</strong></span> <span class='ocrx_word' id='word_1_929' title='bbox 2184 5227 2271 5281; x_wconf 91' lang='lat' dir='ltr'><strong>ubi</strong></span> <span class='ocrx_word' id='word_1_930' title='bbox 2301 5226 2430 5281; x_wconf 62' lang='lat' dir='ltr'><strong>nihil</strong></span> <span class='ocrx_word' id='word_1_931' title='bbox 2478 5227 2632 5283; x_wconf 90' lang='lat' dir='ltr'><strong>nobis</strong></span> <span class='ocrx_word' id='word_1_932' title='bbox 2661 5239 2913 5300; x_wconf 85' lang='lat' dir='ltr'><strong>repugnet</strong></span> <span class='ocrx_word' id='word_1_933' title='bbox 2940 5246 3006 5287; x_wconf 78' lang='lat' dir='ltr'><strong>ex</strong></span> <span class='ocrx_word' id='word_1_934' title='bbox 3035 5236 3188 5292; x_wconf 91' lang='lat' dir='ltr'><strong>nobis</strong></span> <span class='ocrx_word' id='word_1_935' title='bbox 3208 5279 3223 5303; x_wconf 89' lang='lat'><strong>,</strong></span> <span class='ocrx_word' id='word_1_936' title='bbox 3257 5248 3311 5296; x_wconf 88' lang='lat' dir='ltr'><strong>et</strong></span> <span class='ocrx_word' id='word_1_937' title='bbox 3337 5239 3473 5298; x_wconf 90' lang='lat' dir='ltr'><strong>nihil</strong></span> 
     </span>
    </p>
   </div>
   <div class='ocr_carea' id='block_1_118' title="bbox 1888 5320 3473 5401">
    <p class='ocr_par' dir='ltr' id='par_1_118' title="bbox 1888 5320 3473 5401">
     <span class='ocr_line' id='line_1_121' title="bbox 1888 5320 3473 5401; baseline 0.009 -28"><span class='ocrx_word' id='word_1_938' title='bbox 1888 5334 1988 5373; x_wconf 91' lang='lat' dir='ltr'><strong>nos</strong></span> <span class='ocrx_word' id='word_1_939' title='bbox 2030 5321 2254 5375; x_wconf 88' lang='lat' dir='ltr'><strong>invicem</strong></span> <span class='ocrx_word' id='word_1_940' title='bbox 2296 5320 2458 5375; x_wconf 86' lang='lat' dir='ltr'><strong>lateat</strong></span> <span class='ocrx_word' id='word_1_941' title='bbox 2503 5320 2556 5376; x_wconf 90' lang='lat' dir='ltr'><strong>in</strong></span> <span class='ocrx_word' id='word_1_942' title='bbox 2602 5322 2851 5378; x_wconf 90' lang='lat' dir='ltr'><strong>cordibus</strong></span> <span class='ocrx_word' id='word_1_943' title='bbox 2897 5329 3111 5382; x_wconf 88' lang='lat' dir='ltr'><strong>nostris.</strong></span> <span class='ocrx_word' id='word_1_944' title='bbox 3144 5329 3251 5386; x_wconf 87' lang='lat' dir='ltr'><strong>Nec</strong></span> <span class='ocrx_word' id='word_1_945' title='bbox 3281 5333 3473 5401; x_wconf 85' lang='lat' dir='ltr'><strong>ignoro</strong></span> 
     </span>
    </p>
   </div>
   <div class='ocr_carea' id='block_1_119' title="bbox 1890 5410 3468 5490">
    <p class='ocr_par' dir='ltr' id='par_1_119' title="bbox 1890 5410 3468 5490">
     <span class='ocr_line' id='line_1_122' title="bbox 1890 5410 3468 5490; baseline 0.01 -26"><span class='ocrx_word' id='word_1_946' title='bbox 1890 5410 1987 5465; x_wconf 88' lang='lat' dir='ltr'><strong>ista</strong></span> <span class='ocrx_word' id='word_1_947' title='bbox 2021 5410 2222 5465; x_wconf 90' lang='lat' dir='ltr'><strong>Domini</strong></span> <span class='ocrx_word' id='word_1_948' title='bbox 2254 5411 2410 5466; x_wconf 80' lang='lat' dir='ltr'><strong>verba</strong></span> <span class='ocrx_word' id='word_1_949' title='bbox 2436 5411 2596 5467; x_wconf 89' lang='lat' dir='ltr'><strong>etiam</strong></span> <span class='ocrx_word' id='word_1_950' title='bbox 2622 5413 2700 5467; x_wconf 89' lang='lat' dir='ltr'><strong>sic</strong></span> <span class='ocrx_word' id='word_1_951' title='bbox 2722 5415 2890 5484; x_wconf 89' lang='lat' dir='ltr'><strong>accipi</strong></span> <span class='ocrx_word' id='word_1_952' title='bbox 2931 5432 3110 5487; x_wconf 88' lang='lat' dir='ltr'><strong>posse,</strong></span> <span class='ocrx_word' id='word_1_953' title='bbox 3139 5428 3199 5475; x_wconf 90' lang='lat' dir='ltr'><strong>ut</strong></span> <span class='ocrx_word' id='word_1_954' title='bbox 3222 5421 3468 5490; x_wconf 82' lang='lat' dir='ltr'><strong>ejusdem</strong></span> 
     </span>
    </p>
   </div>
   <div class='ocr_carea' id='block_1_120' title="bbox 1887 5502 3466 5581">
    <p class='ocr_par' dir='ltr' id='par_1_120' title="bbox 1887 5502 3466 5581">
     <span class='ocr_line' id='line_1_123' title="bbox 1887 5502 3466 5581; baseline 0.008 -26"><span class='ocrx_word' id='word_1_955' title='bbox 1887 5503 2163 5557; x_wconf 76' lang='lat' dir='ltr'><strong>sententia:</strong></span> <span class='ocrx_word' id='word_1_956' title='bbox 2198 5502 2444 5571; x_wconf 89' lang='lat' dir='ltr'><strong>repetitio</strong></span> <span class='ocrx_word' id='word_1_957' title='bbox 2472 5502 2730 5571; x_wconf 82' lang='lat' dir='ltr'><strong>videatur,</strong></span> <span class='ocrx_word' id='word_1_958' title='bbox 2774 5504 2962 5562; x_wconf 82' lang='lat' dir='ltr'><strong>Parent</strong></span> <span class='ocrx_word' id='word_1_959' title='bbox 3007 5508 3234 5579; x_wconf 75' lang='lat' dir='ltr'><strong>relinquo</strong></span> <span class='ocrx_word' id='word_1_960' title='bbox 3279 5513 3419 5568; x_wconf 71' lang='lat' dir='ltr'><strong>vobis</strong></span> <span class='ocrx_word' id='word_1_961' title='bbox 3443 5553 3466 5581; x_wconf 82' lang='lat'><strong>,</strong></span> 
     </span>
    </p>
   </div>
   <div class='ocr_carea' id='block_1_121' title="bbox 1887 5593 3467 5669">
    <p class='ocr_par' dir='ltr' id='par_1_121' title="bbox 1887 5593 3467 5669">
     <span class='ocr_line' id='line_1_124' title="bbox 1887 5593 3467 5669; baseline 0.01 -27"><span class='ocrx_word' id='word_1_962' title='bbox 1887 5609 2062 5665; x_wconf 80' lang='lat' dir='ltr'><strong>pacem</strong></span> <span class='ocrx_word' id='word_1_963' title='bbox 2092 5609 2252 5647; x_wconf 79' lang='lat' dir='ltr'><strong>nteant</strong></span> <span class='ocrx_word' id='word_1_964' title='bbox 2295 5595 2361 5646; x_wconf 86' lang='lat' dir='ltr'><strong>do</strong></span> <span class='ocrx_word' id='word_1_965' title='bbox 2388 5593 2525 5648; x_wconf 75' lang='lat' dir='ltr'><strong>vobis</strong></span> <span class='ocrx_word' id='word_1_966' title='bbox 2553 5609 2573 5649; x_wconf 91' lang='lat'><strong><em>:</em></strong></span> <span class='ocrx_word' id='word_1_967' title='bbox 2602 5605 2656 5650; x_wconf 92' lang='lat' dir='ltr'><strong>ut</strong></span> <span class='ocrx_word' id='word_1_968' title='bbox 2694 5596 2833 5665; x_wconf 88' lang='lat' dir='ltr'><strong>quod</strong></span> <span class='ocrx_word' id='word_1_969' title='bbox 2872 5597 3098 5662; x_wconf 76' lang='lat' dir='ltr'><strong>dixerat,</strong></span> <span class='ocrx_word' id='word_1_970' title='bbox 3129 5615 3326 5669; x_wconf 80' lang='lat' dir='ltr'><strong>pacem,</strong></span> <span class='ocrx_word' id='word_1_971' title='bbox 3356 5600 3467 5661; x_wconf 79' lang='lat' dir='ltr'><strong>hoc</strong></span> 
     </span>
    </p>
   </div>
   <div class='ocr_carea' id='block_1_122' title="bbox 1886 5686 3469 5764">
    <p class='ocr_par' dir='ltr' id='par_1_122' title="bbox 1886 5686 3469 5764">
     <span class='ocr_line' id='line_1_125' title="bbox 1886 5686 3469 5764; baseline 0.008 -22"><span class='ocrx_word' id='word_1_972' title='bbox 1886 5686 2158 5757; x_wconf 87' lang='lat' dir='ltr'><strong>repetierit</strong></span> <span class='ocrx_word' id='word_1_973' title='bbox 2194 5686 2395 5752; x_wconf 87' lang='lat' dir='ltr'><strong>dicens,</strong></span> <span class='ocrx_word' id='word_1_974' title='bbox 2426 5703 2599 5758; x_wconf 84' lang='lat' dir='ltr'><strong>pacem</strong></span> <span class='ocrx_word' id='word_1_975' title='bbox 2629 5705 2828 5755; x_wconf 85' lang='lat' dir='ltr'><strong>meam;</strong></span> <span class='ocrx_word' id='word_1_976' title='bbox 2864 5698 2920 5745; x_wconf 88' lang='lat' dir='ltr'><strong>et</strong></span> <span class='ocrx_word' id='word_1_977' title='bbox 2959 5691 3098 5762; x_wconf 89' lang='lat' dir='ltr'><strong>quod</strong></span> <span class='ocrx_word' id='word_1_978' title='bbox 3124 5693 3352 5764; x_wconf 80' lang='lat' dir='ltr'><strong>dixerat,</strong></span> <span class='ocrx_word' id='word_1_979' title='bbox 3381 5712 3469 5754; x_wconf 69' lang='lat' dir='ltr'><strong>ro-</strong></span> 
     </span>
    </p>
   </div>
   <div class='ocr_carea' id='block_1_123' title="bbox 1888 5777 3467 5865">
    <p class='ocr_par' dir='ltr' id='par_1_123' title="bbox 1888 5777 3467 5865">
     <span class='ocr_line' id='line_1_126' title="bbox 1888 5777 3467 5865; baseline 0.005 -33"><span class='ocrx_word' id='word_1_980' title='bbox 1888 5781 2062 5851; x_wconf 85' lang='lat' dir='ltr'><strong>linquo</strong></span> <span class='ocrx_word' id='word_1_981' title='bbox 2091 5779 2248 5847; x_wconf 75' lang='lat' dir='ltr'><strong>vobis,</strong></span> <span class='ocrx_word' id='word_1_982' title='bbox 2275 5777 2378 5834; x_wconf 86' lang='lat' dir='ltr'><strong>hoc</strong></span> <span class='ocrx_word' id='word_1_983' title='bbox 2400 5779 2671 5849; x_wconf 79' lang='lat' dir='ltr'><strong>repetierit</strong></span> <span class='ocrx_word' id='word_1_984' title='bbox 2698 5779 2899 5845; x_wconf 88' lang='lat' dir='ltr'><strong>dicens,</strong></span> <span class='ocrx_word' id='word_1_985' title='bbox 2930 5781 2996 5836; x_wconf 87' lang='lat' dir='ltr'><strong>do</strong></span> <span class='ocrx_word' id='word_1_986' title='bbox 3020 5782 3173 5865; x_wconf 73' lang='lat' dir='ltr'><strong>vobis.</strong></span> <span class='ocrx_word' id='word_1_987' title='bbox 3204 5785 3282 5865; x_wconf 27' lang='lat' dir='ltr'><strong>.Ut</strong></span> <span class='ocrx_word' id='word_1_988' title='bbox 3320 5788 3467 5849; x_wconf 72' lang='lat' dir='ltr'><strong>volet</strong></span> 
     </span>
    </p>
   </div>
   <div class='ocr_carea' id='block_1_124' title="bbox 2593 5872 3222 5961">
    <p class='ocr_par' dir='ltr' id='par_1_124' title="bbox 2593 5872 3222 5961">
     <span class='ocr_line' id='line_1_127' title="bbox 2593 5872 3222 5961; baseline 0.013 -26"><span class='ocrx_word' id='word_1_989' title='bbox 2593 5872 3222 5961; x_wconf 58' lang='lat' dir='ltr'><strong>{ﬂagitante-ltuit.)</strong></span> 
     </span>
    </p>
   </div>
  </div>
