3926 6370
450 272 588 347 1839
1275 361 1286 366 ﬁ

449 409 676 457 mortem
701 396 818 452 sine
842 393 1024 448 debito
1052 390 1344 450 soluturus,
1381 393 1436 440 et
1474 399 1571 439 nos
1598 399 1628 438 a
1662 392 1835 437 morte
1861 379 2037 434 debita

448 495 844 564 redempturus.
863 490 1320 559 Rapueratantem
1338 479 1504 536 Adam
1519 487 1814 550 pet-catum,
1828 471 2040 544 quamlo

450 605 669 646 manum
701 591 751 640 in
783 583 1030 638 arborem
1064 575 1478 648 pra‘snmptione
1499 573 1754 638 deceptus
1779 564 2038 630 extendit,

450 674 1028 741 utincomnnmicahile
1068 686 1260 726 nomen
1288 668 1617 722 inconcessze
1646 661 1939 717 divinitatis
1963 658 2044 712 iur

448 773 692 839 vaderet,
721 783 881 841 quam
917 764 1052 821 Filio
1081 762 1175 818 Dei
1221 767 1412 815 natura
1451 755 1768 819 contulerat,
1802 767 1909 806 non
1951 762 2041 804 ra-

491 880 597 920 ma.

491 881 597 920 tua.

449 881 489 938 Ρ
917 961 1330 1023 TRACTATUS
1367 959 1582 1015 LXXX.

455 1088 536 1144 De
569 1104 628 1143 eo
653 1085 786 1156 quod
825 1082 967 1147 dicit,
1000 1081 1113 1149 Ego
1143 1093 1259 1131 sum
1292 1075 1415 1128 vitis
1434 1071 1594 1135 “vera,
1624 1078 1679 1124 et
1707 1068 1865 1122 Pater
1893 1079 2047 1120 meus

521 1176 754 1248 agricola
775 1182 852 1228 est
877 1189 890 1235 ;
924 1186 1079 1239 usque
1103 1167 1170 1220 ad
1198 1166 1270 1230 id,
1297 1164 1411 1218 Jam
1441 1176 1534 1215 vos
1566 1157 1750 1214 mumli
1770 1156 1898 1212 estis
1923 1170 2046 1224 pro-

523 1279 646 1341 pter
679 1280 980 1322 sermonem
1007 1275 1166 1332 quem
1193 1261 1405 1314 locutus
1441 1269 1561 1311 sum
1595 1252 1764 1308 vobis.
1792 1249 1920 1318 (ἔαρ.
1947 1260 2043 1312 xv,

539 1362 615 1434 γ.
644 1360 762 1416 1-5.

529 1499 582 1552 1.
625 1495 729 1550 Iste
755 1493 908 1546 locus
945 1488 1306 1557 evangelicus,
1335 1483 1549 1542 fratres.
1577 1479 1670 1533 tibi
1701 1491 1759 1530 se
1789 1474 1918 1529 dicit
1945 1473 2050 1526 Do-

458 1591 634 1646 minus
663 1588 844 1650 vitem,
886 1592 940 1639 et
968 1580 1260 1644 discipulos
1290 1590 1417 1630 suos
1454 1571 1720 1643 palmites,
1755 1565 2051 1621 secundum

458 1681 563 1736 hoc
587 1679 710 1733 dicit
749 1673 890 1746 quod
934 1681 1016 1726 est
1056 1678 1217 1740 caput
1247 1665 1520 1728 Ecclesiae,
1570 1675 1774 1728 uosque
1810 1656 2049 1710 membra

457 1773 597 1843 ejus,
627 1769 890 1823 mediator
920 1763 1008 1817 Dei
1035 1771 1089 1816 et
1117 1759 1391 1812 hominum
1430 1756 1590 1808 homo
1618 1751 1866 1804 Christus
1894 1746 2052 1801 Jesus

459 1838 653 1938 (iTim.
677 1877 735 1925 ιι,
763 1857 838 1927 5).
870 1855 1036 1911 Unius
1063 1852 1257 1922 quippe
1286 1862 1487 1903 natura:
1515 1855 1638 1899 sunt
1660 1843 1782 1895 vitis
1797 1851 1850 1894 et
1869 1838 2053 1910 palmi-

460 1935 588 2012 tes:
623 1960 842 2022 propter
889 1946 1034 2016 quod
1096 1959 1218 1999 cum
1263 1951 1407 1995 esset
1448 1941 1607 2002 Deus,
1650 1935 1805 2004 cujus
1850 1942 2052 1986 natura:

461 2064 570 2105 non
598 2059 804 2103 sumus,
829 2042 1000 2094 lactus
1025 2045 1107 2090 est
1129 2036 1310 2098 homo,
1344 2041 1400 2086 ut
1436 2032 1486 2084 in
1510 2031 1601 2084 illo
1631 2037 1775 2083 esset
1799 2024 1921 2078 vitis
1953 2024 2053 2076 hu-

462 2154 619 2194 niana
638 2143 847 2196 natura,
870 2133 1024 2198 cu;us
1051 2137 1106 2182 et
1133 2141 1231 2180 nos
1254 2125 1498 2178 homines
1521 2119 1764 2190 palmites
1791 2131 1909 2172 esse
1933 2129 2056 2182 pos-

463 2245 666 2288 semus.
693 2225 828 2293 Quid
850 2238 978 2292 ergo
1003 2231 1104 2283 est,
1135 2218 1247 2290 Ego
1267 2234 1376 2271 sum
1404 2215 1512 2268 vitis
1537 2215 1688 2267 rem?
1712 2208 1973 2280 Numquid
1997 2219 2056 2262 ut

464 2322 684 2377 adderet
710 2333 846 2379 tera.
879 2315 979 2367 hoc
1009 2311 1073 2365 ad
1116 2327 1234 2364 eam
1262 2309 1420 2362 vitem
1449 2305 1650 2367 retulit,
1681 2303 1820 2356 unde
1852 2302 1948 2354 ista
1979 2299 2055 2351 si-

467 2410 712 2469 militudo
737 2407 988 2462 translata
1019 2403 1131 2456 est?
1160 2402 1250 2454 Sic
1283 2401 1424 2454 enim
1456 2397 1651 2452 dicitur
1680 2396 1819 2456 vitis,
1855 2407 1953 2462 per
1981 2390 2058 2444 si-

468 2505 846 2567 militudim-m,
889 2515 990 2554 non
1024 2513 1117 2566 per
1147 2495 1523 2566 proprietatem
1551 2509 1565 2555 ;
1607 2485 2057 2560 quemadmodum

468 2600 663 2654 dicitur
688 2594 825 2658 ovis,
853 2606 1042 2661 agnus,
1071 2589 1176 2650 leo,
1203 2595 1370 2655 petra,
1406 2584 1538 2651 lapis
1567 2581 1853 2651 angularia,
1878 2589 1929 2631 ct
1955 2591 2062 2630 ειη-

469 2700 578 2746 tera
612 2684 936 2756 hujusmodi,
965 2697 1083 2750 que
1114 2680 1282 2748 magis
1307 2678 1417 2746 ipsa
1447 2685 1573 2729 sunt
1596 2689 1738 2733 vera,
1771 2687 1834 2725 cx
1866 2669 2060 2740 quibus

469 2783 738 2837 ducuntur
788 2777 904 2830 ialtl:
945 2771 1342 2833 similitudines,
1391 2785 1494 2822 non
1537 2766 1907 2836 proprietates.
1955 2761 2086 2817 Sed

471 2889 592 2929 cum
620 2870 768 2934 dicit,
816 2867 925 2938 ligo
957 2881 1066 2918 sunt
1110 2864 1226 2915 vitis
1259 2878 1390 2922 vera,
1441 2860 1509 2913 ab
1553 2859 1640 2911 illa
1686 2874 1742 2911 se
1771 2856 1954 2924 utique
1983 2854 2065 2908 di-

472 2966 666 3020 scernit
691 2962 778 3015 cui
811 2961 1025 3016 dicitur.
1059 2953 1324 3022 Quomodo
1349 2968 1584 3006 conversa
1609 2967 1659 3003 es
1687 2949 1737 3002 in
1767 2947 2065 3001 amari.'udi-

473 3071 609 3114 nent,
650 3052 762 3105 ritis
791 3049 955 3104 aliena
994 3046 1206 3117 (Jerem.
1243 3061 1299 3108 ιι,
1330 3043 1462 3114 2|)?
1508 3042 1637 3096 Nam
1669 3056 1774 3110 quo
1802 3050 1954 3110 pacto
1982 3050 2066 3096 est

475 3147 598 3200 Vitis
623 3160 767 3208 vera,
797 3158 917 3210 qu:e
955 3149 1258 3210 exspectata
1287 3147 1370 3192 cst
1401 3147 1458 3191 ιιι
1503 3137 1701 3191 laceret
1729 3151 1904 3199 uvam,
1940 3134 2067 3190 fecit

473 3251 651 3295 autem
677 3239 856 3306 spinas
901 3233 1051 3307 (lsai.
1084 3250 1136 3296 v,
1169 3232 1263 3303 li)?

547 3333 602 3387 ‘2.
647 3329 756 3401 Ego
778 3343 908 3391 sum,
933 3324 1122 3393 in:;uit,
1147 3325 1258 3378 vitis
1280 3340 1413 3384 rem,
1437 3333 1483 3376 et
1520 3322 1670 3375 Pater
1691 3340 1827 3376 meus
1843 3322 2066 3392 agricola

475 3433 568 3480 est.
596 3423 806 3477 Omnem
825 3417 1080 3487 palmitem
1108 3417 1158 3470 in
1185 3433 1262 3469 me
1283 3432 1380 3467 non
1407 3414 1644 3484 ﬂuentem
1663 3417 1903 3484 fructum,
1927 3413 2064 3468 tollet

475 3534 588 3572 eum
605 3525 677 3569 :ct
698 3528 891 3568 omnem
907 3510 992 3582 qui
1012 3513 1106 3581 [ert
1129 3511 1365 3579 fructum,
1380 3507 1610 3578 purgabit
1625 3523 1759 3572 eunt,
1780 3516 1829 3558 ut
1846 3508 2067 3575 fructum

476 3610 593 3682 plus
612 3605 815 3674 a/I'erat.
833 3600 1098 3672 Numquid
1121 3617 1284 3656 unttm
1303 3609 1427 3655 Slllll
1447 3599 1677 3668 agricola
1705 3608 1758 3652 et
1787 3597 1944 3651 vitis?
1970 3599 2067 3652 Se-

475 3702 706 3760 cundum
726 3701 826 3753 hoc
842 3712 968 3767 ergo
986 3695 1381 3759 vitisliln'istns,
1401 3693 1688 3749 secundum
1702 3691 1948 3761 qnodait,
1972 3688 2067 3744 Pa-

475 3804 551 3848 ter
561 3793 724 3862 major
737 3799 891 3843 meost
906 3785 957 3857 (ι
965 3804 1082 3840 oan.
1103 3803 1215 3846 xlv.
1230 3785 1320 3856 ‘28)
1342 3804 1352 3838 :
1369 3784 1658 3839 secundum
1674 3794 1846 3839 autem
1862 3783 1910 3837 id
1925 3785 2064 3854 qttod

477 3887 570 3948 ait,
592 3883 765 3952 Ειιοιι
790 3879 944 3934 Pater
961 3896 1116 3932 mmnt
1147 3894 1322 3933 sumus
1353 3875 1460 3947 (Id.
1501 3892 1559 3942 κ,
1593 3875 1776 3946 ³50),οι
1796 3877 1908 3944 ipse
1923 3876 2066 3946 agri-

477 3977 595 4034 cola
623 3984 725 4030 est.
755 3971 863 4030 Nec
902 3973 1020 4026 talis
1047 3971 1231 4041 quales
1268 3979 1413 4034 sunt,
1446 3969 1532 4036 qui
1579 3969 1910 4024 extrinsecus
1939 3983 2066 4037 ope-

475 4068 646 4126 rando
672 4067 928 4122 exhibent
968 4063 1351 4125 ministerium;
1397 4063 1489 4116 sed
1526 4062 1648 4116 talis
1682 4074 1739 4118 ut
1769 4062 1858 4116 det
1905 4061 2063 4117 etiam

477 4160 797 4216 intrinsi'cus
838 4159 1246 4211 incrementum.
1285 4152 1422 4208 Nam
1462 4171 1622 4224 neque
1655 4154 1741 4223 qui
1771 4152 1967 4223 plantat
1995 4163 2067 4208 est

474 4252 691 4318 aliquid,
719 4265 875 4319 neque
893 4248 978 4318 qui
1000 4249 1167 4318 rigat;
1191 4246 1279 4301 sed
1303 4247 1384 4314 qui
1406 4246 1765 4298 incrementum
1792 4249 1877 4296 dat
1908 4243 2063 4298 Deus.

475 4347 580 4404 Sed
605 4347 786 4414 utique
805 4343 946 4396 Dens
972 4350 1054 4395 est
1075 4341 1338 4402 Christus,
1355 4339 1478 4408 quia
1508 4339 1647 4391 Dens
1662 4347 1779 4392 erat
1803 4337 2062 4403 Verlnnn;

475 4436 619 4492 unde
643 4436 757 4503 ipse
781 4441 833 4486 et
855 4432 1011 4486 Pater
1040 4447 1202 4484 unum
1230 4439 1355 4484 sunt
1382 4446 1394 4481 :
1427 4439 1482 4482 ct
1508 4430 1550 4481 si
1583 4428 1812 4483 Verbum
1835 4445 1960 4483 caro
1984 4429 2066 4483 fa-

477 4539 622 4584 ctum
666 4535 748 4580 est
775 4521 882 4592 (Id.
917 4539 953 4587 t,
982 4523 1034 4585 1,
1066 4521 1154 4591 14)
1195 4522 1336 4590 quod
1380 4535 1483 4575 non
1523 4529 1656 4583 erat,
1709 4530 1888 4576 manet
1925 4523 2067 4591 quod

476 4629 614 4674 erat.
666 4614 903 4683 Denique
955 4628 1074 4667 cum
1122 4612 1189 4667 de
1225 4613 1382 4666 Patre
1428 4625 1678 4682 tanquam
1727 4612 1795 4667 de
1836 4615 2065 4682 agricola

475 4711 701 4767 dixisset
726 4704 866 4776 quod
890 4703 1247 4758 infructuosos
1277 4703 1521 4773 palmites
1560 4703 1730 4765 tollat,
1763 4701 2067 4761 fructuosos

476 4813 654 4858 autem
709 4807 899 4869 purget
945 4804 1003 4850 ut
1057 4795 1175 4866 plus
1219 4794 1442 4850 all'erant
1498 4796 1762 4860 fructum;
1810 4795 2066 4851 continuo

475 4895 631 4964 etiam
661 4892 893 4961 seipsmn
918 4886 1283 4944 mundatorcm
1313 4885 1588 4957 palmitum
1613 4886 1920 4952 ostendens,
1945 4886 2065 4942 Jam

478 4999 580 5049 tos,
614 4984 803 5054 inquit,
834 4980 1010 5036 mundi
1030 4981 1148 5035 estis
1173 4990 1374 5051 propter
1392 4994 1672 5033 sermonem
1697 4994 1840 5050 queat
1870 4978 2067 5034 locutus

474 5093 588 5131 sum
616 5077 769 5131 vobis.
804 5076 942 5132 Ecce
971 5084 1026 5130 et
1053 5077 1165 5145 ipse
1187 5072 1471 5128 numdator
1497 5083 1579 5127 est
1603 5071 1900 5142 palmitum,
1923 5072 2065 5141 quod

475 5179 558 5226 est
598 5170 864 5241 agricolae,
897 5184 1000 5223 non
1029 5168 1152 5222 vitis
1177 5166 1411 5221 ol'l‘tcimn
1444 5184 1458 5221 :
1493 5165 1583 5235 qui
1627 5165 1787 5218 etiam
1822 5164 2067 5234 palmites

473 5264 756 5338 operarios
779 5267 907 5316 suos
922 5258 1065 5316 fecit.
1086 5257 1217 5314 Nam
1245 5259 1346 5314 etsi
1369 5273 1473 5312 non
1499 5257 1628 5313 dant
1652 5257 2063 5323 incrementmn,

474 5355 790 5430 impendunt
817 5363 996 5408 tamen
1037 5351 1251 5420 aliquod
1286 5349 1688 5417 adiumentum;
1729 5348 1824 5404 sed
1868 5365 1971 5402 non
2001 5347 2067 5404 de

475 5465 576 5507 suo
603 5468 618 5505 :
645 5449 779 5520 Quia
803 5446 912 5502 sine
934 5461 1034 5511 nte,
1063 5443 1250 5512 inquit,
1280 5442 1407 5496 nihil
1454 5443 1658 5512 potestis
1697 5446 1882 5514 facere.
1929 5442 2066 5499 Audi

473 5544 637 5599 etiam
665 5541 812 5612 ipsos
835 5539 1150 5596 conﬁtentes
1179 5555 1192 5592 :
1225 5533 1362 5602 Quid
1397 5546 1564 5590 autem
1589 5546 1661 5590 est
1691 5534 1918 5602 Apollo?
1943 5536 2068 5603 quid

473 5645 641 5691 autem
654 5631 880 5690 Paulus?
894 5631 1119 5689 Ministri
1135 5647 1225 5704 per
1239 5646 1362 5702 quos
1376 5629 1462 5700 (δι’
1473 5629 1552 5703 ὢν)
1572 5630 1874 5695 credidistis,
1897 5641 1942 5685 et
1959 5631 2068 5686 uui-

475 5742 652 5802 etnque
665 5737 794 5782 sicut
812 5725 1060 5782 Donatius
1071 5725 1230 5782 dedit.
1249 5723 1359 5794 Ego
1376 5722 1622 5798 plantavi,
1641 5722 1824 5794 Apollo
1857 5724 2059 5796 rigavit.

1375 270 1440 326 IN
1473 263 1752 327 JO.\NNlS
1789 258 2257 326 EVANGELIUM,
2297 261 2356 319 S.
2400 257 2768 320 AUGUSTINI

2149 377 2216 432 Et
2235 379 2335 433 hoc
2363 394 2489 450 ergo
2514 379 2642 432 sicut
2663 377 2928 447 unicuique
2961 376 3202 432 Dominus
3222 377 3352 433 dedit
3371 395 3390 435 :
3407 396 3502 436 non
3525 382 3673 455 itaque

2147 470 2216 525 de
2238 487 2358 526 suo.
2386 472 2637 527 Jamvero
2661 470 2802 540 quod
2826 468 3086 541 sequitur,
3109 471 3193 524 sed
3217 469 3345 525 Deus
3368 471 3672 534 incrementum

2149 563 2285 617 dedit
2312 562 2354 635 (I
2377 562 2493 616 Cor.
2523 578 2602 625 Ill,
2631 563 2666 617 ὖ
2694 562 2784 633 7);
2819 578 2923 616 non
2953 577 3047 631 per
3074 562 3210 626 illos,
3240 562 3332 618 sed
3360 579 3447 632 per
3480 565 3675 637 seipsutu

2152 656 2275 710 facit
2297 673 2312 710 :
2335 656 2547 710 excedit
2569 659 2670 710 hoc
2701 654 2986 710 humanam
3009 654 3374 721 lmmilitalem,
3401 659 3585 714 excedit
3607 676 3679 715 aa-

2153 748 2373 818 gelicam
2409 746 2815 809 sublimitatem,
2865 761 2964 801 nec
3004 746 3223 800 omnino
3250 747 3472 817 pertinet
3512 750 3597 806 nisi
3630 752 3682 808 ad

2153 838 2437 909 agricolam
2485 837 2818 891 Trinitatem.
2861 837 2984 891 Jam
3030 853 3117 892 vos
3160 838 3336 891 mundi
3375 841 3501 906 estis,
3536 844 3685 899 mundi

2154 930 2364 986 scilicet
2390 939 2565 998 atque
2587 929 2897 984 mundandi.
2928 929 3111 1001 Neque
3137 931 3278 986 enim
3311 931 3408 986 nisi
3432 933 3592 989 mundi
3614 950 3684 992 es-

2155 1032 2295 1085 sent,
2335 1020 2565 1076 fructum
2595 1020 2732 1075 l'erre
2762 1020 3095 1091 potuissent:
3123 1031 3177 1076 et
3199 1032 3373 1077 tamen
3397 1038 3587 1079 omnem
3615 1029 3686 1097 qui

2155 1111 2259 1167 fert
2294 1112 2546 1174 fructum,
2581 1122 2768 1182 purgat
2801 1113 3053 1182 agricola,
3102 1121 3165 1168 ut
3209 1111 3433 1169 fructum
3459 1116 3565 1185 plus
3587 1116 3688 1174 ade-

2155 1217 2257 1260 rat.
2304 1205 2429 1260 Fert
2456 1205 2703 1267 fructum.
2737 1207 2858 1274 quia
2903 1205 3131 1261 nmndus
3177 1215 3292 1271 est;
3339 1217 3491 1277 atque
3529 1218 3578 1263 ut
3595 1210 3690 1281 plus

2155 1299 2362 1366 all'erat,
2394 1311 2648 1370 purgatur
2675 1299 2869 1354 adhuc.
2898 1297 3029 1367 Quis
3055 1299 3197 1354 enim
3223 1309 3306 1354 est
3332 1300 3384 1354 in
3409 1299 3499 1355 hac
3521 1301 3610 1356 vita
3630 1304 3692 1359 sic

2157 1389 2410 1454 mundus,
2442 1400 2493 1443 ut
2519 1404 2624 1444 non
2655 1389 2723 1444 sit
2748 1390 2915 1460 magis
2942 1390 3215 1460 magisque
3240 1389 3593 1444 mandandus?
3613 1390 3691 1448 Ubi

2163 1500 2182 1534 ι
2211 1481 2254 1536 si
2282 1480 2578 1536 dixerimus
2602 1480 2723 1549 quia
2750 1489 3024 1550 peccatum
3054 1494 3157 1534 non
3181 1479 3453 1546 habemus,
3475 1496 3562 1535 nos
3579 1485 3693 1552 ipsos

2157 1575 2484 1638 sedneimus,
2511 1584 2564 1630 et
2590 1575 2786 1629 veritas
2813 1574 2864 1628 iu
2887 1574 3039 1628 nobis
3067 1589 3172 1628 non
3203 1583 3286 1629 est
3310 1592 3322 1627 :
3349 1573 3392 1628 si
3415 1584 3575 1629 autem
3591 1590 3694 1630 coa-

2160 1665 2281 1720 l'essi
2313 1666 2566 1720 fuerimus
2589 1677 2803 1735 peccata
2827 1673 3029 1727 nostra,
3061 1663 3232 1720 lidelis
3255 1673 3338 1720 est
3365 1674 3417 1721 et
3438 1665 3605 1734 justus,
3624 1667 3696 1737 qui

2158 1757 2388 1813 dimittat
2419 1757 2573 1813 nobis
2611 1766 2845 1828 peccaui,
2890 1767 2945 1813 et
2974 1757 3195 1812 mnndet
3235 1772 3334 1812 nos
3359 1758 3426 1812 ab
3465 1759 3594 1812 omni
3620 1758 3698 1814 ini.

2159 1851 2359 1918 qnitate
2379 1869 2397 1900 ι
2425 1848 2468 1918 (1
2490 1848 2646 1902 Joan.
2672 1847 2898 1918 1,8.9):
2927 1847 3142 1902 inundet
3173 1849 3354 1917 utique
3378 1848 3600 1910 nntndus.
3619 1847 3699 1905 hoc

2160 1951 2244 1995 est
2291 1941 2612 2002 fructuosos.
2665 1951 2725 1996 ut
2773 1951 2919 1995 tanto
2957 1941 3065 1995 sint
3107 1941 3505 2008 fructuosiores,
3539 1951 3701 2013 quanto

2159 2032 2356 2088 fuerint
2386 2033 2714 2087 mundiores.

2232 2126 2285 2179 3.
2324 2122 2446 2176 lam
2474 2140 2560 2178 vos
2586 2122 2763 2176 mundi
2791 2121 2908 2176 estis
2933 2131 3138 2192 propter
3156 2124 3362 2178 verbum
3389 2125 3518 2194 quod
3544 2123 3704 2178 locatus

2161 2233 2272 2270 sum
2301 2215 2451 2269 vobis.
2487 2215 2662 2283 Quare
2703 2232 2806 2269 non
2851 2215 2965 2283 ait,
3005 2216 3183 2269 mundi
3230 2217 3360 2270 estis
3403 2226 3598 2287 propter
3629 2215 3708 2271 Ba-

2163 2307 2413 2377 ptisnnnn
2445 2323 2549 2376 quo
2578 2307 2667 2359 loti
2697 2307 2826 2360 estis
2849 2348 2864 2367 .
2895 2307 2988 2361 sed
3017 2308 3122 2369 ait,
3159 2317 3368 2377 prapter
3388 2307 3575 2362 verbum
3597 2307 3706 2374 quod

2163 2397 2360 2451 locutus
2385 2413 2498 2450 sum
2530 2397 2701 2462 vobis;
2746 2397 2844 2451 nisi
2872 2398 2993 2466 quia
3021 2407 3075 2453 et
3106 2399 3156 2452 in
3185 2415 3324 2467 aqua
3354 2400 3557 2452 verbum
3586 2414 3709 2453 mun-

2163 2489 2289 2543 dat?
2319 2488 2544 2543 Detrahe
2571 2488 2811 2553 verbmn,
2834 2500 2882 2542 et
2913 2489 3039 2559 qttid
3067 2501 3141 2543 est
3165 2505 3304 2560 aqua
3329 2489 3428 2544 nisi
3451 2489 3608 2560 aqua?
3626 2491 3710 2544 Ac-

2163 2581 2307 2636 cedit
2346 2581 2566 2636 verbum
2609 2581 2674 2634 ad
2723 2581 3085 2647 elementum,
3133 2592 3184 2636 ct
3236 2584 3294 2636 lit
3333 2564 3724 2647 Sammtentuttt,

2165 2675 2324 2729 etiam
2371 2675 2540 2743 ipsum
2587 2682 2838 2742 tanquam
2869 2675 3082 2730 visibile
3112 2675 3358 2730 verlnun.
3402 2675 3523 2730 Nam
3561 2675 3711 2730 ethoc

2167 2766 2348 2835 utique
2374 2764 2599 2826 dixerat.
2631 2765 2842 2834 quando
2874 2765 3036 2835 pedes
3055 2765 3336 2834 discipulis
3364 2767 3484 2820 lavit
3509 2785 3522 2820 :
3549 2765 3638 2830 Qui
3655 2766 3714 2818 lo-

2167 2866 2248 2911 tus
2285 2865 2376 2918 est,
2410 2873 2507 2909 non
2538 2856 2726 2927 indiget
2753 2857 2848 2910 nisi
2874 2865 2931 2908 ut
2953 2856 3103 2924 pedes
3132 2855 3289 2922 lavet,
3320 2857 3407 2910 sed
3433 2867 3500 2911 est
3535 2855 3716 2910 mundus

2169 2959 2304 3004 totus
2329 2948 2505 3019 (Joan.
2539 2965 2650 3009 xm,
2685 2949 2795 3019 10).
2829 2948 2979 3006 Unde
3009 2950 3105 3003 ista
3137 2959 3287 3003 tanta
3314 2949 3475 3004 virtus
3496 2964 3649 3018 aqum,
3671 2955 3716 3001 ut

2168 3055 2361 3112 Corpus
2391 3049 2566 3111 lallng
2591 3049 2644 3095 et
2671 3056 2765 3095 cor
2791 3041 2990 3106 abluat,
3023 3041 3122 3094 nisi
3151 3041 3385 3097 faciente
3413 3041 3566 3097 verbo
3591 3058 3602 3096 :
3626 3055 3710 3094 non

2169 3133 2289 3201 quia
2317 3131 2524 3195 dicitur,
2551 3132 2644 3187 sed
2673 3132 2791 3203 quia
2813 3132 3050 3187 creditur
3068 3133 3092 3186 ?
3111 3131 3248 3188 Nam
3272 3143 3328 3189 et
3354 3135 3406 3189 in
3433 3134 3541 3204 ipso
3562 3131 3713 3192 verbo.

2168 3223 2310 3277 aliud
2337 3233 2420 3277 est
2457 3238 2622 3278 sonus
2668 3224 2934 3279 transiens
2953 3265 2968 3282 .
2999 3224 3141 3278 aliud
3173 3225 3346 3279 virtus
3374 3242 3597 3280 manens.
3629 3221 3717 3276 Hoc

2169 3324 2242 3368 est
2271 3315 2475 3368 verbum
2505 3314 2626 3383 ﬁdei
2652 3314 2794 3384 quod
2821 3316 3175 3383 pradicantus,
3208 3317 3288 3371 ait
3318 3316 3600 3386 Apostolus,
3622 3312 3718 3384 quis

2169 3405 2214 3459 si
2243 3409 2503 3475 confessus
2531 3397 2691 3477 [ueris
2731 3405 2784 3459 in
2825 3421 2912 3460 ore
2936 3416 3023 3459 tuo
3050 3408 3170 3476 quia
3215 3406 3463 3462 Dominus
3489 3415 3556 3461 est
3576 3403 3714 3470 Iesus,

2172 3503 2216 3550 et
2243 3495 2516 3548 credideris
2544 3498 2596 3548 in
2629 3495 2782 3549 corde
2819 3505 2908 3549 tuo
2949 3496 3068 3566 quia
3100 3495 3239 3553 Dens
3277 3498 3423 3552 illum
3445 3494 3671 3552 suscitavit
3691 3509 3717 3547 ιι

2170 3588 2380 3639 mortuis
2403 3627 2419 3651 ,
2451 3587 2620 3639 salvus
2647 3587 2764 3640 eris.
2798 3583 2962 3641 Corde
2987 3587 3117 3640 enim
3147 3589 3375 3642 creditur
3397 3589 3464 3642 ad
3475 3587 3712 3660 justitiam,

2171 3696 2256 3734 ore
2279 3688 2446 3732 autem
2465 3696 2556 3733 cou
2565 3679 2713 3751 fessio
2735 3681 2793 3748 ﬁt
2812 3681 2882 3733 ad
2901 3680 3112 3734 salutem
3137 3680 3319 3751 (Rom.
3346 3699 3398 3750 κ,
3420 3681 3575 3752 8-l0).
3598 3677 3717 3736 Unde

2172 3773 2224 3828 in
2256 3773 2475 3827 Actibus
2504 3774 2879 3842 Apostolorum
2911 3773 3102 3844 legitur
3122 3816 3136 3837 ,
3176 3772 3310 3830 Fide
3337 3773 3573 3829 mandans
3593 3771 3717 3826 corda

2171 3881 2342 3919 eorum
2373 3865 2506 3934 (Art.
2540 3881 2628 3928 xv,
2654 3865 2711 3933 9)
2743 3883 2754 3918 :
2783 3877 2834 3919 et
2863 3865 2913 3920 in
2939 3865 3172 3935 Epistula
3198 3881 3299 3921 sua
3327 3868 3504 3922 beatus
3527 3865 3712 3929 Petrus,

2173 3955 2262 4013 Sic
2288 3967 2336 4011 et
2367 3974 2450 4011 vos
2479 3999 2493 4020 ,
2526 3957 2694 4026 inquit
2719 3999 2734 4023 ,
2765 3957 3024 4029 Baptisma
3065 3959 3235 4012 salros
3277 3959 3400 4031 facit
3417 3973 3439 4023 ,°
3465 3974 3557 4013 non
3581 3952 3716 4010 caruit

2172 4049 2418 4118 depositio
2463 4050 2689 4104 sordium
2715 4091 2731 4115 ,
2777 4050 2864 4104 sed
2902 4051 3222 4105 conscientite
3259 4051 3404 4106 bome
3437 4045 3716 4119 interrogatio

2173 4140 2213 4213 (l
2235 4139 2377 4195 Petr.
2410 4157 2484 4202 ut.
2507 4142 2568 4196 ΩΙ
2583 4146 2620 4212 ).
2647 4141 2694 4196 11
2700 4159 2758 4196 oc
2777 4153 2850 4197 est
2868 4142 3068 4196 verbum
3089 4141 3208 4210 [idet
3229 4145 3366 4214 quod
3385 4143 3717 4210 pradicamus:

2172 4248 2278 4302 quo
2302 4234 2416 4287 sine
2443 4233 2605 4286 dubio
2631 4243 2686 4287 ut
2711 4233 2968 4288 mnmlare
3001 4236 3186 4302 possit,
3210 4245 3546 4292 consecratur
3567 4241 3612 4288 rt
3633 4229 3716 4285 Ba-

2173 4323 2416 4392 ptismns.
2448 4324 2696 4378 Christus
2724 4325 2920 4394 quippe
2958 4325 3233 4380 nobiseum
3263 4327 3380 4380 vitis
3405 4369 3419 4386 ,
3448 4341 3561 4381 cum
3585 4322 3712 4379 Patre

2174 4417 2399 4485 agricola
2426 4459 2440 4482 ,
2470 4417 2644 4480 dilexit
2679 4415 2974 4479 Ecrlrsiam,
3005 4427 3050 4470 et
3079 4420 3301 4488 seipsum
3330 4419 3529 4472 tradidit
3550 4430 3630 4485 pro
3647 4427 3712 4467 ea.

2173 4509 2312 4579 Lege
2361 4511 2670 4579 Apo~tolum
2704 4551 2716 4571 ,
2751 4520 2804 4563 ct
2848 4509 2964 4563 vide
3006 4510 3132 4580 quid
3188 4510 3483 4581 adjnngat:
3537 4506 3596 4564 Ut
3629 4518 3717 4558 eam

2171 4602 2525 4671 sanctiﬁcat-et,
2569 4601 2768 4670 inquit,
2821 4601 3070 4656 nmndans
3113 4619 3225 4656 eam
3267 4603 3466 4657 lavacro
3504 4613 3632 4667 apta:
3673 4593 3714 4648 in

2172 4694 2317 4748 uerbo
2344 4691 2559 4764 (Ephesi.
2595 4710 2656 4757 ν,
2691 4691 2902 4764 23-26).
2932 4692 3198 4748 Mnndatio
3229 4695 3388 4765 igitur
3427 4697 3712 4761 nequaquam

2173 4784 2315 4838 ﬂuxo
2343 4795 2397 4840 et
2431 4785 2572 4840 labili
2609 4786 2926 4839 tribueretur
2955 4786 3222 4840 elemento
3245 4827 3259 4847 ,
3296 4785 3396 4840 nisi
3434 4783 3685 4838 adderetur
3706 4818 3720 4842 ο

2171 4877 2408 4930 inverbo.
2455 4877 2564 4932 Iloc
2607 4877 2824 4932 verbum
2868 4876 2987 4932 lidei
3019 4887 3220 4931 lantmn
3261 4879 3400 4932 valet
3438 4877 3485 4931 in
3516 4851 3732 4946 Ecdcsiai

2174 4967 2303 5034 Dei,
2339 4979 2394 5022 ut
2425 4983 2517 5037 per
2557 4968 2727 5037 ipsum
2769 4967 3074 5024 credentem
3122 4969 3177 5035 ⁸,
3207 4967 3544 5032 olli-remeat,
3573 4960 3735 5055 bene;

2172 5059 2470 5125 dicentem,
2503 5060 2791 5130 tingentem
2813 5103 2829 5127 ,
2859 5062 3017 5116 etiam
3051 5061 3311 5116 tantillum
3343 5058 3549 5116 inundet
3572 5051 3720 5111 infan-

2175 5161 2319 5212 tem;
2369 5151 2610 5221 quamvis
2642 5154 2874 5208 nonduin
2924 5155 3184 5208 valentem
3227 5153 3389 5209 Corde
3424 5148 3622 5207 credere
3666 5136 3718 5192 ad

2169 5241 2456 5314 justitiam,
2499 5252 2552 5298 et
2578 5259 2670 5297 ore
2698 5245 2937 5300 ennlltcri
2977 5244 3041 5298 ad
3071 5244 3317 5300 salutem.
3350 5244 3529 5299 Totum
3557 5237 3641 5293 hoc
3665 5233 3709 5286 lit

2174 5351 2270 5407 1³01⁵
2315 5335 2566 5399 "t‘rbttln,
2597 5335 2664 5392 de
2700 5353 2806 5407 quo
2854 5337 3108 5392 Dominus
3150 5337 3222 5393 ait
3245 5379 3258 5398 .
3303 5334 3422 5390 Jam
3449 5349 3528 5389 ras
3563 5320 3708 5384 mundi

2173 5427 2290 5482 estis
2322 5437 2524 5499 propter
2549 5429 2750 5482 verbum
2775 5428 2910 5500 quod
2939 5428 3138 5483 locutus
3165 5445 3274 5484 sum
3299 5426 3452 5482 vobis.
3521 5433 3525 5441 '

2241 5673 2257 5707 ι
2284 5677 2418 5734 ων..
2439 5674 2696 5739 peripsam
2712 5675 3002 5728 credentem.
3028 5675 3142 5728 Editi
3160 5675 3258 5734 alii,
3280 5685 3367 5739 per
3379 5669 3524 5739 iam"
3535 5660 3702 5739 ρνςάεη·

2177 5738 2306 5798 tals;
2326 5733 2745 5791 consentientibus
2764 5747 2891 5805 tttss.,
2914 5740 2998 5808 qui
3019 5746 3192 5796 carent
3210 5733 3344 5802 vaec,
3367 5733 3624 5803 υπιιαιιιιιι.
