3926 6366
731 354 797 383 νε,

660 356 718 409 δὲ

242 443 358 499 1811

670 550 1077 610 TRACTATIS
1112 551 1348 607 LXXXI.

239 652 307 705 De
330 667 383 703 eo
410 648 544 717 quod
568 648 664 709 ait,
693 647 897 700 Manete
925 647 975 698 in
1008 661 1122 707 tne,
1150 655 1201 699 et
1228 660 1326 713 ego
1348 643 1400 697 in
1430 641 1616 701 vobis;
1644 655 1799 707 usque

298 742 361 794 ad
384 741 453 803 id,
486 739 861 807 Qttmlcutnquc
886 737 1158 791 volueritis
1180 736 1367 806 potetis
1387 775 1402 798 ,
1430 745 1484 789 ct
1511 736 1598 788 lict
1622 733 1793 786 vobis.

297 830 414 899 Cap.
448 846 547 892 sv,
690 831 811 883 4.7.

299 922 347 975 1.
390 920 555 975 Vitem
590 933 646 974 se
687 918 827 973 dixit
868 934 987 974 esse
1029 918 1212 984 Iesus,
1242 927 1296 972 et
1337 917 1627 985 discipulos
1669 929 1795 971 suos

235 1012 481 1085 palmites,
502 1022 553 1066 ct
575 1012 857 1076 agricolae:
882 1012 1089 1067 Patrem
1115 1031 1127 1066 :
1158 1012 1296 1066 unde
1318 1012 1632 1079 jampridem
1660 1010 1797 1063 sicut

234 1106 483 1177 potuimus
510 1104 834 1172 disputatum
865 1114 963 1158 est.
991 1106 1044 1157 ln
1073 1104 1168 1157 hac
1196 1113 1370 1157 autem
1399 1103 1645 1165 lcetionc,
1673 1117 1795 1156 cum

232 1194 390 1250 adhuc
416 1194 482 1248 de
510 1194 685 1261 St-ipsn
713 1194 803 1264 qui
844 1203 925 1247 est
950 1194 1097 1253 vitis,
1129 1209 1181 1247 et
1216 1194 1282 1246 de
1313 1193 1425 1247 suis
1454 1193 1753 1260 raltttitilim
1777 1233 1792 1257 ,

234 1285 323 1340 hoc
346 1294 425 1339 est
446 1285 719 1353 discipulis
749 1286 1051 1354 loqueretur
1076 1303 1088 1337 :
1124 1284 1323 1337 Munetr
1342 1325 1356 1348 ,
1384 1285 1585 1353 inquit,
1614 1284 1665 1336 in
1695 1300 1792 1348 me,

232 1384 272 1428 et
293 1391 376 1445 ego
402 1374 629 1440 inpubis.
662 1373 775 1428 Non
799 1390 864 1428 eo
891 1374 1047 1427 modo
1073 1375 1145 1428 illi
1174 1376 1223 1427 in
1255 1375 1370 1442 ipso
1394 1417 1408 1438 ,
1437 1378 1571 1428 sicut
1604 1374 1716 1444 ipsc
1744 1374 1795 1426 in

233 1466 338 1520 illis.
372 1463 662 1532 Utrumque
690 1474 867 1519 autem
899 1466 1114 1533 prodest
1143 1481 1246 1517 non
1277 1464 1413 1533 ipsi,
1441 1465 1532 1518 sed
1569 1466 1690 1517 illis.
1723 1464 1796 1519 Ita

231 1558 406 1627 quippe
435 1557 485 1611 iu
517 1557 623 1612 vite
665 1568 785 1611 sunt
820 1558 1061 1623 palmites
1082 1600 1097 1619 ,
1131 1568 1183 1609 ιιι
1218 1558 1305 1610 viti
1334 1572 1438 1609 non
1478 1556 1754 1609 conferant
1778 1595 1794 1619 ,

231 1648 311 1704 sed
353 1648 474 1701 Inde
529 1647 791 1717 aceipiant
821 1647 960 1701 unde
988 1648 1161 1701 vivant
1187 1665 1199 1705 :
1233 1647 1301 1701 ita
1334 1662 1460 1701 vero
1491 1647 1610 1699 vitis
1636 1654 1719 1701 est
1745 1646 1795 1699 in

231 1738 542 1808 palmitibus,
567 1745 625 1790 ιιι
654 1738 813 1793 vitale
839 1738 1149 1791 alimentum
1175 1738 1539 1791 subministret
1563 1736 1661 1800 eis,
1692 1751 1795 1790 non

230 1841 385 1886 sumat
407 1831 473 1885 ab
496 1832 597 1885 eis.
626 1832 703 1886 Ac
735 1848 829 1898 per
859 1831 959 1886 hoc
989 1840 1041 1885 et
1078 1840 1378 1885 manentem
1416 1831 1465 1882 in
1501 1844 1561 1884 se
1601 1829 1797 1883 habere

230 1924 506 1986 Christum,
552 1934 612 1979 et
657 1940 871 1977 ntaucre
903 1924 953 1977 in
988 1923 1221 1985 Christo,
1268 1922 1541 1990 discipulis
1582 1922 1798 1991 prolest

231 2026 519 2083 utrumque,
553 2032 663 2068 non
695 2014 923 2068 Christo.
954 2014 1083 2068 Nam
1112 2015 1335 2082 pr.reiso
1363 2014 1594 2081 palmite,
1627 2022 1798 2082 potest

228 2105 287 2162 de
312 2109 417 2161 viva
459 2107 639 2159 radice
687 2107 821 2159 alius
870 2106 1164 2174 pullulxre;
1196 2106 1284 2175 qui
1323 2117 1499 2160 autem
1548 2106 1797 2172 praecisus

228 2206 301 2252 est
319 2238 335 2261 ,
362 2197 472 2251 sine
500 2197 685 2251 radice
712 2214 815 2250 nnu
842 2207 1012 2267 p-ilest
1046 2199 1241 2251 vivere.

289 2286 339 2341 2.
378 2287 617 2357 Denique
644 2288 880 2357 adjnngit
909 2298 955 2340 et
987 2288 1110 2341 dicit
1139 2306 1151 2339 :
1186 2288 1329 2343 Sicut
1360 2288 1551 2357 palmes
1575 2305 1671 2341 non
1702 2306 1796 2356 po—

227 2386 307 2431 test
331 2378 455 2446 ferre
480 2379 714 2445 fructum
743 2396 773 2430 a
798 2380 1094 2446 semetipso,
1118 2380 1214 2431 nisi
1241 2379 1473 2431 manserit
1505 2380 1555 2431 in
1580 2380 1705 2441 rite;
1726 2380 1799 2432 sic

228 2484 305 2522 nec
326 2483 433 2533 vos,
463 2469 560 2521 nisi
598 2469 649 2521 in
676 2486 753 2521 me
778 2470 1078 2523 ntanscritis.
1105 2470 1284 2539 Magna
1314 2472 1496 2540 gratia:
1522 2488 1796 2525 commcn—

227 2558 370 2621 datio,
402 2559 603 2614 fratres
633 2561 733 2614 mei
761 2577 773 2611 :
805 2561 965 2614 corda
995 2562 1204 2615 instruit
1238 2563 1544 2624 humilium,
1575 2578 1667 2617 ora
1698 2563 1797 2616 ob-

228 2652 358 2705 struit
389 2652 767 2719 superlmrum.
804 2654 940 2708 licce
966 2655 1074 2717 cui,
1106 2654 1150 2707 si
1177 2656 1393 2711 audent.
1420 2657 1795 2725 respondeant,

224 2742 302 2813 qui
329 2744 634 2811 iguoranLes
667 2744 753 2796 Dei
781 2744 1060 2813 justitiam,
1090 2754 1144 2799 et
1168 2760 1315 2798 suam
1345 2747 1581 2799 volentes
1602 2746 1801 2800 consti-

226 2844 386 2900 tuere,
422 2837 656 2905 justitia:
698 2836 787 2890 Dei
828 2852 932 2890 non
974 2849 1095 2890 sunt
1136 2838 1360 2907 subjecti
1394 2839 1568 2901 (Itoni.
1622 2856 1689 2903 χ,
1717 2840 1796 2904 5).

226 2925 342 2981 Ecce
364 2928 445 2983 cui
470 2927 841 2994 respondeant
866 2929 963 2981 sibi
995 2930 1281 2997 placente~,
1309 2940 1361 2985 et
1387 2931 1451 2983 ad
1482 2931 1613 2983 bona
1636 2946 1799 2999 opera

225 3015 435 3073 iacienda
463 3019 642 3074 Deum
671 3019 769 3072 sibi
801 3020 1156 3072 necessarium
1186 3037 1290 3073 non
1322 3032 1583 3088 putantes.
1615 3022 1801 3077 Nonne

230 3110 337 3168 huic
363 3115 621 3169 resistunt
654 3114 895 3174 veritati,
930 3111 1175 3166 homines
1204 3123 1382 3167 mente
1408 3115 1677 3188 corrupti,
1710 3130 1799 3173 re-

235 3204 364 3273 probi
389 3208 523 3262 circa
556 3207 721 3261 Iidem
750 3205 815 3271 (II
849 3204 983 3263 Tim.
1018 3221 1108 3273 ιιι,
1141 3205 1231 3277 8),
1276 3226 1365 3279 qut
1399 3212 1721 3280 respondent
1746 3221 1802 3265 et

236 3293 496 3368 loquuntur
537 3297 909 3369 iniquitatem,
965 3301 1243 3355 dicentes:
1297 3309 1341 3355 Α
1384 3302 1491 3356 Deo
1546 3301 1801 3357 habemus

218 3392 354 3463 quod
382 3394 629 3448 homines
657 3407 872 3457 sumus,
906 3409 934 3446 a
968 3393 1120 3446 nobis
1146 3394 1273 3462 ipsis
1300 3403 1475 3449 autem
1506 3395 1646 3463 quoi
1671 3394 1801 3463 justi

216 3484 429 3538 isutuus?
473 3484 615 3552 Quid
666 3484 872 3544 dicitis,
921 3484 1008 3552 qui
1055 3498 1150 3536 vos
1195 3484 1338 3552 ipsos
1385 3484 1659 3553 decipitis,
1694 3500 1801 3539 non

234 3584 535 3641 assertores,
571 3574 669 3630 sed
698 3574 1116 3645 placcipilatorcs
1150 3574 1299 3628 liberi
1327 3575 1565 3637 arbitrii,
1599 3591 1663 3630 ev
1693 3576 1800 3629 alto

235 3665 450 3721 elationis
481 3682 576 3735 per
608 3667 783 3720 inania
813 3664 1237 3734 praesumptionis
1262 3709 1277 3730 ,
1310 3666 1359 3718 ia
1391 3665 1647 3735 profunda
1677 3666 1803 3720 sub-

235 3756 523 3812 mersinnis?
548 3757 758 3825 Nempe
788 3771 888 3810 vox
920 3767 1091 3809 vestra
1123 3766 1202 3809 est
1222 3797 1237 3822 ,
1269 3757 1407 3825 quod
1435 3756 1593 3810 homo
1617 3773 1681 3811 ex
1716 3771 1802 3813 se-

236 3847 439 3915 metipso
459 3850 585 3902 facit
597 3846 860 3915 justitiam
886 3864 897 3900 :
928 3846 1029 3901 hoc
1048 3857 1129 3900 est
1148 3848 1310 3899 altum
1329 3848 1572 3901 elationis
1591 3858 1798 3903 Vt‘Sll'tl}.

236 3932 325 3991 Sed
362 3940 549 3993 veritas
593 3937 943 4003 contradicit,
979 3945 1031 3990 et
1069 3938 1229 4001 dicit,
1268 3936 1468 3991 Pulmes
1504 3956 1601 3992 non
1643 3940 1802 4008 potest

237 4026 349 4095 ferre
382 4035 598 4100 fructum
625 4048 657 4082 a
697 4032 993 4100 sriitetipso,
1040 4030 1135 4082 nisi
1185 4031 1422 4083 manserit
1466 4031 1518 4082 in
1565 4030 1677 4082 vite.
1724 4029 1801 4085 Ite

239 4133 361 4174 nunc
400 4138 490 4191 per
517 4122 784 4190 abrupta,
833 4132 883 4174 et
938 4137 1041 4175 non
1091 4121 1345 4175 habentes
1387 4122 1473 4174 tibi
1529 4122 1796 4191 ligantiui,

240 4219 433 4265 ventosa
478 4212 802 4282 loquacitate
823 4211 1114 4280 jactamini.
1160 4211 1281 4265 lltee
1312 4222 1437 4265 sunt
1465 4213 1545 4265 ina
1574 4214 1635 4266 ria
1668 4230 1803 4282 prae-

239 4302 528 4370 sutnptioais
569 4313 784 4356 vestrar.
815 4301 917 4356 Sed
944 4302 1067 4372 quid
1099 4318 1193 4356 vos
1224 4313 1475 4371 sequatur
1504 4303 1705 4367 videte,
1750 4312 1803 4358 et

240 4394 276 4443 si
301 4402 373 4448 est
393 4394 440 4447 in
470 4394 629 4450 vobis
660 4394 796 4448 ullus
829 4408 1018 4448 sensus
1038 4434 1052 4456 ,
1084 4394 1315 4447 hort-etc.
1347 4393 1444 4461 Qui
1476 4394 1616 4447 enim
1646 4410 1676 4448 a
1713 4410 1801 4450 se-

239 4486 445 4555 metipso
472 4503 530 4541 se
563 4486 790 4543 fructum
825 4486 1088 4540 existimat
1129 4486 1296 4551 ferre,
1331 4486 1382 4539 in
1417 4486 1519 4541 vite
1549 4502 1652 4540 non
1679 4496 1799 4552 est;

240 4575 316 4644 qui
341 4593 386 4632 tu
411 4580 514 4635 v'rte
540 4596 649 4634 non
680 4588 757 4632 est
778 4619 793 4640 ,
825 4579 874 4631 in
905 4576 1116 4632 Christo
1144 4594 1246 4633 nun
1271 4588 1381 4644 est;
1408 4581 1495 4649 qui
1522 4581 1570 4632 in
1593 4578 1803 4635 Cinisro

242 4680 332 4722 non
374 4681 486 4737 est,
527 4671 853 4725 christianos
906 4686 1009 4726 non
1059 4682 1159 4726 est.
1213 4672 1335 4726 lIazc
1376 4682 1501 4727 sunt
1544 4672 1803 4743 profunda

244 4757 605 4818 submersionis
628 4773 837 4819 ιὀειηυ.

303 4852 351 4907 5.
389 4853 557 4911 Etiam
588 4866 747 4925 atque
781 4856 939 4912 etiam
968 4856 1299 4912 Considerate
1342 4855 1465 4927 quid
1491 4856 1665 4911 adhuc
1708 4872 1802 4913 ve-

247 4943 358 4998 ritas
380 4948 626 5018 adjungat
650 4958 703 5003 et
722 4949 861 5003 dicat
883 4968 896 5003 :
926 4947 1036 5019 Ego
1058 4967 1188 5011 sum,
1210 4950 1395 5018 inquit,
1428 4950 1559 5015 vitis,
1583 4966 1667 5003 vos
1688 4952 1801 5020 pal-

246 5037 388 5090 mites.
417 5039 515 5107 Qui
540 5051 705 5094 ntanet
736 5042 784 5092 in
808 5057 911 5101 me,
944 5050 991 5093 et
1018 5058 1107 5110 ego
1148 5041 1197 5092 in
1222 5057 1281 5094 eo
1301 5084 1315 5105 ,
1343 5042 1424 5094 hic
1459 5044 1553 5113 fert
1585 5042 1804 5109 fructum

249 5126 437 5183 multum
454 5147 473 5184 :
500 5133 618 5203 quia
637 5132 744 5185 sine
764 5148 840 5185 me
859 5132 985 5185 nihil
1006 5132 1208 5200 potestis
1231 5136 1411 5193 fricare.
1432 5132 1507 5187 Ne
1528 5134 1802 5204 quisquam

250 5228 437 5285 putaret
474 5224 659 5277 saltem
702 5240 916 5291 parvum
952 5224 1180 5292 aliquem
1220 5222 1445 5277 fructum
1474 5239 1629 5293 posse
1659 5241 1687 5277 a
1713 5238 1802 5279 se-

250 5310 453 5382 metipso
474 5314 740 5383 palmitem
766 5316 923 5377 l'erre,
950 5330 1071 5369 cum
1099 5312 1339 5373 dixisSrt.
1369 5314 1449 5366 h'c
1468 5317 1562 5380 [at
1584 5318 1803 5383 frurlum

252 5402 469 5465 multum,
502 5421 605 5460 non
630 5406 724 5471 ait,
750 5407 872 5477 quia
893 5407 1007 5460 sine
1032 5421 1117 5460 me
1143 5420 1327 5475 parum
1352 5405 1571 5476 potestis
1596 5404 1800 5471 facere;

250 5492 362 5555 sed,
390 5496 514 5549 nihil
536 5498 742 5566 potestis
769 5502 952 5569 facere.
978 5496 1101 5553 Sive
1126 5512 1255 5567 ergo
1286 5514 1467 5567 parum
1484 5540 1498 5561 ,
1527 5497 1639 5551 sive
1667 5500 1803 5552 mul-

244 5586 365 5643 tum,
390 5586 503 5641 sine
552 5589 642 5644 illo
680 5588 793 5643 lieri
838 5603 945 5643 nou
991 5598 1198 5657 potest,
1226 5589 1342 5643 sine
1384 5604 1487 5657 quo
1528 5588 1658 5642 nihil
1691 5588 1803 5644 ﬁeri

238 5680 414 5738 potest.
436 5674 582 5742 Quia
607 5680 707 5735 etsi
740 5696 921 5749 parum
949 5678 1184 5733 attulerit
1215 5679 1436 5748 palmes,
1468 5693 1591 5733 eum
1620 5688 1807 5750 purgat

252 5763 456 5830 agricola
485 5777 541 5821 ut
583 5772 695 5839 plus
722 5771 943 5826 alI'erat:
987 5779 1163 5825 tatneu
1196 5770 1296 5825 nisi
1335 5772 1385 5825 in
1416 5771 1522 5825 vite
1553 5772 1807 5826 manserit

260 5861 309 5906 et
332 5855 508 5913 vixerit
533 5860 594 5917 de
617 5862 795 5919 radice
820 5904 834 5932 ,
864 5863 1253 5933 quantumlibet
1291 5862 1520 5921 fructum
1546 5879 1576 5917 a
1607 5874 1804 5920 semet-

1234 426 1645 489 TRAC'IATUS
1684 423 1945 484 LXXXII.
1986 428 2210 485 CAPUT
2250 428 2366 485 XV.

3354 428 3497 492 18ιὲ

1905 543 2021 612 ipso
2050 560 2156 599 non
2188 554 2361 614 potest
2399 544 2554 601 ferre.
2593 544 2846 613 Quamvis
2874 553 3049 601 autem
3077 545 3326 602 Christus
3370 549 3493 602 vitis
3548 586 3553 609 ς

1906 651 2010 689 non
2038 648 2209 700 esset,
2238 638 2336 691 nisi
2368 638 2525 691 homo
2550 648 2724 701 esset;
2756 650 2928 693 tamen
2957 640 3109 692 istam
3130 641 3350 708 gratiam
3380 642 3495 710 pal—

1905 728 2123 782 mitibus
2154 747 2255 782 non
2287 730 2545 798 pra-heret
2569 772 2585 793 ,
2618 731 2715 783 nisi
2745 732 2902 784 etiam
2936 732 3070 784 Deus
3097 741 3257 786 esset.
3291 731 3492 787 Verum

1905 820 2025 887 quia
2057 822 2124 872 ita
2152 822 2265 874 sine
2294 823 2389 873 ista
2415 824 2579 890 gratia
2614 838 2717 874 non
2744 833 2915 891 potest
2939 822 3041 875 vivi
3062 864 3076 887 ,
3108 833 3161 876 ut
3189 833 3241 876 ct
3270 840 3413 879 mors
3439 825 3491 879 in

1906 919 2164 977 potestate
2205 912 2273 964 sit
2302 911 2455 965 liberi
2498 912 2742 965 arbitrii:
2787 912 2847 966 Si
2876 913 2987 981 quis
3024 914 3075 967 in
3119 930 3227 978 me,
3279 914 3487 985 inquit,

1904 1016 2004 1052 non
2030 1002 2269 1053 manserit
2293 1043 2308 1065 ,
2341 1002 2562 1053 mittrtur
2589 1002 2728 1070 [oras
2748 1002 2875 1055 sicut
2912 1004 3144 1069 palmes;
3173 1012 3220 1057 et
3256 1016 3490 1070 arescet;

1904 1102 1947 1143 et
1975 1093 2206 1161 colligent
2241 1109 2387 1158 cum,
2427 1104 2472 1146 et
2512 1094 2563 1145 in
2592 1094 2755 1162 ignem
2787 1096 3011 1156 mittent.
3050 1105 3095 1149 et
3131 1098 3292 1150 ardet.
3327 1098 3490 1169 Ligna

1905 1182 2080 1252 itaque
2117 1184 2237 1236 vitis
2268 1193 2415 1237 tanto
2442 1192 2563 1237 sunt
2591 1186 3068 1251 Contolnplihiiinra
3098 1187 3140 1240 si
3173 1188 3224 1241 in
3255 1190 3357 1243 vite
3383 1204 3489 1244 non

1906 1276 2191 1329 manserint
2215 1317 2227 1335 ,
2256 1286 2453 1341 quanto
2473 1278 2782 1346 glorias-iura
2810 1278 2852 1331 si
2883 1280 3173 1333 manserint
3197 1298 3209 1333 :
3239 1282 3488 1348 denique.

1905 1367 2042 1420 sicut
2067 1368 2131 1420 de
2163 1367 2244 1422 his
2283 1369 2439 1421 etiam
2475 1386 2565 1436 pt'l‘
2593 1368 2923 1423 Ezeeltieletn
2962 1372 3277 1439 prophetam
3311 1374 3491 1429 Domi-

1905 1475 2006 1513 nus
2028 1458 2151 1512 dicit
2174 1502 2188 1523 ,
2222 1462 2437 1528 prreisa
2469 1462 2624 1515 nullis
2653 1463 3002 1531 agricolarum
3037 1465 3220 1518 usibus
3246 1476 3485 1534 prosunt,

1905 1554 2062 1605 nullis
2090 1552 2359 1606 Iahrilibus
2397 1555 2643 1621 operibus
2679 1555 3001 1621 deputantur
3030 1555 3239 1625 (Exerit.
3275 1574 3343 1611 xv
3364 1599 3376 1621 ,
3407 1560 3489 1625 5).

1906 1646 2078 1702 Utttt:n
2101 1648 2167 1700 de
2193 1648 2398 1700 duobus
2420 1649 2614 1717 pahniti
2642 1650 2903 1718 congruit.
2926 1659 3016 1703 aut
3044 1652 3183 1714 vitis,
3205 1662 3291 1705 aut
3319 1652 3486 1720 ignis;

1904 1738 1949 1790 si
1976 1738 2025 1790 in
2054 1739 2159 1791 vite
2199 1755 2301 1791 non
2342 1748 2457 1805 est,
2497 1739 2547 1792 in
2577 1740 2695 1809 igne
2721 1740 2859 1795 erit:
2894 1749 2951 1793 ut
2974 1756 3104 1811 ergo
3144 1742 3195 1795 in
3225 1742 3344 1812 igne
3384 1759 3489 1797 non

1904 1830 1973 1883 sit
1997 1871 2011 1891 ,
2046 1830 2095 1882 in
2126 1831 2229 1882 vite
2260 1831 2347 1884 sit.

1975 1922 2027 1974 Δ.
2064 1921 2125 1974 Si
2151 1922 2431 1974 niansxritis
2462 1921 2511 1974 in
2538 1938 2644 1986 nte,
2674 1922 2724 1974 in
2748 1921 2840 1986 piit
2860 1963 2875 1984 ,
2903 1930 2949 1975 et
2976 1922 3121 1975 verba
3146 1940 3255 1975 utea
3276 1924 3327 1977 in
3357 1925 3493 1981 vobis

1905 2014 2208 2077 manserint,
2241 2014 2589 2082 quodcumque
2614 2014 2865 2066 volueritis
2894 2014 3069 2082 prtclis
3089 2056 3102 2075 ,
3140 2024 3185 2067 et
3217 2017 3298 2081 ﬁet
3329 2018 3487 2070 vobis.

1905 2102 2165 2156 lilancudo
2203 2104 2397 2172 quippe
2443 2104 2491 2155 in
2521 2103 2766 2165 (lin-ista,
2799 2105 2923 2173 quid
2957 2106 3090 2159 velle
3128 2116 3349 2173 possmtt
3388 2106 3491 2163 nisi

1905 2193 2045 2259 quod
2072 2194 2320 2247 Convenit
2353 2192 2601 2248 Christo?
2630 2194 2763 2260 Quid
2794 2196 2927 2249 velle
2960 2207 3177 2263 possunt
3219 2198 3485 2254 manendo

1906 2284 1958 2339 in
2003 2285 2309 2351 Salvatore,
2354 2286 2451 2341 nisi
2498 2286 2639 2356 ιμιιιῑ
2681 2302 2784 2339 non
2831 2296 2911 2341 est
2943 2288 3171 2341 alienum
3218 2305 3247 2342 a
3278 2291 3494 2346 salute?

1905 2376 2059 2430 Aliud
2090 2378 2282 2446 quippe
2312 2378 2555 2430 volumus
2575 2378 2695 2446 quia
2721 2394 2903 2431 sumus
2933 2380 2983 2432 itt
3012 2379 3243 2444 (lhristo,
3277 2390 3332 2436 et
3350 2381 3495 2438 aliud

1908 2466 2152 2519 volumus
2182 2467 2301 2533 quia
2341 2482 2523 2521 sumus
2548 2468 2722 2521 adhuc
2761 2467 2811 2520 in
2843 2468 2942 2522 hoc
2980 2471 3197 2523 siculo.
3235 2471 3307 2525 De
3336 2488 3491 2526 tuan-

1906 2558 2056 2611 sioue
2088 2574 2315 2624 namque
2349 2558 2503 2627 hujus
2529 2559 2707 2612 sasculi
2739 2560 2889 2612 nobis
2914 2560 3200 2629 aliquando
3229 2562 3491 2630 subrepit,

1908 2659 1966 2703 ιιι
1997 2650 2096 2704 huc
2144 2659 2385 2719 petamus
2421 2650 2560 2720 quod
2592 2651 2743 2704 nobis
2783 2666 2884 2705 non
2925 2651 3174 2718 expedire
3202 2652 3492 2707 nescimus.

1907 2740 2011 2796 Sed
2043 2742 2177 2795 absit
2223 2753 2277 2795 ut
2305 2742 2392 2795 ﬁat
2433 2741 2584 2795 nobis
2604 2783 2619 2807 ,
2649 2742 2692 2795 si
2722 2756 2999 2796 anniculus
3027 2742 3079 2796 in
3113 2741 3321 2795 Christo
3346 2788 3361 2808 ,
3402 2745 3494 2814 qui

1908 2849 2023 2887 non'
2058 2832 2178 2889 facit
2207 2833 2419 2903 quando
2461 2835 2687 2903 petimus
2712 2875 2726 2898 ,
2760 2834 2857 2887 nisi
2887 2833 3026 2903 quod
3071 2835 3285 2902 espest
3315 2810 3491 2891 nobis.

1908 2924 2182 2979 Manentcs
2226 2941 2353 2995 ergo
2398 2926 2446 2979 in
2492 2941 2590 2990 eo,
2619 2941 2739 2978 cum
2786 2926 2941 2980 verba
2975 2927 3089 2994 ejus
3126 2926 3175 2979 in
3205 2927 3355 2981 nobis
3378 2943 3494 2987 ttta-
3524 2908 3553 2935 χ

1910 3025 2060 3070 neut.
2086 3014 2459 3090 quodcumque
2482 3016 2806 3074 voluerimus
2835 3027 3095 3091 petemus,
3126 3028 3179 3077 et
3206 3018 3294 3077 ﬁet
3317 3024 3494 3081 nobis,

1909 3113 2039 3181 Quia
2086 3114 2128 3168 si
2166 3115 2390 3182 petimus
2428 3125 2483 3168 et
2519 3130 2622 3168 non
2657 3116 2772 3175 lict,
2824 3131 2928 3167 non
2969 3114 3070 3169 hoc
3099 3116 3325 3184 petimus
3353 3118 3496 3185 quod

1911 3205 2068 3260 habet
2090 3206 2295 3259 mansio
2327 3208 2378 3260 in
2410 3222 2503 3272 eo,
2534 3223 2631 3262 nec
2661 3206 2803 3276 qutid
2834 3206 3029 3261 habent
3057 3208 3215 3262 verba
3236 3208 3353 3278 ejus
3376 3225 3496 3279 qua:

1909 3307 2128 3350 manent
2156 3294 2208 3350 in
2238 3298 2426 3361 nobis;
2472 3297 2564 3350 sed
2594 3297 2735 3366 quod
2764 3298 2922 3353 habet
2946 3298 3209 3365 cupiditas
3257 3310 3310 3353 et
3344 3298 3497 3356 inlir—

1909 3393 2065 3445 mitas
2086 3392 2283 3455 carnis,
2308 3408 2425 3461 qua:
2450 3409 2551 3445 non
2574 3400 2653 3445 est
2676 3392 2727 3445 in
2748 3407 2833 3454 eo,
2862 3400 2914 3446 et
2945 3392 2997 3445 in
3022 3406 3123 3462 qua
3149 3407 3253 3447 non
3280 3403 3498 3449 manent

1910 3483 2070 3537 verba
2099 3482 2233 3552 ejus.
2266 3481 2395 3535 Nam
2432 3483 2610 3552 utique
2640 3483 2704 3536 ad
2730 3483 2885 3537 verba
2917 3483 3033 3550 ejus
3074 3485 3301 3552 pertinet
3325 3485 3498 3539 oratio

1908 3573 1996 3628 illa
2024 3590 2180 3644 quam
2211 3575 2420 3639 docuit,
2453 3576 2541 3629 ubi
2572 3574 2830 3639 dicimus,
2864 3574 3018 3628 Pater
3044 3585 3229 3639 noster,
3260 3577 3346 3645 qui
3372 3593 3423 3629 es
3444 3578 3497 3630 in

1909 3667 2045 3719 aclis
2089 3665 2302 3737 (Matth.
2334 3682 2421 3732 vn,
2454 3667 2531 3729 9).
2581 3668 2659 3720 Ab
2708 3667 2864 3734 hujus
2916 3668 3171 3722 orationis
3220 3669 3396 3723 verbis
3440 3679 3496 3726 et

1909 3759 2158 3813 sensibus
2186 3775 2289 3813 non
2316 3760 2623 3813 recedamus
2652 3760 2991 3829 petitionibus
3019 3760 3235 3822 nostris.
3264 3771 3318 3816 et
3342 3762 3497 3834 quid-

1909 3848 2033 3918 quid
2068 3849 2404 3917 petierimus,
2441 3850 2530 3904 lict
2566 3850 2736 3904 nobis.
2772 3850 2920 3906 Tunc
2944 3852 3085 3905 enim
3117 3852 3337 3905 dicenda
3370 3863 3497 3907 sunt

1910 3940 2071 3994 verba
2114 3940 2228 4007 ejus
2256 3941 2306 3993 in
2358 3940 2509 3993 nobis
2558 3957 2799 4001 manere,
2848 3942 3061 4010 quando
3109 3941 3327 3996 l‘acinms
3377 3960 3498 4012 quae

1911 4031 2157 4100 prttrcepit
2180 4070 2195 4095 ,
2225 4040 2281 4085 et
2307 4030 2575 4099 diligimus
2604 4046 2721 4099 qua:
2754 4031 2995 4097 promisit
3020 4049 3034 4085 :
3064 4032 3275 4100 quando
3314 4041 3496 4087 autem

1908 4123 2068 4177 verba
2107 4122 2223 4192 ejus
2262 4132 2471 4175 tnaucnt
2501 4121 2551 4175 in
2598 4122 2885 4186 memoria,
2937 4137 3035 4175 nec
3074 4122 3412 4175 inveniuntur
3440 4122 3497 4179 in

1910 4218 2015 4270 vita
2036 4258 2050 4280 ,
2082 4231 2185 4269 non
2214 4223 2549 4283 computatur
2577 4215 2774 4282 palmes
2802 4214 2851 4265 in
2882 4214 2986 4265 vite
3006 4256 3019 4277 ,
3048 4213 3165 4282 quia
3198 4215 3358 4267 vitain
3387 4229 3496 4269 non

1910 4308 2123 4363 attrahit
2166 4324 2231 4361 cx
2262 4306 2456 4360 radice.
2502 4305 2577 4359 Ad
2613 4305 2747 4358 hanc
2781 4304 3130 4357 dill‘errutiam
3173 4304 3311 4357 valet
3352 4304 3496 4374 quod

1910 4401 2163 4469 scriptum
2204 4408 2283 4453 est
2304 4440 2317 4463 ,
2364 4397 2425 4449 Et
2457 4398 2694 4449 memoria
2724 4394 3047 4448 retinentibus
3076 4394 3317 4447 mundata
3345 4396 3455 4463 ejus
3476 4437 3495 4462 ,

1912 4502 1963 4546 ut
1994 4492 2182 4562 faciunt
2205 4508 2265 4545 ea
2293 4488 2459 4563 (Psal.
2492 4504 2563 4545 cu
2588 4532 2602 4553 ,
2638 4488 2747 4557 18).
2783 4487 2924 4541 Multi
2956 4487 3098 4540 cnim
3127 4487 3379 4541 memoria
3413 4503 3474 4543 re

1914 4586 2110 4650 tinent,
2143 4593 2199 4636 ut
2236 4592 2573 4637 contemnant
2596 4623 2610 4646 ,
2642 4580 2722 4635 vel
2750 4582 2908 4634 ctiam
2939 4580 3215 4635 derideant
3243 4590 3295 4634 et
3322 4597 3497 4650 oppu-

1910 4687 2073 4747 gnent
2101 4692 2179 4729 ca.
2217 4675 2268 4730 In
2296 4676 2377 4728 his
2397 4675 2553 4729 verba
2582 4674 2774 4729 (Zhristi
2809 4690 2910 4727 non
2942 4682 3187 4734 niancnt.
3216 4674 3302 4741 qui
3331 4675 3497 4728 attin-

1911 4778 2040 4837 gunt
2066 4766 2488 4837 quodammodo,
2523 4781 2626 4819 non
2658 4766 2929 4819 coicerent
2956 4783 2968 4818 :
3015 4774 3069 4819 ct
3099 4765 3219 4820 ideo
3251 4766 3353 4819 illis
3391 4782 3496 4819 non

1910 4870 2064 4913 erunt
2093 4860 2142 4912 in
2176 4858 2487 4912 beneﬁcium
2513 4898 2528 4921 ,
2556 4856 2648 4911 sed
2680 4857 2729 4909 in
2761 4858 3139 4911 testimonium.
3177 4856 3239 4909 I'Jt
3276 4856 3395 4923 quia
3420 4856 3501 4911 sic

1913 4949 2191 5013 insuntcis
2224 4958 2281 5001 ut
2310 4962 2411 5001 non
2442 4958 2688 5001 maneant
2717 4947 2767 4999 in
2796 4947 2901 5009 eis,
2933 4947 2997 4999 ad
3023 4946 3123 5001 hoc
3156 4956 3400 5001 tenentur
3426 4946 3497 5002 ab

1911 5041 1989 5095 eis
2012 5082 2027 5107 ,
2058 5048 2113 5093 ut
2134 5038 2438 5108 judicentur
2465 5053 2528 5092 ex
2561 5038 2658 5090 eis.

2353 5145 2761 5203 TR.\CT.\TUS
2800 5146 3057 5201 LXXXII.

1913 5265 1990 5319 De
2016 5280 2071 5319 co
2099 5263 2233 5336 quod
2259 5262 2500 5315 Dominus
2522 5262 2660 5326 dicit,
2688 5259 2742 5315 In
2765 5260 2865 5314 hoc
2888 5262 3207 5315 clarilicatus
3235 5272 3310 5315 est
3346 5262 3490 5320 Γειιῶ

1984 5373 2154 5417 meus,
2189 5365 2243 5409 ut
2276 5354 2500 5408 fructum
2535 5354 2819 5423 plurimum
2851 5351 3114 5412 alieratis.
3144 5368 3300 5421 usque
3325 5350 3393 5403 ad
3422 5349 3476 5420 id

1986 5452 2051 5505 Et
2080 5465 2268 5505 maneo
2294 5450 2343 5503 in
2374 5450 2489 5517 ejus
2514 5447 2825 5503 dilectione.
2851 5446 2978 5517 Cap.
3008 5462 3097 5508 xv,
3146 5445 3177 5513 ᾗ
3203 5484 3216 5496 .
3246 5442 3403 5500 8-I0.

1989 5588 2037 5641 I.
2066 5586 2225 5656 Magis
2256 5586 2525 5655 magisque
2554 5584 2795 5639 Salvator
2822 5581 3043 5650 gratiam
3086 5594 3185 5643 qtta
3228 5579 3499 5632 salvamur

1914 5679 2185 5748 discipulis
2234 5677 2500 5746 loquendo
2542 5673 2924 5730 eniumcndam
2975 5688 2987 5723 :
3037 5668 3101 5723 In
3142 5669 3255 5732 hoc,
3306 5669 3497 5738 inquit,

1914 5771 2037 5825 clari
2042 5772 2218 5837 ﬁcatus
2236 5781 2304 5824 est
2325 5769 2480 5822 Pater
2496 5776 2710 5829 mcus,ut
2722 5769 2941 5835 fructum
2963 5764 3234 5834 plurimum
3250 5760 3493 5829 u/I'cratis,

1917 5879 1962 5922 et
1991 5864 2283 5936 efﬁciamini
2310 5864 2403 5915 mei
2430 5859 2685 5928 discipuli.
2718 5858 2841 5912 Sive
2862 5856 3177 5931 glori/icilius
3207 5857 3316 5913 sive
3341 5856 3496 5915 clari-
