  <div class='ocr_page' id='page_1' title='image "/cluster/home/n/w/nwhite01/storage/ocr_20150623/35/uva.x000827104/276.png"; bbox 0 0 3926 6368; ppageno 0'>
   <div class='ocr_carea' id='block_1_1' title="bbox 211 359 324 428">
    <p class='ocr_par' dir='ltr' id='par_1_1' title="bbox 211 359 324 428">
     <span class='ocr_line' id='line_1_1' title="bbox 211 359 324 428; baseline -0.018 -1"><span class='ocrx_word' id='word_1_1' title='bbox 211 359 324 428; x_wconf 77' lang='grc'><strong>1819</strong></span> 
     </span>
    </p>
   </div>
   <div class='ocr_carea' id='block_1_2' title="bbox 207 460 1760 556">
    <p class='ocr_par' dir='ltr' id='par_1_2' title="bbox 207 460 1760 556">
     <span class='ocr_line' id='line_1_2' title="bbox 207 460 1760 556; baseline -0.015 -19"><span class='ocrx_word' id='word_1_2' title='bbox 207 483 330 556; x_wconf 79' lang='lat' dir='ltr'><strong>quit,</strong></span> <span class='ocrx_word' id='word_1_3' title='bbox 368 476 519 534; x_wconf 84' lang='lat' dir='ltr'><strong>nescit</strong></span> <span class='ocrx_word' id='word_1_4' title='bbox 561 471 683 544; x_wconf 86' lang='lat' dir='ltr'><strong>quid</strong></span> <span class='ocrx_word' id='word_1_5' title='bbox 708 471 862 542; x_wconf 78' lang='lat' dir='ltr'><strong>faciat</strong></span> <span class='ocrx_word' id='word_1_6' title='bbox 906 467 1140 521; x_wconf 82' lang='lat' dir='ltr'><strong>dominus</strong></span> <span class='ocrx_word' id='word_1_7' title='bbox 1187 465 1314 534; x_wconf 83' lang='lat' dir='ltr'><strong>ejus.</strong></span> <span class='ocrx_word' id='word_1_8' title='bbox 1367 460 1760 531; x_wconf 77' lang='lat' dir='ltr'><strong>Numquidnam</strong></span> 
     </span>
    </p>
   </div>
   <div class='ocr_carea' id='block_1_3' title="bbox 204 554 1761 633">
    <p class='ocr_par' dir='ltr' id='par_1_3' title="bbox 204 554 1761 633">
     <span class='ocr_line' id='line_1_3' title="bbox 204 554 1761 633; baseline -0.013 -6"><span class='ocrx_word' id='word_1_9' title='bbox 204 554 339 632; x_wconf 64' lang='lat' dir='ltr'><strong>servo</strong></span> <span class='ocrx_word' id='word_1_10' title='bbox 379 569 520 624; x_wconf 87' lang='lat' dir='ltr'><strong>bono</strong></span> <span class='ocrx_word' id='word_1_11' title='bbox 546 573 601 620; x_wconf 92' lang='lat' dir='ltr'><strong>ct</strong></span> <span class='ocrx_word' id='word_1_12' title='bbox 638 564 862 633; x_wconf 85' lang='lat' dir='ltr'><strong>probato</strong></span> <span class='ocrx_word' id='word_1_13' title='bbox 899 558 1149 613; x_wconf 87' lang='lat' dir='ltr'><strong>dominus</strong></span> <span class='ocrx_word' id='word_1_14' title='bbox 1187 555 1306 626; x_wconf 85' lang='lat' dir='ltr'><strong>ejus</strong></span> <span class='ocrx_word' id='word_1_15' title='bbox 1331 571 1434 609; x_wconf 89' lang='lat' dir='ltr'><strong>non</strong></span> <span class='ocrx_word' id='word_1_16' title='bbox 1480 554 1640 609; x_wconf 90' lang='lat' dir='ltr'><strong>etiam</strong></span> <span class='ocrx_word' id='word_1_17' title='bbox 1669 567 1761 607; x_wconf 87' lang='lat' dir='ltr'><strong>sc-</strong></span> 
     </span>
    </p>
   </div>
   <div class='ocr_carea' id='block_1_4' title="bbox 205 645 1763 724">
    <p class='ocr_par' dir='ltr' id='par_1_4' title="bbox 205 645 1763 724">
     <span class='ocr_line' id='line_1_4' title="bbox 205 645 1763 724; baseline -0.019 0"><span class='ocrx_word' id='word_1_18' title='bbox 205 675 329 724; x_wconf 85' lang='lat' dir='ltr'><strong>creta</strong></span> <span class='ocrx_word' id='word_1_19' title='bbox 350 676 442 718; x_wconf 84' lang='lat' dir='ltr'><strong>sua</strong></span> <span class='ocrx_word' id='word_1_20' title='bbox 468 655 784 715; x_wconf 90' lang='lat' dir='ltr'><strong>connuittit?</strong></span> <span class='ocrx_word' id='word_1_21' title='bbox 813 651 950 722; x_wconf 85' lang='lat' dir='ltr'><strong>Quid</strong></span> <span class='ocrx_word' id='word_1_22' title='bbox 980 658 1060 706; x_wconf 90' lang='lat' dir='ltr'><strong>est</strong></span> <span class='ocrx_word' id='word_1_23' title='bbox 1086 663 1214 718; x_wconf 81' lang='lat' dir='ltr'><strong>ergo</strong></span> <span class='ocrx_word' id='word_1_24' title='bbox 1261 646 1402 717; x_wconf 88' lang='lat' dir='ltr'><strong>quod</strong></span> <span class='ocrx_word' id='word_1_25' title='bbox 1431 647 1534 710; x_wconf 90' lang='lat' dir='ltr'><strong>ait,</strong></span> <span class='ocrx_word' id='word_1_26' title='bbox 1576 645 1763 699; x_wconf 76' lang='lat' dir='ltr'><strong>Servus</strong></span> 
     </span>
    </p>
   </div>
   <div class='ocr_carea' id='block_1_5' title="bbox 204 735 1764 826">
    <p class='ocr_par' dir='ltr' id='par_1_5' title="bbox 204 735 1764 826">
     <span class='ocr_line' id='line_1_5' title="bbox 204 735 1764 826; baseline -0.016 -13"><span class='ocrx_word' id='word_1_27' title='bbox 204 757 335 817; x_wconf 79' lang='lat' dir='ltr'><strong>nescit</strong></span> <span class='ocrx_word' id='word_1_28' title='bbox 357 752 477 826; x_wconf 76' lang='lat' dir='ltr'><strong>quid</strong></span> <span class='ocrx_word' id='word_1_29' title='bbox 501 750 656 822; x_wconf 73' lang='lat' dir='ltr'><strong>faciat</strong></span> <span class='ocrx_word' id='word_1_30' title='bbox 690 746 926 801; x_wconf 82' lang='lat' dir='ltr'><strong>dominus</strong></span> <span class='ocrx_word' id='word_1_31' title='bbox 966 742 1110 814; x_wconf 82' lang='lat' dir='ltr'><strong>ejus?</strong></span> <span class='ocrx_word' id='word_1_32' title='bbox 1139 739 1370 804; x_wconf 75' lang='lat' dir='ltr'><strong>Verum,</strong></span> <span class='ocrx_word' id='word_1_33' title='bbox 1409 747 1564 801; x_wconf 84' lang='lat' dir='ltr'><strong>esto,</strong></span> <span class='ocrx_word' id='word_1_34' title='bbox 1608 735 1764 790; x_wconf 85' lang='lat' dir='ltr'><strong>nescit</strong></span> 
     </span>
    </p>
   </div>
   <div class='ocr_carea' id='block_1_6' title="bbox 203 826 1764 923">
    <p class='ocr_par' dir='ltr' id='par_1_6' title="bbox 203 826 1764 923">
     <span class='ocr_line' id='line_1_6' title="bbox 203 826 1764 923; baseline -0.015 -20"><span class='ocrx_word' id='word_1_35' title='bbox 203 849 305 923; x_wconf 76' lang='lat' dir='ltr'><strong>quid</strong></span> <span class='ocrx_word' id='word_1_36' title='bbox 343 846 527 918; x_wconf 80' lang='lat' dir='ltr'><strong>faciat;</strong></span> <span class='ocrx_word' id='word_1_37' title='bbox 581 836 836 908; x_wconf 88' lang='lat' dir='ltr'><strong>numquid</strong></span> <span class='ocrx_word' id='word_1_38' title='bbox 870 835 1041 890; x_wconf 84' lang='lat' dir='ltr'><strong>nescit</strong></span> <span class='ocrx_word' id='word_1_39' title='bbox 1084 832 1243 887; x_wconf 88' lang='lat' dir='ltr'><strong>etiam</strong></span> <span class='ocrx_word' id='word_1_40' title='bbox 1290 829 1416 900; x_wconf 91' lang='lat' dir='ltr'><strong>quid</strong></span> <span class='ocrx_word' id='word_1_41' title='bbox 1458 826 1764 899; x_wconf 73' lang='lat' dir='ltr'><strong>pnecipiat?</strong></span> 
     </span>
    </p>
   </div>
   <div class='ocr_carea' id='block_1_7' title="bbox 205 917 1763 1001">
    <p class='ocr_par' dir='ltr' id='par_1_7' title="bbox 205 917 1763 1001">
     <span class='ocr_line' id='line_1_7' title="bbox 205 917 1763 1001; baseline -0.015 -6"><span class='ocrx_word' id='word_1_42' title='bbox 205 917 314 1001; x_wconf 55' lang='lat' dir='ltr'><strong>liam</strong></span> <span class='ocrx_word' id='word_1_43' title='bbox 338 917 456 994; x_wconf 81' lang='lat' dir='ltr'><strong>etsi</strong></span> <span class='ocrx_word' id='word_1_44' title='bbox 489 935 589 988; x_wconf 86' lang='lat' dir='ltr'><strong>hoc</strong></span> <span class='ocrx_word' id='word_1_45' title='bbox 614 931 816 993; x_wconf 78' lang='lat' dir='ltr'><strong>nescit,</strong></span> <span class='ocrx_word' id='word_1_46' title='bbox 845 923 1112 996; x_wconf 80' lang='lat' dir='ltr'><strong>quomodo</strong></span> <span class='ocrx_word' id='word_1_47' title='bbox 1141 922 1342 976; x_wconf 83' lang='lat' dir='ltr'><strong>servit?</strong></span> <span class='ocrx_word' id='word_1_48' title='bbox 1365 922 1469 975; x_wconf 82' lang='lat' dir='ltr'><strong>Aut</strong></span> <span class='ocrx_word' id='word_1_49' title='bbox 1493 917 1763 990; x_wconf 86' lang='lat' dir='ltr'><strong>quomodo</strong></span> 
     </span>
    </p>
   </div>
   <div class='ocr_carea' id='block_1_8' title="bbox 205 1009 1764 1094">
    <p class='ocr_par' dir='ltr' id='par_1_8' title="bbox 205 1009 1764 1094">
     <span class='ocr_line' id='line_1_8' title="bbox 205 1009 1764 1094; baseline -0.016 -7"><span class='ocrx_word' id='word_1_50' title='bbox 205 1043 372 1089; x_wconf 83' lang='lat' dir='ltr'><strong>servus</strong></span> <span class='ocrx_word' id='word_1_51' title='bbox 395 1035 481 1081; x_wconf 88' lang='lat' dir='ltr'><strong>cst</strong></span> <span class='ocrx_word' id='word_1_52' title='bbox 501 1066 516 1087; x_wconf 87' lang='lat'><strong>,</strong></span> <span class='ocrx_word' id='word_1_53' title='bbox 546 1024 636 1094; x_wconf 93' lang='lat' dir='ltr'><strong>qui</strong></span> <span class='ocrx_word' id='word_1_54' title='bbox 667 1035 773 1076; x_wconf 91' lang='lat' dir='ltr'><strong>non</strong></span> <span class='ocrx_word' id='word_1_55' title='bbox 793 1016 993 1073; x_wconf 87' lang='lat' dir='ltr'><strong>servit?</strong></span> <span class='ocrx_word' id='word_1_56' title='bbox 1025 1015 1091 1069; x_wconf 86' lang='lat' dir='ltr'><strong>Et</strong></span> <span class='ocrx_word' id='word_1_57' title='bbox 1113 1026 1287 1068; x_wconf 85' lang='lat' dir='ltr'><strong>tamen</strong></span> <span class='ocrx_word' id='word_1_58' title='bbox 1315 1011 1568 1067; x_wconf 82' lang='lat' dir='ltr'><strong>Dominus</strong></span> <span class='ocrx_word' id='word_1_59' title='bbox 1598 1009 1764 1080; x_wconf 84' lang='lat' dir='ltr'><strong>loqui-</strong></span> 
     </span>
    </p>
   </div>
   <div class='ocr_carea' id='block_1_9' title="bbox 206 1103 1764 1184">
    <p class='ocr_par' dir='ltr' id='par_1_9' title="bbox 206 1103 1764 1184">
     <span class='ocr_line' id='line_1_9' title="bbox 206 1103 1764 1184; baseline -0.014 -6"><span class='ocrx_word' id='word_1_60' title='bbox 206 1139 298 1184; x_wconf 86' lang='lat' dir='ltr'><strong>tur,</strong></span> <span class='ocrx_word' id='word_1_61' title='bbox 338 1118 435 1174; x_wconf 85' lang='lat' dir='ltr'><strong>Vos</strong></span> <span class='ocrx_word' id='word_1_62' title='bbox 448 1117 598 1170; x_wconf 82' lang='lat' dir='ltr'><strong>amici</strong></span> <span class='ocrx_word' id='word_1_63' title='bbox 645 1114 737 1166; x_wconf 87' lang='lat' dir='ltr'><strong>mei</strong></span> <span class='ocrx_word' id='word_1_64' title='bbox 764 1111 903 1176; x_wconf 88' lang='lat' dir='ltr'><strong>estis,</strong></span> <span class='ocrx_word' id='word_1_65' title='bbox 929 1110 974 1163; x_wconf 89' lang='lat' dir='ltr'><strong>si</strong></span> <span class='ocrx_word' id='word_1_66' title='bbox 1001 1107 1218 1180; x_wconf 74' lang='lat' dir='ltr'><strong>feceritis</strong></span> <span class='ocrx_word' id='word_1_67' title='bbox 1257 1120 1373 1175; x_wconf 75' lang='lat' dir='ltr'><strong>qua:</strong></span> <span class='ocrx_word' id='word_1_68' title='bbox 1409 1119 1499 1174; x_wconf 83' lang='lat' dir='ltr'><strong>ego</strong></span> <span class='ocrx_word' id='word_1_69' title='bbox 1527 1103 1764 1174; x_wconf 75' lang='lat' dir='ltr'><strong>pra&#39;cipio</strong></span> 
     </span>
    </p>
   </div>
   <div class='ocr_carea' id='block_1_10' title="bbox 207 1193 1759 1271">
    <p class='ocr_par' dir='ltr' id='par_1_10' title="bbox 207 1193 1759 1271">
     <span class='ocr_line' id='line_1_10' title="bbox 207 1193 1759 1271; baseline -0.016 -1"><span class='ocrx_word' id='word_1_70' title='bbox 207 1216 339 1271; x_wconf 68' lang='lat' dir='ltr'><strong>vobis.</strong></span> <span class='ocrx_word' id='word_1_71' title='bbox 363 1211 487 1266; x_wconf 82' lang='lat' dir='ltr'><strong>Jam</strong></span> <span class='ocrx_word' id='word_1_72' title='bbox 534 1225 636 1262; x_wconf 88' lang='lat' dir='ltr'><strong>non</strong></span> <span class='ocrx_word' id='word_1_73' title='bbox 681 1206 795 1259; x_wconf 83' lang='lat' dir='ltr'><strong>dico</strong></span> <span class='ocrx_word' id='word_1_74' title='bbox 838 1219 924 1257; x_wconf 77' lang='lat' dir='ltr'><strong>vos</strong></span> <span class='ocrx_word' id='word_1_75' title='bbox 952 1216 1138 1255; x_wconf 82' lang='lat' dir='ltr'><strong>servos.</strong></span> <span class='ocrx_word' id='word_1_76' title='bbox 1185 1197 1230 1253; x_wconf 94' lang='grc' dir='ltr'>Ο</span> <span class='ocrx_word' id='word_1_77' title='bbox 1270 1212 1381 1252; x_wconf 89' lang='lat' dir='ltr'><strong>rem</strong></span> <span class='ocrx_word' id='word_1_78' title='bbox 1434 1193 1759 1250; x_wconf 88' lang='lat' dir='ltr'><strong>mirabilem!</strong></span> 
     </span>
    </p>
   </div>
   <div class='ocr_carea' id='block_1_11' title="bbox 207 1285 1762 1366">
    <p class='ocr_par' dir='ltr' id='par_1_11' title="bbox 207 1285 1762 1366">
     <span class='ocr_line' id='line_1_11' title="bbox 207 1285 1762 1366; baseline -0.015 -5"><span class='ocrx_word' id='word_1_79' title='bbox 207 1309 317 1362; x_wconf 74' lang='lat' dir='ltr'><strong>Cum</strong></span> <span class='ocrx_word' id='word_1_80' title='bbox 351 1303 548 1358; x_wconf 85' lang='lat' dir='ltr'><strong>servire</strong></span> <span class='ocrx_word' id='word_1_81' title='bbox 590 1315 692 1354; x_wconf 91' lang='lat' dir='ltr'><strong>non</strong></span> <span class='ocrx_word' id='word_1_82' title='bbox 739 1294 1039 1366; x_wconf 77' lang='lat' dir='ltr'><strong>possimus,</strong></span> <span class='ocrx_word' id='word_1_83' title='bbox 1092 1290 1191 1344; x_wconf 80' lang='lat' dir='ltr'><strong>nisi</strong></span> <span class='ocrx_word' id='word_1_84' title='bbox 1245 1297 1507 1358; x_wconf 50' lang='lat' dir='ltr'><strong>praieepta</strong></span> <span class='ocrx_word' id='word_1_85' title='bbox 1553 1285 1762 1341; x_wconf 82' lang='lat' dir='ltr'><strong>Domini</strong></span> 
     </span>
    </p>
   </div>
   <div class='ocr_carea' id='block_1_12' title="bbox 211 1378 1761 1462">
    <p class='ocr_par' dir='ltr' id='par_1_12' title="bbox 211 1378 1761 1462">
     <span class='ocr_line' id='line_1_12' title="bbox 211 1378 1761 1462; baseline -0.015 -10"><span class='ocrx_word' id='word_1_86' title='bbox 211 1397 496 1457; x_wconf 83' lang='lat' dir='ltr'><strong>fecerimus,</strong></span> <span class='ocrx_word' id='word_1_87' title='bbox 548 1385 817 1462; x_wconf 88' lang='lat' dir='ltr'><strong>quomodo</strong></span> <span class='ocrx_word' id='word_1_88' title='bbox 861 1390 1128 1454; x_wconf 62' lang='lat' dir='ltr'><strong>prteccpta</strong></span> <span class='ocrx_word' id='word_1_89' title='bbox 1179 1379 1423 1434; x_wconf 89' lang='lat' dir='ltr'><strong>faciendo</strong></span> <span class='ocrx_word' id='word_1_90' title='bbox 1469 1378 1608 1434; x_wconf 89' lang='lat' dir='ltr'><strong>servi</strong></span> <span class='ocrx_word' id='word_1_91' title='bbox 1657 1390 1761 1430; x_wconf 91' lang='lat' dir='ltr'><strong>nou</strong></span> 
     </span>
    </p>
   </div>
   <div class='ocr_carea' id='block_1_13' title="bbox 211 1469 1761 1546">
    <p class='ocr_par' dir='ltr' id='par_1_13' title="bbox 211 1469 1761 1546">
     <span class='ocr_line' id='line_1_13' title="bbox 211 1469 1761 1546; baseline -0.014 -2"><span class='ocrx_word' id='word_1_92' title='bbox 211 1486 411 1546; x_wconf 84' lang='lat' dir='ltr'><strong>erimus?</strong></span> <span class='ocrx_word' id='word_1_93' title='bbox 436 1485 490 1540; x_wconf 81' lang='lat' dir='ltr'><strong>Si</strong></span> <span class='ocrx_word' id='word_1_94' title='bbox 512 1497 696 1537; x_wconf 77' lang='lat' dir='ltr'><strong>servus</strong></span> <span class='ocrx_word' id='word_1_95' title='bbox 723 1494 824 1534; x_wconf 92' lang='lat' dir='ltr'><strong>non</strong></span> <span class='ocrx_word' id='word_1_96' title='bbox 857 1493 952 1531; x_wconf 87' lang='lat' dir='ltr'><strong>ero</strong></span> <span class='ocrx_word' id='word_1_97' title='bbox 981 1482 1244 1545; x_wconf 85' lang='lat' dir='ltr'><strong>pra-cepta</strong></span> <span class='ocrx_word' id='word_1_98' title='bbox 1273 1471 1514 1527; x_wconf 87' lang='lat' dir='ltr'><strong>faciendo</strong></span> <span class='ocrx_word' id='word_1_99' title='bbox 1533 1513 1548 1533; x_wconf 88' lang='lat'><strong>,</strong></span> <span class='ocrx_word' id='word_1_100' title='bbox 1579 1480 1633 1524; x_wconf 91' lang='lat' dir='ltr'><strong>ct</strong></span> <span class='ocrx_word' id='word_1_101' title='bbox 1661 1469 1761 1523; x_wconf 78' lang='lat' dir='ltr'><strong>nisi</strong></span> 
     </span>
    </p>
   </div>
   <div class='ocr_carea' id='block_1_14' title="bbox 212 1558 1761 1651">
    <p class='ocr_par' dir='ltr' id='par_1_14' title="bbox 212 1558 1761 1651">
     <span class='ocr_line' id='line_1_14' title="bbox 212 1558 1761 1651; baseline -0.015 -16"><span class='ocrx_word' id='word_1_102' title='bbox 212 1589 441 1651; x_wconf 69' lang='lat' dir='ltr'><strong>pra-cepta</strong></span> <span class='ocrx_word' id='word_1_103' title='bbox 472 1575 647 1630; x_wconf 82' lang='lat' dir='ltr'><strong>fecero</strong></span> <span class='ocrx_word' id='word_1_104' title='bbox 667 1612 683 1639; x_wconf 95' lang='lat'><strong>,</strong></span> <span class='ocrx_word' id='word_1_105' title='bbox 716 1569 916 1626; x_wconf 75' lang='lat' dir='ltr'><strong>servire</strong></span> <span class='ocrx_word' id='word_1_106' title='bbox 941 1583 1047 1622; x_wconf 88' lang='lat' dir='ltr'><strong>non</strong></span> <span class='ocrx_word' id='word_1_107' title='bbox 1079 1577 1299 1636; x_wconf 82' lang='lat' dir='ltr'><strong>potero;</strong></span> <span class='ocrx_word' id='word_1_108' title='bbox 1334 1576 1461 1633; x_wconf 77' lang='lat' dir='ltr'><strong>ergo</strong></span> <span class='ocrx_word' id='word_1_109' title='bbox 1480 1558 1761 1616; x_wconf 87' lang='lat' dir='ltr'><strong>serviendo</strong></span> 
     </span>
    </p>
   </div>
   <div class='ocr_carea' id='block_1_15' title="bbox 213 1681 637 1742">
    <p class='ocr_par' dir='ltr' id='par_1_15' title="bbox 213 1681 637 1742">
     <span class='ocr_line' id='line_1_15' title="bbox 213 1681 637 1742; baseline -0.017 -16"><span class='ocrx_word' id='word_1_110' title='bbox 213 1687 369 1742; x_wconf 58' lang='lat' dir='ltr'><strong>servus</strong></span> <span class='ocrx_word' id='word_1_111' title='bbox 393 1683 492 1721; x_wconf 90' lang='lat' dir='ltr'><strong>non</strong></span> <span class='ocrx_word' id='word_1_112' title='bbox 520 1681 637 1721; x_wconf 87' lang='lat' dir='ltr'><strong>ero.</strong></span> 
     </span>
    </p>
   </div>
   <div class='ocr_carea' id='block_1_16' title="bbox 268 1742 1762 1834">
    <p class='ocr_par' dir='ltr' id='par_1_16' title="bbox 268 1742 1762 1834">
     <span class='ocr_line' id='line_1_16' title="bbox 268 1742 1762 1834; baseline -0.019 -9"><span class='ocrx_word' id='word_1_113' title='bbox 268 1771 312 1825; x_wconf 74' lang='grc'><strong>3.</strong></span> <span class='ocrx_word' id='word_1_114' title='bbox 340 1767 688 1834; x_wconf 63' lang='grc' dir='ltr'><strong>Ιιιιριεὶεειιιιιιε</strong></span> <span class='ocrx_word' id='word_1_115' title='bbox 708 1803 723 1827; x_wconf 83' lang='grc'><em>,</em></span> <span class='ocrx_word' id='word_1_116' title='bbox 774 1758 964 1814; x_wconf 90' lang='lat' dir='ltr'><strong>fratres</strong></span> <span class='ocrx_word' id='word_1_117' title='bbox 987 1799 1001 1815; x_wconf 87' lang='grc'><strong>.</strong></span> <span class='ocrx_word' id='word_1_118' title='bbox 1055 1755 1416 1825; x_wconf 77' lang='lat' dir='ltr'><strong>intelligamus</strong></span> <span class='ocrx_word' id='word_1_119' title='bbox 1435 1791 1449 1811; x_wconf 88' lang='lat'><strong>.</strong></span> <span class='ocrx_word' id='word_1_120' title='bbox 1483 1755 1539 1804; x_wconf 88' lang='lat' dir='ltr'><strong>et</strong></span> <span class='ocrx_word' id='word_1_121' title='bbox 1582 1745 1682 1800; x_wconf 87' lang='lat' dir='ltr'><strong>Itoc</strong></span> <span class='ocrx_word' id='word_1_122' title='bbox 1710 1742 1762 1797; x_wconf 90' lang='lat' dir='ltr'><strong>in</strong></span> 
     </span>
    </p>
   </div>
   <div class='ocr_carea' id='block_1_17' title="bbox 213 1837 1767 1918">
    <p class='ocr_par' dir='ltr' id='par_1_17' title="bbox 213 1837 1767 1918">
     <span class='ocr_line' id='line_1_17' title="bbox 213 1837 1767 1918; baseline -0.019 0"><span class='ocrx_word' id='word_1_123' title='bbox 213 1860 344 1918; x_wconf 83' lang='lat' dir='ltr'><strong>nobis</strong></span> <span class='ocrx_word' id='word_1_124' title='bbox 375 1857 623 1913; x_wconf 82' lang='lat' dir='ltr'><strong>Dominus</strong></span> <span class='ocrx_word' id='word_1_125' title='bbox 650 1853 804 1907; x_wconf 82' lang='lat' dir='ltr'><strong>faciat</strong></span> <span class='ocrx_word' id='word_1_126' title='bbox 834 1861 884 1903; x_wconf 90' lang='lat' dir='ltr'><strong>ut</strong></span> <span class='ocrx_word' id='word_1_127' title='bbox 920 1847 1278 1918; x_wconf 81' lang='lat' dir='ltr'><strong>intellIgamus</strong></span> <span class='ocrx_word' id='word_1_128' title='bbox 1298 1885 1314 1909; x_wconf 93' lang='lat'><strong>,</strong></span> <span class='ocrx_word' id='word_1_129' title='bbox 1345 1841 1499 1895; x_wconf 76' lang='lat' dir='ltr'><strong>faciat</strong></span> <span class='ocrx_word' id='word_1_130' title='bbox 1529 1837 1686 1890; x_wconf 90' lang='lat' dir='ltr'><strong>etiam</strong></span> <span class='ocrx_word' id='word_1_131' title='bbox 1709 1842 1767 1888; x_wconf 90' lang='lat' dir='ltr'><strong>ut</strong></span> 
     </span>
    </p>
   </div>
   <div class='ocr_carea' id='block_1_18' title="bbox 211 1928 1766 2007">
    <p class='ocr_par' dir='ltr' id='par_1_18' title="bbox 211 1928 1766 2007">
     <span class='ocr_line' id='line_1_18' title="bbox 211 1928 1766 2007; baseline -0.019 -1"><span class='ocrx_word' id='word_1_132' title='bbox 211 1951 448 2007; x_wconf 65' lang='lat' dir='ltr'><strong>intellecta</strong></span> <span class='ocrx_word' id='word_1_133' title='bbox 499 1947 774 2000; x_wconf 64' lang='lat' dir='ltr'><strong>faciamus.</strong></span> <span class='ocrx_word' id='word_1_134' title='bbox 817 1941 928 1996; x_wconf 89' lang='lat' dir='ltr'><strong>lloc</strong></span> <span class='ocrx_word' id='word_1_135' title='bbox 957 1950 1132 1994; x_wconf 89' lang='lat' dir='ltr'><strong>autem</strong></span> <span class='ocrx_word' id='word_1_136' title='bbox 1169 1938 1213 1990; x_wconf 92' lang='lat' dir='ltr'><strong>si</strong></span> <span class='ocrx_word' id='word_1_137' title='bbox 1258 1936 1488 1996; x_wconf 76' lang='lat' dir='ltr'><strong>scimus,</strong></span> <span class='ocrx_word' id='word_1_138' title='bbox 1532 1928 1766 1998; x_wconf 83' lang='lat' dir='ltr'><strong>profecto</strong></span> 
     </span>
    </p>
   </div>
   <div class='ocr_carea' id='block_1_19' title="bbox 209 2022 1764 2110">
    <p class='ocr_par' dir='ltr' id='par_1_19' title="bbox 209 2022 1764 2110">
     <span class='ocr_line' id='line_1_19' title="bbox 209 2022 1764 2110; baseline -0.017 -12"><span class='ocrx_word' id='word_1_139' title='bbox 209 2044 381 2098; x_wconf 77' lang='lat' dir='ltr'><strong>scimus</strong></span> <span class='ocrx_word' id='word_1_140' title='bbox 404 2039 542 2110; x_wconf 88' lang='lat' dir='ltr'><strong>quod</strong></span> <span class='ocrx_word' id='word_1_141' title='bbox 571 2036 693 2091; x_wconf 80' lang='lat' dir='ltr'><strong>facit</strong></span> <span class='ocrx_word' id='word_1_142' title='bbox 726 2033 1012 2096; x_wconf 82' lang='lat' dir='ltr'><strong>Dominus,</strong></span> <span class='ocrx_word' id='word_1_143' title='bbox 1044 2031 1169 2100; x_wconf 83' lang='lat' dir='ltr'><strong>quia</strong></span> <span class='ocrx_word' id='word_1_144' title='bbox 1200 2043 1300 2082; x_wconf 88' lang='lat' dir='ltr'><strong>nos</strong></span> <span class='ocrx_word' id='word_1_145' title='bbox 1331 2027 1475 2095; x_wconf 62' lang='lat' dir='ltr'><strong>ipsos</strong></span> <span class='ocrx_word' id='word_1_146' title='bbox 1501 2022 1632 2075; x_wconf 88' lang='lat' dir='ltr'><strong>tales</strong></span> <span class='ocrx_word' id='word_1_147' title='bbox 1660 2033 1764 2073; x_wconf 89' lang='lat' dir='ltr'><strong>non</strong></span> 
     </span>
    </p>
   </div>
   <div class='ocr_carea' id='block_1_20' title="bbox 207 2114 1762 2208">
    <p class='ocr_par' dir='ltr' id='par_1_20' title="bbox 207 2114 1762 2208">
     <span class='ocr_line' id='line_1_20' title="bbox 207 2114 1762 2208; baseline -0.017 -21"><span class='ocrx_word' id='word_1_148' title='bbox 207 2135 315 2208; x_wconf 75' lang='lat' dir='ltr'><strong>pcit</strong></span> <span class='ocrx_word' id='word_1_149' title='bbox 338 2131 430 2186; x_wconf 73' lang='lat' dir='ltr'><strong>nisi</strong></span> <span class='ocrx_word' id='word_1_150' title='bbox 452 2128 705 2185; x_wconf 81' lang='lat' dir='ltr'><strong>Dominus</strong></span> <span class='ocrx_word' id='word_1_151' title='bbox 726 2167 743 2191; x_wconf 91' lang='lat'><strong>,</strong></span> <span class='ocrx_word' id='word_1_152' title='bbox 769 2134 822 2180; x_wconf 88' lang='lat' dir='ltr'><strong>et</strong></span> <span class='ocrx_word' id='word_1_153' title='bbox 849 2139 944 2194; x_wconf 85' lang='lat' dir='ltr'><strong>per</strong></span> <span class='ocrx_word' id='word_1_154' title='bbox 961 2123 1062 2176; x_wconf 83' lang='lat' dir='ltr'><strong>hoc</strong></span> <span class='ocrx_word' id='word_1_155' title='bbox 1087 2120 1152 2174; x_wconf 87' lang='lat' dir='ltr'><strong>ad</strong></span> <span class='ocrx_word' id='word_1_156' title='bbox 1181 2118 1298 2188; x_wconf 85' lang='lat' dir='ltr'><strong>ejus</strong></span> <span class='ocrx_word' id='word_1_157' title='bbox 1322 2114 1608 2169; x_wconf 80' lang='lat' dir='ltr'><strong>amicitiam</strong></span> <span class='ocrx_word' id='word_1_158' title='bbox 1635 2125 1762 2179; x_wconf 84' lang='lat' dir='ltr'><strong>per-</strong></span> 
     </span>
    </p>
   </div>
   <div class='ocr_carea' id='block_1_21' title="bbox 211 2203 1768 2279">
    <p class='ocr_par' dir='ltr' id='par_1_21' title="bbox 211 2203 1768 2279">
     <span class='ocr_line' id='line_1_21' title="bbox 211 2203 1768 2279; baseline -0.015 0"><span class='ocrx_word' id='word_1_159' title='bbox 211 2203 432 2279; x_wconf 80' lang='lat' dir='ltr'><strong>tinemns.</strong></span> <span class='ocrx_word' id='word_1_160' title='bbox 461 2221 608 2277; x_wconf 88' lang='lat' dir='ltr'><strong>Sicut</strong></span> <span class='ocrx_word' id='word_1_161' title='bbox 645 2218 787 2273; x_wconf 90' lang='lat' dir='ltr'><strong>enim</strong></span> <span class='ocrx_word' id='word_1_162' title='bbox 827 2217 934 2270; x_wconf 90' lang='lat' dir='ltr'><strong>duo</strong></span> <span class='ocrx_word' id='word_1_163' title='bbox 978 2222 1102 2268; x_wconf 88' lang='lat' dir='ltr'><strong>sunt</strong></span> <span class='ocrx_word' id='word_1_164' title='bbox 1150 2211 1402 2273; x_wconf 85' lang='lat' dir='ltr'><strong>timores,</strong></span> <span class='ocrx_word' id='word_1_165' title='bbox 1434 2206 1524 2277; x_wconf 87' lang='lat' dir='ltr'><strong>qui</strong></span> <span class='ocrx_word' id='word_1_166' title='bbox 1569 2203 1768 2258; x_wconf 87' lang='lat' dir='ltr'><strong>faciunt</strong></span> 
     </span>
    </p>
   </div>
   <div class='ocr_carea' id='block_1_22' title="bbox 208 2300 1759 2383">
    <p class='ocr_par' dir='ltr' id='par_1_22' title="bbox 208 2300 1759 2383">
     <span class='ocr_line' id='line_1_22' title="bbox 208 2300 1759 2383; baseline -0.016 -11"><span class='ocrx_word' id='word_1_167' title='bbox 208 2315 300 2372; x_wconf 83' lang='lat' dir='ltr'><strong>duo</strong></span> <span class='ocrx_word' id='word_1_168' title='bbox 320 2329 501 2383; x_wconf 75' lang='lat' dir='ltr'><strong>genera</strong></span> <span class='ocrx_word' id='word_1_169' title='bbox 531 2311 861 2374; x_wconf 84' lang='lat' dir='ltr'><strong>timentium;</strong></span> <span class='ocrx_word' id='word_1_170' title='bbox 888 2308 966 2361; x_wconf 84' lang='lat' dir='ltr'><strong>sic.</strong></span> <span class='ocrx_word' id='word_1_171' title='bbox 993 2306 1111 2361; x_wconf 70' lang='lat' dir='ltr'><strong>dua:</strong></span> <span class='ocrx_word' id='word_1_172' title='bbox 1137 2311 1261 2359; x_wconf 91' lang='lat' dir='ltr'><strong>sunt</strong></span> <span class='ocrx_word' id='word_1_173' title='bbox 1295 2300 1576 2356; x_wconf 88' lang='lat' dir='ltr'><strong>servitutes</strong></span> <span class='ocrx_word' id='word_1_174' title='bbox 1593 2337 1611 2363; x_wconf 94' lang='lat'><strong>,</strong></span> <span class='ocrx_word' id='word_1_175' title='bbox 1639 2310 1759 2366; x_wconf 81' lang='lat' dir='ltr'><strong>qua:</strong></span> 
     </span>
    </p>
   </div>
   <div class='ocr_carea' id='block_1_23' title="bbox 209 2396 1761 2472">
    <p class='ocr_par' dir='ltr' id='par_1_23' title="bbox 209 2396 1761 2472">
     <span class='ocr_line' id='line_1_23' title="bbox 209 2396 1761 2472; baseline -0.014 -10"><span class='ocrx_word' id='word_1_176' title='bbox 209 2408 385 2464; x_wconf 82' lang='lat' dir='ltr'><strong>iaciunt</strong></span> <span class='ocrx_word' id='word_1_177' title='bbox 409 2406 513 2461; x_wconf 89' lang='lat' dir='ltr'><strong>duo</strong></span> <span class='ocrx_word' id='word_1_178' title='bbox 541 2419 734 2472; x_wconf 80' lang='lat' dir='ltr'><strong>genera</strong></span> <span class='ocrx_word' id='word_1_179' title='bbox 765 2415 1060 2457; x_wconf 89' lang='lat' dir='ltr'><strong>servorum.</strong></span> <span class='ocrx_word' id='word_1_180' title='bbox 1093 2398 1186 2453; x_wconf 73' lang='lat' dir='ltr'><strong>Est</strong></span> <span class='ocrx_word' id='word_1_181' title='bbox 1233 2396 1392 2450; x_wconf 88' lang='lat' dir='ltr'><strong>titnor</strong></span> <span class='ocrx_word' id='word_1_182' title='bbox 1439 2406 1595 2461; x_wconf 89' lang='lat' dir='ltr'><strong>quem</strong></span> <span class='ocrx_word' id='word_1_183' title='bbox 1638 2402 1761 2458; x_wconf 87' lang='lat' dir='ltr'><strong>per—</strong></span> 
     </span>
    </p>
   </div>
   <div class='ocr_carea' id='block_1_24' title="bbox 211 2483 1768 2560">
    <p class='ocr_par' dir='ltr' id='par_1_24' title="bbox 211 2483 1768 2560">
     <span class='ocr_line' id='line_1_24' title="bbox 211 2483 1768 2560; baseline -0.015 -6"><span class='ocrx_word' id='word_1_184' title='bbox 211 2499 328 2554; x_wconf 84' lang='lat' dir='ltr'><strong>lecta</strong></span> <span class='ocrx_word' id='word_1_185' title='bbox 367 2498 590 2551; x_wconf 78' lang='lat' dir='ltr'><strong>citaritas</strong></span> <span class='ocrx_word' id='word_1_186' title='bbox 639 2495 780 2548; x_wconf 86' lang='lat' dir='ltr'><strong>foras</strong></span> <span class='ocrx_word' id='word_1_187' title='bbox 833 2491 993 2546; x_wconf 90' lang='lat' dir='ltr'><strong>mittit</strong></span> <span class='ocrx_word' id='word_1_188' title='bbox 1025 2488 1065 2560; x_wconf 94' lang='grc' dir='ltr'><strong>(Ι</strong></span> <span class='ocrx_word' id='word_1_189' title='bbox 1115 2487 1273 2541; x_wconf 82' lang='lat' dir='ltr'><strong>Joaa.</strong></span> <span class='ocrx_word' id='word_1_190' title='bbox 1322 2500 1416 2547; x_wconf 87' lang='lat' dir='ltr'><strong>Iv,</strong></span> <span class='ocrx_word' id='word_1_191' title='bbox 1448 2483 1536 2551; x_wconf 84' lang='grc'><strong>18)</strong></span> <span class='ocrx_word' id='word_1_192' title='bbox 1562 2523 1577 2544; x_wconf 86' lang='grc'><em>,</em></span> <span class='ocrx_word' id='word_1_193' title='bbox 1603 2489 1658 2535; x_wconf 88' lang='lat' dir='ltr'><strong>et</strong></span> <span class='ocrx_word' id='word_1_194' title='bbox 1685 2485 1768 2531; x_wconf 81' lang='lat' dir='ltr'><strong>est</strong></span> 
     </span>
    </p>
   </div>
   <div class='ocr_carea' id='block_1_25' title="bbox 209 2569 1764 2654">
    <p class='ocr_par' dir='ltr' id='par_1_25' title="bbox 209 2569 1764 2654">
     <span class='ocr_line' id='line_1_25' title="bbox 209 2569 1764 2654; baseline -0.013 -12"><span class='ocrx_word' id='word_1_195' title='bbox 209 2591 329 2644; x_wconf 82' lang='lat' dir='ltr'><strong>alius</strong></span> <span class='ocrx_word' id='word_1_196' title='bbox 340 2589 488 2643; x_wconf 87' lang='lat' dir='ltr'><strong>timor</strong></span> <span class='ocrx_word' id='word_1_197' title='bbox 503 2595 682 2642; x_wconf 82' lang='lat' dir='ltr'><strong>casnts</strong></span> <span class='ocrx_word' id='word_1_198' title='bbox 706 2594 1022 2654; x_wconf 85' lang='lat' dir='ltr'><strong>permanens</strong></span> <span class='ocrx_word' id='word_1_199' title='bbox 1049 2581 1098 2634; x_wconf 90' lang='lat' dir='ltr'><strong>in</strong></span> <span class='ocrx_word' id='word_1_200' title='bbox 1122 2578 1372 2632; x_wconf 56' lang='lat' dir='ltr'><strong>saeculum</strong></span> <span class='ocrx_word' id='word_1_201' title='bbox 1393 2573 1568 2629; x_wconf 69' lang='lat' dir='ltr'><strong>seculi</strong></span> <span class='ocrx_word' id='word_1_202' title='bbox 1592 2569 1764 2641; x_wconf 85' lang='lat' dir='ltr'><strong>(Psal.</strong></span> 
     </span>
    </p>
   </div>
   <div class='ocr_carea' id='block_1_26' title="bbox 210 2664 1765 2743">
    <p class='ocr_par' dir='ltr' id='par_1_26' title="bbox 210 2664 1765 2743">
     <span class='ocr_line' id='line_1_26' title="bbox 210 2664 1765 2743; baseline -0.015 -8"><span class='ocrx_word' id='word_1_203' title='bbox 210 2695 345 2743; x_wconf 73' lang='grc' dir='ltr'><strong>ιτιιι,</strong></span> <span class='ocrx_word' id='word_1_204' title='bbox 368 2679 470 2743; x_wconf 86' lang='grc'><strong>10).</strong></span> <span class='ocrx_word' id='word_1_205' title='bbox 497 2678 648 2733; x_wconf 89' lang='grc' dir='ltr'><strong>ΙΙΙιιιιι</strong></span> <span class='ocrx_word' id='word_1_206' title='bbox 678 2676 919 2728; x_wconf 83' lang='lat' dir='ltr'><strong>Iinmrem</strong></span> <span class='ocrx_word' id='word_1_207' title='bbox 946 2671 1033 2740; x_wconf 91' lang='lat' dir='ltr'><strong>qni</strong></span> <span class='ocrx_word' id='word_1_208' title='bbox 1058 2686 1161 2723; x_wconf 91' lang='lat' dir='ltr'><strong>non</strong></span> <span class='ocrx_word' id='word_1_209' title='bbox 1189 2677 1272 2722; x_wconf 88' lang='lat' dir='ltr'><strong>est</strong></span> <span class='ocrx_word' id='word_1_210' title='bbox 1298 2667 1348 2720; x_wconf 92' lang='lat' dir='ltr'><strong>iu</strong></span> <span class='ocrx_word' id='word_1_211' title='bbox 1375 2664 1657 2725; x_wconf 82' lang='lat' dir='ltr'><strong>cltaritatc,</strong></span> <span class='ocrx_word' id='word_1_212' title='bbox 1685 2667 1765 2713; x_wconf 83' lang='lat' dir='ltr'><strong>at-</strong></span> 
     </span>
    </p>
   </div>
   <div class='ocr_carea' id='block_1_27' title="bbox 216 2755 1767 2838">
    <p class='ocr_par' dir='ltr' id='par_1_27' title="bbox 216 2755 1767 2838">
     <span class='ocr_line' id='line_1_27' title="bbox 216 2755 1767 2838; baseline -0.014 -14"><span class='ocrx_word' id='word_1_213' title='bbox 216 2771 437 2826; x_wconf 78' lang='lat' dir='ltr'><strong>tendebat</strong></span> <span class='ocrx_word' id='word_1_214' title='bbox 480 2766 799 2838; x_wconf 81' lang='lat' dir='ltr'><strong>Apostolus,</strong></span> <span class='ocrx_word' id='word_1_215' title='bbox 847 2779 968 2818; x_wconf 93' lang='lat' dir='ltr'><strong>cum</strong></span> <span class='ocrx_word' id='word_1_216' title='bbox 1001 2761 1208 2816; x_wconf 91' lang='lat' dir='ltr'><strong>dicebat</strong></span> <span class='ocrx_word' id='word_1_217' title='bbox 1251 2777 1265 2812; x_wconf 90' lang='lat'>:</span> <span class='ocrx_word' id='word_1_218' title='bbox 1300 2757 1421 2811; x_wconf 85' lang='lat' dir='ltr'><strong>Non</strong></span> <span class='ocrx_word' id='word_1_219' title='bbox 1473 2755 1604 2808; x_wconf 87' lang='lat' dir='ltr'><strong>enim</strong></span> <span class='ocrx_word' id='word_1_220' title='bbox 1627 2767 1767 2805; x_wconf 87' lang='lat' dir='ltr'><strong>acce-</strong></span> 
     </span>
    </p>
   </div>
   <div class='ocr_carea' id='block_1_28' title="bbox 216 2846 1761 2932">
    <p class='ocr_par' dir='ltr' id='par_1_28' title="bbox 216 2846 1761 2932">
     <span class='ocr_line' id='line_1_28' title="bbox 216 2846 1761 2932; baseline -0.014 -14"><span class='ocrx_word' id='word_1_221' title='bbox 216 2863 340 2931; x_wconf 79' lang='lat' dir='ltr'><strong>pistis</strong></span> <span class='ocrx_word' id='word_1_222' title='bbox 364 2861 587 2932; x_wconf 75' lang='lat' dir='ltr'><strong>spiritum</strong></span> <span class='ocrx_word' id='word_1_223' title='bbox 611 2855 862 2912; x_wconf 69' lang='lat' dir='ltr'><strong>servitutis</strong></span> <span class='ocrx_word' id='word_1_224' title='bbox 903 2855 1081 2908; x_wconf 84' lang='lat' dir='ltr'><strong>iterant</strong></span> <span class='ocrx_word' id='word_1_225' title='bbox 1110 2852 1163 2905; x_wconf 91' lang='lat' dir='ltr'><strong>in</strong></span> <span class='ocrx_word' id='word_1_226' title='bbox 1211 2851 1388 2903; x_wconf 91' lang='lat' dir='ltr'><strong>timore</strong></span> <span class='ocrx_word' id='word_1_227' title='bbox 1413 2846 1434 2918; x_wconf 92' lang='lat'>(</span> <span class='ocrx_word' id='word_1_228' title='bbox 1458 2846 1605 2900; x_wconf 83' lang='lat' dir='ltr'><strong>Rom.</strong></span> <span class='ocrx_word' id='word_1_229' title='bbox 1635 2859 1724 2898; x_wconf 73' lang='lat' dir='ltr'>VIII</span> <span class='ocrx_word' id='word_1_230' title='bbox 1746 2883 1761 2909; x_wconf 90' lang='lat'><strong>,</strong></span> 
     </span>
    </p>
   </div>
   <div class='ocr_carea' id='block_1_29' title="bbox 217 2937 1764 3022">
    <p class='ocr_par' dir='ltr' id='par_1_29' title="bbox 217 2937 1764 3022">
     <span class='ocr_line' id='line_1_29' title="bbox 217 2937 1764 3022; baseline -0.012 -15"><span class='ocrx_word' id='word_1_231' title='bbox 217 2952 314 3022; x_wconf 79' lang='grc'><strong>15).</strong></span> <span class='ocrx_word' id='word_1_232' title='bbox 343 2953 483 3007; x_wconf 90' lang='lat' dir='ltr'><strong>Illum</strong></span> <span class='ocrx_word' id='word_1_233' title='bbox 527 2958 703 3004; x_wconf 91' lang='lat' dir='ltr'><strong>autem</strong></span> <span class='ocrx_word' id='word_1_234' title='bbox 757 2948 1000 3001; x_wconf 76' lang='lat' dir='ltr'><strong>timorem</strong></span> <span class='ocrx_word' id='word_1_235' title='bbox 1030 2953 1234 2998; x_wconf 90' lang='lat' dir='ltr'><strong>castum</strong></span> <span class='ocrx_word' id='word_1_236' title='bbox 1279 2937 1612 2999; x_wconf 88' lang='lat' dir='ltr'><strong>attendebat,</strong></span> <span class='ocrx_word' id='word_1_237' title='bbox 1643 2949 1764 2989; x_wconf 92' lang='lat' dir='ltr'><strong>cum</strong></span> 
     </span>
    </p>
   </div>
   <div class='ocr_carea' id='block_1_30' title="bbox 215 3025 1766 3107">
    <p class='ocr_par' dir='ltr' id='par_1_30' title="bbox 215 3025 1766 3107">
     <span class='ocr_line' id='line_1_30' title="bbox 215 3025 1766 3107; baseline -0.013 -7"><span class='ocrx_word' id='word_1_238' title='bbox 215 3044 432 3100; x_wconf 84' lang='lat' dir='ltr'><strong>diccbat:</strong></span> <span class='ocrx_word' id='word_1_239' title='bbox 480 3041 601 3096; x_wconf 84' lang='lat' dir='ltr'><strong>Noli</strong></span> <span class='ocrx_word' id='word_1_240' title='bbox 625 3042 786 3095; x_wconf 88' lang='lat' dir='ltr'><strong>altnnt</strong></span> <span class='ocrx_word' id='word_1_241' title='bbox 811 3053 1010 3107; x_wconf 83' lang='lat' dir='ltr'><strong>sapere,</strong></span> <span class='ocrx_word' id='word_1_242' title='bbox 1044 3034 1131 3088; x_wconf 88' lang='lat' dir='ltr'><strong>sed</strong></span> <span class='ocrx_word' id='word_1_243' title='bbox 1173 3034 1289 3087; x_wconf 89' lang='lat' dir='ltr'><strong>time</strong></span> <span class='ocrx_word' id='word_1_244' title='bbox 1317 3029 1426 3104; x_wconf 88' lang='lat' dir='ltr'><strong>(Id.</strong></span> <span class='ocrx_word' id='word_1_245' title='bbox 1457 3044 1535 3092; x_wconf 72' lang='lat' dir='ltr'><strong>XI,</strong></span> <span class='ocrx_word' id='word_1_246' title='bbox 1559 3026 1676 3094; x_wconf 80' lang='grc'><strong>20).</strong></span> <span class='ocrx_word' id='word_1_247' title='bbox 1710 3025 1766 3080; x_wconf 84' lang='grc' dir='ltr'><strong>Ιιι</strong></span> 
     </span>
    </p>
   </div>
   <div class='ocr_carea' id='block_1_31' title="bbox 218 3120 1767 3202">
    <p class='ocr_par' dir='ltr' id='par_1_31' title="bbox 218 3120 1767 3202">
     <span class='ocr_line' id='line_1_31' title="bbox 218 3120 1767 3202; baseline -0.012 -14"><span class='ocrx_word' id='word_1_248' title='bbox 218 3134 298 3188; x_wconf 88' lang='lat' dir='ltr'><strong>illo</strong></span> <span class='ocrx_word' id='word_1_249' title='bbox 323 3134 499 3188; x_wconf 87' lang='lat' dir='ltr'><strong>timore</strong></span> <span class='ocrx_word' id='word_1_250' title='bbox 523 3147 681 3202; x_wconf 86' lang='lat' dir='ltr'><strong>quem</strong></span> <span class='ocrx_word' id='word_1_251' title='bbox 713 3129 854 3183; x_wconf 86' lang='lat' dir='ltr'><strong>foras</strong></span> <span class='ocrx_word' id='word_1_252' title='bbox 878 3126 1110 3182; x_wconf 84' lang='lat' dir='ltr'><strong>clIaritas</strong></span> <span class='ocrx_word' id='word_1_253' title='bbox 1138 3123 1327 3186; x_wconf 89' lang='lat' dir='ltr'><strong>mittit,</strong></span> <span class='ocrx_word' id='word_1_254' title='bbox 1355 3128 1439 3175; x_wconf 89' lang='lat' dir='ltr'><strong>est</strong></span> <span class='ocrx_word' id='word_1_255' title='bbox 1465 3120 1624 3174; x_wconf 87' lang='lat' dir='ltr'><strong>etiam</strong></span> <span class='ocrx_word' id='word_1_256' title='bbox 1654 3132 1767 3172; x_wconf 85' lang='lat' dir='ltr'><strong>scr-</strong></span> 
     </span>
    </p>
   </div>
   <div class='ocr_carea' id='block_1_32' title="bbox 215 3212 1766 3289">
    <p class='ocr_par' dir='ltr' id='par_1_32' title="bbox 215 3212 1766 3289">
     <span class='ocr_line' id='line_1_32' title="bbox 215 3212 1766 3289; baseline -0.008 -13"><span class='ocrx_word' id='word_1_257' title='bbox 215 3226 337 3281; x_wconf 83' lang='lat' dir='ltr'><strong>vitus</strong></span> <span class='ocrx_word' id='word_1_258' title='bbox 357 3225 505 3281; x_wconf 82' lang='lat' dir='ltr'><strong>simul</strong></span> <span class='ocrx_word' id='word_1_259' title='bbox 535 3223 679 3277; x_wconf 90' lang='lat' dir='ltr'><strong>foras</strong></span> <span class='ocrx_word' id='word_1_260' title='bbox 701 3237 821 3276; x_wconf 90' lang='lat' dir='ltr'><strong>cum</strong></span> <span class='ocrx_word' id='word_1_261' title='bbox 864 3221 979 3289; x_wconf 85' lang='lat' dir='ltr'><strong>ipso</strong></span> <span class='ocrx_word' id='word_1_262' title='bbox 1008 3218 1199 3271; x_wconf 86' lang='lat' dir='ltr'><strong>timore</strong></span> <span class='ocrx_word' id='word_1_263' title='bbox 1225 3212 1478 3269; x_wconf 89' lang='lat' dir='ltr'><strong>mittenda</strong></span> <span class='ocrx_word' id='word_1_264' title='bbox 1511 3229 1525 3265; x_wconf 89' lang='lat'><strong>:</strong></span> <span class='ocrx_word' id='word_1_265' title='bbox 1557 3220 1766 3264; x_wconf 89' lang='lat' dir='ltr'><strong>utrum-</strong></span> 
     </span>
    </p>
   </div>
   <div class='ocr_carea' id='block_1_33' title="bbox 216 3300 1766 3388">
    <p class='ocr_par' dir='ltr' id='par_1_33' title="bbox 216 3300 1766 3388">
     <span class='ocr_line' id='line_1_33' title="bbox 216 3300 1766 3388; baseline -0.014 -14"><span class='ocrx_word' id='word_1_266' title='bbox 216 3333 308 3388; x_wconf 86' lang='lat' dir='ltr'><strong>que</strong></span> <span class='ocrx_word' id='word_1_267' title='bbox 327 3317 457 3372; x_wconf 88' lang='lat' dir='ltr'><strong>enim</strong></span> <span class='ocrx_word' id='word_1_268' title='bbox 479 3315 657 3384; x_wconf 75' lang='lat' dir='ltr'><strong>juuxit</strong></span> <span class='ocrx_word' id='word_1_269' title='bbox 685 3311 1000 3383; x_wconf 77' lang='lat' dir='ltr'><strong>Apostolus,</strong></span> <span class='ocrx_word' id='word_1_270' title='bbox 1035 3309 1136 3362; x_wconf 90' lang='lat' dir='ltr'><strong>lIoc</strong></span> <span class='ocrx_word' id='word_1_271' title='bbox 1161 3315 1242 3360; x_wconf 87' lang='lat' dir='ltr'><strong>est</strong></span> <span class='ocrx_word' id='word_1_272' title='bbox 1271 3304 1580 3360; x_wconf 79' lang='lat' dir='ltr'><strong>servitutem</strong></span> <span class='ocrx_word' id='word_1_273' title='bbox 1609 3311 1664 3356; x_wconf 91' lang='lat' dir='ltr'><strong>et</strong></span> <span class='ocrx_word' id='word_1_274' title='bbox 1694 3300 1766 3354; x_wconf 84' lang='lat' dir='ltr'><strong>ti-</strong></span> 
     </span>
    </p>
   </div>
   <div class='ocr_carea' id='block_1_34' title="bbox 215 3392 1763 3474">
    <p class='ocr_par' dir='ltr' id='par_1_34' title="bbox 215 3392 1763 3474">
     <span class='ocr_line' id='line_1_34' title="bbox 215 3392 1763 3474; baseline -0.012 -11"><span class='ocrx_word' id='word_1_275' title='bbox 215 3424 391 3465; x_wconf 79' lang='lat' dir='ltr'><strong>marem</strong></span> <span class='ocrx_word' id='word_1_276' title='bbox 412 3449 426 3474; x_wconf 91' lang='lat'><strong>,</strong></span> <span class='ocrx_word' id='word_1_277' title='bbox 454 3405 679 3464; x_wconf 88' lang='lat' dir='ltr'><strong>diccmlo</strong></span> <span class='ocrx_word' id='word_1_278' title='bbox 697 3446 712 3468; x_wconf 89' lang='lat'><strong>,</strong></span> <span class='ocrx_word' id='word_1_279' title='bbox 741 3402 862 3458; x_wconf 86' lang='lat' dir='ltr'><strong>Non</strong></span> <span class='ocrx_word' id='word_1_280' title='bbox 889 3402 1022 3456; x_wconf 88' lang='lat' dir='ltr'><strong>enim</strong></span> <span class='ocrx_word' id='word_1_281' title='bbox 1064 3397 1323 3468; x_wconf 86' lang='lat' dir='ltr'><strong>accepistis</strong></span> <span class='ocrx_word' id='word_1_282' title='bbox 1351 3395 1582 3464; x_wconf 86' lang='lat' dir='ltr'><strong>spiritum</strong></span> <span class='ocrx_word' id='word_1_283' title='bbox 1608 3392 1763 3447; x_wconf 81' lang='lat' dir='ltr'><strong>servi-</strong></span> 
     </span>
    </p>
   </div>
   <div class='ocr_carea' id='block_1_35' title="bbox 214 3491 1767 3556">
    <p class='ocr_par' dir='ltr' id='par_1_35' title="bbox 214 3491 1767 3556">
     <span class='ocr_line' id='line_1_35' title="bbox 214 3491 1767 3556; baseline -0.008 -2"><span class='ocrx_word' id='word_1_284' title='bbox 214 3502 317 3556; x_wconf 70' lang='lat' dir='ltr'><strong>tutis</strong></span> <span class='ocrx_word' id='word_1_285' title='bbox 356 3503 533 3556; x_wconf 77' lang='lat' dir='ltr'><strong>iterum</strong></span> <span class='ocrx_word' id='word_1_286' title='bbox 562 3501 613 3553; x_wconf 88' lang='lat' dir='ltr'><strong>in</strong></span> <span class='ocrx_word' id='word_1_287' title='bbox 657 3499 852 3552; x_wconf 87' lang='lat' dir='ltr'><strong>timore.</strong></span> <span class='ocrx_word' id='word_1_288' title='bbox 882 3495 962 3551; x_wconf 81' lang='lat' dir='ltr'><strong>Ad</strong></span> <span class='ocrx_word' id='word_1_289' title='bbox 1009 3494 1144 3547; x_wconf 80' lang='lat' dir='ltr'><strong>lianc</strong></span> <span class='ocrx_word' id='word_1_290' title='bbox 1196 3491 1506 3546; x_wconf 78' lang='lat' dir='ltr'><strong>servitutem</strong></span> <span class='ocrx_word' id='word_1_291' title='bbox 1553 3503 1767 3542; x_wconf 77' lang='lat' dir='ltr'><strong>srrvnm</strong></span> 
     </span>
    </p>
   </div>
   <div class='ocr_carea' id='block_1_36' title="bbox 217 3578 1768 3662">
    <p class='ocr_par' dir='ltr' id='par_1_36' title="bbox 217 3578 1768 3662">
     <span class='ocr_line' id='line_1_36' title="bbox 217 3578 1768 3662; baseline -0.01 -15"><span class='ocrx_word' id='word_1_292' title='bbox 217 3593 544 3662; x_wconf 81' lang='lat' dir='ltr'><strong>pertinentem</strong></span> <span class='ocrx_word' id='word_1_293' title='bbox 572 3589 872 3644; x_wconf 79' lang='lat' dir='ltr'><strong>intuebatur</strong></span> <span class='ocrx_word' id='word_1_294' title='bbox 897 3594 954 3642; x_wconf 90' lang='lat' dir='ltr'><strong>et</strong></span> <span class='ocrx_word' id='word_1_295' title='bbox 981 3584 1235 3639; x_wconf 90' lang='lat' dir='ltr'><strong>Dominus</strong></span> <span class='ocrx_word' id='word_1_296' title='bbox 1265 3582 1445 3636; x_wconf 84' lang='lat' dir='ltr'><strong>dicens</strong></span> <span class='ocrx_word' id='word_1_297' title='bbox 1465 3620 1479 3641; x_wconf 80' lang='lat'><strong>,</strong></span> <span class='ocrx_word' id='word_1_298' title='bbox 1506 3578 1628 3634; x_wconf 77' lang='lat' dir='ltr'><strong>lam</strong></span> <span class='ocrx_word' id='word_1_299' title='bbox 1666 3593 1768 3632; x_wconf 90' lang='lat' dir='ltr'><strong>non</strong></span> 
     </span>
    </p>
   </div>
   <div class='ocr_carea' id='block_1_37' title="bbox 213 3670 1768 3752">
    <p class='ocr_par' dir='ltr' id='par_1_37' title="bbox 213 3670 1768 3752">
     <span class='ocr_line' id='line_1_37' title="bbox 213 3670 1768 3752; baseline -0.01 -13"><span class='ocrx_word' id='word_1_300' title='bbox 213 3686 310 3740; x_wconf 81' lang='lat' dir='ltr'><strong>dico</strong></span> <span class='ocrx_word' id='word_1_301' title='bbox 335 3701 414 3741; x_wconf 80' lang='lat' dir='ltr'><strong>tios</strong></span> <span class='ocrx_word' id='word_1_302' title='bbox 437 3699 643 3747; x_wconf 76' lang='lat' dir='ltr'><strong>servos;</strong></span> <span class='ocrx_word' id='word_1_303' title='bbox 685 3681 803 3752; x_wconf 84' lang='lat' dir='ltr'><strong>quia</strong></span> <span class='ocrx_word' id='word_1_304' title='bbox 842 3694 1011 3733; x_wconf 85' lang='lat' dir='ltr'><strong>servus</strong></span> <span class='ocrx_word' id='word_1_305' title='bbox 1034 3676 1187 3730; x_wconf 88' lang='lat' dir='ltr'><strong>nescit</strong></span> <span class='ocrx_word' id='word_1_306' title='bbox 1206 3673 1326 3745; x_wconf 88' lang='lat' dir='ltr'><strong>quid</strong></span> <span class='ocrx_word' id='word_1_307' title='bbox 1356 3672 1506 3740; x_wconf 79' lang='lat' dir='ltr'><strong>faciat</strong></span> <span class='ocrx_word' id='word_1_308' title='bbox 1536 3670 1768 3724; x_wconf 84' lang='lat' dir='ltr'><strong>dominus</strong></span> 
     </span>
    </p>
   </div>
   <div class='ocr_carea' id='block_1_38' title="bbox 213 3761 1767 3844">
    <p class='ocr_par' dir='ltr' id='par_1_38' title="bbox 213 3761 1767 3844">
     <span class='ocr_line' id='line_1_38' title="bbox 213 3761 1767 3844; baseline -0.012 -12"><span class='ocrx_word' id='word_1_309' title='bbox 213 3779 324 3844; x_wconf 74' lang='lat' dir='ltr'><strong>ejus.</strong></span> <span class='ocrx_word' id='word_1_310' title='bbox 353 3778 461 3834; x_wconf 80' lang='lat' dir='ltr'><strong>Non</strong></span> <span class='ocrx_word' id='word_1_311' title='bbox 507 3776 688 3843; x_wconf 83' lang='lat' dir='ltr'><strong>utique</strong></span> <span class='ocrx_word' id='word_1_312' title='bbox 733 3772 818 3826; x_wconf 90' lang='lat' dir='ltr'><strong>ille</strong></span> <span class='ocrx_word' id='word_1_313' title='bbox 860 3782 1045 3823; x_wconf 86' lang='lat' dir='ltr'><strong>servus</strong></span> <span class='ocrx_word' id='word_1_314' title='bbox 1099 3765 1368 3837; x_wconf 87' lang='lat' dir='ltr'><strong>pertinens</strong></span> <span class='ocrx_word' id='word_1_315' title='bbox 1409 3762 1476 3818; x_wconf 89' lang='lat' dir='ltr'><strong>ad</strong></span> <span class='ocrx_word' id='word_1_316' title='bbox 1523 3761 1767 3816; x_wconf 90' lang='lat' dir='ltr'><strong>timorem</strong></span> 
     </span>
    </p>
   </div>
   <div class='ocr_carea' id='block_1_39' title="bbox 212 3853 1769 3935">
    <p class='ocr_par' dir='ltr' id='par_1_39' title="bbox 212 3853 1769 3935">
     <span class='ocr_line' id='line_1_39' title="bbox 212 3853 1769 3935; baseline -0.014 -8"><span class='ocrx_word' id='word_1_317' title='bbox 212 3881 393 3926; x_wconf 76' lang='lat' dir='ltr'><strong>eastum</strong></span> <span class='ocrx_word' id='word_1_318' title='bbox 412 3911 430 3935; x_wconf 95' lang='lat'><strong>,</strong></span> <span class='ocrx_word' id='word_1_319' title='bbox 459 3869 544 3922; x_wconf 87' lang='lat' dir='ltr'><strong>cui</strong></span> <span class='ocrx_word' id='word_1_320' title='bbox 575 3867 799 3928; x_wconf 83' lang='lat' dir='ltr'><strong>dicitur,</strong></span> <span class='ocrx_word' id='word_1_321' title='bbox 840 3860 1016 3932; x_wconf 82' lang='lat' dir='ltr'><strong>Euge,</strong></span> <span class='ocrx_word' id='word_1_322' title='bbox 1043 3875 1182 3913; x_wconf 76' lang='lat' dir='ltr'><strong>serve</strong></span> <span class='ocrx_word' id='word_1_323' title='bbox 1213 3856 1372 3919; x_wconf 81' lang='lat' dir='ltr'><strong>bone,</strong></span> <span class='ocrx_word' id='word_1_324' title='bbox 1409 3855 1542 3908; x_wconf 90' lang='lat' dir='ltr'><strong>intra</strong></span> <span class='ocrx_word' id='word_1_325' title='bbox 1567 3853 1618 3906; x_wconf 88' lang='lat' dir='ltr'><strong>in</strong></span> <span class='ocrx_word' id='word_1_326' title='bbox 1643 3868 1769 3922; x_wconf 81' lang='lat' dir='ltr'><strong>gau-</strong></span> 
     </span>
    </p>
   </div>
   <div class='ocr_carea' id='block_1_40' title="bbox 209 3941 1767 4016">
    <p class='ocr_par' dir='ltr' id='par_1_40' title="bbox 209 3941 1767 4016">
     <span class='ocr_line' id='line_1_40' title="bbox 209 3941 1767 4016; baseline -0.013 -2"><span class='ocrx_word' id='word_1_327' title='bbox 209 3961 333 4015; x_wconf 81' lang='lat' dir='ltr'><strong>ditnu</strong></span> <span class='ocrx_word' id='word_1_328' title='bbox 363 3960 564 4015; x_wconf 85' lang='lat' dir='ltr'><strong>Domini</strong></span> <span class='ocrx_word' id='word_1_329' title='bbox 592 3957 664 4010; x_wconf 88' lang='lat' dir='ltr'><strong>tui</strong></span> <span class='ocrx_word' id='word_1_330' title='bbox 694 3970 712 4009; x_wconf 94' lang='lat'><strong><em>:</em></strong></span> <span class='ocrx_word' id='word_1_331' title='bbox 741 3953 836 4008; x_wconf 88' lang='lat' dir='ltr'><strong>sed</strong></span> <span class='ocrx_word' id='word_1_332' title='bbox 865 3953 955 4006; x_wconf 89' lang='lat' dir='ltr'><strong>ille</strong></span> <span class='ocrx_word' id='word_1_333' title='bbox 981 3963 1176 4005; x_wconf 88' lang='lat' dir='ltr'><strong>servus</strong></span> <span class='ocrx_word' id='word_1_334' title='bbox 1215 3946 1484 4016; x_wconf 82' lang='lat' dir='ltr'><strong>pertinens</strong></span> <span class='ocrx_word' id='word_1_335' title='bbox 1507 3941 1573 3996; x_wconf 89' lang='lat' dir='ltr'><strong>ad</strong></span> <span class='ocrx_word' id='word_1_336' title='bbox 1607 3942 1767 3994; x_wconf 89' lang='lat' dir='ltr'><strong>timo-</strong></span> 
     </span>
    </p>
   </div>
   <div class='ocr_carea' id='block_1_41' title="bbox 209 4035 1764 4110">
    <p class='ocr_par' dir='ltr' id='par_1_41' title="bbox 209 4035 1764 4110">
     <span class='ocr_line' id='line_1_41' title="bbox 209 4035 1764 4110; baseline -0.014 -2"><span class='ocrx_word' id='word_1_337' title='bbox 209 4069 309 4110; x_wconf 77' lang='lat' dir='ltr'><strong>rem</strong></span> <span class='ocrx_word' id='word_1_338' title='bbox 337 4054 474 4108; x_wconf 85' lang='lat' dir='ltr'><strong>foras</strong></span> <span class='ocrx_word' id='word_1_339' title='bbox 496 4068 526 4105; x_wconf 74' lang='grc' dir='ltr'><strong>ιι</strong></span> <span class='ocrx_word' id='word_1_340' title='bbox 554 4049 814 4105; x_wconf 82' lang='lat' dir='ltr'><strong>cIIaI-itate</strong></span> <span class='ocrx_word' id='word_1_341' title='bbox 854 4043 1200 4106; x_wconf 90' lang='lat' dir='ltr'><strong>mittendum,</strong></span> <span class='ocrx_word' id='word_1_342' title='bbox 1226 4040 1294 4095; x_wconf 88' lang='lat' dir='ltr'><strong>de</strong></span> <span class='ocrx_word' id='word_1_343' title='bbox 1321 4055 1425 4110; x_wconf 91' lang='lat' dir='ltr'><strong>quo</strong></span> <span class='ocrx_word' id='word_1_344' title='bbox 1447 4037 1572 4092; x_wconf 86' lang='lat' dir='ltr'><strong>alibi</strong></span> <span class='ocrx_word' id='word_1_345' title='bbox 1599 4035 1764 4102; x_wconf 87' lang='lat' dir='ltr'><strong>dicit,</strong></span> 
     </span>
    </p>
   </div>
   <div class='ocr_carea' id='block_1_42' title="bbox 212 4128 1769 4198">
    <p class='ocr_par' dir='ltr' id='par_1_42' title="bbox 212 4128 1769 4198">
     <span class='ocr_line' id='line_1_42' title="bbox 212 4128 1769 4198; baseline -0.013 0"><span class='ocrx_word' id='word_1_346' title='bbox 212 4141 378 4198; x_wconf 76' lang='lat' dir='ltr'><strong>Serus</strong></span> <span class='ocrx_word' id='word_1_347' title='bbox 399 4159 500 4197; x_wconf 86' lang='lat' dir='ltr'><strong>non</strong></span> <span class='ocrx_word' id='word_1_348' title='bbox 543 4147 708 4193; x_wconf 86' lang='lat' dir='ltr'><strong>manet</strong></span> <span class='ocrx_word' id='word_1_349' title='bbox 747 4138 798 4190; x_wconf 88' lang='lat' dir='ltr'><strong>iu</strong></span> <span class='ocrx_word' id='word_1_350' title='bbox 841 4135 991 4189; x_wconf 83' lang='lat' dir='ltr'><strong>domo</strong></span> <span class='ocrx_word' id='word_1_351' title='bbox 1037 4133 1090 4186; x_wconf 88' lang='lat' dir='ltr'><strong>in</strong></span> <span class='ocrx_word' id='word_1_352' title='bbox 1118 4141 1394 4192; x_wconf 72' lang='lat' dir='ltr'><strong>wternum;</strong></span> <span class='ocrx_word' id='word_1_353' title='bbox 1419 4128 1556 4196; x_wconf 80' lang='lat' dir='ltr'><strong>[ilius</strong></span> <span class='ocrx_word' id='word_1_354' title='bbox 1598 4135 1769 4179; x_wconf 86' lang='lat' dir='ltr'><strong>autem</strong></span> 
     </span>
    </p>
   </div>
   <div class='ocr_carea' id='block_1_43' title="bbox 215 4217 1768 4299">
    <p class='ocr_par' dir='ltr' id='par_1_43' title="bbox 215 4217 1768 4299">
     <span class='ocr_line' id='line_1_43' title="bbox 215 4217 1768 4299; baseline -0.012 -10"><span class='ocrx_word' id='word_1_355' title='bbox 215 4243 364 4288; x_wconf 76' lang='lat' dir='ltr'><strong>met</strong></span> <span class='ocrx_word' id='word_1_356' title='bbox 389 4233 443 4286; x_wconf 90' lang='lat' dir='ltr'><strong>in</strong></span> <span class='ocrx_word' id='word_1_357' title='bbox 469 4241 710 4287; x_wconf 67' lang='lat' dir='ltr'><strong>(sternunt</strong></span> <span class='ocrx_word' id='word_1_358' title='bbox 749 4224 926 4299; x_wconf 83' lang='lat' dir='ltr'><strong>(Joan.</strong></span> <span class='ocrx_word' id='word_1_359' title='bbox 975 4239 1067 4278; x_wconf 92' lang='lat' dir='ltr'>vIII</span> <span class='ocrx_word' id='word_1_360' title='bbox 1088 4263 1104 4288; x_wconf 90' lang='lat'><strong>,</strong></span> <span class='ocrx_word' id='word_1_361' title='bbox 1134 4222 1246 4291; x_wconf 83' lang='grc'><strong>55).</strong></span> <span class='ocrx_word' id='word_1_362' title='bbox 1279 4219 1538 4287; x_wconf 90' lang='lat' dir='ltr'><strong>Quoniam</strong></span> <span class='ocrx_word' id='word_1_363' title='bbox 1591 4217 1768 4287; x_wconf 85' lang='lat' dir='ltr'><strong>itaque</strong></span> 
     </span>
    </p>
   </div>
   <div class='ocr_carea' id='block_1_44' title="bbox 209 4308 1765 4391">
    <p class='ocr_par' dir='ltr' id='par_1_44' title="bbox 209 4308 1765 4391">
     <span class='ocr_line' id='line_1_44' title="bbox 209 4308 1765 4391; baseline -0.012 -11"><span class='ocrx_word' id='word_1_364' title='bbox 209 4322 343 4380; x_wconf 77' lang='lat' dir='ltr'><strong>dedit</strong></span> <span class='ocrx_word' id='word_1_365' title='bbox 378 4323 530 4378; x_wconf 88' lang='lat' dir='ltr'><strong>nobis</strong></span> <span class='ocrx_word' id='word_1_366' title='bbox 573 4327 890 4391; x_wconf 82' lang='lat' dir='ltr'><strong>potestatem</strong></span> <span class='ocrx_word' id='word_1_367' title='bbox 939 4314 1075 4368; x_wconf 87' lang='lat' dir='ltr'><strong>lilios</strong></span> <span class='ocrx_word' id='word_1_368' title='bbox 1129 4313 1220 4368; x_wconf 88' lang='lat' dir='ltr'><strong>Dei</strong></span> <span class='ocrx_word' id='word_1_369' title='bbox 1271 4310 1384 4366; x_wconf 90' lang='lat' dir='ltr'><strong>lieri</strong></span> <span class='ocrx_word' id='word_1_370' title='bbox 1414 4318 1432 4379; x_wconf 86' lang='lat'><strong>(</strong></span> <span class='ocrx_word' id='word_1_371' title='bbox 1458 4308 1540 4363; x_wconf 88' lang='lat' dir='ltr'><strong>Id.</strong></span> <span class='ocrx_word' id='word_1_372' title='bbox 1574 4325 1611 4373; x_wconf 91' lang='lat' dir='ltr'><strong>I,</strong></span> <span class='ocrx_word' id='word_1_373' title='bbox 1641 4308 1765 4375; x_wconf 82' lang='grc'><strong>12),</strong></span> 
     </span>
    </p>
   </div>
   <div class='ocr_carea' id='block_1_45' title="bbox 225 4402 1766 4479">
    <p class='ocr_par' dir='ltr' id='par_1_45' title="bbox 225 4402 1766 4479">
     <span class='ocr_line' id='line_1_45' title="bbox 225 4402 1766 4479; baseline -0.008 -10"><span class='ocrx_word' id='word_1_374' title='bbox 225 4431 316 4470; x_wconf 85' lang='lat' dir='ltr'><strong>non</strong></span> <span class='ocrx_word' id='word_1_375' title='bbox 336 4415 490 4479; x_wconf 86' lang='lat' dir='ltr'><strong>servi.</strong></span> <span class='ocrx_word' id='word_1_376' title='bbox 506 4412 600 4469; x_wconf 86' lang='lat' dir='ltr'><strong>sed</strong></span> <span class='ocrx_word' id='word_1_377' title='bbox 621 4412 712 4468; x_wconf 84' lang='lat' dir='ltr'><strong>lilii</strong></span> <span class='ocrx_word' id='word_1_378' title='bbox 729 4411 927 4465; x_wconf 88' lang='lat' dir='ltr'><strong>simus:</strong></span> <span class='ocrx_word' id='word_1_379' title='bbox 949 4415 1005 4462; x_wconf 93' lang='lat' dir='ltr'><strong>ut</strong></span> <span class='ocrx_word' id='word_1_380' title='bbox 1025 4407 1160 4461; x_wconf 89' lang='lat' dir='ltr'><strong>miro</strong></span> <span class='ocrx_word' id='word_1_381' title='bbox 1179 4405 1405 4475; x_wconf 86' lang='lat' dir='ltr'><strong>quodam</strong></span> <span class='ocrx_word' id='word_1_382' title='bbox 1426 4413 1480 4460; x_wconf 89' lang='lat' dir='ltr'><strong>ct</strong></span> <span class='ocrx_word' id='word_1_383' title='bbox 1497 4402 1766 4468; x_wconf 81' lang='lat' dir='ltr'><strong>ineffabili,</strong></span> 
     </span>
    </p>
   </div>
   <div class='ocr_carea' id='block_1_46' title="bbox 218 4496 1767 4566">
    <p class='ocr_par' dir='ltr' id='par_1_46' title="bbox 218 4496 1767 4566">
     <span class='ocr_line' id='line_1_46' title="bbox 218 4496 1767 4566; baseline -0.008 -3"><span class='ocrx_word' id='word_1_384' title='bbox 218 4506 297 4563; x_wconf 75' lang='lat' dir='ltr'><strong>sed</strong></span> <span class='ocrx_word' id='word_1_385' title='bbox 321 4519 486 4562; x_wconf 83' lang='lat' dir='ltr'><strong>tamen</strong></span> <span class='ocrx_word' id='word_1_386' title='bbox 507 4520 632 4560; x_wconf 88' lang='lat' dir='ltr'><strong>vero</strong></span> <span class='ocrx_word' id='word_1_387' title='bbox 648 4502 825 4566; x_wconf 89' lang='lat' dir='ltr'><strong>modo,</strong></span> <span class='ocrx_word' id='word_1_388' title='bbox 855 4499 994 4556; x_wconf 83' lang='lat' dir='ltr'><strong>servi</strong></span> <span class='ocrx_word' id='word_1_389' title='bbox 1035 4513 1138 4552; x_wconf 89' lang='lat' dir='ltr'><strong>non</strong></span> <span class='ocrx_word' id='word_1_390' title='bbox 1164 4497 1301 4552; x_wconf 85' lang='lat' dir='ltr'><strong>servi</strong></span> <span class='ocrx_word' id='word_1_391' title='bbox 1329 4510 1449 4553; x_wconf 86' lang='lat' dir='ltr'><strong>esse</strong></span> <span class='ocrx_word' id='word_1_392' title='bbox 1477 4496 1767 4564; x_wconf 82' lang='lat' dir='ltr'><strong>possimus;</strong></span> 
     </span>
    </p>
   </div>
   <div class='ocr_carea' id='block_1_47' title="bbox 221 4588 1771 4659">
    <p class='ocr_par' dir='ltr' id='par_1_47' title="bbox 221 4588 1771 4659">
     <span class='ocr_line' id='line_1_47' title="bbox 221 4588 1771 4659; baseline -0.007 -5"><span class='ocrx_word' id='word_1_393' title='bbox 221 4601 339 4654; x_wconf 76' lang='lat' dir='ltr'><strong>servi</strong></span> <span class='ocrx_word' id='word_1_394' title='bbox 367 4599 566 4655; x_wconf 86' lang='lat' dir='ltr'><strong>scilicet</strong></span> <span class='ocrx_word' id='word_1_395' title='bbox 604 4596 794 4650; x_wconf 88' lang='lat' dir='ltr'><strong>timore</strong></span> <span class='ocrx_word' id='word_1_396' title='bbox 826 4599 1006 4654; x_wconf 70' lang='lat' dir='ltr'><strong>caelo,</strong></span> <span class='ocrx_word' id='word_1_397' title='bbox 1037 4589 1104 4644; x_wconf 90' lang='lat' dir='ltr'><strong>ad</strong></span> <span class='ocrx_word' id='word_1_398' title='bbox 1131 4604 1288 4659; x_wconf 89' lang='lat' dir='ltr'><strong>quem</strong></span> <span class='ocrx_word' id='word_1_399' title='bbox 1327 4588 1560 4658; x_wconf 81' lang='lat' dir='ltr'><strong>pertinet</strong></span> <span class='ocrx_word' id='word_1_400' title='bbox 1583 4603 1771 4643; x_wconf 82' lang='lat' dir='ltr'><strong>servus</strong></span> 
     </span>
    </p>
   </div>
   <div class='ocr_carea' id='block_1_48' title="bbox 226 4679 1769 4758">
    <p class='ocr_par' dir='ltr' id='par_1_48' title="bbox 226 4679 1769 4758">
     <span class='ocr_line' id='line_1_48' title="bbox 226 4679 1769 4758; baseline -0.005 -17"><span class='ocrx_word' id='word_1_401' title='bbox 226 4687 404 4744; x_wconf 84' lang='lat' dir='ltr'><strong>intrans</strong></span> <span class='ocrx_word' id='word_1_402' title='bbox 427 4689 477 4743; x_wconf 92' lang='lat' dir='ltr'><strong>in</strong></span> <span class='ocrx_word' id='word_1_403' title='bbox 512 4686 764 4758; x_wconf 76' lang='lat' dir='ltr'><strong>gaudium</strong></span> <span class='ocrx_word' id='word_1_404' title='bbox 802 4681 1000 4737; x_wconf 87' lang='lat' dir='ltr'><strong>domini</strong></span> <span class='ocrx_word' id='word_1_405' title='bbox 1027 4680 1138 4745; x_wconf 87' lang='lat' dir='ltr'><strong>sui;</strong></span> <span class='ocrx_word' id='word_1_406' title='bbox 1180 4695 1283 4734; x_wconf 91' lang='lat' dir='ltr'><strong>non</strong></span> <span class='ocrx_word' id='word_1_407' title='bbox 1313 4679 1451 4734; x_wconf 91' lang='lat' dir='ltr'><strong>servi</strong></span> <span class='ocrx_word' id='word_1_408' title='bbox 1480 4689 1656 4734; x_wconf 87' lang='lat' dir='ltr'><strong>autem</strong></span> <span class='ocrx_word' id='word_1_409' title='bbox 1703 4681 1769 4733; x_wconf 87' lang='lat' dir='ltr'><strong>ti-</strong></span> 
     </span>
    </p>
   </div>
   <div class='ocr_carea' id='block_1_49' title="bbox 226 4772 1769 4842">
    <p class='ocr_par' dir='ltr' id='par_1_49' title="bbox 226 4772 1769 4842">
     <span class='ocr_line' id='line_1_49' title="bbox 226 4772 1769 4842; baseline -0.006 -8"><span class='ocrx_word' id='word_1_410' title='bbox 226 4793 353 4836; x_wconf 81' lang='lat' dir='ltr'><strong>more</strong></span> <span class='ocrx_word' id='word_1_411' title='bbox 381 4779 520 4834; x_wconf 86' lang='lat' dir='ltr'><strong>foras</strong></span> <span class='ocrx_word' id='word_1_412' title='bbox 549 4774 840 4840; x_wconf 89' lang='lat' dir='ltr'><strong>mittendo,</strong></span> <span class='ocrx_word' id='word_1_413' title='bbox 871 4772 938 4826; x_wconf 91' lang='lat' dir='ltr'><strong>ad</strong></span> <span class='ocrx_word' id='word_1_414' title='bbox 972 4787 1131 4842; x_wconf 88' lang='lat' dir='ltr'><strong>quem</strong></span> <span class='ocrx_word' id='word_1_415' title='bbox 1177 4772 1408 4842; x_wconf 80' lang='lat' dir='ltr'><strong>pertinet</strong></span> <span class='ocrx_word' id='word_1_416' title='bbox 1433 4785 1620 4827; x_wconf 86' lang='lat' dir='ltr'><strong>servus</strong></span> <span class='ocrx_word' id='word_1_417' title='bbox 1666 4786 1769 4825; x_wconf 91' lang='lat' dir='ltr'><strong>non</strong></span> 
     </span>
    </p>
   </div>
   <div class='ocr_carea' id='block_1_50' title="bbox 226 4863 1770 4946">
    <p class='ocr_par' dir='ltr' id='par_1_50' title="bbox 226 4863 1770 4946">
     <span class='ocr_line' id='line_1_50' title="bbox 226 4863 1770 4946; baseline -0.004 -21"><span class='ocrx_word' id='word_1_418' title='bbox 226 4872 665 4927; x_wconf 85' lang='lat' dir='ltr'><strong>manensindomo</strong></span> <span class='ocrx_word' id='word_1_419' title='bbox 685 4870 736 4924; x_wconf 92' lang='lat' dir='ltr'><strong>in</strong></span> <span class='ocrx_word' id='word_1_420' title='bbox 755 4876 1037 4946; x_wconf 65' lang='lat' dir='ltr'><strong>aeternum.</strong></span> <span class='ocrx_word' id='word_1_421' title='bbox 1061 4863 1128 4920; x_wconf 86' lang='lat' dir='ltr'><strong>Ut</strong></span> <span class='ocrx_word' id='word_1_422' title='bbox 1147 4873 1325 4919; x_wconf 85' lang='lat' dir='ltr'><strong>autem</strong></span> <span class='ocrx_word' id='word_1_423' title='bbox 1354 4863 1484 4917; x_wconf 86' lang='lat' dir='ltr'><strong>tales</strong></span> <span class='ocrx_word' id='word_1_424' title='bbox 1498 4865 1635 4919; x_wconf 90' lang='lat' dir='ltr'><strong>servi</strong></span> <span class='ocrx_word' id='word_1_425' title='bbox 1665 4880 1770 4919; x_wconf 90' lang='lat' dir='ltr'><strong>non</strong></span> 
     </span>
    </p>
   </div>
   <div class='ocr_carea' id='block_1_51' title="bbox 225 4955 1769 5029">
    <p class='ocr_par' dir='ltr' id='par_1_51' title="bbox 225 4955 1769 5029">
     <span class='ocr_line' id='line_1_51' title="bbox 225 4955 1769 5029; baseline -0.005 -11"><span class='ocrx_word' id='word_1_426' title='bbox 225 4965 342 5020; x_wconf 85' lang='lat' dir='ltr'><strong>servi</strong></span> <span class='ocrx_word' id='word_1_427' title='bbox 368 4965 532 5019; x_wconf 89' lang='lat' dir='ltr'><strong>simus</strong></span> <span class='ocrx_word' id='word_1_428' title='bbox 553 5005 569 5029; x_wconf 95' lang='lat'><strong>,</strong></span> <span class='ocrx_word' id='word_1_429' title='bbox 603 4961 880 5017; x_wconf 86' lang='lat' dir='ltr'><strong>Dominum</strong></span> <span class='ocrx_word' id='word_1_430' title='bbox 915 4959 1088 5012; x_wconf 78' lang='lat' dir='ltr'><strong>facere</strong></span> <span class='ocrx_word' id='word_1_431' title='bbox 1113 4957 1347 5012; x_wconf 83' lang='lat' dir='ltr'><strong>sciamus</strong></span> <span class='ocrx_word' id='word_1_432' title='bbox 1383 4955 1421 5009; x_wconf 79' lang='lat'><strong>&#39;.</strong></span> <span class='ocrx_word' id='word_1_433' title='bbox 1458 4955 1567 5010; x_wconf 89' lang='lat' dir='ltr'><strong>Hoc</strong></span> <span class='ocrx_word' id='word_1_434' title='bbox 1593 4967 1769 5011; x_wconf 89' lang='lat' dir='ltr'><strong>autem</strong></span> 
     </span>
    </p>
   </div>
   <div class='ocr_carea' id='block_1_52' title="bbox 226 5049 1772 5123">
    <p class='ocr_par' dir='ltr' id='par_1_52' title="bbox 226 5049 1772 5123">
     <span class='ocr_line' id='line_1_52' title="bbox 226 5049 1772 5123; baseline -0.008 -9"><span class='ocrx_word' id='word_1_435' title='bbox 226 5070 388 5114; x_wconf 72' lang='lat' dir='ltr'><strong>Servus</strong></span> <span class='ocrx_word' id='word_1_436' title='bbox 412 5060 496 5112; x_wconf 89' lang='lat' dir='ltr'><strong>ille</strong></span> <span class='ocrx_word' id='word_1_437' title='bbox 535 5056 704 5113; x_wconf 89' lang='lat' dir='ltr'><strong>nescit</strong></span> <span class='ocrx_word' id='word_1_438' title='bbox 728 5096 743 5114; x_wconf 80' lang='lat'><em>.</em></span> <span class='ocrx_word' id='word_1_439' title='bbox 791 5053 879 5123; x_wconf 91' lang='lat' dir='ltr'><strong>qui</strong></span> <span class='ocrx_word' id='word_1_440' title='bbox 930 5050 1096 5107; x_wconf 84' lang='lat' dir='ltr'><strong>nescit</strong></span> <span class='ocrx_word' id='word_1_441' title='bbox 1121 5051 1142 5081; x_wconf 80' lang='grc'><strong>⁸</strong></span> <span class='ocrx_word' id='word_1_442' title='bbox 1186 5049 1308 5118; x_wconf 87' lang='lat' dir='ltr'><strong>quid</strong></span> <span class='ocrx_word' id='word_1_443' title='bbox 1341 5049 1495 5103; x_wconf 79' lang='lat' dir='ltr'><strong>faciat</strong></span> <span class='ocrx_word' id='word_1_444' title='bbox 1523 5049 1772 5103; x_wconf 87' lang='lat' dir='ltr'><strong>Dominus</strong></span> 
     </span>
    </p>
   </div>
   <div class='ocr_carea' id='block_1_53' title="bbox 229 5139 1772 5215">
    <p class='ocr_par' dir='ltr' id='par_1_53' title="bbox 229 5139 1772 5215">
     <span class='ocr_line' id='line_1_53' title="bbox 229 5139 1772 5215; baseline -0.006 -13"><span class='ocrx_word' id='word_1_445' title='bbox 229 5146 353 5215; x_wconf 83' lang='lat' dir='ltr'><strong>ejus;</strong></span> <span class='ocrx_word' id='word_1_446' title='bbox 398 5159 592 5204; x_wconf 88' lang='lat' dir='ltr'><strong>etcum</strong></span> <span class='ocrx_word' id='word_1_447' title='bbox 619 5143 820 5214; x_wconf 87' lang='lat' dir='ltr'><strong>aliquid</strong></span> <span class='ocrx_word' id='word_1_448' title='bbox 865 5141 987 5196; x_wconf 85' lang='lat' dir='ltr'><strong>boni</strong></span> <span class='ocrx_word' id='word_1_449' title='bbox 1016 5140 1166 5200; x_wconf 80' lang='lat' dir='ltr'><strong>facit.</strong></span> <span class='ocrx_word' id='word_1_450' title='bbox 1206 5140 1285 5194; x_wconf 89' lang='lat' dir='ltr'><strong>sic</strong></span> <span class='ocrx_word' id='word_1_451' title='bbox 1324 5139 1597 5193; x_wconf 79' lang='lat' dir='ltr'><strong>extollitur</strong></span> <span class='ocrx_word' id='word_1_452' title='bbox 1623 5139 1772 5208; x_wconf 88' lang='lat' dir='ltr'><strong>quasi</strong></span> 
     </span>
    </p>
   </div>
   <div class='ocr_carea' id='block_1_54' title="bbox 229 5229 1773 5310">
    <p class='ocr_par' dir='ltr' id='par_1_54' title="bbox 229 5229 1773 5310">
     <span class='ocr_line' id='line_1_54' title="bbox 229 5229 1773 5310; baseline -0.006 -16"><span class='ocrx_word' id='word_1_453' title='bbox 229 5236 314 5294; x_wconf 88' lang='lat' dir='ltr'><strong>hoc</strong></span> <span class='ocrx_word' id='word_1_454' title='bbox 338 5240 446 5310; x_wconf 84' lang='lat' dir='ltr'><strong>ipse</strong></span> <span class='ocrx_word' id='word_1_455' title='bbox 473 5238 627 5293; x_wconf 82' lang='lat' dir='ltr'><strong>faciat</strong></span> <span class='ocrx_word' id='word_1_456' title='bbox 648 5277 664 5300; x_wconf 83' lang='lat'><strong>.</strong></span> <span class='ocrx_word' id='word_1_457' title='bbox 697 5249 801 5290; x_wconf 89' lang='lat' dir='ltr'><strong>non</strong></span> <span class='ocrx_word' id='word_1_458' title='bbox 842 5232 1093 5286; x_wconf 88' lang='lat' dir='ltr'><strong>Dominus</strong></span> <span class='ocrx_word' id='word_1_459' title='bbox 1130 5230 1275 5295; x_wconf 89' lang='lat' dir='ltr'><strong>ejus;</strong></span> <span class='ocrx_word' id='word_1_460' title='bbox 1307 5229 1438 5282; x_wconf 92' lang='lat' dir='ltr'><strong>etin</strong></span> <span class='ocrx_word' id='word_1_461' title='bbox 1468 5245 1556 5292; x_wconf 87' lang='lat' dir='ltr'><strong>se,</strong></span> <span class='ocrx_word' id='word_1_462' title='bbox 1585 5244 1690 5284; x_wconf 89' lang='lat' dir='ltr'><strong>non</strong></span> <span class='ocrx_word' id='word_1_463' title='bbox 1722 5229 1773 5284; x_wconf 91' lang='lat' dir='ltr'><strong>in</strong></span> 
     </span>
    </p>
   </div>
   <div class='ocr_carea' id='block_1_55' title="bbox 229 5320 1777 5403">
    <p class='ocr_par' dir='ltr' id='par_1_55' title="bbox 229 5320 1777 5403">
     <span class='ocr_line' id='line_1_55' title="bbox 229 5320 1777 5403; baseline -0.008 -16"><span class='ocrx_word' id='word_1_464' title='bbox 229 5329 424 5387; x_wconf 83' lang='lat' dir='ltr'><strong>Domino</strong></span> <span class='ocrx_word' id='word_1_465' title='bbox 446 5330 744 5403; x_wconf 73' lang='lat' dir='ltr'><strong>gloriatur.</strong></span> <span class='ocrx_word' id='word_1_466' title='bbox 787 5341 909 5380; x_wconf 89' lang='lat' dir='ltr'><strong>cum</strong></span> <span class='ocrx_word' id='word_1_467' title='bbox 939 5338 1000 5380; x_wconf 88' lang='lat' dir='ltr'><strong>se</strong></span> <span class='ocrx_word' id='word_1_468' title='bbox 1046 5323 1159 5390; x_wconf 87' lang='lat' dir='ltr'><strong>ipse</strong></span> <span class='ocrx_word' id='word_1_469' title='bbox 1188 5320 1485 5389; x_wconf 86' lang='lat' dir='ltr'><strong>deceperit,</strong></span> <span class='ocrx_word' id='word_1_470' title='bbox 1537 5322 1656 5389; x_wconf 83' lang='lat' dir='ltr'><strong>quia</strong></span> <span class='ocrx_word' id='word_1_471' title='bbox 1699 5321 1777 5376; x_wconf 88' lang='lat' dir='ltr'><strong>sic</strong></span> 
     </span>
    </p>
   </div>
   <div class='ocr_carea' id='block_1_56' title="bbox 225 5409 1778 5490">
    <p class='ocr_par' dir='ltr' id='par_1_56' title="bbox 225 5409 1778 5490">
     <span class='ocr_line' id='line_1_56' title="bbox 225 5409 1778 5490; baseline -0.004 -16"><span class='ocrx_word' id='word_1_472' title='bbox 225 5420 453 5490; x_wconf 68' lang='lat' dir='ltr'><strong>gloriatur</strong></span> <span class='ocrx_word' id='word_1_473' title='bbox 471 5463 487 5485; x_wconf 93' lang='lat'><strong>,</strong></span> <span class='ocrx_word' id='word_1_474' title='bbox 527 5418 681 5490; x_wconf 87' lang='lat' dir='ltr'><strong>quasi</strong></span> <span class='ocrx_word' id='word_1_475' title='bbox 709 5431 812 5472; x_wconf 87' lang='lat' dir='ltr'><strong>non</strong></span> <span class='ocrx_word' id='word_1_476' title='bbox 841 5414 1106 5484; x_wconf 80' lang='lat' dir='ltr'><strong>acceperit</strong></span> <span class='ocrx_word' id='word_1_477' title='bbox 1130 5413 1171 5485; x_wconf 88' lang='lat' dir='ltr'><strong>(l</strong></span> <span class='ocrx_word' id='word_1_478' title='bbox 1200 5409 1318 5468; x_wconf 86' lang='lat' dir='ltr'><strong>Cor.</strong></span> <span class='ocrx_word' id='word_1_479' title='bbox 1346 5427 1422 5477; x_wconf 89' lang='lat' dir='ltr'><strong>Iv,</strong></span> <span class='ocrx_word' id='word_1_480' title='bbox 1446 5411 1521 5481; x_wconf 87' lang='grc'><strong>7).</strong></span> <span class='ocrx_word' id='word_1_481' title='bbox 1554 5411 1661 5467; x_wconf 81' lang='lat' dir='ltr'><strong>Nos</strong></span> <span class='ocrx_word' id='word_1_482' title='bbox 1681 5429 1778 5469; x_wconf 87' lang='lat' dir='ltr'><strong>au-</strong></span> 
     </span>
    </p>
   </div>
   <div class='ocr_carea' id='block_1_57' title="bbox 226 5505 1772 5581">
    <p class='ocr_par' dir='ltr' id='par_1_57' title="bbox 226 5505 1772 5581">
     <span class='ocr_line' id='line_1_57' title="bbox 226 5505 1772 5581; baseline -0.006 -11"><span class='ocrx_word' id='word_1_483' title='bbox 226 5521 344 5581; x_wconf 82' lang='lat' dir='ltr'><strong>tem.</strong></span> <span class='ocrx_word' id='word_1_484' title='bbox 385 5511 719 5576; x_wconf 81' lang='lat' dir='ltr'><strong>charissimi,</strong></span> <span class='ocrx_word' id='word_1_485' title='bbox 762 5519 820 5565; x_wconf 91' lang='lat' dir='ltr'><strong>ut</strong></span> <span class='ocrx_word' id='word_1_486' title='bbox 865 5506 1020 5563; x_wconf 89' lang='lat' dir='ltr'><strong>amici</strong></span> <span class='ocrx_word' id='word_1_487' title='bbox 1074 5505 1282 5562; x_wconf 89' lang='lat' dir='ltr'><strong>Domini</strong></span> <span class='ocrx_word' id='word_1_488' title='bbox 1320 5521 1443 5561; x_wconf 84' lang='lat' dir='ltr'><strong>esse</strong></span> <span class='ocrx_word' id='word_1_489' title='bbox 1473 5505 1772 5575; x_wconf 86' lang='lat' dir='ltr'><strong>possimus,</strong></span> 
     </span>
    </p>
   </div>
   <div class='ocr_carea' id='block_1_58' title="bbox 203 5643 1780 5711">
    <p class='ocr_par' dir='ltr' id='par_1_58' title="bbox 203 5643 1780 5711">
     <span class='ocr_line' id='line_1_58' title="bbox 203 5643 1780 5711; baseline -0.003 -11"><span class='ocrx_word' id='word_1_490' title='bbox 203 5659 208 5666; x_wconf 85' lang='lat'><strong>‘</strong></span> <span class='ocrx_word' id='word_1_491' title='bbox 277 5649 380 5700; x_wconf 67' lang='grc' dir='ltr'><strong>εει.</strong></span> <span class='ocrx_word' id='word_1_492' title='bbox 417 5648 561 5711; x_wconf 66' lang='lat' dir='ltr'><strong>Lugd.</strong></span> <span class='ocrx_word' id='word_1_493' title='bbox 603 5654 724 5697; x_wconf 76' lang='lat' dir='ltr'><strong>ven.</strong></span> <span class='ocrx_word' id='word_1_494' title='bbox 746 5652 856 5696; x_wconf 75' lang='lat' dir='ltr'><strong>Inv.</strong></span> <span class='ocrx_word' id='word_1_495' title='bbox 892 5646 963 5696; x_wconf 88' lang='lat' dir='ltr'><strong>sic</strong></span> <span class='ocrx_word' id='word_1_496' title='bbox 984 5644 1246 5708; x_wconf 77' lang='lat' dir='ltr'><strong>legendum</strong></span> <span class='ocrx_word' id='word_1_497' title='bbox 1292 5653 1496 5706; x_wconf 86' lang='lat' dir='ltr'><strong>putant:</strong></span> <span class='ocrx_word' id='word_1_498' title='bbox 1526 5643 1780 5696; x_wconf 75' lang='lat' dir='ltr'><strong>Dominum</strong></span> 
     </span>
    </p>
   </div>
   <div class='ocr_carea' id='block_1_59' title="bbox 201 5709 684 5772">
    <p class='ocr_par' dir='ltr' id='par_1_59' title="bbox 201 5709 684 5772">
     <span class='ocr_line' id='line_1_59' title="bbox 201 5709 684 5772; baseline -0.012 -9"><span class='ocrx_word' id='word_1_499' title='bbox 201 5735 210 5754; x_wconf 70' lang='grc' dir='ltr'><strong>ε</strong></span> <span class='ocrx_word' id='word_1_500' title='bbox 222 5711 366 5772; x_wconf 74' lang='lat' dir='ltr'><strong>facere</strong></span> <span class='ocrx_word' id='word_1_501' title='bbox 385 5709 574 5762; x_wconf 79' lang='lat' dir='ltr'><strong>sciniits.</strong></span> <span class='ocrx_word' id='word_1_502' title='bbox 627 5715 684 5757; x_wconf 78' lang='lat' dir='ltr'><strong>Il.</strong></span> 
     </span>
    </p>
   </div>
   <div class='ocr_carea' id='block_1_60' title="bbox 276 5767 1394 5843">
    <p class='ocr_par' dir='ltr' id='par_1_60' title="bbox 276 5767 1394 5843">
     <span class='ocr_line' id='line_1_60' title="bbox 276 5767 1394 5843; baseline -0.007 -19"><span class='ocrx_word' id='word_1_503' title='bbox 276 5775 297 5807; x_wconf 77' lang='grc'>³</span> <span class='ocrx_word' id='word_1_504' title='bbox 310 5779 360 5838; x_wconf 83' lang='grc' dir='ltr'><strong>ιιι</strong></span> <span class='ocrx_word' id='word_1_505' title='bbox 373 5773 618 5843; x_wconf 63' lang='lat' dir='ltr'><strong>plerisque</strong></span> <span class='ocrx_word' id='word_1_506' title='bbox 637 5777 744 5821; x_wconf 67' lang='grc' dir='ltr'><strong>λιες.</strong></span> <span class='ocrx_word' id='word_1_507' title='bbox 769 5782 864 5822; x_wconf 86' lang='grc' dir='ltr'><strong>ιιοιι</strong></span> <span class='ocrx_word' id='word_1_508' title='bbox 885 5768 1108 5830; x_wconf 82' lang='lat' dir='ltr'><strong>habetur,</strong></span> <span class='ocrx_word' id='word_1_509' title='bbox 1133 5767 1216 5833; x_wconf 82' lang='lat' dir='ltr'><strong>qui</strong></span> <span class='ocrx_word' id='word_1_510' title='bbox 1232 5767 1394 5819; x_wconf 82' lang='lat' dir='ltr'><strong>nescit.</strong></span> 
     </span>
    </p>
   </div>
   <div class='ocr_carea' id='block_1_61' title="bbox 1230 341 2380 408">
    <p class='ocr_par' dir='ltr' id='par_1_61' title="bbox 1230 341 2380 408">
     <span class='ocr_line' id='line_1_61' title="bbox 1230 341 2380 408; baseline -0.005 0"><span class='ocrx_word' id='word_1_511' title='bbox 1230 344 1639 408; x_wconf 69' lang='lat' dir='ltr'><strong>TRACTATUS</strong></span> <span class='ocrx_word' id='word_1_512' title='bbox 1669 341 1954 401; x_wconf 78' lang='lat' dir='ltr'><strong>LXXXVI.</strong></span> <span class='ocrx_word' id='word_1_513' title='bbox 1997 345 2224 405; x_wconf 72' lang='lat' dir='ltr'><strong>CAPUT</strong></span> <span class='ocrx_word' id='word_1_514' title='bbox 2268 347 2380 404; x_wconf 82' lang='lat' dir='ltr'><strong>XV.</strong></span> 
     </span>
    </p>
   </div>
   <div class='ocr_carea' id='block_1_62' title="bbox 2509 291 2686 319">
    <p class='ocr_par' dir='ltr' id='par_1_62' title="bbox 2509 291 2686 319">
     <span class='ocr_line' id='line_1_62' title="bbox 2509 291 2686 319; baseline -0.011 0"><span class='ocrx_word' id='word_1_515' title='bbox 2509 291 2555 319; x_wconf 58' lang='grc' dir='ltr'><strong>δέ</strong></span> <span class='ocrx_word' id='word_1_516' title='bbox 2668 309 2686 319; x_wconf 66' lang='grc'><strong>,.</strong></span> 
     </span>
    </p>
   </div>
   <div class='ocr_carea' id='block_1_63' title="bbox 3304 355 3444 418">
    <p class='ocr_par' dir='ltr' id='par_1_63' title="bbox 3304 355 3444 418">
     <span class='ocr_line' id='line_1_63' title="bbox 3304 355 3444 418; baseline 0.021 -3"><span class='ocrx_word' id='word_1_517' title='bbox 3304 355 3444 418; x_wconf 74' lang='grc'><strong>1850</strong></span> 
     </span>
    </p>
   </div>
   <div class='ocr_carea' id='block_1_64' title="bbox 1874 462 3448 532">
    <p class='ocr_par' dir='ltr' id='par_1_64' title="bbox 1874 462 3448 532">
     <span class='ocr_line' id='line_1_64' title="bbox 1874 462 3448 532; baseline 0.008 -14"><span class='ocrx_word' id='word_1_518' title='bbox 1874 462 1998 532; x_wconf 85' lang='lat' dir='ltr'><strong>quid</strong></span> <span class='ocrx_word' id='word_1_519' title='bbox 2025 474 2203 518; x_wconf 89' lang='lat' dir='ltr'><strong>noster</strong></span> <span class='ocrx_word' id='word_1_520' title='bbox 2235 464 2487 519; x_wconf 86' lang='lat' dir='ltr'><strong>Dominus</strong></span> <span class='ocrx_word' id='word_1_521' title='bbox 2518 464 2670 520; x_wconf 89' lang='lat' dir='ltr'><strong>faciat</strong></span> <span class='ocrx_word' id='word_1_522' title='bbox 2692 466 2941 523; x_wconf 79' lang='lat' dir='ltr'><strong>sciamus.</strong></span> <span class='ocrx_word' id='word_1_523' title='bbox 2977 469 3091 525; x_wconf 84' lang='lat' dir='ltr'><strong>Non</strong></span> <span class='ocrx_word' id='word_1_524' title='bbox 3118 473 3288 526; x_wconf 86' lang='lat' dir='ltr'><strong>solum</strong></span> <span class='ocrx_word' id='word_1_525' title='bbox 3307 476 3448 531; x_wconf 81' lang='lat' dir='ltr'><strong>enim</strong></span> 
     </span>
    </p>
   </div>
   <div class='ocr_carea' id='block_1_65' title="bbox 1870 554 3449 629">
    <p class='ocr_par' dir='ltr' id='par_1_65' title="bbox 1870 554 3449 629">
     <span class='ocr_line' id='line_1_65' title="bbox 1870 554 3449 629; baseline 0.009 -21"><span class='ocrx_word' id='word_1_526' title='bbox 1870 554 2147 621; x_wconf 76' lang='lat' dir='ltr'><strong>homines,</strong></span> <span class='ocrx_word' id='word_1_527' title='bbox 2182 571 2369 610; x_wconf 74' lang='lat' dir='ltr'><strong>verum</strong></span> <span class='ocrx_word' id='word_1_528' title='bbox 2398 559 2558 610; x_wconf 89' lang='lat' dir='ltr'><strong>etiam</strong></span> <span class='ocrx_word' id='word_1_529' title='bbox 2601 564 2776 627; x_wconf 81' lang='lat' dir='ltr'><strong>justus</strong></span> <span class='ocrx_word' id='word_1_530' title='bbox 2819 559 2931 629; x_wconf 88' lang='lat' dir='ltr'><strong>ipse</strong></span> <span class='ocrx_word' id='word_1_531' title='bbox 2962 560 3083 615; x_wconf 80' lang='lat' dir='ltr'><strong>facit</strong></span> <span class='ocrx_word' id='word_1_532' title='bbox 3109 578 3235 628; x_wconf 80' lang='lat' dir='ltr'><strong>nos,</strong></span> <span class='ocrx_word' id='word_1_533' title='bbox 3265 574 3316 618; x_wconf 91' lang='lat' dir='ltr'><strong>ct</strong></span> <span class='ocrx_word' id='word_1_534' title='bbox 3343 583 3449 623; x_wconf 85' lang='lat' dir='ltr'><strong>non</strong></span> 
     </span>
    </p>
   </div>
   <div class='ocr_carea' id='block_1_66' title="bbox 1871 643 3449 721">
    <p class='ocr_par' dir='ltr' id='par_1_66' title="bbox 1871 643 3449 721">
     <span class='ocr_line' id='line_1_66' title="bbox 1871 643 3449 721; baseline 0.009 -23"><span class='ocrx_word' id='word_1_535' title='bbox 1871 643 1970 711; x_wconf 82' lang='lat' dir='ltr'><strong>ipsi</strong></span> <span class='ocrx_word' id='word_1_536' title='bbox 1998 661 2113 699; x_wconf 88' lang='lat' dir='ltr'><strong>nos.</strong></span> <span class='ocrx_word' id='word_1_537' title='bbox 2146 646 2207 700; x_wconf 82' lang='lat' dir='ltr'><strong>Et</strong></span> <span class='ocrx_word' id='word_1_538' title='bbox 2239 657 2290 700; x_wconf 90' lang='lat' dir='ltr'><strong>ut</strong></span> <span class='ocrx_word' id='word_1_539' title='bbox 2327 647 2424 700; x_wconf 88' lang='lat' dir='ltr'><strong>lme</strong></span> <span class='ocrx_word' id='word_1_540' title='bbox 2449 649 2710 714; x_wconf 86' lang='lat' dir='ltr'><strong>sciamus,</strong></span> <span class='ocrx_word' id='word_1_541' title='bbox 2739 651 2860 720; x_wconf 83' lang='lat' dir='ltr'><strong>quis</strong></span> <span class='ocrx_word' id='word_1_542' title='bbox 2887 651 2986 706; x_wconf 89' lang='lat' dir='ltr'><strong>nisi</strong></span> <span class='ocrx_word' id='word_1_543' title='bbox 3017 653 3129 721; x_wconf 57' lang='lat' dir='ltr'><strong>ipse</strong></span> <span class='ocrx_word' id='word_1_544' title='bbox 3151 653 3311 710; x_wconf 85' lang='lat' dir='ltr'><strong>facit?</strong></span> <span class='ocrx_word' id='word_1_545' title='bbox 3333 655 3449 712; x_wconf 71' lang='lat' dir='ltr'><strong>Non</strong></span> 
     </span>
    </p>
   </div>
   <div class='ocr_carea' id='block_1_67' title="bbox 1869 740 3449 820">
    <p class='ocr_par' dir='ltr' id='par_1_67' title="bbox 1869 740 3449 820">
     <span class='ocr_line' id='line_1_67' title="bbox 1869 740 3449 820; baseline 0.006 -26"><span class='ocrx_word' id='word_1_546' title='bbox 1869 740 2010 794; x_wconf 90' lang='lat' dir='ltr'><strong>enim</strong></span> <span class='ocrx_word' id='word_1_547' title='bbox 2040 743 2271 811; x_wconf 85' lang='lat' dir='ltr'><strong>spiritum</strong></span> <span class='ocrx_word' id='word_1_548' title='bbox 2293 744 2445 814; x_wconf 80' lang='lat' dir='ltr'><strong>hujus</strong></span> <span class='ocrx_word' id='word_1_549' title='bbox 2459 745 2632 799; x_wconf 87' lang='lat' dir='ltr'><strong>mandi</strong></span> <span class='ocrx_word' id='word_1_550' title='bbox 2658 746 2956 816; x_wconf 82' lang='lat' dir='ltr'><strong>accepimus.</strong></span> <span class='ocrx_word' id='word_1_551' title='bbox 2981 747 3069 801; x_wconf 80' lang='lat' dir='ltr'><strong>sed</strong></span> <span class='ocrx_word' id='word_1_552' title='bbox 3085 747 3340 818; x_wconf 78' lang='lat' dir='ltr'><strong>Spiritum</strong></span> <span class='ocrx_word' id='word_1_553' title='bbox 3356 751 3449 820; x_wconf 78' lang='lat' dir='ltr'><strong>qui</strong></span> 
     </span>
    </p>
   </div>
   <div class='ocr_carea' id='block_1_68' title="bbox 1871 829 3438 905">
    <p class='ocr_par' dir='ltr' id='par_1_68' title="bbox 1871 829 3438 905">
     <span class='ocr_line' id='line_1_68' title="bbox 1871 829 3438 905; baseline 0.008 -22"><span class='ocrx_word' id='word_1_554' title='bbox 1871 846 1933 884; x_wconf 79' lang='lat' dir='ltr'><strong>ca:</strong></span> <span class='ocrx_word' id='word_1_555' title='bbox 1975 829 2080 885; x_wconf 81' lang='lat' dir='ltr'><strong>Deo</strong></span> <span class='ocrx_word' id='word_1_556' title='bbox 2100 843 2200 892; x_wconf 82' lang='lat' dir='ltr'><strong>cst.</strong></span> <span class='ocrx_word' id='word_1_557' title='bbox 2250 844 2306 886; x_wconf 89' lang='lat' dir='ltr'><strong>ut</strong></span> <span class='ocrx_word' id='word_1_558' title='bbox 2341 834 2557 888; x_wconf 89' lang='lat' dir='ltr'><strong>sciamus</strong></span> <span class='ocrx_word' id='word_1_559' title='bbox 2584 849 2700 905; x_wconf 68' lang='lat' dir='ltr'><strong>quae</strong></span> <span class='ocrx_word' id='word_1_560' title='bbox 2721 851 2754 888; x_wconf 91' lang='lat' dir='ltr'><strong>a</strong></span> <span class='ocrx_word' id='word_1_561' title='bbox 2799 833 2905 890; x_wconf 87' lang='lat' dir='ltr'><strong>Deo</strong></span> <span class='ocrx_word' id='word_1_562' title='bbox 2929 835 3118 891; x_wconf 86' lang='lat' dir='ltr'><strong>donata</strong></span> <span class='ocrx_word' id='word_1_563' title='bbox 3141 848 3258 899; x_wconf 86' lang='lat' dir='ltr'><strong>sunt</strong></span> <span class='ocrx_word' id='word_1_564' title='bbox 3297 838 3438 895; x_wconf 83' lang='lat' dir='ltr'><strong>nobis</strong></span> 
     </span>
    </p>
   </div>
   <div class='ocr_carea' id='block_1_69' title="bbox 1871 920 3446 998">
    <p class='ocr_par' dir='ltr' id='par_1_69' title="bbox 1871 920 3446 998">
     <span class='ocr_line' id='line_1_69' title="bbox 1871 920 3446 998; baseline 0.006 -22"><span class='ocrx_word' id='word_1_565' title='bbox 1871 920 1912 989; x_wconf 82' lang='grc' dir='ltr'><strong>(Ι</strong></span> <span class='ocrx_word' id='word_1_566' title='bbox 1933 922 2051 977; x_wconf 82' lang='lat' dir='ltr'><strong>Cor.</strong></span> <span class='ocrx_word' id='word_1_567' title='bbox 2085 941 2142 990; x_wconf 92' lang='lat' dir='ltr'>II,</span> <span class='ocrx_word' id='word_1_568' title='bbox 2180 924 2282 995; x_wconf 75' lang='grc'><strong>12).</strong></span> <span class='ocrx_word' id='word_1_569' title='bbox 2317 927 2397 980; x_wconf 83' lang='lat' dir='ltr'><strong>Ab</strong></span> <span class='ocrx_word' id='word_1_570' title='bbox 2418 927 2530 997; x_wconf 83' lang='lat' dir='ltr'><strong>ipso</strong></span> <span class='ocrx_word' id='word_1_571' title='bbox 2557 928 2808 998; x_wconf 88' lang='lat' dir='ltr'><strong>quidquid</strong></span> <span class='ocrx_word' id='word_1_572' title='bbox 2860 929 2982 983; x_wconf 79' lang='lat' dir='ltr'><strong>boni</strong></span> <span class='ocrx_word' id='word_1_573' title='bbox 3029 939 3146 992; x_wconf 86' lang='lat' dir='ltr'><strong>est,</strong></span> <span class='ocrx_word' id='word_1_574' title='bbox 3197 930 3446 988; x_wconf 82' lang='lat' dir='ltr'><strong>donatur.</strong></span> 
     </span>
    </p>
   </div>
   <div class='ocr_carea' id='block_1_70' title="bbox 1871 1015 3450 1089">
    <p class='ocr_par' dir='ltr' id='par_1_70' title="bbox 1871 1015 3450 1089">
     <span class='ocr_line' id='line_1_70' title="bbox 1871 1015 3450 1089; baseline 0.006 -20"><span class='ocrx_word' id='word_1_575' title='bbox 1871 1015 2008 1085; x_wconf 75' lang='lat' dir='ltr'><strong>Ergo</strong></span> <span class='ocrx_word' id='word_1_576' title='bbox 2033 1018 2152 1085; x_wconf 88' lang='lat' dir='ltr'><strong>quia</strong></span> <span class='ocrx_word' id='word_1_577' title='bbox 2183 1028 2238 1072; x_wconf 89' lang='lat' dir='ltr'><strong>et</strong></span> <span class='ocrx_word' id='word_1_578' title='bbox 2267 1017 2366 1072; x_wconf 84' lang='lat' dir='ltr'><strong>hoc</strong></span> <span class='ocrx_word' id='word_1_579' title='bbox 2394 1019 2591 1074; x_wconf 91' lang='lat' dir='ltr'><strong>bonum</strong></span> <span class='ocrx_word' id='word_1_580' title='bbox 2620 1029 2734 1082; x_wconf 78' lang='lat' dir='ltr'><strong>est,</strong></span> <span class='ocrx_word' id='word_1_581' title='bbox 2776 1020 2842 1073; x_wconf 92' lang='lat' dir='ltr'><strong>ab</strong></span> <span class='ocrx_word' id='word_1_582' title='bbox 2868 1020 2983 1089; x_wconf 86' lang='lat' dir='ltr'><strong>ipso</strong></span> <span class='ocrx_word' id='word_1_583' title='bbox 3011 1023 3195 1089; x_wconf 82' lang='lat' dir='ltr'><strong>utique</strong></span> <span class='ocrx_word' id='word_1_584' title='bbox 3220 1021 3450 1080; x_wconf 87' lang='lat' dir='ltr'><strong>donatur</strong></span> 
     </span>
    </p>
   </div>
   <div class='ocr_carea' id='block_1_71' title="bbox 1870 1109 3448 1178">
    <p class='ocr_par' dir='ltr' id='par_1_71' title="bbox 1870 1109 3448 1178">
     <span class='ocr_line' id='line_1_71' title="bbox 1870 1109 3448 1178; baseline 0.004 -18"><span class='ocrx_word' id='word_1_585' title='bbox 1870 1118 1928 1162; x_wconf 90' lang='lat' dir='ltr'><strong>ut</strong></span> <span class='ocrx_word' id='word_1_586' title='bbox 1949 1109 2147 1162; x_wconf 84' lang='lat' dir='ltr'><strong>sciatur</strong></span> <span class='ocrx_word' id='word_1_587' title='bbox 2170 1124 2198 1161; x_wconf 91' lang='lat' dir='ltr'><strong>a</strong></span> <span class='ocrx_word' id='word_1_588' title='bbox 2225 1125 2333 1178; x_wconf 88' lang='lat' dir='ltr'><strong>quo</strong></span> <span class='ocrx_word' id='word_1_589' title='bbox 2365 1109 2559 1165; x_wconf 86' lang='lat' dir='ltr'><strong>bonum</strong></span> <span class='ocrx_word' id='word_1_590' title='bbox 2582 1128 2739 1164; x_wconf 84' lang='lat' dir='ltr'><strong>omne</strong></span> <span class='ocrx_word' id='word_1_591' title='bbox 2765 1111 2994 1166; x_wconf 74' lang='lat' dir='ltr'><strong>donetur</strong></span> <span class='ocrx_word' id='word_1_592' title='bbox 3017 1131 3033 1177; x_wconf 91' lang='lat'><strong>;</strong></span> <span class='ocrx_word' id='word_1_593' title='bbox 3062 1124 3121 1167; x_wconf 91' lang='grc' dir='ltr'><strong>ιιι</strong></span> <span class='ocrx_word' id='word_1_594' title='bbox 3141 1113 3358 1167; x_wconf 89' lang='lat' dir='ltr'><strong>omnino</strong></span> <span class='ocrx_word' id='word_1_595' title='bbox 3381 1113 3448 1166; x_wconf 85' lang='lat' dir='ltr'><strong>Ile</strong></span> 
     </span>
    </p>
   </div>
   <div class='ocr_carea' id='block_1_72' title="bbox 1868 1200 3449 1272">
    <p class='ocr_par' dir='ltr' id='par_1_72' title="bbox 1868 1200 3449 1272">
     <span class='ocr_line' id='line_1_72' title="bbox 1868 1200 3449 1272; baseline 0.001 -19"><span class='ocrx_word' id='word_1_596' title='bbox 1868 1200 2112 1253; x_wconf 74' lang='lat' dir='ltr'><strong>Omnibus</strong></span> <span class='ocrx_word' id='word_1_597' title='bbox 2157 1201 2338 1262; x_wconf 85' lang='lat' dir='ltr'><strong>bonis,</strong></span> <span class='ocrx_word' id='word_1_598' title='bbox 2369 1202 2456 1270; x_wconf 89' lang='lat' dir='ltr'><strong>qni</strong></span> <span class='ocrx_word' id='word_1_599' title='bbox 2503 1201 2792 1270; x_wconf 80' lang='lat' dir='ltr'><strong>gloriatur,</strong></span> <span class='ocrx_word' id='word_1_600' title='bbox 2846 1202 2897 1256; x_wconf 94' lang='lat' dir='ltr'><strong>in</strong></span> <span class='ocrx_word' id='word_1_601' title='bbox 2942 1202 3164 1257; x_wconf 89' lang='lat' dir='ltr'><strong>Domitto</strong></span> <span class='ocrx_word' id='word_1_602' title='bbox 3191 1202 3449 1272; x_wconf 76' lang='lat' dir='ltr'><strong>glorietur</strong></span> 
     </span>
    </p>
   </div>
   <div class='ocr_carea' id='block_1_73' title="bbox 1873 1287 3446 1361">
    <p class='ocr_par' dir='ltr' id='par_1_73' title="bbox 1873 1287 3446 1361">
     <span class='ocr_line' id='line_1_73' title="bbox 1873 1287 3446 1361; baseline 0.003 -19"><span class='ocrx_word' id='word_1_603' title='bbox 1873 1287 1962 1361; x_wconf 85' lang='lat' dir='ltr'><strong>(Id</strong></span> <span class='ocrx_word' id='word_1_604' title='bbox 1974 1337 1976 1339; x_wconf 70' lang='grc'><strong>,</strong></span> <span class='ocrx_word' id='word_1_605' title='bbox 2014 1305 2051 1353; x_wconf 87' lang='lat' dir='ltr'><strong>t,</strong></span> <span class='ocrx_word' id='word_1_606' title='bbox 2076 1290 2186 1360; x_wconf 82' lang='grc'><strong>51).</strong></span> <span class='ocrx_word' id='word_1_607' title='bbox 2220 1291 2371 1358; x_wconf 83' lang='lat' dir='ltr'><strong>Quod</strong></span> <span class='ocrx_word' id='word_1_608' title='bbox 2402 1307 2526 1345; x_wconf 90' lang='lat' dir='ltr'><strong>vero</strong></span> <span class='ocrx_word' id='word_1_609' title='bbox 2555 1293 2703 1360; x_wconf 83' lang='lat' dir='ltr'><strong>sequi</strong></span> <span class='ocrx_word' id='word_1_610' title='bbox 2728 1308 2825 1356; x_wconf 87' lang='lat' dir='ltr'><strong>ttr,</strong></span> <span class='ocrx_word' id='word_1_611' title='bbox 2858 1291 2957 1346; x_wconf 85' lang='lat' dir='ltr'><strong>Vos</strong></span> <span class='ocrx_word' id='word_1_612' title='bbox 2994 1303 3160 1347; x_wconf 87' lang='lat' dir='ltr'><strong>autem</strong></span> <span class='ocrx_word' id='word_1_613' title='bbox 3189 1294 3296 1346; x_wconf 74' lang='lat' dir='ltr'><strong>dixi</strong></span> <span class='ocrx_word' id='word_1_614' title='bbox 3314 1293 3446 1346; x_wconf 80' lang='lat' dir='ltr'><strong>ami-</strong></span> 
     </span>
    </p>
   </div>
   <div class='ocr_carea' id='block_1_74' title="bbox 1869 1381 3447 1454">
    <p class='ocr_par' dir='ltr' id='par_1_74' title="bbox 1869 1381 3447 1454">
     <span class='ocr_line' id='line_1_74' title="bbox 1869 1381 3447 1454; baseline 0.003 -20"><span class='ocrx_word' id='word_1_615' title='bbox 1869 1396 1986 1443; x_wconf 88' lang='lat' dir='ltr'><strong>cos;</strong></span> <span class='ocrx_word' id='word_1_616' title='bbox 2011 1381 2126 1450; x_wconf 88' lang='lat' dir='ltr'><strong>quia</strong></span> <span class='ocrx_word' id='word_1_617' title='bbox 2150 1382 2319 1435; x_wconf 88' lang='lat' dir='ltr'><strong>omnia</strong></span> <span class='ocrx_word' id='word_1_618' title='bbox 2352 1399 2675 1454; x_wconf 66' lang='lat' dir='ltr'><strong>quiscumque</strong></span> <span class='ocrx_word' id='word_1_619' title='bbox 2700 1384 2872 1436; x_wconf 85' lang='lat' dir='ltr'><strong>audiri</strong></span> <span class='ocrx_word' id='word_1_620' title='bbox 2895 1401 2926 1436; x_wconf 90' lang='lat' dir='ltr'><strong>a</strong></span> <span class='ocrx_word' id='word_1_621' title='bbox 2959 1382 3111 1437; x_wconf 80' lang='lat' dir='ltr'><strong>Patre</strong></span> <span class='ocrx_word' id='word_1_622' title='bbox 3149 1400 3258 1438; x_wconf 83' lang='lat' dir='ltr'><strong>meo</strong></span> <span class='ocrx_word' id='word_1_623' title='bbox 3277 1425 3292 1446; x_wconf 88' lang='lat'><strong>,</strong></span> <span class='ocrx_word' id='word_1_624' title='bbox 3329 1392 3447 1438; x_wconf 85' lang='lat' dir='ltr'><strong>nota</strong></span> 
     </span>
    </p>
   </div>
   <div class='ocr_carea' id='block_1_75' title="bbox 1870 1464 3444 1543">
    <p class='ocr_par' dir='ltr' id='par_1_75' title="bbox 1870 1464 3444 1543">
     <span class='ocr_line' id='line_1_75' title="bbox 1870 1464 3444 1543; baseline 0.001 -17"><span class='ocrx_word' id='word_1_625' title='bbox 1870 1473 1967 1543; x_wconf 80' lang='lat' dir='ltr'><strong>feci</strong></span> <span class='ocrx_word' id='word_1_626' title='bbox 1987 1473 2122 1526; x_wconf 84' lang='lat' dir='ltr'><strong>robis</strong></span> <span class='ocrx_word' id='word_1_627' title='bbox 2141 1511 2158 1538; x_wconf 93' lang='lat'><strong>,</strong></span> <span class='ocrx_word' id='word_1_628' title='bbox 2191 1473 2259 1528; x_wconf 89' lang='lat' dir='ltr'><strong>ita</strong></span> <span class='ocrx_word' id='word_1_629' title='bbox 2291 1464 2371 1527; x_wconf 79' lang='lat' dir='ltr'><strong>est</strong></span> <span class='ocrx_word' id='word_1_630' title='bbox 2397 1473 2742 1541; x_wconf 85' lang='lat' dir='ltr'><strong>profundum,</strong></span> <span class='ocrx_word' id='word_1_631' title='bbox 2791 1485 2848 1528; x_wconf 85' lang='lat' dir='ltr'><strong>III</strong></span> <span class='ocrx_word' id='word_1_632' title='bbox 2873 1474 3021 1528; x_wconf 88' lang='lat' dir='ltr'><strong>nullo</strong></span> <span class='ocrx_word' id='word_1_633' title='bbox 3051 1473 3210 1529; x_wconf 86' lang='lat' dir='ltr'><strong>modo</strong></span> <span class='ocrx_word' id='word_1_634' title='bbox 3238 1475 3309 1528; x_wconf 89' lang='lat' dir='ltr'><strong>sit</strong></span> <span class='ocrx_word' id='word_1_635' title='bbox 3339 1475 3444 1531; x_wconf 81' lang='lat' dir='ltr'><strong>isto</strong></span> 
     </span>
    </p>
   </div>
   <div class='ocr_carea' id='block_1_76' title="bbox 1870 1564 3344 1624">
    <p class='ocr_par' dir='ltr' id='par_1_76' title="bbox 1870 1564 3344 1624">
     <span class='ocr_line' id='line_1_76' title="bbox 1870 1564 3344 1624; baseline 0 -4"><span class='ocrx_word' id='word_1_636' title='bbox 1870 1578 2118 1620; x_wconf 81' lang='lat' dir='ltr'><strong>sermone</strong></span> <span class='ocrx_word' id='word_1_637' title='bbox 2142 1564 2514 1619; x_wconf 90' lang='lat' dir='ltr'><strong>coarctamlmu</strong></span> <span class='ocrx_word' id='word_1_638' title='bbox 2537 1606 2552 1624; x_wconf 88' lang='lat'><strong>.</strong></span> <span class='ocrx_word' id='word_1_639' title='bbox 2583 1565 2674 1620; x_wconf 84' lang='lat' dir='ltr'><strong>sed</strong></span> <span class='ocrx_word' id='word_1_640' title='bbox 2707 1566 2757 1619; x_wconf 94' lang='lat' dir='ltr'><strong>in</strong></span> <span class='ocrx_word' id='word_1_641' title='bbox 2789 1565 2951 1619; x_wconf 90' lang='lat' dir='ltr'><strong>alimn</strong></span> <span class='ocrx_word' id='word_1_642' title='bbox 2973 1566 3344 1622; x_wconf 75' lang='lat' dir='ltr'><strong>differendum.</strong></span> 
     </span>
    </p>
   </div>
   <div class='ocr_carea' id='block_1_77' title="bbox 2292 1656 3021 1714">
    <p class='ocr_par' dir='ltr' id='par_1_77' title="bbox 2292 1656 3021 1714">
     <span class='ocr_line' id='line_1_77' title="bbox 2292 1656 3021 1714; baseline 0 -2"><span class='ocrx_word' id='word_1_643' title='bbox 2292 1656 2699 1714; x_wconf 69' lang='lat' dir='ltr'><strong>TRACTATUS</strong></span> <span class='ocrx_word' id='word_1_644' title='bbox 2738 1657 3021 1712; x_wconf 71' lang='lat' dir='ltr'><strong>LXXXVI.</strong></span> 
     </span>
    </p>
   </div>
   <div class='ocr_carea' id='block_1_78' title="bbox 1870 1748 3444 1819">
    <p class='ocr_par' dir='ltr' id='par_1_78' title="bbox 1870 1748 3444 1819">
     <span class='ocr_line' id='line_1_78' title="bbox 1870 1748 3444 1819; baseline 0.001 -14"><span class='ocrx_word' id='word_1_645' title='bbox 1870 1748 1950 1805; x_wconf 86' lang='lat' dir='ltr'><strong>De</strong></span> <span class='ocrx_word' id='word_1_646' title='bbox 1992 1765 2050 1803; x_wconf 86' lang='lat' dir='ltr'><strong>eo</strong></span> <span class='ocrx_word' id='word_1_647' title='bbox 2077 1750 2212 1819; x_wconf 84' lang='lat' dir='ltr'><strong>quod</strong></span> <span class='ocrx_word' id='word_1_648' title='bbox 2257 1749 2499 1804; x_wconf 86' lang='lat' dir='ltr'><strong>Dominus</strong></span> <span class='ocrx_word' id='word_1_649' title='bbox 2535 1750 2636 1813; x_wconf 89' lang='lat' dir='ltr'><strong>ait,</strong></span> <span class='ocrx_word' id='word_1_650' title='bbox 2684 1750 2788 1804; x_wconf 78' lang='lat' dir='ltr'><strong>\‘os</strong></span> <span class='ocrx_word' id='word_1_651' title='bbox 2827 1761 3003 1805; x_wconf 88' lang='lat' dir='ltr'><strong>autem</strong></span> <span class='ocrx_word' id='word_1_652' title='bbox 3055 1748 3161 1805; x_wconf 76' lang='lat' dir='ltr'><strong>dixi</strong></span> <span class='ocrx_word' id='word_1_653' title='bbox 3207 1752 3444 1817; x_wconf 81' lang='lat' dir='ltr'><strong>amicos;</strong></span> 
     </span>
    </p>
   </div>
   <div class='ocr_carea' id='block_1_79' title="bbox 1945 1840 3444 1911">
    <p class='ocr_par' dir='ltr' id='par_1_79' title="bbox 1945 1840 3444 1911">
     <span class='ocr_line' id='line_1_79' title="bbox 1945 1840 3444 1911; baseline 0.007 -22"><span class='ocrx_word' id='word_1_654' title='bbox 1945 1857 2098 1910; x_wconf 78' lang='lat' dir='ltr'><strong>usque</strong></span> <span class='ocrx_word' id='word_1_655' title='bbox 2133 1843 2200 1894; x_wconf 90' lang='lat' dir='ltr'><strong>ad</strong></span> <span class='ocrx_word' id='word_1_656' title='bbox 2239 1841 2323 1905; x_wconf 87' lang='lat' dir='ltr'><strong>id,</strong></span> <span class='ocrx_word' id='word_1_657' title='bbox 2359 1840 2425 1897; x_wconf 87' lang='lat' dir='ltr'><strong>Ut</strong></span> <span class='ocrx_word' id='word_1_658' title='bbox 2453 1841 2824 1910; x_wconf 85' lang='lat' dir='ltr'><strong>quodcumque</strong></span> <span class='ocrx_word' id='word_1_659' title='bbox 2854 1840 3109 1911; x_wconf 70' lang='lat' dir='ltr'><strong>petieritis</strong></span> <span class='ocrx_word' id='word_1_660' title='bbox 3155 1841 3364 1898; x_wconf 80' lang='lat' dir='ltr'><strong>Patrem</strong></span> <span class='ocrx_word' id='word_1_661' title='bbox 3390 1843 3444 1900; x_wconf 88' lang='lat' dir='ltr'><strong>in</strong></span> 
     </span>
    </p>
   </div>
   <div class='ocr_carea' id='block_1_80' title="bbox 1943 1930 3376 2010">
    <p class='ocr_par' dir='ltr' id='par_1_80' title="bbox 1943 1930 3376 2010">
     <span class='ocr_line' id='line_1_80' title="bbox 1943 1930 3376 2010; baseline 0 -24"><span class='ocrx_word' id='word_1_662' title='bbox 1943 1932 2158 1987; x_wconf 89' lang='lat' dir='ltr'><strong>nomine</strong></span> <span class='ocrx_word' id='word_1_663' title='bbox 2185 1947 2337 2010; x_wconf 82' lang='lat' dir='ltr'><strong>meo,</strong></span> <span class='ocrx_word' id='word_1_664' title='bbox 2368 1931 2456 1986; x_wconf 87' lang='lat' dir='ltr'><strong>det</strong></span> <span class='ocrx_word' id='word_1_665' title='bbox 2487 1933 2653 1985; x_wconf 84' lang='lat' dir='ltr'><strong>vobis.</strong></span> <span class='ocrx_word' id='word_1_666' title='bbox 2686 1930 2814 2000; x_wconf 89' lang='lat' dir='ltr'><strong>Cap.</strong></span> <span class='ocrx_word' id='word_1_667' title='bbox 2846 1948 2932 1994; x_wconf 71' lang='lat' dir='ltr'><strong>xv,</strong></span> <span class='ocrx_word' id='word_1_668' title='bbox 2979 1932 3009 1999; x_wconf 59' lang='grc' dir='ltr'><em>ᾗ</em></span> <span class='ocrx_word' id='word_1_669' title='bbox 3049 1933 3120 2001; x_wconf 68' lang='grc' dir='ltr'><strong>Ῡ.</strong></span> <span class='ocrx_word' id='word_1_670' title='bbox 3168 1934 3254 1994; x_wconf 84' lang='grc'><strong>15.</strong></span> <span class='ocrx_word' id='word_1_671' title='bbox 3290 1934 3376 1989; x_wconf 85' lang='grc'><strong>16.</strong></span> 
     </span>
    </p>
   </div>
   <div class='ocr_carea' id='block_1_81' title="bbox 1948 2021 3450 2096">
    <p class='ocr_par' dir='ltr' id='par_1_81' title="bbox 1948 2021 3450 2096">
     <span class='ocr_line' id='line_1_81' title="bbox 1948 2021 3450 2096; baseline 0.001 -20"><span class='ocrx_word' id='word_1_672' title='bbox 1948 2023 1999 2076; x_wconf 82' lang='grc'><strong>1.</strong></span> <span class='ocrx_word' id='word_1_673' title='bbox 2041 2021 2227 2076; x_wconf 80' lang='lat' dir='ltr'><strong>Merito</strong></span> <span class='ocrx_word' id='word_1_674' title='bbox 2248 2023 2502 2091; x_wconf 77' lang='lat' dir='ltr'><strong>qazeritttr</strong></span> <span class='ocrx_word' id='word_1_675' title='bbox 2527 2023 2793 2091; x_wconf 81' lang='lat' dir='ltr'><strong>qnonImlo</strong></span> <span class='ocrx_word' id='word_1_676' title='bbox 2819 2023 3182 2092; x_wconf 69' lang='lat' dir='ltr'><strong>accipiendum</strong></span> <span class='ocrx_word' id='word_1_677' title='bbox 3213 2025 3283 2078; x_wconf 89' lang='lat' dir='ltr'><strong>sit</strong></span> <span class='ocrx_word' id='word_1_678' title='bbox 3308 2024 3450 2096; x_wconf 89' lang='lat' dir='ltr'><strong>quod</strong></span> 
     </span>
    </p>
   </div>
   <div class='ocr_carea' id='block_1_82' title="bbox 1875 2111 3452 2185">
    <p class='ocr_par' dir='ltr' id='par_1_82' title="bbox 1875 2111 3452 2185">
     <span class='ocr_line' id='line_1_82' title="bbox 1875 2111 3452 2185; baseline 0.001 -18"><span class='ocrx_word' id='word_1_679' title='bbox 1875 2113 1949 2167; x_wconf 85' lang='lat' dir='ltr'><strong>ait</strong></span> <span class='ocrx_word' id='word_1_680' title='bbox 1974 2112 2247 2176; x_wconf 81' lang='lat' dir='ltr'><strong>Dominus,</strong></span> <span class='ocrx_word' id='word_1_681' title='bbox 2289 2111 2383 2165; x_wconf 77' lang='lat' dir='ltr'><strong>Vos</strong></span> <span class='ocrx_word' id='word_1_682' title='bbox 2403 2125 2570 2167; x_wconf 88' lang='lat' dir='ltr'><strong>autem</strong></span> <span class='ocrx_word' id='word_1_683' title='bbox 2595 2115 2704 2167; x_wconf 73' lang='lat' dir='ltr'><strong>dixi</strong></span> <span class='ocrx_word' id='word_1_684' title='bbox 2731 2115 2958 2178; x_wconf 86' lang='lat' dir='ltr'><strong>amicos;</strong></span> <span class='ocrx_word' id='word_1_685' title='bbox 2980 2115 3098 2184; x_wconf 87' lang='lat' dir='ltr'><strong>quia</strong></span> <span class='ocrx_word' id='word_1_686' title='bbox 3118 2114 3286 2167; x_wconf 86' lang='lat' dir='ltr'><strong>omnia</strong></span> <span class='ocrx_word' id='word_1_687' title='bbox 3314 2130 3452 2185; x_wconf 77' lang='lat' dir='ltr'><strong>qna:-</strong></span> 
     </span>
    </p>
   </div>
   <div class='ocr_carea' id='block_1_83' title="bbox 1874 2202 3452 2273">
    <p class='ocr_par' dir='ltr' id='par_1_83' title="bbox 1874 2202 3452 2273">
     <span class='ocr_line' id='line_1_83' title="bbox 1874 2202 3452 2273; baseline 0.003 -18"><span class='ocrx_word' id='word_1_688' title='bbox 1874 2218 2086 2270; x_wconf 87' lang='lat' dir='ltr'><strong>cnmque</strong></span> <span class='ocrx_word' id='word_1_689' title='bbox 2110 2202 2281 2256; x_wconf 86' lang='lat' dir='ltr'><strong>audiri</strong></span> <span class='ocrx_word' id='word_1_690' title='bbox 2306 2220 2337 2256; x_wconf 88' lang='lat' dir='ltr'><strong>a</strong></span> <span class='ocrx_word' id='word_1_691' title='bbox 2370 2202 2522 2256; x_wconf 81' lang='lat' dir='ltr'><strong>Patre</strong></span> <span class='ocrx_word' id='word_1_692' title='bbox 2542 2220 2676 2266; x_wconf 81' lang='lat' dir='ltr'><strong>meo,</strong></span> <span class='ocrx_word' id='word_1_693' title='bbox 2706 2213 2823 2256; x_wconf 88' lang='lat' dir='ltr'><strong>nota</strong></span> <span class='ocrx_word' id='word_1_694' title='bbox 2847 2205 2940 2273; x_wconf 75' lang='lat' dir='ltr'><strong>feci</strong></span> <span class='ocrx_word' id='word_1_695' title='bbox 2970 2203 3124 2257; x_wconf 68' lang='lat' dir='ltr'><strong>vobis.</strong></span> <span class='ocrx_word' id='word_1_696' title='bbox 3157 2205 3286 2272; x_wconf 87' lang='lat' dir='ltr'><strong>Qttis</strong></span> <span class='ocrx_word' id='word_1_697' title='bbox 3307 2205 3452 2260; x_wconf 85' lang='lat' dir='ltr'><strong>enim</strong></span> 
     </span>
    </p>
   </div>
   <div class='ocr_carea' id='block_1_84' title="bbox 1875 2293 3454 2352">
    <p class='ocr_par' dir='ltr' id='par_1_84' title="bbox 1875 2293 3454 2352">
     <span class='ocr_line' id='line_1_84' title="bbox 1875 2293 3454 2352; baseline 0.003 -4"><span class='ocrx_word' id='word_1_698' title='bbox 1875 2293 2063 2348; x_wconf 85' lang='lat' dir='ltr'><strong>audeat</strong></span> <span class='ocrx_word' id='word_1_699' title='bbox 2095 2293 2362 2347; x_wconf 84' lang='lat' dir='ltr'><strong>al‘tirmare</strong></span> <span class='ocrx_word' id='word_1_700' title='bbox 2412 2295 2494 2348; x_wconf 88' lang='lat' dir='ltr'><strong>vel</strong></span> <span class='ocrx_word' id='word_1_701' title='bbox 2539 2293 2757 2349; x_wconf 85' lang='lat' dir='ltr'><strong>credere</strong></span> <span class='ocrx_word' id='word_1_702' title='bbox 2798 2294 2961 2348; x_wconf 91' lang='lat' dir='ltr'><strong>ullum</strong></span> <span class='ocrx_word' id='word_1_703' title='bbox 3004 2294 3274 2349; x_wconf 77' lang='lat' dir='ltr'><strong>hominum</strong></span> <span class='ocrx_word' id='word_1_704' title='bbox 3317 2297 3454 2352; x_wconf 84' lang='lat' dir='ltr'><strong>scire</strong></span> 
     </span>
    </p>
   </div>
   <div class='ocr_carea' id='block_1_85' title="bbox 1874 2383 3451 2454">
    <p class='ocr_par' dir='ltr' id='par_1_85' title="bbox 1874 2383 3451 2454">
     <span class='ocr_line' id='line_1_85' title="bbox 1874 2383 3451 2454; baseline 0.001 -16"><span class='ocrx_word' id='word_1_705' title='bbox 1874 2384 2048 2438; x_wconf 90' lang='lat' dir='ltr'><strong>omnia</strong></span> <span class='ocrx_word' id='word_1_706' title='bbox 2079 2399 2424 2454; x_wconf 77' lang='lat' dir='ltr'><strong>quacumque</strong></span> <span class='ocrx_word' id='word_1_707' title='bbox 2447 2400 2476 2438; x_wconf 87' lang='lat' dir='ltr'><strong>a</strong></span> <span class='ocrx_word' id='word_1_708' title='bbox 2511 2385 2663 2438; x_wconf 90' lang='lat' dir='ltr'><strong>Patre</strong></span> <span class='ocrx_word' id='word_1_709' title='bbox 2690 2383 2889 2438; x_wconf 87' lang='lat' dir='ltr'><strong>audivit</strong></span> <span class='ocrx_word' id='word_1_710' title='bbox 2922 2385 3223 2454; x_wconf 79' lang='lat' dir='ltr'><strong>unigenitns</strong></span> <span class='ocrx_word' id='word_1_711' title='bbox 3247 2383 3410 2440; x_wconf 78' lang='lat' dir='ltr'><strong>Filius</strong></span> <span class='ocrx_word' id='word_1_712' title='bbox 3433 2400 3451 2452; x_wconf 82' lang='lat'><strong>;</strong></span> 
     </span>
    </p>
   </div>
   <div class='ocr_carea' id='block_1_86' title="bbox 1873 2475 3454 2549">
    <p class='ocr_par' dir='ltr' id='par_1_86' title="bbox 1873 2475 3454 2549">
     <span class='ocr_line' id='line_1_86' title="bbox 1873 2475 3454 2549; baseline 0.007 -26"><span class='ocrx_word' id='word_1_713' title='bbox 1873 2476 2083 2549; x_wconf 73' lang='lat' dir='ltr'><strong>quando</strong></span> <span class='ocrx_word' id='word_1_714' title='bbox 2127 2493 2191 2530; x_wconf 89' lang='lat' dir='ltr'><strong>ne</strong></span> <span class='ocrx_word' id='word_1_715' title='bbox 2220 2475 2319 2530; x_wconf 86' lang='lat' dir='ltr'><strong>hoc</strong></span> <span class='ocrx_word' id='word_1_716' title='bbox 2343 2475 2555 2544; x_wconf 85' lang='lat' dir='ltr'><strong>quidem</strong></span> <span class='ocrx_word' id='word_1_717' title='bbox 2586 2475 2861 2546; x_wconf 76' lang='lat' dir='ltr'><strong>quisquam</strong></span> <span class='ocrx_word' id='word_1_718' title='bbox 2902 2476 3075 2544; x_wconf 88' lang='lat' dir='ltr'><strong>capit,</strong></span> <span class='ocrx_word' id='word_1_719' title='bbox 3127 2478 3395 2545; x_wconf 87' lang='lat' dir='ltr'><strong>quomodo</strong></span> <span class='ocrx_word' id='word_1_720' title='bbox 3420 2492 3454 2534; x_wconf 83' lang='lat' dir='ltr'><strong>a</strong></span> 
     </span>
    </p>
   </div>
   <div class='ocr_carea' id='block_1_87' title="bbox 1875 2565 3452 2635">
    <p class='ocr_par' dir='ltr' id='par_1_87' title="bbox 1875 2565 3452 2635">
     <span class='ocr_line' id='line_1_87' title="bbox 1875 2565 3452 2635; baseline -0.002 -13"><span class='ocrx_word' id='word_1_721' title='bbox 1875 2568 2030 2622; x_wconf 80' lang='lat' dir='ltr'><strong>Patre</strong></span> <span class='ocrx_word' id='word_1_722' title='bbox 2057 2567 2235 2619; x_wconf 73' lang='lat' dir='ltr'><strong>audiat</strong></span> <span class='ocrx_word' id='word_1_723' title='bbox 2262 2566 2423 2621; x_wconf 92' lang='lat' dir='ltr'><strong>ullum</strong></span> <span class='ocrx_word' id='word_1_724' title='bbox 2449 2566 2666 2620; x_wconf 87' lang='lat' dir='ltr'><strong>verlmm</strong></span> <span class='ocrx_word' id='word_1_725' title='bbox 2686 2605 2703 2627; x_wconf 88' lang='lat'><strong>,</strong></span> <span class='ocrx_word' id='word_1_726' title='bbox 2746 2581 2864 2618; x_wconf 82' lang='lat' dir='ltr'><strong>cum</strong></span> <span class='ocrx_word' id='word_1_727' title='bbox 2895 2565 3008 2635; x_wconf 85' lang='lat' dir='ltr'><strong>ipse</strong></span> <span class='ocrx_word' id='word_1_728' title='bbox 3034 2565 3104 2620; x_wconf 87' lang='lat' dir='ltr'><strong>sit</strong></span> <span class='ocrx_word' id='word_1_729' title='bbox 3130 2565 3300 2619; x_wconf 83' lang='lat' dir='ltr'><strong>Patris</strong></span> <span class='ocrx_word' id='word_1_730' title='bbox 3332 2565 3452 2620; x_wconf 82' lang='lat' dir='ltr'><strong>uni-</strong></span> 
     </span>
    </p>
   </div>
   <div class='ocr_carea' id='block_1_88' title="bbox 1873 2655 3457 2726">
    <p class='ocr_par' dir='ltr' id='par_1_88' title="bbox 1873 2655 3457 2726">
     <span class='ocr_line' id='line_1_88' title="bbox 1873 2655 3457 2726; baseline 0 -14"><span class='ocrx_word' id='word_1_731' title='bbox 1873 2672 1993 2712; x_wconf 92' lang='lat' dir='ltr'><strong>cum</strong></span> <span class='ocrx_word' id='word_1_732' title='bbox 2027 2656 2291 2712; x_wconf 76' lang='lat' dir='ltr'><strong>Verbum?</strong></span> <span class='ocrx_word' id='word_1_733' title='bbox 2331 2656 2467 2725; x_wconf 91' lang='lat' dir='ltr'><strong>Quid</strong></span> <span class='ocrx_word' id='word_1_734' title='bbox 2492 2698 2507 2718; x_wconf 85' lang='lat'><strong>,</strong></span> <span class='ocrx_word' id='word_1_735' title='bbox 2553 2655 2693 2726; x_wconf 88' lang='lat' dir='ltr'><strong>quod</strong></span> <span class='ocrx_word' id='word_1_736' title='bbox 2733 2656 3003 2725; x_wconf 85' lang='lat' dir='ltr'><strong>aliquanto</strong></span> <span class='ocrx_word' id='word_1_737' title='bbox 3050 2666 3201 2726; x_wconf 84' lang='lat' dir='ltr'><strong>post,</strong></span> <span class='ocrx_word' id='word_1_738' title='bbox 3248 2655 3298 2709; x_wconf 88' lang='lat' dir='ltr'><strong>in</strong></span> <span class='ocrx_word' id='word_1_739' title='bbox 3354 2655 3457 2712; x_wconf 87' lang='lat' dir='ltr'><strong>lIoc</strong></span> 
     </span>
    </p>
   </div>
   <div class='ocr_carea' id='block_1_89' title="bbox 1875 2745 3455 2820">
    <p class='ocr_par' dir='ltr' id='par_1_89' title="bbox 1875 2745 3455 2820">
     <span class='ocr_line' id='line_1_89' title="bbox 1875 2745 3455 2820; baseline -0.002 -16"><span class='ocrx_word' id='word_1_740' title='bbox 1875 2750 1990 2820; x_wconf 89' lang='lat' dir='ltr'><strong>ipso</strong></span> <span class='ocrx_word' id='word_1_741' title='bbox 2018 2759 2192 2804; x_wconf 88' lang='lat' dir='ltr'><strong>tamen</strong></span> <span class='ocrx_word' id='word_1_742' title='bbox 2223 2763 2499 2814; x_wconf 89' lang='lat' dir='ltr'><strong>sermone,</strong></span> <span class='ocrx_word' id='word_1_743' title='bbox 2530 2763 2686 2817; x_wconf 89' lang='lat' dir='ltr'><strong>quem</strong></span> <span class='ocrx_word' id='word_1_744' title='bbox 2714 2757 2832 2817; x_wconf 83' lang='lat' dir='ltr'><strong>post</strong></span> <span class='ocrx_word' id='word_1_745' title='bbox 2858 2761 3065 2801; x_wconf 77' lang='lat' dir='ltr'><strong>ctenam</strong></span> <span class='ocrx_word' id='word_1_746' title='bbox 3095 2754 3219 2801; x_wconf 85' lang='lat' dir='ltr'><strong>ante</strong></span> <span class='ocrx_word' id='word_1_747' title='bbox 3249 2745 3455 2815; x_wconf 84' lang='lat' dir='ltr'><strong>passio-</strong></span> 
     </span>
    </p>
   </div>
   <div class='ocr_carea' id='block_1_90' title="bbox 1874 2834 3457 2908">
    <p class='ocr_par' dir='ltr' id='par_1_90' title="bbox 1874 2834 3457 2908">
     <span class='ocr_line' id='line_1_90' title="bbox 1874 2834 3457 2908; baseline -0.003 -11"><span class='ocrx_word' id='word_1_748' title='bbox 1874 2857 1995 2897; x_wconf 86' lang='lat' dir='ltr'><strong>nem</strong></span> <span class='ocrx_word' id='word_1_749' title='bbox 2022 2840 2088 2894; x_wconf 90' lang='lat' dir='ltr'><strong>ad</strong></span> <span class='ocrx_word' id='word_1_750' title='bbox 2113 2839 2402 2908; x_wconf 62' lang='lat' dir='ltr'><strong>discipulos</strong></span> <span class='ocrx_word' id='word_1_751' title='bbox 2447 2838 2654 2900; x_wconf 87' lang='lat' dir='ltr'><strong>habuit,</strong></span> <span class='ocrx_word' id='word_1_752' title='bbox 2691 2835 2888 2900; x_wconf 83' lang='lat' dir='ltr'><strong>Multa,</strong></span> <span class='ocrx_word' id='word_1_753' title='bbox 2928 2836 3134 2907; x_wconf 90' lang='lat' dir='ltr'><strong>inquit,</strong></span> <span class='ocrx_word' id='word_1_754' title='bbox 3177 2834 3333 2891; x_wconf 82' lang='lat' dir='ltr'><strong>habeo</strong></span> <span class='ocrx_word' id='word_1_755' title='bbox 3370 2851 3457 2892; x_wconf 76' lang='lat' dir='ltr'><strong>tto-</strong></span> 
     </span>
    </p>
   </div>
   <div class='ocr_carea' id='block_1_91' title="bbox 1874 2925 3452 3000">
    <p class='ocr_par' dir='ltr' id='par_1_91' title="bbox 1874 2925 3452 3000">
     <span class='ocr_line' id='line_1_91' title="bbox 1874 2925 3452 3000; baseline -0.003 -14"><span class='ocrx_word' id='word_1_756' title='bbox 1874 2933 1946 2986; x_wconf 87' lang='lat' dir='ltr'><strong>bis</strong></span> <span class='ocrx_word' id='word_1_757' title='bbox 1965 2932 2160 2995; x_wconf 65' lang='lat' dir='ltr'><strong>dicere;</strong></span> <span class='ocrx_word' id='word_1_758' title='bbox 2179 2931 2269 2984; x_wconf 86' lang='lat' dir='ltr'><strong>scd</strong></span> <span class='ocrx_word' id='word_1_759' title='bbox 2288 2948 2387 2984; x_wconf 87' lang='lat' dir='ltr'><strong>non</strong></span> <span class='ocrx_word' id='word_1_760' title='bbox 2411 2929 2618 3000; x_wconf 78' lang='lat' dir='ltr'><strong>potestis</strong></span> <span class='ocrx_word' id='word_1_761' title='bbox 2643 2928 2734 2982; x_wconf 88' lang='lat' dir='ltr'><strong>illa</strong></span> <span class='ocrx_word' id='word_1_762' title='bbox 2751 2937 2952 2997; x_wconf 85' lang='lat' dir='ltr'><strong>portare</strong></span> <span class='ocrx_word' id='word_1_763' title='bbox 2971 2928 3119 2981; x_wconf 89' lang='lat' dir='ltr'><strong>modo</strong></span> <span class='ocrx_word' id='word_1_764' title='bbox 3135 2925 3192 2998; x_wconf 75' lang='lat'><strong>(1</strong></span> <span class='ocrx_word' id='word_1_765' title='bbox 3198 2942 3315 2980; x_wconf 85' lang='lat' dir='ltr'><strong>oan.</strong></span> <span class='ocrx_word' id='word_1_766' title='bbox 3339 2942 3452 2994; x_wconf 72' lang='grc' dir='ltr'><strong>ινι,</strong></span> 
     </span>
    </p>
   </div>
   <div class='ocr_carea' id='block_1_92' title="bbox 1875 3017 3454 3094">
    <p class='ocr_par' dir='ltr' id='par_1_92' title="bbox 1875 3017 3454 3094">
     <span class='ocr_line' id='line_1_92' title="bbox 1875 3017 3454 3094; baseline -0.002 -16"><span class='ocrx_word' id='word_1_767' title='bbox 1875 3024 2003 3094; x_wconf 75' lang='lat'><strong>‘12)?</strong></span> <span class='ocrx_word' id='word_1_768' title='bbox 2040 3022 2156 3090; x_wconf 89' lang='lat' dir='ltr'><strong>Quo</strong></span> <span class='ocrx_word' id='word_1_769' title='bbox 2182 3021 2338 3092; x_wconf 76' lang='lat' dir='ltr'><strong>igitur</strong></span> <span class='ocrx_word' id='word_1_770' title='bbox 2367 3031 2518 3090; x_wconf 76' lang='lat' dir='ltr'><strong>pacto</strong></span> <span class='ocrx_word' id='word_1_771' title='bbox 2562 3017 2876 3073; x_wconf 90' lang='lat' dir='ltr'><strong>intellecturi</strong></span> <span class='ocrx_word' id='word_1_772' title='bbox 2906 3033 3090 3073; x_wconf 88' lang='lat' dir='ltr'><strong>sumus</strong></span> <span class='ocrx_word' id='word_1_773' title='bbox 3114 3019 3289 3074; x_wconf 90' lang='lat' dir='ltr'><strong>omnia</strong></span> <span class='ocrx_word' id='word_1_774' title='bbox 3328 3033 3454 3075; x_wconf 85' lang='lat' dir='ltr'><strong>eum</strong></span> 
     </span>
    </p>
   </div>
   <div class='ocr_carea' id='block_1_93' title="bbox 1876 3108 3452 3180">
    <p class='ocr_par' dir='ltr' id='par_1_93' title="bbox 1876 3108 3452 3180">
     <span class='ocr_line' id='line_1_93' title="bbox 1876 3108 3452 3180; baseline -0.004 -10"><span class='ocrx_word' id='word_1_775' title='bbox 1876 3125 1998 3170; x_wconf 83' lang='lat' dir='ltr'><strong>nota</strong></span> <span class='ocrx_word' id='word_1_776' title='bbox 2025 3114 2210 3169; x_wconf 82' lang='lat' dir='ltr'><strong>iecisse</strong></span> <span class='ocrx_word' id='word_1_777' title='bbox 2236 3111 2506 3178; x_wconf 76' lang='lat' dir='ltr'><strong>discipulis</strong></span> <span class='ocrx_word' id='word_1_778' title='bbox 2528 3151 2542 3176; x_wconf 89' lang='lat'><strong>,</strong></span> <span class='ocrx_word' id='word_1_779' title='bbox 2589 3124 2936 3180; x_wconf 67' lang='lat' dir='ltr'><strong>quaecumque</strong></span> <span class='ocrx_word' id='word_1_780' title='bbox 2963 3108 3164 3164; x_wconf 90' lang='lat' dir='ltr'><strong>audivit</strong></span> <span class='ocrx_word' id='word_1_781' title='bbox 3191 3124 3221 3162; x_wconf 89' lang='lat' dir='ltr'><strong>a</strong></span> <span class='ocrx_word' id='word_1_782' title='bbox 3261 3108 3452 3175; x_wconf 85' lang='lat' dir='ltr'><strong>Patre,</strong></span> 
     </span>
    </p>
   </div>
   <div class='ocr_carea' id='block_1_94' title="bbox 1873 3199 3457 3276">
    <p class='ocr_par' dir='ltr' id='par_1_94' title="bbox 1873 3199 3457 3276">
     <span class='ocr_line' id='line_1_94' title="bbox 1873 3199 3457 3276; baseline -0.004 -13"><span class='ocrx_word' id='word_1_783' title='bbox 1873 3223 1992 3263; x_wconf 91' lang='lat' dir='ltr'><strong>cum</strong></span> <span class='ocrx_word' id='word_1_784' title='bbox 2041 3214 2316 3276; x_wconf 89' lang='lat' dir='ltr'><strong>pr0pterea</strong></span> <span class='ocrx_word' id='word_1_785' title='bbox 2358 3201 2600 3274; x_wconf 77' lang='lat' dir='ltr'><strong>quzedam</strong></span> <span class='ocrx_word' id='word_1_786' title='bbox 2651 3202 2814 3256; x_wconf 89' lang='lat' dir='ltr'><strong>multa</strong></span> <span class='ocrx_word' id='word_1_787' title='bbox 2845 3216 2949 3255; x_wconf 89' lang='lat' dir='ltr'><strong>non</strong></span> <span class='ocrx_word' id='word_1_788' title='bbox 2993 3199 3168 3265; x_wconf 88' lang='lat' dir='ltr'><strong>dicat,</strong></span> <span class='ocrx_word' id='word_1_789' title='bbox 3204 3200 3325 3270; x_wconf 91' lang='lat' dir='ltr'><strong>quia</strong></span> <span class='ocrx_word' id='word_1_790' title='bbox 3353 3200 3457 3257; x_wconf 78' lang='lat' dir='ltr'><strong>scit</strong></span> 
     </span>
    </p>
   </div>
   <div class='ocr_carea' id='block_1_95' title="bbox 1873 3290 3454 3366">
    <p class='ocr_par' dir='ltr' id='par_1_95' title="bbox 1873 3290 3454 3366">
     <span class='ocr_line' id='line_1_95' title="bbox 1873 3290 3454 3366; baseline -0.006 -11"><span class='ocrx_word' id='word_1_791' title='bbox 1873 3315 1968 3355; x_wconf 89' lang='lat' dir='ltr'><strong>eos</strong></span> <span class='ocrx_word' id='word_1_792' title='bbox 1997 3297 2156 3352; x_wconf 89' lang='lat' dir='ltr'><strong>modo</strong></span> <span class='ocrx_word' id='word_1_793' title='bbox 2187 3308 2397 3366; x_wconf 89' lang='lat' dir='ltr'><strong>portare</strong></span> <span class='ocrx_word' id='word_1_794' title='bbox 2423 3309 2526 3348; x_wconf 88' lang='lat' dir='ltr'><strong>non</strong></span> <span class='ocrx_word' id='word_1_795' title='bbox 2558 3292 2749 3362; x_wconf 85' lang='lat' dir='ltr'><strong>posse?</strong></span> <span class='ocrx_word' id='word_1_796' title='bbox 2777 3291 2883 3346; x_wconf 82' lang='lat' dir='ltr'><strong>Sed</strong></span> <span class='ocrx_word' id='word_1_797' title='bbox 2915 3292 3162 3346; x_wconf 90' lang='lat' dir='ltr'><strong>nimirum</strong></span> <span class='ocrx_word' id='word_1_798' title='bbox 3191 3290 3331 3360; x_wconf 87' lang='lat' dir='ltr'><strong>quod</strong></span> <span class='ocrx_word' id='word_1_799' title='bbox 3371 3290 3454 3346; x_wconf 82' lang='lat' dir='ltr'><strong>fa-</strong></span> 
     </span>
    </p>
   </div>
   <div class='ocr_carea' id='block_1_96' title="bbox 1874 3383 3458 3456">
    <p class='ocr_par' dir='ltr' id='par_1_96' title="bbox 1874 3383 3458 3456">
     <span class='ocr_line' id='line_1_96' title="bbox 1874 3383 3458 3456; baseline -0.001 -11"><span class='ocrx_word' id='word_1_800' title='bbox 1874 3399 2057 3445; x_wconf 90' lang='lat' dir='ltr'><strong>cturus</strong></span> <span class='ocrx_word' id='word_1_801' title='bbox 2094 3397 2205 3453; x_wconf 86' lang='lat' dir='ltr'><strong>est,</strong></span> <span class='ocrx_word' id='word_1_802' title='bbox 2253 3388 2440 3443; x_wconf 84' lang='lat' dir='ltr'><strong>fecisse</strong></span> <span class='ocrx_word' id='word_1_803' title='bbox 2465 3401 2523 3441; x_wconf 90' lang='lat' dir='ltr'><strong>se</strong></span> <span class='ocrx_word' id='word_1_804' title='bbox 2548 3383 2716 3449; x_wconf 82' lang='lat' dir='ltr'><strong>dicit,</strong></span> <span class='ocrx_word' id='word_1_805' title='bbox 2762 3385 2851 3456; x_wconf 91' lang='lat' dir='ltr'><strong>qni</strong></span> <span class='ocrx_word' id='word_1_806' title='bbox 2897 3400 2959 3440; x_wconf 84' lang='lat' dir='ltr'><strong>ea</strong></span> <span class='ocrx_word' id='word_1_807' title='bbox 2985 3399 3103 3454; x_wconf 79' lang='lat' dir='ltr'><strong>qua:</strong></span> <span class='ocrx_word' id='word_1_808' title='bbox 3133 3383 3304 3439; x_wconf 79' lang='lat' dir='ltr'><strong>futura</strong></span> <span class='ocrx_word' id='word_1_809' title='bbox 3331 3395 3458 3443; x_wconf 85' lang='lat' dir='ltr'><strong>sunt</strong></span> 
     </span>
    </p>
   </div>
   <div class='ocr_carea' id='block_1_97' title="bbox 1875 3477 3452 3550">
    <p class='ocr_par' dir='ltr' id='par_1_97' title="bbox 1875 3477 3452 3550">
     <span class='ocr_line' id='line_1_97' title="bbox 1875 3477 3452 3550; baseline -0.003 -13"><span class='ocrx_word' id='word_1_810' title='bbox 1875 3481 1998 3537; x_wconf 91' lang='lat' dir='ltr'><strong>fecit</strong></span> <span class='ocrx_word' id='word_1_811' title='bbox 2025 3479 2178 3550; x_wconf 88' lang='lat' dir='ltr'><strong>(lsai.</strong></span> <span class='ocrx_word' id='word_1_812' title='bbox 2212 3496 2335 3544; x_wconf 70' lang='lat' dir='ltr'><strong>xcv,</strong></span> <span class='ocrx_word' id='word_1_813' title='bbox 2368 3479 2480 3547; x_wconf 90' lang='grc'><strong>11).</strong></span> <span class='ocrx_word' id='word_1_814' title='bbox 2512 3477 2660 3534; x_wconf 90' lang='lat' dir='ltr'><strong>Sicut</strong></span> <span class='ocrx_word' id='word_1_815' title='bbox 2689 3477 2830 3532; x_wconf 90' lang='lat' dir='ltr'><strong>enim</strong></span> <span class='ocrx_word' id='word_1_816' title='bbox 2851 3477 2979 3532; x_wconf 85' lang='lat' dir='ltr'><strong>dicit</strong></span> <span class='ocrx_word' id='word_1_817' title='bbox 3003 3492 3097 3544; x_wconf 89' lang='lat' dir='ltr'><strong>per</strong></span> <span class='ocrx_word' id='word_1_818' title='bbox 3119 3478 3452 3547; x_wconf 81' lang='lat' dir='ltr'><strong>prophetam,</strong></span> 
     </span>
    </p>
   </div>
   <div class='ocr_carea' id='block_1_98' title="bbox 1875 3567 3450 3640">
    <p class='ocr_par' dir='ltr' id='par_1_98' title="bbox 1875 3567 3450 3640">
     <span class='ocr_line' id='line_1_98' title="bbox 1875 3567 3450 3640; baseline -0.004 -11"><span class='ocrx_word' id='word_1_819' title='bbox 1875 3573 2138 3629; x_wconf 77' lang='lat' dir='ltr'><strong>Foderunt</strong></span> <span class='ocrx_word' id='word_1_820' title='bbox 2166 3588 2343 3625; x_wconf 89' lang='lat' dir='ltr'><strong>manus</strong></span> <span class='ocrx_word' id='word_1_821' title='bbox 2372 3586 2506 3624; x_wconf 83' lang='lat' dir='ltr'><strong>meas</strong></span> <span class='ocrx_word' id='word_1_822' title='bbox 2531 3581 2578 3625; x_wconf 81' lang='lat' dir='ltr'><strong>et</strong></span> <span class='ocrx_word' id='word_1_823' title='bbox 2607 3570 2756 3640; x_wconf 84' lang='lat' dir='ltr'><strong>pedes</strong></span> <span class='ocrx_word' id='word_1_824' title='bbox 2800 3585 2934 3622; x_wconf 86' lang='lat' dir='ltr'><strong>meos</strong></span> <span class='ocrx_word' id='word_1_825' title='bbox 2964 3567 3132 3639; x_wconf 77' lang='lat' dir='ltr'><strong>(l’sal.</strong></span> <span class='ocrx_word' id='word_1_826' title='bbox 3161 3583 3254 3622; x_wconf 70' lang='lat' dir='ltr'><strong>XXI</strong></span> <span class='ocrx_word' id='word_1_827' title='bbox 3275 3607 3292 3633; x_wconf 93' lang='lat'><strong>,</strong></span> <span class='ocrx_word' id='word_1_828' title='bbox 3327 3569 3450 3635; x_wconf 86' lang='lat' dir='ltr'><strong>l8);</strong></span> 
     </span>
    </p>
   </div>
   <div class='ocr_carea' id='block_1_99' title="bbox 1876 3659 3452 3730">
    <p class='ocr_par' dir='ltr' id='par_1_99' title="bbox 1876 3659 3452 3730">
     <span class='ocr_line' id='line_1_99' title="bbox 1876 3659 3452 3730; baseline -0.004 -10"><span class='ocrx_word' id='word_1_829' title='bbox 1876 3681 1973 3720; x_wconf 91' lang='lat' dir='ltr'><strong>nec</strong></span> <span class='ocrx_word' id='word_1_830' title='bbox 1996 3666 2100 3728; x_wconf 90' lang='lat' dir='ltr'><strong>ait,</strong></span> <span class='ocrx_word' id='word_1_831' title='bbox 2143 3662 2332 3718; x_wconf 86' lang='lat' dir='ltr'><strong>fossori</strong></span> <span class='ocrx_word' id='word_1_832' title='bbox 2372 3671 2531 3727; x_wconf 88' lang='lat' dir='ltr'><strong>sunt;</strong></span> <span class='ocrx_word' id='word_1_833' title='bbox 2577 3661 2718 3716; x_wconf 89' lang='lat' dir='ltr'><strong>velut</strong></span> <span class='ocrx_word' id='word_1_834' title='bbox 2745 3660 3006 3730; x_wconf 77' lang='lat' dir='ltr'><strong>pncterita</strong></span> <span class='ocrx_word' id='word_1_835' title='bbox 3049 3659 3266 3722; x_wconf 86' lang='lat' dir='ltr'><strong>dicens,</strong></span> <span class='ocrx_word' id='word_1_836' title='bbox 3309 3667 3362 3713; x_wconf 87' lang='lat' dir='ltr'><strong>et</strong></span> <span class='ocrx_word' id='word_1_837' title='bbox 3387 3675 3452 3715; x_wconf 85' lang='lat' dir='ltr'><strong>ea</strong></span> 
     </span>
    </p>
   </div>
   <div class='ocr_carea' id='block_1_100' title="bbox 1877 3750 3455 3822">
    <p class='ocr_par' dir='ltr' id='par_1_100' title="bbox 1877 3750 3455 3822">
     <span class='ocr_line' id='line_1_100' title="bbox 1877 3750 3455 3822; baseline -0.001 -12"><span class='ocrx_word' id='word_1_838' title='bbox 1877 3765 2050 3810; x_wconf 87' lang='lat' dir='ltr'><strong>tamen</strong></span> <span class='ocrx_word' id='word_1_839' title='bbox 2076 3754 2247 3808; x_wconf 84' lang='lat' dir='ltr'><strong>futura</strong></span> <span class='ocrx_word' id='word_1_840' title='bbox 2281 3752 2574 3822; x_wconf 73' lang='lat' dir='ltr'><strong>prtediccns</strong></span> <span class='ocrx_word' id='word_1_841' title='bbox 2605 3770 2617 3805; x_wconf 90' lang='lat'>:</span> <span class='ocrx_word' id='word_1_842' title='bbox 2649 3752 2718 3806; x_wconf 90' lang='lat' dir='ltr'><strong>ita</strong></span> <span class='ocrx_word' id='word_1_843' title='bbox 2745 3762 2800 3806; x_wconf 94' lang='lat' dir='ltr'><strong>et</strong></span> <span class='ocrx_word' id='word_1_844' title='bbox 2828 3751 2928 3805; x_wconf 90' lang='lat' dir='ltr'><strong>lIoc</strong></span> <span class='ocrx_word' id='word_1_845' title='bbox 2949 3753 3063 3805; x_wconf 91' lang='lat' dir='ltr'><strong>loco</strong></span> <span class='ocrx_word' id='word_1_846' title='bbox 3091 3750 3167 3804; x_wconf 90' lang='lat' dir='ltr'><strong>ait</strong></span> <span class='ocrx_word' id='word_1_847' title='bbox 3192 3750 3369 3806; x_wconf 86' lang='lat' dir='ltr'><strong>omnia</strong></span> <span class='ocrx_word' id='word_1_848' title='bbox 3393 3765 3455 3808; x_wconf 81' lang='lat' dir='ltr'><strong>se</strong></span> 
     </span>
    </p>
   </div>
   <div class='ocr_carea' id='block_1_101' title="bbox 1876 3841 3453 3913">
    <p class='ocr_par' dir='ltr' id='par_1_101' title="bbox 1876 3841 3453 3913">
     <span class='ocr_line' id='line_1_101' title="bbox 1876 3841 3453 3913; baseline -0.003 -11"><span class='ocrx_word' id='word_1_849' title='bbox 1876 3857 1996 3902; x_wconf 90' lang='lat' dir='ltr'><strong>nota</strong></span> <span class='ocrx_word' id='word_1_850' title='bbox 2022 3845 2209 3901; x_wconf 84' lang='lat' dir='ltr'><strong>fecisse</strong></span> <span class='ocrx_word' id='word_1_851' title='bbox 2239 3844 2542 3913; x_wconf 72' lang='lat' dir='ltr'><strong>discipulis,</strong></span> <span class='ocrx_word' id='word_1_852' title='bbox 2570 3859 2689 3913; x_wconf 75' lang='lat' dir='ltr'><strong>qua:</strong></span> <span class='ocrx_word' id='word_1_853' title='bbox 2717 3858 2778 3899; x_wconf 91' lang='lat' dir='ltr'><strong>se</strong></span> <span class='ocrx_word' id='word_1_854' title='bbox 2813 3843 2959 3896; x_wconf 91' lang='lat' dir='ltr'><strong>novit</strong></span> <span class='ocrx_word' id='word_1_855' title='bbox 2989 3852 3110 3896; x_wconf 89' lang='lat' dir='ltr'><strong>uota</strong></span> <span class='ocrx_word' id='word_1_856' title='bbox 3137 3857 3257 3897; x_wconf 79' lang='lat' dir='ltr'><strong>esse</strong></span> <span class='ocrx_word' id='word_1_857' title='bbox 3283 3841 3453 3898; x_wconf 86' lang='lat' dir='ltr'><strong>factu-</strong></span> 
     </span>
    </p>
   </div>
   <div class='ocr_carea' id='block_1_102' title="bbox 1875 3931 3452 4004">
    <p class='ocr_par' dir='ltr' id='par_1_102' title="bbox 1875 3931 3452 4004">
     <span class='ocr_line' id='line_1_102' title="bbox 1875 3931 3452 4004; baseline -0.003 -13"><span class='ocrx_word' id='word_1_858' title='bbox 1875 3952 1992 3992; x_wconf 89' lang='lat' dir='ltr'><strong>rum</strong></span> <span class='ocrx_word' id='word_1_859' title='bbox 2045 3935 2097 3989; x_wconf 89' lang='lat' dir='ltr'>iII</span> <span class='ocrx_word' id='word_1_860' title='bbox 2130 3935 2216 3989; x_wconf 88' lang='lat' dir='ltr'><strong>illa</strong></span> <span class='ocrx_word' id='word_1_861' title='bbox 2247 3933 2571 4004; x_wconf 86' lang='lat' dir='ltr'><strong>plenitudine</strong></span> <span class='ocrx_word' id='word_1_862' title='bbox 2619 3933 2888 3994; x_wconf 72' lang='lat' dir='ltr'><strong>Scientiae,</strong></span> <span class='ocrx_word' id='word_1_863' title='bbox 2920 3932 2988 3986; x_wconf 89' lang='lat' dir='ltr'><strong>de</strong></span> <span class='ocrx_word' id='word_1_864' title='bbox 3018 3947 3121 4000; x_wconf 87' lang='lat' dir='ltr'><strong>qna</strong></span> <span class='ocrx_word' id='word_1_865' title='bbox 3149 3931 3278 3987; x_wconf 90' lang='lat' dir='ltr'><strong>dicit</strong></span> <span class='ocrx_word' id='word_1_866' title='bbox 3307 3934 3452 4002; x_wconf 79' lang='lat' dir='ltr'><strong>Apo-</strong></span> 
     </span>
    </p>
   </div>
   <div class='ocr_carea' id='block_1_103' title="bbox 1874 4025 3455 4095">
    <p class='ocr_par' dir='ltr' id='par_1_103' title="bbox 1874 4025 3455 4095">
     <span class='ocr_line' id='line_1_103' title="bbox 1874 4025 3455 4095; baseline -0.003 -13"><span class='ocrx_word' id='word_1_867' title='bbox 1874 4029 2073 4086; x_wconf 88' lang='lat' dir='ltr'><strong>stolus.</strong></span> <span class='ocrx_word' id='word_1_868' title='bbox 2102 4025 2226 4083; x_wconf 88' lang='lat' dir='ltr'><strong>Cum</strong></span> <span class='ocrx_word' id='word_1_869' title='bbox 2270 4035 2435 4078; x_wconf 88' lang='lat' dir='ltr'><strong>autem</strong></span> <span class='ocrx_word' id='word_1_870' title='bbox 2480 4025 2661 4078; x_wconf 77' lang='lat' dir='ltr'><strong>venerit</strong></span> <span class='ocrx_word' id='word_1_871' title='bbox 2708 4025 2844 4093; x_wconf 88' lang='lat' dir='ltr'><strong>quod</strong></span> <span class='ocrx_word' id='word_1_872' title='bbox 2875 4025 3148 4092; x_wconf 79' lang='lat' dir='ltr'><strong>perfectum</strong></span> <span class='ocrx_word' id='word_1_873' title='bbox 3179 4035 3251 4079; x_wconf 76' lang='lat' dir='ltr'><strong>est</strong></span> <span class='ocrx_word' id='word_1_874' title='bbox 3274 4063 3289 4085; x_wconf 90' lang='lat'><strong>.</strong></span> <span class='ocrx_word' id='word_1_875' title='bbox 3320 4025 3455 4095; x_wconf 78' lang='lat' dir='ltr'><strong>quod</strong></span> 
     </span>
    </p>
   </div>
   <div class='ocr_carea' id='block_1_104' title="bbox 1875 4112 3454 4188">
    <p class='ocr_par' dir='ltr' id='par_1_104' title="bbox 1875 4112 3454 4188">
     <span class='ocr_line' id='line_1_104' title="bbox 1875 4112 3454 4188; baseline -0.004 -14"><span class='ocrx_word' id='word_1_876' title='bbox 1875 4135 1937 4174; x_wconf 80' lang='lat' dir='ltr'><strong>ea:</strong></span> <span class='ocrx_word' id='word_1_877' title='bbox 1975 4127 2115 4188; x_wconf 86' lang='lat' dir='ltr'><strong>parte</strong></span> <span class='ocrx_word' id='word_1_878' title='bbox 2144 4125 2217 4170; x_wconf 81' lang='lat' dir='ltr'><strong>est</strong></span> <span class='ocrx_word' id='word_1_879' title='bbox 2253 4115 2591 4170; x_wconf 82' lang='lat' dir='ltr'><strong>evacuabitar.</strong></span> <span class='ocrx_word' id='word_1_880' title='bbox 2637 4114 2713 4168; x_wconf 86' lang='lat' dir='ltr'><strong>Ibi</strong></span> <span class='ocrx_word' id='word_1_881' title='bbox 2736 4115 2930 4183; x_wconf 81' lang='lat' dir='ltr'><strong>quippe</strong></span> <span class='ocrx_word' id='word_1_882' title='bbox 2959 4113 3126 4166; x_wconf 81' lang='lat' dir='ltr'><strong>dicit:</strong></span> <span class='ocrx_word' id='word_1_883' title='bbox 3162 4112 3315 4166; x_wconf 83' lang='lat' dir='ltr'><strong>Nunc</strong></span> <span class='ocrx_word' id='word_1_884' title='bbox 3348 4114 3454 4168; x_wconf 78' lang='lat' dir='ltr'><strong>scio</strong></span> 
     </span>
    </p>
   </div>
   <div class='ocr_carea' id='block_1_105' title="bbox 1875 4203 3452 4280">
    <p class='ocr_par' dir='ltr' id='par_1_105' title="bbox 1875 4203 3452 4280">
     <span class='ocr_line' id='line_1_105' title="bbox 1875 4203 3452 4280; baseline -0.006 -16"><span class='ocrx_word' id='word_1_885' title='bbox 1875 4226 1937 4264; x_wconf 77' lang='lat' dir='ltr'><strong>ea:</strong></span> <span class='ocrx_word' id='word_1_886' title='bbox 1957 4219 2098 4280; x_wconf 87' lang='lat' dir='ltr'><strong>parte</strong></span> <span class='ocrx_word' id='word_1_887' title='bbox 2116 4250 2132 4272; x_wconf 92' lang='lat'><strong>,</strong></span> <span class='ocrx_word' id='word_1_888' title='bbox 2164 4218 2282 4262; x_wconf 86' lang='lat' dir='ltr'><strong>tunc</strong></span> <span class='ocrx_word' id='word_1_889' title='bbox 2307 4215 2475 4260; x_wconf 85' lang='lat' dir='ltr'><strong>autem</strong></span> <span class='ocrx_word' id='word_1_890' title='bbox 2505 4220 2802 4276; x_wconf 80' lang='lat' dir='ltr'><strong>cognoscam</strong></span> <span class='ocrx_word' id='word_1_891' title='bbox 2830 4204 2956 4257; x_wconf 82' lang='lat' dir='ltr'><strong>sicut</strong></span> <span class='ocrx_word' id='word_1_892' title='bbox 2985 4211 3030 4257; x_wconf 87' lang='lat' dir='ltr'><strong>et</strong></span> <span class='ocrx_word' id='word_1_893' title='bbox 3050 4203 3276 4274; x_wconf 85' lang='lat' dir='ltr'><strong>cognitas</strong></span> <span class='ocrx_word' id='word_1_894' title='bbox 3302 4219 3452 4267; x_wconf 84' lang='lat' dir='ltr'><strong>sunt;</strong></span> 
     </span>
    </p>
   </div>
   <div class='ocr_carea' id='block_1_106' title="bbox 1874 4295 3453 4372">
    <p class='ocr_par' dir='ltr' id='par_1_106' title="bbox 1874 4295 3453 4372">
     <span class='ocr_line' id='line_1_106' title="bbox 1874 4295 3453 4372; baseline -0.005 -16"><span class='ocrx_word' id='word_1_895' title='bbox 1874 4313 1918 4356; x_wconf 84' lang='lat' dir='ltr'><strong>et</strong></span> <span class='ocrx_word' id='word_1_896' title='bbox 1947 4318 2079 4356; x_wconf 89' lang='lat' dir='ltr'><strong>nunc</strong></span> <span class='ocrx_word' id='word_1_897' title='bbox 2108 4317 2196 4372; x_wconf 80' lang='lat' dir='ltr'><strong>per</strong></span> <span class='ocrx_word' id='word_1_898' title='bbox 2222 4299 2481 4370; x_wconf 84' lang='lat' dir='ltr'><strong>speculum</strong></span> <span class='ocrx_word' id='word_1_899' title='bbox 2511 4300 2564 4352; x_wconf 90' lang='lat' dir='ltr'><strong>in</strong></span> <span class='ocrx_word' id='word_1_900' title='bbox 2595 4297 2880 4369; x_wconf 69' lang='lat' dir='ltr'><strong>a’uigmate,</strong></span> <span class='ocrx_word' id='word_1_901' title='bbox 2907 4306 3023 4350; x_wconf 87' lang='lat' dir='ltr'><strong>tunc</strong></span> <span class='ocrx_word' id='word_1_902' title='bbox 3041 4306 3206 4349; x_wconf 82' lang='lat' dir='ltr'><strong>autent</strong></span> <span class='ocrx_word' id='word_1_903' title='bbox 3234 4295 3364 4367; x_wconf 75' lang='lat' dir='ltr'><strong>facie</strong></span> <span class='ocrx_word' id='word_1_904' title='bbox 3383 4295 3453 4349; x_wconf 81' lang='lat' dir='ltr'><strong>ad</strong></span> 
     </span>
    </p>
   </div>
   <div class='ocr_carea' id='block_1_107' title="bbox 1876 4385 3454 4466">
    <p class='ocr_par' dir='ltr' id='par_1_107' title="bbox 1876 4385 3454 4466">
     <span class='ocr_line' id='line_1_107' title="bbox 1876 4385 3454 4466; baseline -0.002 -19"><span class='ocrx_word' id='word_1_905' title='bbox 1876 4394 2059 4466; x_wconf 76' lang='lat' dir='ltr'><strong>[aciem</strong></span> <span class='ocrx_word' id='word_1_906' title='bbox 2106 4391 2145 4464; x_wconf 86' lang='lat' dir='ltr'><strong>(l</strong></span> <span class='ocrx_word' id='word_1_907' title='bbox 2169 4388 2287 4444; x_wconf 81' lang='lat' dir='ltr'><strong>Cor.</strong></span> <span class='ocrx_word' id='word_1_908' title='bbox 2313 4406 2443 4454; x_wconf 79' lang='lat' dir='ltr'><strong>xm,</strong></span> <span class='ocrx_word' id='word_1_909' title='bbox 2475 4387 2562 4452; x_wconf 85' lang='grc'><strong>10.</strong></span> <span class='ocrx_word' id='word_1_910' title='bbox 2595 4385 2705 4460; x_wconf 80' lang='grc'><strong>12).</strong></span> <span class='ocrx_word' id='word_1_911' title='bbox 2750 4387 2880 4442; x_wconf 82' lang='lat' dir='ltr'><strong>Nam</strong></span> <span class='ocrx_word' id='word_1_912' title='bbox 2908 4397 2961 4442; x_wconf 87' lang='lat' dir='ltr'><strong>et</strong></span> <span class='ocrx_word' id='word_1_913' title='bbox 3013 4388 3124 4458; x_wconf 88' lang='lat' dir='ltr'><strong>ipse</strong></span> <span class='ocrx_word' id='word_1_914' title='bbox 3168 4387 3454 4455; x_wconf 77' lang='lat' dir='ltr'><strong>Apostolus</strong></span> 
     </span>
    </p>
   </div>
   <div class='ocr_carea' id='block_1_108' title="bbox 1877 4478 3454 4549">
    <p class='ocr_par' dir='ltr' id='par_1_108' title="bbox 1877 4478 3454 4549">
     <span class='ocr_line' id='line_1_108' title="bbox 1877 4478 3454 4549; baseline -0.003 -11"><span class='ocrx_word' id='word_1_915' title='bbox 1877 4484 2058 4538; x_wconf 87' lang='lat' dir='ltr'><strong>salvos</strong></span> <span class='ocrx_word' id='word_1_916' title='bbox 2103 4497 2203 4537; x_wconf 89' lang='lat' dir='ltr'><strong>nos</strong></span> <span class='ocrx_word' id='word_1_917' title='bbox 2225 4481 2354 4535; x_wconf 87' lang='lat' dir='ltr'><strong>dicit</strong></span> <span class='ocrx_word' id='word_1_918' title='bbox 2385 4495 2504 4536; x_wconf 89' lang='lat' dir='ltr'><strong>esse</strong></span> <span class='ocrx_word' id='word_1_919' title='bbox 2552 4478 2716 4535; x_wconf 88' lang='lat' dir='ltr'><strong>factos</strong></span> <span class='ocrx_word' id='word_1_920' title='bbox 2757 4494 2850 4548; x_wconf 79' lang='lat' dir='ltr'><strong>per</strong></span> <span class='ocrx_word' id='word_1_921' title='bbox 2880 4479 3144 4533; x_wconf 84' lang='lat' dir='ltr'><strong>lavacrum</strong></span> <span class='ocrx_word' id='word_1_922' title='bbox 3175 4493 3454 4549; x_wconf 81' lang='lat' dir='ltr'><strong>regenera-</strong></span> 
     </span>
    </p>
   </div>
   <div class='ocr_carea' id='block_1_109' title="bbox 1879 4571 3452 4645">
    <p class='ocr_par' dir='ltr' id='par_1_109' title="bbox 1879 4571 3452 4645">
     <span class='ocr_line' id='line_1_109' title="bbox 1879 4571 3452 4645; baseline -0.003 -15"><span class='ocrx_word' id='word_1_923' title='bbox 1879 4576 2036 4630; x_wconf 88' lang='lat' dir='ltr'><strong>tionis</strong></span> <span class='ocrx_word' id='word_1_924' title='bbox 2062 4573 2185 4643; x_wconf 89' lang='lat' dir='ltr'><strong>(Tit.</strong></span> <span class='ocrx_word' id='word_1_925' title='bbox 2215 4590 2288 4632; x_wconf 89' lang='lat' dir='ltr'>III.</span> <span class='ocrx_word' id='word_1_926' title='bbox 2319 4573 2406 4645; x_wconf 85' lang='lat'><strong>5):</strong></span> <span class='ocrx_word' id='word_1_927' title='bbox 2438 4573 2527 4643; x_wconf 89' lang='lat' dir='ltr'><strong>qni</strong></span> <span class='ocrx_word' id='word_1_928' title='bbox 2556 4582 2729 4627; x_wconf 78' lang='lat' dir='ltr'><strong>uuucn</strong></span> <span class='ocrx_word' id='word_1_929' title='bbox 2756 4572 2862 4626; x_wconf 91' lang='lat' dir='ltr'><strong>alio</strong></span> <span class='ocrx_word' id='word_1_930' title='bbox 2900 4573 3048 4633; x_wconf 89' lang='lat' dir='ltr'><strong>loco.</strong></span> <span class='ocrx_word' id='word_1_931' title='bbox 3081 4571 3219 4641; x_wconf 87' lang='lat' dir='ltr'><strong>Spe,</strong></span> <span class='ocrx_word' id='word_1_932' title='bbox 3252 4573 3452 4644; x_wconf 87' lang='lat' dir='ltr'><strong>inquit,</strong></span> 
     </span>
    </p>
   </div>
   <div class='ocr_carea' id='block_1_110' title="bbox 1877 4662 3456 4734">
    <p class='ocr_par' dir='ltr' id='par_1_110' title="bbox 1877 4662 3456 4734">
     <span class='ocr_line' id='line_1_110' title="bbox 1877 4662 3456 4734; baseline -0.001 -14"><span class='ocrx_word' id='word_1_933' title='bbox 1877 4667 2004 4721; x_wconf 79' lang='lat' dir='ltr'><strong>salvi</strong></span> <span class='ocrx_word' id='word_1_934' title='bbox 2047 4667 2173 4734; x_wconf 83' lang='lat' dir='ltr'><strong>[acti</strong></span> <span class='ocrx_word' id='word_1_935' title='bbox 2215 4681 2410 4718; x_wconf 83' lang='lat' dir='ltr'><strong>smnus.</strong></span> <span class='ocrx_word' id='word_1_936' title='bbox 2464 4665 2593 4731; x_wconf 82' lang='lat' dir='ltr'><strong>Spes</strong></span> <span class='ocrx_word' id='word_1_937' title='bbox 2621 4674 2788 4716; x_wconf 84' lang='lat' dir='ltr'><strong>autem</strong></span> <span class='ocrx_word' id='word_1_938' title='bbox 2815 4679 2929 4733; x_wconf 77' lang='lat' dir='ltr'><strong>qua:</strong></span> <span class='ocrx_word' id='word_1_939' title='bbox 2975 4662 3205 4729; x_wconf 77' lang='lat' dir='ltr'><strong>cide&#39;ar,</strong></span> <span class='ocrx_word' id='word_1_940' title='bbox 3253 4679 3353 4717; x_wconf 89' lang='lat' dir='ltr'><strong>non</strong></span> <span class='ocrx_word' id='word_1_941' title='bbox 3381 4673 3456 4719; x_wconf 83' lang='lat' dir='ltr'><strong>est</strong></span> 
     </span>
    </p>
   </div>
   <div class='ocr_carea' id='block_1_111' title="bbox 1876 4754 3459 4827">
    <p class='ocr_par' dir='ltr' id='par_1_111' title="bbox 1876 4754 3459 4827">
     <span class='ocr_line' id='line_1_111' title="bbox 1876 4754 3459 4827; baseline -0.002 -15"><span class='ocrx_word' id='word_1_942' title='bbox 1876 4775 1989 4827; x_wconf 88' lang='lat' dir='ltr'><strong>spes</strong></span> <span class='ocrx_word' id='word_1_943' title='bbox 2010 4775 2029 4810; x_wconf 91' lang='lat'><strong><em>:</em></strong></span> <span class='ocrx_word' id='word_1_944' title='bbox 2057 4759 2193 4827; x_wconf 87' lang='lat' dir='ltr'><strong>quod</strong></span> <span class='ocrx_word' id='word_1_945' title='bbox 2213 4758 2342 4811; x_wconf 88' lang='lat' dir='ltr'><strong>cnim</strong></span> <span class='ocrx_word' id='word_1_946' title='bbox 2366 4757 2491 4810; x_wconf 81' lang='lat' dir='ltr'><strong>videt</strong></span> <span class='ocrx_word' id='word_1_947' title='bbox 2515 4756 2646 4822; x_wconf 81' lang='lat' dir='ltr'><strong>quis,</strong></span> <span class='ocrx_word' id='word_1_948' title='bbox 2667 4755 2788 4822; x_wconf 79' lang='lat' dir='ltr'><strong>quid</strong></span> <span class='ocrx_word' id='word_1_949' title='bbox 2809 4754 3021 4824; x_wconf 81' lang='lat' dir='ltr'><strong>sperat?</strong></span> <span class='ocrx_word' id='word_1_950' title='bbox 3043 4754 3104 4807; x_wconf 76' lang='lat' dir='ltr'><strong>Si</strong></span> <span class='ocrx_word' id='word_1_951' title='bbox 3130 4765 3296 4808; x_wconf 88' lang='lat' dir='ltr'><strong>autem</strong></span> <span class='ocrx_word' id='word_1_952' title='bbox 3322 4755 3459 4823; x_wconf 79' lang='lat' dir='ltr'><strong>quod</strong></span> 
     </span>
    </p>
   </div>
   <div class='ocr_carea' id='block_1_112' title="bbox 1879 4847 3459 4918">
    <p class='ocr_par' dir='ltr' id='par_1_112' title="bbox 1879 4847 3459 4918">
     <span class='ocr_line' id='line_1_112' title="bbox 1879 4847 3459 4918; baseline -0.001 -17"><span class='ocrx_word' id='word_1_953' title='bbox 1879 4865 1978 4902; x_wconf 85' lang='lat' dir='ltr'><strong>non</strong></span> <span class='ocrx_word' id='word_1_954' title='bbox 2021 4849 2241 4902; x_wconf 80' lang='lat' dir='ltr'><strong>videmus</strong></span> <span class='ocrx_word' id='word_1_955' title='bbox 2281 4863 2542 4918; x_wconf 87' lang='lat' dir='ltr'><strong>speramus</strong></span> <span class='ocrx_word' id='word_1_956' title='bbox 2562 4886 2574 4905; x_wconf 88' lang='lat'><strong>.</strong></span> <span class='ocrx_word' id='word_1_957' title='bbox 2637 4862 2726 4914; x_wconf 75' lang='lat' dir='ltr'><strong>per</strong></span> <span class='ocrx_word' id='word_1_958' title='bbox 2778 4847 3067 4915; x_wconf 85' lang='lat' dir='ltr'><strong>patientiam</strong></span> <span class='ocrx_word' id='word_1_959' title='bbox 3114 4855 3459 4914; x_wconf 71' lang='lat' dir='ltr'><strong>exspectamus</strong></span> 
     </span>
    </p>
   </div>
   <div class='ocr_carea' id='block_1_113' title="bbox 1879 4934 3458 5005">
    <p class='ocr_par' dir='ltr' id='par_1_113' title="bbox 1879 4934 3458 5005">
     <span class='ocr_line' id='line_1_113' title="bbox 1879 4934 3458 5005; baseline -0.001 -13"><span class='ocrx_word' id='word_1_960' title='bbox 1879 4938 1898 5004; x_wconf 84' lang='grc'><strong><em>&lt;</em></strong></span> <span class='ocrx_word' id='word_1_961' title='bbox 1922 4937 2067 4992; x_wconf 81' lang='lat' dir='ltr'><strong>Rom.</strong></span> <span class='ocrx_word' id='word_1_962' title='bbox 2094 4953 2183 4992; x_wconf 88' lang='lat' dir='ltr'>vIII</span> <span class='ocrx_word' id='word_1_963' title='bbox 2211 4979 2225 5002; x_wconf 90' lang='lat'><strong>,</strong></span> <span class='ocrx_word' id='word_1_964' title='bbox 2261 4939 2332 4992; x_wconf 71' lang='grc'><strong>24</strong></span> <span class='ocrx_word' id='word_1_965' title='bbox 2351 4947 2396 4990; x_wconf 87' lang='lat' dir='ltr'><strong>et</strong></span> <span class='ocrx_word' id='word_1_966' title='bbox 2421 4937 2536 5005; x_wconf 75' lang='grc'><strong>25).</strong></span> <span class='ocrx_word' id='word_1_967' title='bbox 2567 4934 2717 4991; x_wconf 88' lang='lat' dir='ltr'><strong>Umle</strong></span> <span class='ocrx_word' id='word_1_968' title='bbox 2744 4937 2900 4989; x_wconf 81' lang='lat' dir='ltr'><strong>etiam</strong></span> <span class='ocrx_word' id='word_1_969' title='bbox 2952 4935 3069 5001; x_wconf 75' lang='lat' dir='ltr'><strong>eius</strong></span> <span class='ocrx_word' id='word_1_970' title='bbox 3122 4935 3458 5005; x_wconf 87' lang='lat' dir='ltr'><strong>coapostolus</strong></span> 
     </span>
    </p>
   </div>
   <div class='ocr_carea' id='block_1_114' title="bbox 1881 5027 3463 5100">
    <p class='ocr_par' dir='ltr' id='par_1_114' title="bbox 1881 5027 3463 5100">
     <span class='ocr_line' id='line_1_114' title="bbox 1881 5027 3463 5100; baseline -0.002 -14"><span class='ocrx_word' id='word_1_971' title='bbox 1881 5032 2066 5086; x_wconf 79' lang='lat' dir='ltr'><strong>Petrus</strong></span> <span class='ocrx_word' id='word_1_972' title='bbox 2093 5049 2105 5084; x_wconf 93' lang='lat'>:</span> <span class='ocrx_word' id='word_1_973' title='bbox 2140 5029 2204 5083; x_wconf 86' lang='lat' dir='ltr'><strong>In</strong></span> <span class='ocrx_word' id='word_1_974' title='bbox 2232 5047 2377 5100; x_wconf 77' lang='lat' dir='ltr'><strong>quem</strong></span> <span class='ocrx_word' id='word_1_975' title='bbox 2405 5029 2579 5086; x_wconf 71' lang='lat' dir='ltr'><strong>tundo.</strong></span> <span class='ocrx_word' id='word_1_976' title='bbox 2611 5029 2778 5098; x_wconf 82' lang='lat' dir='ltr'><strong>inqu&#39;t</strong></span> <span class='ocrx_word' id='word_1_977' title='bbox 2799 5069 2814 5093; x_wconf 91' lang='lat'><strong>,</strong></span> <span class='ocrx_word' id='word_1_978' title='bbox 2849 5045 2946 5080; x_wconf 88' lang='lat' dir='ltr'><strong>non</strong></span> <span class='ocrx_word' id='word_1_979' title='bbox 2973 5028 3192 5082; x_wconf 78' lang='lat' dir='ltr'><strong>riaentes</strong></span> <span class='ocrx_word' id='word_1_980' title='bbox 3217 5027 3420 5083; x_wconf 88' lang='lat' dir='ltr'><strong>creditis</strong></span> <span class='ocrx_word' id='word_1_981' title='bbox 3444 5045 3463 5088; x_wconf 70' lang='grc' dir='ltr'><em>ς</em></span> 
     </span>
    </p>
   </div>
   <div class='ocr_carea' id='block_1_115' title="bbox 1878 5117 3464 5191">
    <p class='ocr_par' dir='ltr' id='par_1_115' title="bbox 1878 5117 3464 5191">
     <span class='ocr_line' id='line_1_115' title="bbox 1878 5117 3464 5191; baseline 0 -17"><span class='ocrx_word' id='word_1_982' title='bbox 1878 5138 2024 5191; x_wconf 83' lang='lat' dir='ltr'><strong>quem</strong></span> <span class='ocrx_word' id='word_1_983' title='bbox 2065 5138 2177 5176; x_wconf 90' lang='lat' dir='ltr'><strong>cum</strong></span> <span class='ocrx_word' id='word_1_984' title='bbox 2223 5119 2473 5184; x_wconf 74' lang='lat' dir='ltr'><strong>videritis,</strong></span> <span class='ocrx_word' id='word_1_985' title='bbox 2506 5117 2817 5172; x_wconf 76' lang='lat' dir='ltr'><strong>exsultabitis</strong></span> <span class='ocrx_word' id='word_1_986' title='bbox 2844 5117 3029 5187; x_wconf 81' lang='lat' dir='ltr'><strong>glutle</strong></span> <span class='ocrx_word' id='word_1_987' title='bbox 3066 5117 3390 5174; x_wconf 81' lang='lat' dir='ltr'><strong>iuemrrrabili</strong></span> <span class='ocrx_word' id='word_1_988' title='bbox 3418 5129 3464 5174; x_wconf 86' lang='lat' dir='ltr'><strong>et</strong></span> 
     </span>
    </p>
   </div>
   <div class='ocr_carea' id='block_1_116' title="bbox 1881 5208 3463 5280">
    <p class='ocr_par' dir='ltr' id='par_1_116' title="bbox 1881 5208 3463 5280">
     <span class='ocr_line' id='line_1_116' title="bbox 1881 5208 3463 5280; baseline -0.001 -15"><span class='ocrx_word' id='word_1_989' title='bbox 1881 5212 2155 5272; x_wconf 77' lang='lat' dir='ltr'><strong>honorato,</strong></span> <span class='ocrx_word' id='word_1_990' title='bbox 2187 5211 2513 5280; x_wconf 83' lang='lat' dir='ltr'><strong>percipientes</strong></span> <span class='ocrx_word' id='word_1_991' title='bbox 2534 5208 2805 5263; x_wconf 83' lang='lat' dir='ltr'><strong>mercedem</strong></span> <span class='ocrx_word' id='word_1_992' title='bbox 2845 5208 2962 5278; x_wconf 76' lang='grc' dir='ltr'><strong>[ἱάεὶ</strong></span> <span class='ocrx_word' id='word_1_993' title='bbox 2982 5251 2998 5272; x_wconf 86' lang='grc'><em>,</em></span> <span class='ocrx_word' id='word_1_994' title='bbox 3029 5211 3239 5265; x_wconf 81' lang='lat' dir='ltr'><strong>salutem</strong></span> <span class='ocrx_word' id='word_1_995' title='bbox 3261 5212 3463 5264; x_wconf 80' lang='lat' dir='ltr'><strong>aninm—</strong></span> 
     </span>
    </p>
   </div>
   <div class='ocr_carea' id='block_1_117' title="bbox 1881 5299 3462 5371">
    <p class='ocr_par' dir='ltr' id='par_1_117' title="bbox 1881 5299 3462 5371">
     <span class='ocr_line' id='line_1_117' title="bbox 1881 5299 3462 5371; baseline -0.002 -15"><span class='ocrx_word' id='word_1_996' title='bbox 1881 5319 1992 5356; x_wconf 87' lang='lat' dir='ltr'><strong>rum</strong></span> <span class='ocrx_word' id='word_1_997' title='bbox 2029 5311 2301 5356; x_wconf 82' lang='lat' dir='ltr'><strong>vestrarum</strong></span> <span class='ocrx_word' id='word_1_998' title='bbox 2345 5301 2384 5371; x_wconf 96' lang='grc' dir='ltr'><strong>(Ι</strong></span> <span class='ocrx_word' id='word_1_999' title='bbox 2411 5299 2550 5354; x_wconf 82' lang='lat' dir='ltr'><strong>Petr.</strong></span> <span class='ocrx_word' id='word_1_1000' title='bbox 2581 5316 2620 5358; x_wconf 84' lang='lat' dir='ltr'><strong>I.</strong></span> <span class='ocrx_word' id='word_1_1001' title='bbox 2645 5300 2829 5371; x_wconf 82' lang='lat' dir='ltr'><strong>8et9).</strong></span> <span class='ocrx_word' id='word_1_1002' title='bbox 2848 5302 2902 5356; x_wconf 88' lang='lat' dir='ltr'><strong>Si</strong></span> <span class='ocrx_word' id='word_1_1003' title='bbox 2925 5317 3052 5369; x_wconf 60' lang='lat' dir='ltr'><strong>(rgo</strong></span> <span class='ocrx_word' id='word_1_1004' title='bbox 3077 5317 3216 5358; x_wconf 89' lang='lat' dir='ltr'><strong>nunc</strong></span> <span class='ocrx_word' id='word_1_1005' title='bbox 3250 5309 3462 5369; x_wconf 86' lang='lat' dir='ltr'><strong>tempus</strong></span> 
     </span>
    </p>
   </div>
   <div class='ocr_carea' id='block_1_118' title="bbox 1882 5389 3457 5457">
    <p class='ocr_par' dir='ltr' id='par_1_118' title="bbox 1882 5389 3457 5457">
     <span class='ocr_line' id='line_1_118' title="bbox 1882 5389 3457 5457; baseline -0.004 -9"><span class='ocrx_word' id='word_1_1006' title='bbox 1882 5406 1963 5448; x_wconf 81' lang='lat' dir='ltr'><strong>est</strong></span> <span class='ocrx_word' id='word_1_1007' title='bbox 1993 5393 2146 5453; x_wconf 82' lang='lat' dir='ltr'><strong>fidei,</strong></span> <span class='ocrx_word' id='word_1_1008' title='bbox 2196 5393 2338 5446; x_wconf 80' lang='lat' dir='ltr'><strong>salus</strong></span> <span class='ocrx_word' id='word_1_1009' title='bbox 2366 5401 2542 5447; x_wconf 85' lang='lat' dir='ltr'><strong>autem</strong></span> <span class='ocrx_word' id='word_1_1010' title='bbox 2587 5393 2884 5448; x_wconf 88' lang='lat' dir='ltr'><strong>animarum</strong></span> <span class='ocrx_word' id='word_1_1011' title='bbox 2938 5409 3142 5449; x_wconf 80' lang='lat' dir='ltr'><strong>merces</strong></span> <span class='ocrx_word' id='word_1_1012' title='bbox 3167 5401 3250 5449; x_wconf 89' lang='lat' dir='ltr'><strong>est</strong></span> <span class='ocrx_word' id='word_1_1013' title='bbox 3299 5389 3457 5457; x_wconf 87' lang='lat' dir='ltr'><strong>tidei;</strong></span> 
     </span>
    </p>
   </div>
   <div class='ocr_carea' id='block_1_119' title="bbox 1883 5482 3456 5554">
    <p class='ocr_par' dir='ltr' id='par_1_119' title="bbox 1883 5482 3456 5554">
     <span class='ocr_line' id='line_1_119' title="bbox 1883 5482 3456 5554; baseline -0.002 -15"><span class='ocrx_word' id='word_1_1014' title='bbox 1883 5485 2001 5554; x_wconf 87' lang='lat' dir='ltr'><strong>quis</strong></span> <span class='ocrx_word' id='word_1_1015' title='bbox 2024 5483 2227 5538; x_wconf 87' lang='lat' dir='ltr'><strong>dubitet</strong></span> <span class='ocrx_word' id='word_1_1016' title='bbox 2267 5484 2318 5537; x_wconf 93' lang='lat' dir='ltr'>iII</span> <span class='ocrx_word' id='word_1_1017' title='bbox 2349 5482 2480 5549; x_wconf 86' lang='lat' dir='ltr'><strong>fide,</strong></span> <span class='ocrx_word' id='word_1_1018' title='bbox 2529 5501 2646 5554; x_wconf 67' lang='lat' dir='ltr'><strong>qum</strong></span> <span class='ocrx_word' id='word_1_1019' title='bbox 2689 5499 2783 5554; x_wconf 92' lang='lat' dir='ltr'><strong>per</strong></span> <span class='ocrx_word' id='word_1_1020' title='bbox 2828 5483 3166 5539; x_wconf 82' lang='lat' dir='ltr'><strong>dilectionem</strong></span> <span class='ocrx_word' id='word_1_1021' title='bbox 3206 5490 3456 5550; x_wconf 82' lang='lat' dir='ltr'><strong>operatur</strong></span> 
     </span>
    </p>
   </div>
   <div class='ocr_carea' id='block_1_120' title="bbox 1885 5573 3458 5650">
    <p class='ocr_par' dir='ltr' id='par_1_120' title="bbox 1885 5573 3458 5650">
     <span class='ocr_line' id='line_1_120' title="bbox 1885 5573 3458 5650; baseline -0.001 -19"><span class='ocrx_word' id='word_1_1022' title='bbox 1885 5575 2101 5650; x_wconf 80' lang='lat' dir='ltr'><strong>(Gal.v,</strong></span> <span class='ocrx_word' id='word_1_1023' title='bbox 2147 5575 2224 5646; x_wconf 78' lang='lat'><strong>6).</strong></span> <span class='ocrx_word' id='word_1_1024' title='bbox 2275 5577 2634 5646; x_wconf 68' lang='lat' dir='ltr'><strong>peragendum</strong></span> <span class='ocrx_word' id='word_1_1025' title='bbox 2676 5577 2853 5640; x_wconf 87' lang='lat' dir='ltr'><strong>diem,</strong></span> <span class='ocrx_word' id='word_1_1026' title='bbox 2902 5586 3062 5644; x_wconf 86' lang='lat' dir='ltr'><strong>atque</strong></span> <span class='ocrx_word' id='word_1_1027' title='bbox 3104 5577 3156 5629; x_wconf 91' lang='lat' dir='ltr'><strong>in</strong></span> <span class='ocrx_word' id='word_1_1028' title='bbox 3201 5574 3305 5630; x_wconf 86' lang='lat' dir='ltr'><strong>fine</strong></span> <span class='ocrx_word' id='word_1_1029' title='bbox 3349 5573 3458 5631; x_wconf 78' lang='lat' dir='ltr'><strong>dici</strong></span> 
     </span>
    </p>
   </div>
   <div class='ocr_carea' id='block_1_121' title="bbox 1885 5664 3454 5736">
    <p class='ocr_par' dir='ltr' id='par_1_121' title="bbox 1885 5664 3454 5736">
     <span class='ocr_line' id='line_1_121' title="bbox 1885 5664 3454 5736; baseline -0.002 -13"><span class='ocrx_word' id='word_1_1030' title='bbox 1885 5667 2237 5736; x_wconf 85' lang='lat' dir='ltr'><strong>recipiendam</strong></span> <span class='ocrx_word' id='word_1_1031' title='bbox 2267 5683 2386 5722; x_wconf 85' lang='lat' dir='ltr'><strong>esse</strong></span> <span class='ocrx_word' id='word_1_1032' title='bbox 2418 5666 2752 5730; x_wconf 88' lang='lat' dir='ltr'><strong>mercedem,</strong></span> <span class='ocrx_word' id='word_1_1033' title='bbox 2785 5681 2887 5720; x_wconf 90' lang='lat' dir='ltr'><strong>non</strong></span> <span class='ocrx_word' id='word_1_1034' title='bbox 2915 5667 3086 5721; x_wconf 89' lang='lat' dir='ltr'><strong>solqu</strong></span> <span class='ocrx_word' id='word_1_1035' title='bbox 3131 5664 3454 5735; x_wconf 66' lang='lat' dir='ltr'><strong>redemptus-</strong></span> 
     </span>
    </p>
   </div>
   <div class='ocr_carea' id='block_1_122' title="bbox 1891 5757 3452 5831">
    <p class='ocr_par' dir='ltr' id='par_1_122' title="bbox 1891 5757 3452 5831">
     <span class='ocr_line' id='line_1_122' title="bbox 1891 5757 3452 5831; baseline 0.003 -17"><span class='ocrx_word' id='word_1_1036' title='bbox 1891 5775 2009 5816; x_wconf 88' lang='lat' dir='ltr'><strong>nem</strong></span> <span class='ocrx_word' id='word_1_1037' title='bbox 2037 5760 2275 5831; x_wconf 89' lang='lat' dir='ltr'><strong>corporis</strong></span> <span class='ocrx_word' id='word_1_1038' title='bbox 2312 5760 2476 5817; x_wconf 89' lang='lat' dir='ltr'><strong>nostri</strong></span> <span class='ocrx_word' id='word_1_1039' title='bbox 2497 5801 2514 5828; x_wconf 90' lang='lat'><strong>,</strong></span> <span class='ocrx_word' id='word_1_1040' title='bbox 2568 5759 2636 5816; x_wconf 87' lang='lat' dir='ltr'><strong>de</strong></span> <span class='ocrx_word' id='word_1_1041' title='bbox 2662 5773 2762 5829; x_wconf 88' lang='lat' dir='ltr'><strong>qua</strong></span> <span class='ocrx_word' id='word_1_1042' title='bbox 2789 5757 2916 5814; x_wconf 90' lang='lat' dir='ltr'><strong>dicit</strong></span> <span class='ocrx_word' id='word_1_1043' title='bbox 2945 5759 3229 5831; x_wconf 69' lang='lat' dir='ltr'><strong>apostolus</strong></span> <span class='ocrx_word' id='word_1_1044' title='bbox 3256 5758 3452 5818; x_wconf 75' lang='lat' dir='ltr'><strong>Paulus</strong></span> 
     </span>
    </p>
   </div>
  </div>
