3926 6370
504 451 527 554 ἰ
564 464 704 523 tsss

562 586 825 650 queatur,
843 585 1256 644 sermonemque
1275 570 1658 628 eontemnent?
1686 567 1949 636 Quoniam
1976 568 2020 621 si
2043 581 2156 621 ser-

565 685 778 726 monent
807 683 913 724 non
931 675 1210 722 servarent
1234 681 1442 726 eorum,
1462 680 1560 718 nec
1577 674 1752 718 tamen
1784 663 2023 717 odissent
2039 676 2155 729 eos,

563 777 739 831 neque
771 766 1254 830 persequerentur;
1286 756 1368 811 vel
1407 755 1614 810 etiamsi
1641 755 1918 821 odissent,
1947 769 2043 808 nec
2081 763 2161 807 ta-

562 869 684 908 men
713 859 1190 921 persequerentur:
1217 862 1321 902 non
1349 847 1522 901 omnia
1552 846 1806 902 tacerent.
1835 845 1961 901 Ηωε
1979 855 2159 900 autem

565 945 735 998 omnia
782 944 968 1013 facient
1007 942 1142 996 vobis
1185 950 1387 1012 prapter
1433 954 1612 992 nomen
1658 954 1824 991 meum
1856 977 1871 999 .
1913 935 2040 1006 quid
2079 944 2162 990 cst

579 1035 721 1089 aliud
743 1035 944 1102 dicere,
984 1049 1167 1104 quam,
1213 1039 1306 1087 me’
1331 1032 1384 1086 in
1415 1032 1566 1087 vobis
1597 1032 1722 1085 odio
1752 1029 2044 1094 habebunt,
2074 1043 2160 1084 me

568 1128 620 1182 in
661 1127 812 1182 vobis
858 1136 1266 1196 persequentur,
1299 1133 1352 1178 et
1393 1138 1697 1179 sermonem
1737 1131 1998 1185 vestrum,
2031 1119 2157 1191 quia

567 1236 716 1276 meus
746 1229 848 1287 est,
886 1219 1006 1274 ideo
1033 1234 1139 1274 non
1167 1218 1501 1272 servabunt?
1533 1215 1661 1271 lla'c
1697 1217 1837 1271 enim
1866 1214 2038 1269 omnia
2076 1213 2160 1283 fa-

565 1312 694 1364 cient
735 1311 870 1364 vobis
904 1319 1107 1380 prapter
1146 1325 1326 1363 nomen
1355 1324 1518 1362 meum
1542 1323 1559 1361 :
1587 1324 1692 1361 non
1734 1315 1976 1361 vestrum
2007 1346 2022 1371 ,
2066 1303 2161 1359 sed

569 1419 754 1458 meum.
785 1402 957 1458 Tanto
985 1403 1144 1472 igitur
1170 1401 1477 1456 miseriores
1501 1401 1590 1470 qui
1612 1409 1829 1470 propter
1846 1399 1946 1453 hoc
1964 1411 2158 1452 nomen

570 1495 668 1550 ista
692 1493 911 1558 faciunt,
945 1503 1145 1565 quanto
1174 1493 1438 1548 beatiores
1467 1491 1554 1560 qui
1583 1499 1808 1562 propter
1831 1488 1932 1542 hoc
1963 1502 2155 1543 nomen

565 1587 664 1641 ista
696 1587 965 1656 patiuntur
993 1603 1006 1636 :
1036 1586 1172 1639 sicut
1194 1584 1307 1653 ipse
1335 1584 1440 1664 alio
1466 1583 1583 1636 loco
1605 1583 1753 1646 dicit,
1780 1580 1928 1634 Beati
1947 1581 2034 1650 qui
2054 1597 2160 1649 pcr-

564 1681 862 1736 secutionem
875 1679 1138 1750 patiuntur
1151 1687 1353 1747 propter
1361 1678 1386 1747 j
1393 1676 1610 1730 nstitiam
1627 1676 1644 1744 ξ
1655 1674 1838 1729 Matth.
1856 1691 1909 1740 ν,
1929 1675 2035 1745 10).
2053 1673 2162 1729 lloc

565 1782 650 1828 est
675 1772 817 1827 cnim
849 1780 1067 1839 prepler
1094 1785 1199 1832 me,
1229 1768 1309 1822 vel
1337 1775 1541 1837 propter
1567 1784 1745 1820 nomen
1774 1782 1939 1819 meum
1969 1781 1986 1819 :
2012 1766 2157 1834 quia,

567 1865 704 1920 sicut
732 1862 1015 1931 Apostolus
1043 1862 1221 1924 docet,
1245 1859 1433 1914 Factus
1449 1870 1520 1913 est
1543 1860 1683 1913 nobis
1702 1859 1950 1928 sapientia
1976 1875 2007 1911 a
2034 1857 2157 1922 Deo,

568 1964 616 2008 et
631 1954 851 2025 justitia,
876 1963 922 2005 ct
951 1953 1284 2021 sanctificatio
1307 1994 1320 2014 ,
1346 1960 1390 2005 ct
1419 1951 1727 2019 redemptio;
1755 1961 1807 2002 ut
1837 1950 2161 2020 quemadmo-

569 2046 692 2099 dum
731 2045 972 2113 scriptum
1005 2053 1098 2108 est,
1145 2043 1242 2108 Qui
1272 2043 1539 2112 gloriatur,
1572 2043 1624 2095 in
1662 2042 1880 2095 Domino
1919 2042 2162 2112 glorietur

571 2137 614 2211 (1
631 2137 748 2194 Cor.
769 2154 805 2200 ι,
829 2137 898 2192 50
915 2147 960 2191 ει
986 2137 1095 2207 51).
1128 2135 1350 2190 Faciunt
1369 2136 1564 2205 quippe
1589 2135 1684 2188 ista
1706 2134 1826 2186 mali
1854 2133 2033 2196 malis;
2068 2131 2160 2187 sed

569 2247 675 2288 non
707 2240 922 2302 propter
941 2230 1205 2300 justitiam
1236 2247 1249 2282 :
1283 2240 1336 2284 et
1368 2229 1487 2283 ideo
1519 2228 1697 2283 miseri
1725 2227 1958 2297 utrique.
1987 2235 2042 2281 et
2070 2226 2160 2296 qui

575 2323 798 2388 faciunt,
830 2331 882 2376 ct
916 2323 1004 2393 qui
1043 2323 1331 2390 patiuntur.
1365 2319 1587 2376 Faciunt
1612 2329 1665 2373 ct
1695 2320 1816 2373 boni
1847 2319 1999 2371 malis
2030 2336 2042 2371 :
2072 2317 2159 2370 ubi

577 2417 674 2473 etsi
703 2416 898 2470 faciunt
926 2415 1010 2469 isti
1043 2424 1258 2484 propter
1277 2414 1560 2482 justitiam,
1587 2428 1692 2466 non
1726 2419 1902 2465 tamen
1936 2409 2007 2464 illi
2038 2424 2160 2478 pro-

582 2517 703 2579 pter
724 2507 984 2578 justitiam
1019 2508 1307 2576 patiuntur.

639 2601 692 2656 5.
720 2598 825 2655 Sed
855 2598 984 2653 dicit
1006 2598 1196 2668 aliquis
1227 2615 1239 2650 :
1272 2596 1328 2652 Si
1361 2595 1484 2650 mali
1521 2593 1736 2664 quando
1765 2600 2158 2663 persequuntur

474 2691 497 2702 “
567 2690 736 2744 bonos
769 2698 984 2758 pr0ptcr
1011 2703 1202 2740 nomen
1233 2685 1462 2749 Christi,
1499 2694 1717 2754 prepter
1742 2683 2002 2752 justitiam
2033 2681 2156 2736 boui

566 2784 857 2854 patiuntur,
889 2780 1126 2851 profecto
1149 2792 1366 2851 propter
1389 2780 1650 2848 justitiam
1680 2778 1795 2832 hare
1820 2778 1898 2832 eis
1927 2777 2050 2831 mali
2074 2774 2155 2829 fa-

566 2875 744 2940 ciunt;
775 2873 916 2944 quod
954 2873 999 2928 si
1039 2873 1111 2927 ita
1155 2880 1258 2937 est,
1289 2887 1419 2942 ergo
1462 2879 1516 2925 et
1560 2870 1773 2940 quando
1817 2869 1938 2924 boni
1988 2867 2157 2922 malos

566 2973 783 3036 propter
825 2963 1084 3033 justitiam
1135 2970 1565 3033 persequuntur,
1616 2969 1834 3030 propter
1889 2958 2152 3028 justitiam

566 3055 725 3111 etiam
765 3055 889 3109 mali
919 3055 1208 3124 patiuntur.
1238 3053 1292 3108 Si
1315 3053 1456 3108 enim
1489 3061 1711 3121 possunt
1752 3051 1872 3104 mali
1903 3063 2156 3118 persecu-

571 3148 767 3202 tionem
800 3146 978 3202 facere
1021 3147 1174 3203 bonis
1206 3155 1420 3215 propter
1452 3159 1646 3199 nomen
1673 3142 1908 3206 Christi,
1933 3157 2028 3195 cur
2049 3155 2154 3195 non

567 3247 791 3309 possunt
815 3239 935 3292 mali
970 3239 1395 3308 persecutionem
1426 3237 1528 3305 pati
1557 3251 1586 3287 a
1624 3234 1776 3288 bonis
1814 3243 2030 3304 propter
2056 3247 2155 3287 uo-

566 3346 688 3386 men
709 3330 938 3396 Christi;
961 3329 1162 3400 etquid
1185 3337 1267 3384 cst
1287 3370 1300 3393 ,
1325 3328 1424 3382 nisi
1451 3335 1668 3398 propter
1691 3324 1996 3396 justitiam?
2022 3322 2154 3378 Nam

564 3423 608 3478 si
639 3439 743 3477 non
792 3431 1008 3493 propter
1049 3421 1191 3492 qttod
1223 3420 1345 3474 honi
1371 3419 1589 3482 faciunt,
1622 3425 1839 3487 propter
1883 3415 1985 3469 hoc
2029 3415 2154 3469 mali

566 3515 872 3584 patiuntur;
918 3511 1038 3583 quia
1082 3511 1280 3566 faciunt
1322 3509 1446 3565 boni
1490 3517 1709 3579 propter
1742 3505 2025 3576 justitiam,
2062 3521 2152 3576 pa-

567 3605 768 3659 tiuntur
790 3604 909 3658 mali
946 3613 1159 3673 pr0pter
1190 3600 1501 3670 injustitiam
1529 3617 1541 3651 :
1578 3613 1678 3653 nec
1717 3598 1840 3652 mali
1872 3611 2000 3665 ergo
2032 3611 2154 3665 pro-

566 3704 685 3765 pter
713 3695 812 3749 hoc
839 3703 1061 3763 possunt
1088 3693 1262 3748 facere
1289 3700 1506 3764 propter
1525 3688 1666 3758 quod
1698 3688 1819 3743 boni
1855 3687 2146 3756 patiuntur,

565 3786 687 3857 quia
713 3786 908 3840 faciunt
938 3787 1060 3839 mali
1094 3794 1310 3856 propter
1349 3783 1660 3853 iujustitiam
1681 3822 1697 3848 ,
1731 3780 2004 3851 patiuntur
2028 3780 2152 3834 boni

565 3889 784 3947 prOpter
816 3876 1096 3948 jusdtiam.
1137 3875 1416 3943 Quomodo
1457 3890 1584 3944 ergo
1630 3875 1733 3930 et'it
1769 3888 1975 3937 verum,
2029 3872 2153 3927 ιιωε

565 3968 735 4023 omnia
763 3968 950 4039 facient
980 3968 1113 4023 vobis
1139 3979 1342 4039 propter
1365 3984 1541 4023 nomen
1571 3983 1769 4030 meum;
1798 3981 1916 4019 cum
1951 3966 2021 4019 illi
2045 3981 2152 4020 non

563 4069 784 4132 propter
809 4075 1001 4114 nomen
1027 4059 1224 4114 Christi
1249 4060 1462 4126 iaciant,
1494 4059 1542 4112 id
1573 4071 1675 4123 est,
1709 4073 1811 4112 non
1842 4056 2153 4127 proptcrju.

564 4152 782 4218 stitiatn,
812 4151 903 4206 sed
935 4161 1150 4222 propter
1180 4153 1510 4222 iniquitatem
1543 4152 1730 4205 suam?
1767 4151 1890 4205 lbrc
1927 4153 2152 4220 quaestio

564 4243 636 4298 ita
677 4243 921 4309 solvitur,
967 4244 1010 4297 si
1054 4259 1120 4298 eo
1149 4243 1309 4299 modo
1351 4243 1708 4309 intelligamus
1756 4241 1953 4297 dictum
1979 4284 1993 4305 ,
2028 4241 2152 4296 Hazc

565 4337 734 4391 omnia
761 4336 944 4406 facient
969 4337 1106 4391 vobis
1151 4348 1355 4406 propter
1383 4353 1562 4389 nomen
1591 4352 1776 4398 meum,
1801 4347 1859 4390 ut
1883 4346 2048 4390 totum
2076 4351 2153 4391 re-

565 4426 770 4481 feratur
813 4426 881 4479 ad
923 4427 1128 4494 justas;
1171 4436 1420 4497 tanquam
1455 4426 1652 4480 dictum
1684 4429 1787 4491 sit,
1822 4427 1944 4481 [huc
1974 4428 2148 4481 omnia

569 4515 843 4588 patiemini
875 4515 942 4568 ah
973 4517 1051 4571 eis
1096 4525 1310 4586 propter
1348 4531 1540 4569 nomen
1584 4530 1758 4570 meum
1786 4533 1799 4569 :
1843 4526 1897 4569 ut
1928 4517 2030 4571 hoc
2060 4518 2149 4585 sit,

569 4606 754 4678 facient
793 4604 950 4670 vobis,
991 4605 1130 4674 quod
1165 4616 1268 4669 est,
1317 4606 1584 4674 patiemini
1627 4606 1694 4659 ab
1734 4605 1831 4659 eis.
1877 4606 1931 4660 Si
1971 4615 2149 4662 autem

567 4706 774 4768 proltter
794 4713 973 4750 nomen
1000 4712 1162 4749 nteant
1207 4697 1286 4750 sic
1327 4695 1583 4765 accipitur
1603 4737 1618 4758 .
1649 4706 1896 4766 tanquam
1927 4696 2149 4764 diceret,

567 4800 784 4863 propter
811 4805 1001 4846 nomen
1029 4803 1204 4845 meum
1227 4790 1367 4860 quod
1402 4791 1453 4844 in
1485 4789 1638 4844 vobis
1667 4788 1924 4854 oderunt;
1959 4791 2028 4844 ita
2060 4807 2154 4860 po-

569 4894 672 4940 test
692 4883 892 4954 accipi,
925 4893 974 4938 et
1009 4882 1505 4952 prtqnerjustitiam
1537 4896 1693 4951 quam
1738 4881 1788 4934 in
1830 4881 1982 4935 vobis
2023 4881 2152 4938 ode-

568 4977 724 5032 rttnt‘
755 4993 768 5028 :
802 4991 865 5031 ac
895 4991 988 5045 per
1013 4974 1116 5030 hoc
1153 4975 1274 5031 boni
1315 4989 1435 5029 cum
1480 4974 1906 5046 persecutionem
1956 4973 2153 5028 faciunt

569 5069 743 5130 malis.
778 5077 998 5138 possunt
1035 5079 1180 5124 recte
1203 5069 1306 5124 diei
1333 5078 1387 5124 et
1413 5067 1914 5140 proptcrjustitiam
1952 5065 2148 5132 facere,

568 5175 726 5231 quam
754 5158 1023 5229 diligendo
1054 5170 1443 5229 persequuntur
1472 5159 1676 5224 malos;
1708 5168 1763 5213 et
1792 5169 2008 5228 propter
2049 5158 2150 5212 ini-

568 5250 846 5321 quitatem,
891 5266 1050 5320 quam
1097 5251 1328 5306 oderunt
1371 5253 1420 5304 in
1466 5251 1592 5320 ipsis
1623 5251 1814 5306 malis:
1845 5252 1912 5306 ita
1943 5265 2070 5320 ergo
2098 5258 2154 5304 et

571 5342 671 5412 ipsi
699 5341 822 5397 mali
847 5350 1068 5411 possunt
1087 5341 1188 5397 diei
1219 5343 1344 5411 pali.
1373 5353 1428 5398 et
1448 5352 1663 5413 propter
1684 5343 2013 5414 iniquitatem
2033 5358 2152 5412 qua:

539 5435 620 5529 uin
652 5434 754 5490 illis
786 5434 1020 5504 [intutum
1050 5443 1104 5490 et
1151 5444 1365 5505 propter
1405 5436 1664 5504 justitiam
1703 5453 1822 5508 qua:
1864 5437 1918 5492 in
1962 5452 2149 5492 eorum

518 5561 530 5574 ς
571 5541 727 5597 Ρωιιει
753 5534 1052 5581 exercetur.

523 5603 552 5692 ξ
636 5619 692 5674 4.
733 5619 862 5674 Item
892 5618 1057 5688 quzeri
1081 5626 1276 5690 potest,
1305 5619 1350 5673 si
1381 5620 1537 5675 etiam
1567 5619 1690 5673 mali
1734 5619 1932 5676 faciunt
1972 5637 2152 5692 perse-

570 5711 836 5767 cutionem
881 5712 1070 5776 malis;
1110 5711 1247 5766 sicut
1291 5711 1437 5782 impii
1478 5727 1631 5781 reges
1675 5721 1728 5766 et
1763 5713 1991 5782 judices,
2029 5727 2148 5768 cum

637 5843 654 5875 ι
677 5849 782 5914 uss.
825 5843 1047 5914 laterique
1079 5847 1416 5914 carent_liisee
1449 5845 1649 5914 verbis:
1681 5853 1753 5896 Ita
1787 5853 1935 5911 potest
1972 5848 2148 5912 accipi,

573 5908 620 5954 et
630 5906 1073 5967 propterjustitiam
1089 5920 1230 5968 quam
1246 5908 1296 5957 in
1313 5906 1439 5957 vobis
1454 5908 1672 5956 oderunt.

1523 454 1589 510 ΙΝ
1625 453 1905 510 JOANNIS
1944 448 2417 516 EVANGELIUM,
2450 450 2505 503 S.
2549 446 2921 505 AIIGUSTINI

3662 460 3764 522 ιδει

2267 573 2448 620 essent
2477 573 2849 634 persecutores
2880 565 3086 634 piorum
3105 608 3122 633 ,
3144 567 3323 640 utique
3352 577 3404 627 et
3434 570 3763 643 homicidam

2266 658 2556 722 adulteros,
2586 667 2640 713 et
2660 674 3029 727 quoscumque
3060 661 3351 730 maleﬁcos,
3379 681 3504 733 quos
3531 678 3681 724 emunt
3707 672 3763 730 le.

2265 763 2359 818 ges
2406 750 2642 818 publicas
2683 748 2875 804 fecisse
2913 762 3330 821 cognoscerent,
3360 757 3762 831 punielrtnt;quo-

2267 842 2430 897 modo
2477 842 2883 912 intelligendum
2923 853 3006 900 est
3050 845 3191 916 quod
3232 848 3306 901 ait
3349 848 3606 918 Dominus,
3642 853 3688 909 Si
3723 859 3766 910 de

2267 936 2455 990 mundo
2485 939 2674 999 essetis,
2701 938 2923 992 mundus
2941 941 3079 1008 quod
3103 955 3250 994 suum
3277 952 3379 994 erat
3405 942 3608 1012 diligeret
3625 945 3764 1016 (Im.

2267 1045 2356 1094 xv,
2381 1028 2491 1101 19).
2523 1028 2702 1099 Neque
2722 1031 2863 1084 enim
2892 1046 3026 1100 quos
3052 1032 3199 1102 punit
3223 1033 3390 1102 diligit
3412 1036 3674 1098 muudns.s
3693 1057 3768 1112 quo

2269 1119 2514 1175 videmds
2543 1135 2701 1190 supra
2733 1121 2873 1176 dicta
2904 1124 3165 1178 scelerum
3190 1140 3382 1195 genera
3412 1127 3678 1201 plerumque
3699 1148 3768 1202 pu-

2267 1213 2368 1268 niri
2401 1231 2413 1266 :
2445 1214 2544 1267 nisi
2575 1215 2698 1284 quia
2730 1215 2958 1270 mundus
2983 1227 3065 1272 est
3100 1218 3151 1272 in
3179 1219 3256 1273 eis
3290 1234 3319 1272 a
3355 1221 3536 1290 quibus
3569 1223 3666 1278 talia
3687 1240 3767 1282 ωε.

2267 1303 2377 1359 lcra
2418 1307 2728 1373 puniuntur.
2760 1317 2815 1362 et
2856 1309 3086 1362 mttndus
3120 1319 3203 1365 est
3235 1311 3286 1364 in
3319 1311 3396 1366 eis
3424 1327 3452 1366 a
3487 1314 3653 1384 quibus
3682 1317 3767 1374 ιιιίι

2267 1395 2470 1450 scelera
2495 1396 2805 1466 diliguntur.
2835 1399 3058 1454 Mundus
3087 1402 3263 1472 itaque
3300 1402 3385 1459 ille
3415 1405 3500 1474 qui
3526 1406 3766 1478 intelligitur

2268 1486 2320 1541 in
2349 1489 2502 1542 malis
2532 1499 2691 1559 atque
2722 1491 2918 1561 impiis,
2960 1501 3014 1546 ct
3049 1493 3160 1548 odit
3192 1493 3335 1564 quod
3365 1511 3508 1550 suum
3536 1508 3635 1563 est.
3657 1516 3706 1557 ex
3726 1517 3771 1560 ea

2268 1590 2418 1650 parte
2447 1581 2717 1638 hominum
2748 1600 2849 1655 qua
2885 1585 3160 1641 sceleratis
3198 1597 3387 1651 nocet;
3415 1598 3466 1645 et
3497 1590 3644 1658 diligit
3671 1595 3772 1663 quod

2269 1688 2422 1728 suum
2465 1685 2566 1741 est,
2609 1692 2674 1731 ex
2719 1692 2779 1731 ea
2832 1687 2981 1747 parte
3013 1679 3288 1735 hominum
3331 1697 3431 1752 qua
3475 1683 3647 1739 eisdem
3685 1686 3771 1756 ipsis

2266 1765 2644 1820 consceleratis
2661 1767 2816 1822 l'avct.
2841 1768 2998 1838 Ergo,
3024 1768 3146 1824 "rec
3171 1771 3343 1824 omnia
3370 1773 3542 1842 facient
3561 1773 3671 1827 vobis
3688 1792 3772 1843 pro.

2268 1864 2376 1923 pter
2405 1873 2582 1911 nomen
2624 1875 2808 1923 meum,
2846 1860 2926 1915 vel
2976 1861 3046 1914 ita
3075 1860 3278 1916 dictum
3318 1873 3429 1927 cst,
3461 1875 3650 1934 propter
3670 1869 3770 1938 quod

2269 1960 2365 1998 vos
2395 1947 2667 2014 patimini;
2701 1951 2780 2003 vel
2812 1949 2904 2012 ita,
2953 1960 3169 2021 propter
3209 1953 3352 2022 quod
3389 1963 3442 2009 et
3467 1953 3555 2023 ipsi
3591 1956 3771 2011 iaciunt:

2265 2037 2386 2106 quia
2415 2047 2468 2092 et
2494 2037 2593 2093 hoc
2639 2039 2689 2092 in
2721 2040 2870 2094 vobis
2897 2040 3021 2094 dum
3063 2054 3473 2112 persequuntur,
3500 2045 3705 2101 oderunt.
3727 2046 3773 2103 Et

2265 2131 2468 2186 addidit
2503 2151 2515 2186 :
2551 2134 2683 2201 Quia
2714 2136 2939 2188 nesciunt
2964 2152 3078 2190 eum
3117 2138 3206 2207 qui
3231 2140 3366 2192 misit
3391 2156 3483 2194 nte.
3512 2140 3610 2196 Hoc
3639 2156 3776 2198 secun-

2267 2219 2392 2274 dtnn
2423 2238 2546 2277 eam
2576 2225 2850 2279 scientiam
2879 2226 3078 2281 dictum
3102 2227 3500 2300 intelligendum
3524 2241 3612 2297 est,
3637 2232 3773 2304 deqtn

2265 2320 2321 2366 et
2339 2314 2461 2367 alibi
2487 2316 2740 2384 scriptum
2769 2328 2851 2373 est
2872 2359 2886 2380 .
2922 2318 3067 2374 Scire
3097 2328 3267 2374 autem
3295 2330 3372 2386 te,
3402 2339 3562 2378 sensus
3597 2334 3657 2378 est
3687 2340 3772 2379 cott-

2263 2416 2543 2460 snmmatus
2570 2407 2725 2477 (Sap.
2746 2425 2821 2475 γι,
2839 2409 2948 2483 16).
2973 2411 3082 2466 llac
3106 2413 3306 2483 quich
3320 2414 3530 2470 scicntia
3551 2417 3626 2485 qui
3648 2417 3773 2472 sciunt

2263 2499 2472 2555 Patrem
2501 2517 2530 2556 a
2561 2519 2666 2574 quo
2696 2504 2890 2559 missus
2916 2516 2998 2560 est
3023 2506 3273 2563 Christus
3295 2551 3309 2572 ,
3344 2509 3488 2564 nullo
3522 2509 3659 2565 modo
3687 2525 3774 2580 per-

2262 2603 2560 2664 sequuntur
2616 2612 2709 2650 eos
2759 2613 2895 2666 quos
2932 2599 3132 2669 colligit
3168 2598 3448 2667 Christus;
3493 2603 3600 2672 quia
3633 2610 3678 2659 et
3706 2601 3775 2672 ipsi

2262 2700 2382 2740 cum
2412 2687 2490 2740 eis
2514 2687 2876 2757 colliguntura
2900 2689 3132 2745 Christo.
3257 2700 3262 2702 '

2686 2798 3096 2856 TRACTATUS
3134 2800 3428 2858 LXXXIX.

2261 2908 2341 2966 De
2363 2926 2420 2965 eo
2440 2910 2576 2978 quod
2599 2911 2719 2966 dicit
2746 2912 3014 2980 Dominus,
3037 2914 3090 2970 Si
3119 2931 3224 2970 non
3268 2917 3546 2983 venissem,
3591 2925 3636 2972 et
3668 2917 3758 2971 lca.-

2334 3011 2420 3056 tus
2442 3001 2522 3056 eis
2551 3001 2802 3068 fuissem;
2837 3021 2991 3075 usque
3015 3005 3083 3058 ad
3113 3006 3198 3070 id,
3228 3004 3338 3074 Qui
3372 3023 3455 3063 me
3491 3007 3619 3072 odit,
3644 3016 3688 3063 et
3708 3005 3775 3062 Pa-

2332 3101 2466 3147 trem
2499 3108 2674 3148 meum
2703 3093 2834 3149 odit.
2872 3094 2994 3165 Cap.
3034 3112 3124 3163 xv,
3167 3098 3199 3164 ᾗ
3238 3098 3279 3167 ᾖ
3306 3138 3320 3153 .
3346 3098 3435 3166 22,
3464 3099 3546 3155 23.

2332 3229 2381 3282 1.
2423 3227 2679 3298 Superius
2706 3228 2913 3284 dixerat
2937 3229 3197 3286 Dominus
3233 3232 3308 3287 ad
3349 3233 3620 3303 discipulos
3649 3243 3774 3286 suos:

2260 3321 2321 3376 Si
2351 3337 2429 3375 me
2458 3322 2705 3391 persecuti
2731 3333 2847 3376 sunt
2865 3367 2878 3387 ,
2901 3331 2945 3376 et
2975 3339 3061 3377 vos
3095 3335 3489 3394 persequentur;
3507 3327 3549 3379 si
3567 3337 3777 3379 scrtum

2257 3432 2420 3468 meum
2445 3425 2783 3479 servaverunt,
2812 3426 2858 3470 et
2888 3427 3099 3471 vestrum
3123 3418 3396 3472 servabunt
3419 3418 3537 3473 :sed
3555 3419 3779 3472 Itwcomttta

2257 3507 2442 3577 facient
2481 3507 2616 3560 vobis
2657 3518 2858 3579 propter
2886 3525 3066 3562 nomen
3114 3525 3308 3574 meum,
3336 3510 3453 3581 quia
3480 3509 3674 3563 nesciunt
3698 3519 3777 3560 ειωι

2255 3599 2341 3668 qui
2371 3599 2502 3652 misit
2531 3615 2626 3652 me.
2662 3599 2739 3654 De
2767 3601 2960 3670 quibus
2987 3609 3164 3656 autem
3203 3602 3314 3657 hoc
3350 3603 3537 3658 dixerit
3561 3602 3600 3657 si
3625 3612 3778 3670 quara-

2256 3709 2396 3757 mus,
2431 3694 2727 3747 invenimus
2774 3709 2897 3748 eum
2942 3694 3009 3749 ad
3052 3693 3165 3748 lucc
3215 3695 3384 3750 verba
3429 3695 3618 3749 venisse
3651 3691 3705 3745 ab
3732 3703 3776 3744 eo

2255 3784 2396 3855 quod
2425 3785 2649 3846 dixerat,
2681 3783 2743 3838 Si
2763 3785 2978 3838 mundus
3002 3800 3086 3838 vos
3107 3784 3230 3848 odit,
3270 3787 3442 3840 scitote
3461 3785 3572 3858 quia
3595 3799 3661 3838 me
3681 3779 3777 3851 prio-

2255 3894 2362 3932 rem
2393 3878 2527 3930 vobis
2548 3877 2664 3930 odio
2692 3876 2862 3930 habuit
2890 3892 2908 3930 :
2941 3892 3079 3932 nunc
3102 3891 3229 3932 vero
3245 3877 3392 3947 quod
3421 3876 3626 3940 addidit,
3652 3873 3775 3928 Sim

2257 3970 2517 4035 venissem,
2544 3978 2590 4022 et
2617 3969 2811 4023 locutus
2829 3969 2898 4022 eis
2924 3969 3151 4036 fuissem,
3181 3980 3442 4039 peccatum
3463 3985 3555 4023 non
3575 3965 3774 4024 haberent,

2257 4060 2470 4116 Jud;eos
2509 4060 2740 4116 ostendit
2767 4061 3090 4128 expressius.
3124 4060 3201 4115 De
3231 4060 3320 4115 his
3350 4076 3474 4133 ergo
3498 4069 3547 4116 et
3572 4057 3645 4113 illa
3669 4053 3774 4108 dice-

2257 4151 2378 4217 bat;
2425 4167 2545 4206 nam
2593 4150 2695 4205 hoc
2741 4151 2936 4206 iudicat
2973 4152 3256 4207 verborum
3297 4153 3408 4222 ipsa
3438 4147 3692 4207 contextio.
3723 4142 3777 4198 De

2257 4245 2341 4299 his
2364 4244 2504 4298 enim
2533 4243 2682 4304 dicit.
2714 4244 2772 4297 Si
2801 4260 2898 4297 non
2924 4244 3187 4309 venissem,
3221 4253 3269 4298 et
3294 4245 3485 4297 locutus
3516 4242 3579 4295 eis
3600 4241 3772 4312 fuissem

2259 4347 2514 4409 peccatum
2543 4354 2643 4391 non
2673 4336 2927 4402 haberent,
2956 4337 3023 4390 de
3051 4337 3242 4407 quibus
3269 4337 3498 4400 dicebat,
3529 4332 3583 4388 Si
3607 4345 3670 4385 me
3691 4341 3775 4396 μετ’

2256 4430 2413 4484 secuti
2431 4437 2566 4491 sunt,
2590 4438 2635 4482 et
2664 4444 2750 4482 vos
2782 4437 3169 4497 persequentur;
3192 4428 3235 4481 si
3251 4442 3522 4482 sermonem
3547 4436 3682 4477 meum
3697 4432 3774 4471 stre

2256 4527 2522 4585 voverunt,
2546 4528 2591 4572 ct
2620 4528 2834 4572 vestrum
2863 4517 3125 4571 servabunt
3158 4519 3292 4572 :sed
3325 4519 3431 4571 Ittec.
3465 4514 3620 4570 omnia
3639 4507 3774 4579 facit!“

2256 4614 2393 4668 vobis
2421 4623 2626 4685 promer
2647 4628 2825 4665 nomen
2855 4627 3040 4675 meum,
3075 4611 3193 4681 quia
3219 4611 3444 4664 nesciunt
3467 4624 3570 4662 eum
3681 4597 3773 4652 ὐἱέι

2258 4722 2336 4759 me
2357 4722 2375 4761 :
2397 4705 2480 4760 his
2507 4704 2648 4759 enim
2673 4702 2850 4757 verbis
2871 4711 2925 4755 et
2946 4701 3042 4754 ista
3069 4701 3362 4772 subiungit,
3386 4699 3443 4755 Si
3461 4715 3552 4752 nou
3568 4692 3772 4750 rerum.

2257 4809 2303 4852 et
2330 4798 2523 4852 locutus
2567 4798 2637 4849 eis
2677 4797 2907 4867 fuissem,
2951 4805 3202 4863 peccatum
3248 4810 3349 4847 non
3385 4791 3619 4846 haberent.
3650 4775 3774 4839 ludii
3824 4831 3842 4852 ί

2258 4907 2384 4961 ergo
2404 4889 2673 4958 persecuti
2692 4898 2811 4944 sunt
2838 4887 3131 4945 Christum.
3160 4887 3299 4956 quod
3329 4883 3692 4942 evidentissima
3711 4873 3772 4926 itt-

2258 4983 2398 5036 dicat
2427 4982 2768 5052 Evangelium
2791 4997 2806 5045 ;
2837 4980 3034 5036 Jud;eis
3062 4981 3266 5034 locutus
3293 4987 3378 5033 est
3421 4974 3671 5032 Christus.
3695 4975 3772 5018 non

2257 5073 2376 5126 aliis
2398 5072 2645 5144 gentibus
2688 5091 2702 5128 :
2743 5075 2794 5127 itt
2826 5073 2904 5128 eis
2937 5087 3063 5142 ergo
3101 5072 3266 5125 voluit
3304 5067 3515 5137 inteliigi
3555 5055 3773 5144 mandunt.

2257 5166 2345 5234 qui
2369 5142 2479 5217 odit
2505 5163 2775 5219 Christum
2801 5175 2856 5218 ct
2884 5164 3170 5232 discipulos
3196 5162 3340 5231 ejus;
3367 5161 3472 5215 imo
3497 5169 3610 5210 vero
3631 5161 3714 5206 ηοη
3743 5142 3779 5234 in

2258 5253 2336 5307 eis
2362 5255 2508 5319 solis,
2537 5254 2630 5308 sed
2663 5255 2758 5308 hos
2785 5269 2995 5324 quoque
3017 5253 3081 5308 ad
3119 5253 3361 5308 eumdem
3393 5247 3621 5304 mundum
3645 5231 3778 5311 Μ’ιῦ

2259 5362 2388 5402 nere
2427 5346 2761 5401 monstravit.
2790 5345 2926 5412 Quid
2955 5355 3036 5400 est
3059 5361 3205 5415 ergo,
3247 5344 3308 5399 Si
3351 5359 3449 5396 non
3481 5337 3719 5394 venisset“.
3747 5334 3778 5415 ῆι

2259 5440 2455 5494 locutus
2482 5438 2554 5492 eis
2589 5438 2813 5508 fuissem,
2839 5446 3097 5504 peccatum
3125 5412 3233 5490 non
3275 5429 3541 5488 haberent?
3561 5412 3768 5491 Numquid

2259 5531 2376 5585 sine
2403 5538 2621 5599 peccato
2650 5535 2803 5581 erant
2839 5527 3026 5584 Jud:ei.
3052 5537 3330 5596 antequam
3370 5522 3597 5580 Christus
3627 5511 3680 5568 ad

2260 5622 2311 5677 in
2337 5637 2498 5676 carne
2539 5619 2810 5675 venisset?
2835 5619 2964 5686 Quis
2991 5619 3092 5674 hoc
3121 5619 3201 5675 vel
3231 5615 3556 5672 stultissimus
3588 5593 3766 5662 dixerit?

2260 5716 2365 5772 Sed
2396 5732 2642 5780 magnum
2681 5713 2944 5784 quoddam
2977 5723 3268 5783 peccatum,
3313 5725 3411 5763 non
3448 5716 3594 5761 omne
3618 5703 3763 5767 ρωαο

2260 5818 2393 5873 tum,
2425 5810 2573 5878 quasi
2601 5809 2699 5863 sub
2718 5807 2949 5878 generali
2979 5807 3192 5861 nomine
3215 5803 3325 5859 vult
3351 5797 3574 5863 intelligi.
3597 5790 3685 5845 lloc
3703 5786 3767 5878 ξιξ

2262 5901 2406 5956 enim
2435 5911 2705 5972 peccatum
2744 5914 2849 5970 quo
2893 5908 3136 5955 tenentur
3176 5908 3360 5953 cunCta
3403 5895 3620 5960 peccata.
3659 5865 3764 5947 ⁴1⁰⁰⁶¹
