3926 6380
167 279 297 344 1857

160 394 513 466 unusquisque
535 393 582 449 si
609 407 714 450 non
744 391 1306 460 habeat,dimittnntur
1323 394 1372 449 ci
1393 404 1580 450 cuncta
1606 410 1728 465 pec-

157 500 271 548 cata
299 503 314 540 :
344 486 443 540 hoc
480 493 564 540 est
598 494 795 551 autem,
825 485 947 555 quia
987 501 1090 539 non
1119 485 1457 540 crediderunt
1499 487 1549 539 in
1579 487 1729 540 Chri-

153 597 326 645 stum,
350 578 439 649 qui
479 586 760 649 propterea
789 579 935 632 venit
963 586 1018 632 ut
1057 578 1305 632 credatur
1349 580 1400 633 in
1445 594 1588 634 eum.
1617 579 1730 636 Hoc

155 681 444 744 peccatum,
475 669 519 724 si
550 685 656 722 non
680 669 935 735 venisset,
965 685 1071 724 non
1101 669 1282 740 utique
1311 669 1590 727 haberent.
1622 671 1732 727 Ad-

154 774 340 823 ventus
378 761 576 832 quippe
613 759 730 829 ejus
768 770 1024 830 quantum
1072 761 1414 816 credentibus
1455 762 1726 827 salutaris,

156 866 353 912 tantum
398 867 501 908 non
541 852 884 907 credentibus
921 853 1205 908 exitiabilis
1246 853 1414 908 factus
1455 862 1578 909 est:
1613 863 1729 909 tan-

154 962 306 1021 q'tam
330 954 377 1001 et
404 944 516 1016 ipse
538 955 699 1014 caput
726 953 780 998 et
800 944 1046 1014 princeps
1067 946 1464 1014 Apostolorum,
1497 945 1636 1015 quod
1658 946 1728 1001 de

153 1058 214 1097 se
258 1037 350 1107 ipsi
393 1035 663 1100 dixerunt,
715 1036 973 1091 exstiterit
1019 1036 1320 1106 quibusdam
1359 1037 1558 1106 quidem
1601 1038 1729 1091 odor

151 1131 265 1186 vita
284 1129 330 1183 in
359 1128 528 1188 ritum,
557 1126 854 1198 quibusdam
893 1143 1006 1181 vero
1045 1127 1172 1182 odor
1210 1129 1385 1182 mortis
1423 1130 1477 1182 iu
1515 1141 1726 1184 mortem

157 1224 226 1295 (ll
253 1219 360 1277 Car.
387 1219 580 1292 n.16).

225 1313 276 1369 2.
297 1310 393 1367 Sed
417 1311 562 1379 quod
585 1309 825 1380 adjunxit
843 1353 858 1378 ,
885 1319 1042 1380 atque
1065 1312 1171 1375 ait,
1209 1310 1359 1366 Nunc
1383 1323 1548 1366 autem
1569 1330 1724 1368 excu-

157 1405 381 1461 sationem
417 1417 519 1456 non
561 1401 742 1455 habent
784 1401 847 1456 de
891 1414 1092 1468 peccato
1130 1419 1254 1467 suo,
1303 1413 1474 1472 potest
1512 1420 1726 1461 movere

157 1503 457 1566 qua-rentes,
487 1502 668 1548 utrum
702 1491 752 1544 hi
785 1493 850 1545 ad
877 1509 1011 1562 quos
1038 1509 1140 1572 non
1170 1495 1311 1548 venit
1335 1495 1598 1558 (iliristus,
1626 1511 1726 1551 nec

159 1585 354 1640 locutus
395 1593 476 1637 est
527 1596 634 1645 eis,
679 1581 907 1636 habeant
945 1583 1344 1639 excusmionem
1389 1584 1458 1639 de
1504 1597 1725 1654 peccato

162 1689 268 1730 suo.
288 1672 340 1729 Si
364 1673 504 1728 enim
537 1688 642 1726 non
675 1671 891 1734 habent,
915 1688 1011 1726 cur
1041 1674 1126 1727 hic
1150 1674 1349 1728 dictum
1372 1684 1454 1728 est
1486 1685 1725 1746 propter-

162 1783 224 1822 ea
265 1768 382 1822 istos
409 1781 512 1820 non
534 1764 730 1820 habere
751 1807 763 1830 ,
795 1767 918 1834 quia
948 1764 1090 1818 venit
1119 1774 1170 1818 et
1196 1767 1405 1820 iet-ntus
1424 1777 1505 1821 est
1525 1768 1641 1821 eis?
1665 1768 1722 1823 Si

163 1871 320 1916 autem
345 1858 535 1914 habent
555 1899 570 1922 ,
598 1871 773 1914 ttll'uut
794 1858 860 1912 ad
891 1858 990 1912 hoc
1015 1856 1245 1912 habeant
1273 1868 1382 1913 uta
1412 1859 1580 1927 pmnis
1599 1861 1722 1914 alie-

165 1962 353 2019 nentur,
379 1968 444 2006 an
468 1961 528 2006 ut
555 1951 734 2006 mitius
760 1950 1085 2027 puniantur?
1111 1950 1190 2004 Ad
1219 1951 1331 2004 luce
1354 1951 1598 2020 inquisita
1628 1967 1722 2020 pro

166 2060 467 2114 meocaptu,
501 2043 726 2098 Domino
761 2042 993 2098 donante
1017 2085 1033 2108 ,
1066 2043 1400 2110 respondeo,
1432 2043 1626 2099 habere
1658 2045 1722 2098 il-

168 2136 242 2190 lus
265 2137 678 2202 excusationem,
702 2150 806 2188 non
847 2134 912 2188 de
951 2135 1096 2187 unmi
1131 2145 1348 2202 peccato
1371 2150 1469 2188 suo
1490 2175 1503 2197 ,
1532 2134 1624 2188 sed
1653 2134 1722 2190 de

167 2227 257 2283 hoc
283 2238 483 2299 peccato
519 2244 628 2300 quo
671 2228 722 2282 in
763 2226 1031 2282 Christum
1081 2243 1184 2280 non
1229 2226 1605 2292 crediderunt,
1653 2227 1722 2282 ad

167 2335 284 2386 quos
321 2337 417 2375 non
462 2320 634 2384 venit,
661 2327 716 2376 et
743 2320 938 2388 quibus
965 2335 1068 2372 non
1095 2329 1177 2373 cst
1209 2318 1415 2372 locttlus
1479 2317 1583 2374 Sed
1616 2335 1720 2375 non

165 2408 211 2462 iu
233 2427 290 2466 eo
311 2422 424 2466 sunt
452 2425 679 2466 numero
709 2411 760 2465 hi
802 2410 868 2465 ad
898 2426 1034 2480 quos
1064 2410 1117 2464 in
1152 2411 1427 2480 discipulis
1455 2411 1636 2478 venit,
1669 2422 1723 2467 ct

163 2502 335 2570 quibus
355 2520 444 2572 per
463 2503 749 2569 discipulos
778 2511 860 2558 est
891 2504 1126 2565 locutus,
1159 2503 1300 2570 quod
1320 2515 1368 2556 et
1395 2518 1534 2557 nunc
1559 2504 1718 2560 facit:

158 2606 268 2646 nam
295 2610 380 2664 per
407 2593 700 2650 Ecclesium
728 2608 878 2649 suam
905 2595 1048 2646 venit
1069 2593 1132 2646 ad
1158 2591 1355 2648 Gentes
1377 2634 1392 2658 ,
1421 2606 1476 2648 et
1504 2609 1596 2664 per
1624 2595 1720 2649 Ec-

153 2680 349 2739 (lesbun
377 2685 608 2756 loquizur
637 2685 915 2741 Gentibus.
946 2685 1024 2739 Ad
1049 2685 1149 2739 hoc
1168 2686 1308 2739 enim
1334 2686 1563 2755 pertinet
1581 2687 1720 2757 quod

150 2775 220 2828 ait
240 2818 254 2841 ,
281 2777 371 2845 Qui
398 2795 480 2833 vos
505 2779 703 2850 recipit,
734 2796 812 2834 me
839 2780 1014 2848 recipit
1036 2778 1245 2849 (:llutth.
1273 2796 1324 2842 κ.
1347 2781 1437 2850 40)
1471 2800 1484 2835 :
1513 2792 1586 2848 et,
1621 2783 1722 2848 Qui

148 2881 237 2922 τοι
264 2872 460 2939 spernit,
493 2887 572 2924 me
594 2871 781 2938 spernit
805 2869 956 2927 (Luc.
978 2886 1033 2933 ιι,
1073 2870 1181 2941 16).
1212 2870 1290 2925 Au
1330 2873 1513 2940 ruitis,
1556 2874 1723 2944 inquit

146 2962 404 3024 ap-vstolus
451 2961 677 3023 Paulus,
712 2961 1102 3030 experimentum
1138 2962 1367 3033 accipere
1405 2964 1513 3036 ejus
1548 2965 1632 3034 qui
1667 2965 1721 3020 iu

143 3060 232 3102 me
251 3050 454 3120 loquitur
480 3049 709 3106 Christus
739 3051 805 3121 (ll
827 3048 944 3106 Cor.
973 3066 1061 3104 aut
1081 3092 1098 3117 ,
1124 3051 1178 3122 5)
1203 3053 1227 3105 ?

223 3141 268 3194 ὃ.
294 3140 469 3196 llestat
499 3141 767 3211 inquirere
795 3150 969 3195 utrum
1016 3142 1066 3194 lii
1103 3148 1191 3210 qui
1223 3142 1524 3214 priusquam
1563 3143 1716 3200 Chri-

139 3235 263 3284 stus
299 3232 346 3284 in
395 3231 632 3287 Ecclesia
678 3233 883 3286 veniret
927 3231 993 3286 ad
1037 3231 1268 3299 Gentes,
1311 3244 1365 3289 ct
1413 3240 1716 3306 priusquam

137 3315 476 3394 EVangL-liuut
521 3325 638 3392 ejus
679 3322 953 3387 audirent,
984 3323 1104 3376 vitae
1136 3323 1288 3392 hujus
1320 3325 1423 3380 line
1468 3343 1555 3395 pra
1576 3331 1718 3388 venti

138 3423 299 3481 sum,
322 3434 409 3471 seu
431 3415 848 3485 praweniuntur,
881 3417 1084 3484 possint
1113 3417 1308 3471 habere
1335 3417 1470 3476 hanc
1495 3439 1718 3480 excusa-

138 3507 377 3567 tionem?
408 3509 633 3566 l'ossunt
675 3508 864 3582 plane,
905 3507 998 3566 sed
1040 3524 1145 3565 non
1185 3510 1303 3567 ideo
1333 3525 1550 3582 possunt
1591 3517 1721 3572 eﬂ‘u—

129 3613 270 3667 t‘Ere
293 3605 696 3660 damnationem.
727 3604 1034 3674 Quicumque
1057 3606 1184 3658 enim
1210 3606 1320 3660 sine
1338 3606 1468 3679 Lege
1487 3625 1720 3678 peccave-

129 3706 292 3761 r-ut,
323 3699 425 3752 siue
452 3697 582 3769 Lrge
605 3708 650 3751 et
673 3697 900 3768 peribunt
923 3714 940 3751 :
971 3709 1016 3751 et
1045 3699 1340 3770 quirtttttquc
1366 3701 1418 3754 iu
1448 3701 1580 3772 Lege
1606 3719 1720 3773 pec-

126 3796 403 3853 carentur,
433 3805 520 3857 per
549 3787 730 3860 Legem
759 3789 1126 3859 judicubuutur
1151 3789 1323 3861 (Rom.
1352 3808 1422 3857 ιι,
1458 3794 1567 3863 1:2).
1590 3797 1717 3860 Qua:

125 3877 353 3942 quidem
396 3881 631 3950 Apostoli
670 3881 862 3943 verba,
895 3881 1142 3948 quonimn
1189 3881 1238 3934 id
1277 3882 1414 3952 quod
1443 3884 1549 3945 ait,
1583 3885 1717 3953 peri-

127 3965 302 4032 bant,
339 3969 618 4025 terribilius
657 3980 807 4024 sonat
830 3986 986 4040 quam
1012 3971 1152 4040 quod
1183 3972 1256 4025 ait
1279 4013 1294 4037 ,
1317 3973 1717 4042 judicubuutur;

134 4071 262 4110 tum
295 4062 454 4114 solum
500 4059 630 4115 nihil
670 4061 918 4130 adjuvare
949 4062 1083 4117 hanc
1113 4065 1505 4120 excusationem
1537 4066 1719 4121 viden-

162 4153 554 4216 mrosteudere,
586 4168 768 4206 verum
809 4153 966 4206 etiam
1013 4155 1129 4223 plus
1165 4170 1410 4223 gravare.
1435 4157 1533 4224 Qui
1573 4154 1715 4212 enim

187 4242 340 4308 sequia
363 4243 774 4308 nouatnliernnt,
793 4243 1136 4306 excusabunt,
1159 4245 1267 4297 siue
1283 4243 1410 4315 Lege
1437 4245 1689 4313 peribunt.

236 4331 278 4385 4.
299 4333 392 4391 Sed
414 4345 587 4391 utrum
615 4335 667 4390 lsi
693 4337 777 4403 qui
801 4351 918 4389 cum
947 4336 1220 4399 audirent,
1248 4347 1712 4405 contempserunt,

184 4419 244 4473 τοι
272 4427 414 4481 etiam
475 4427 815 4491 restiterunt,
882 4442 978 4482 nec
1021 4438 1219 4480 tantum
1263 4429 1710 4495 contradicendo,

180 4512 250 4566 ὕεα
278 4528 326 4572 et
350 4535 438 4574 ens
467 4535 498 4573 a
540 4517 729 4588 quibus
756 4518 1040 4572 audierunt
1068 4520 1203 4572 odiis
1230 4521 1596 4590 persequendo
1617 4565 1630 4584 ,
1662 4525 1714 4577 in

179 4601 239 4657 eis
256 4609 522 4680 deputandi
575 4619 699 4664 sunt
743 4609 807 4662 de
835 4609 1028 4678 quibus
1055 4610 1250 4677 aliquid
1299 4611 1466 4665 levius
1507 4612 1716 4668 videtur

176 4701 377 4756 Sontiissc
403 4701 544 4773 qttod
582 4701 780 4755 dictum
822 4710 934 4762 est,
981 4717 1069 4771 per
1111 4699 1293 4772 Legem
1325 4702 1710 4772 judicubuutur,

175 4795 331 4848 merito
368 4795 640 4864 qna-ritur.
670 4791 775 4848 Sed
819 4793 862 4846 si
901 4791 1042 4846 aliud
1072 4803 1154 4847 est
1199 4796 1372 4862 perire
1395 4796 1509 4848 sine
1540 4795 1675 4864 Lege
1695 4837 1710 4861 ,

169 4877 284 4940 aliud
297 4887 510 4956 judicari
545 4903 638 4957 per
664 4885 852 4955 Legem
869 4926 885 4951 ,
910 4895 963 4940 et
983 4884 1109 4938 illud
1136 4895 1218 4940 est
1235 4887 1476 4955 gravius,
1503 4886 1601 4941 hoc
1621 4903 1715 4941 au-

169 4969 255 5028 ῑειιι
283 4980 472 5042 levius;
507 4979 689 5048 procul
731 4977 890 5031 dubio
917 4992 1021 5031 non
1061 4987 1185 5031 sunt
1226 4979 1309 5032 isti
1353 4980 1401 5032 in
1433 4978 1529 5033 hac
1558 4995 1712 5048 paena

168 5048 343 5123 1ﬂ'iore
371 5067 638 5138 ponendi,
669 5068 788 5136 quia
833 5083 1006 5137 neque
1046 5069 1096 5121 in
1143 5069 1281 5138 Lege
1327 5081 1708 5140 peccaverunt,

163 5153 244 5210 ⁸θιΙ
280 5161 488 5215 omnino
533 5158 725 5229 Legem
775 5159 967 5213 Christi
1010 5160 1253 5227 accipere
1300 5161 1618 5227 noluerunt,
1660 5171 1715 5216 et

160 5245 268 5302 eam
298 5262 544 5320 quantum
570 5250 634 5303 ad
664 5249 806 5320 ipsos
843 5250 1068 5316 attinet,
1097 5251 1315 5303 oninino
1357 5251 1555 5305 nullam
1594 5268 1714 5309 esse

157 5334 436 5412 Folucrunt.
471 5343 546 5399 Illi
585 5353 760 5396 autem
797 5351 1015 5410 peccant
1047 5343 1096 5394 in
1141 5341 1312 5412 Lege,
1359 5344 1448 5412 qui
1493 5354 1614 5398 sunt
1659 5345 1710 5400 in

152 5407 318 5502 Lege,
347 5434 393 5488 id
423 5444 524 5498 est,
551 5433 638 5503 qui
677 5449 791 5487 cam
820 5432 1142 5503 suscipiunt,
1181 5447 1402 5503 eamque
1443 5445 1710 5502 sanctam,

147 5517 206 5566 εί
237 5525 780 5580 ιιιαιιὼιιιιιιειιιιςιιιιιι
825 5535 871 5578 et
900 5525 1099 5592 justum
1146 5534 1199 5577 et
1248 5523 1439 5579 bonum
1487 5525 1714 5582 fatentur

143 5592 264 5667 (Ῑά.
287 5629 386 5681 vn,
418 5614 540 5687 li);
571 5613 664 5669 St‘tl
691 5614 995 5669 inﬁrmitate
1021 5630 1124 5668 non
1151 5615 1527 5685 ituplcutqnod
1557 5617 1625 5670 ab
1649 5633 1710 5672 ea

138 5693 432 5766 temissione
460 5706 674 5781 ιιι-ειεςὶρί
699 5704 940 5762 dubitare
974 5721 1077 5762 non
1104 5717 1342 5779 p05sunt.
1374 5707 1437 5763 lli
1462 5716 1585 5766 sunt
1620 5709 1712 5786 qui

1295 279 1702 341 maereres
1742 268 1850 342 xc.
1889 285 2113 347 CAPUT
2150 289 2266 349 xv.

3291 312 3430 377 {858

1841 398 2015 469 aliquo
2053 407 2212 462 modo
2259 407 2481 467 forsitan
2526 423 2751 485 possunt
2794 417 2862 473 ab
2903 434 3123 490 eorum,
3170 425 3261 495 qui
3307 427 3424 485 sine

1836 487 1979 560 Lege
2003 504 2159 563 sunt,
2192 499 2487 568 perditione
2515 504 2742 560 discerni
2777 525 2791 562 :
2819 523 2864 562 SI
2895 519 3069 567 tamen
3097 487 3238 583 quod
3272 519 3422 587 Apo-

1836 585 2004 639 stolus
2031 587 2138 654 ait,
2185 607 2275 660 per
2318 590 2499 664 Legem
2536 596 2922 667 judicubunmr,
2955 602 3032 657 sic
3058 585 3423 676 accipiendum

1837 686 1918 731 est
1945 685 2191 748 tanquam
2220 684 2451 752 dixerit,
2484 703 2587 743 non
2639 691 2915 760 peribunt;
2958 697 3099 766 quod
3141 700 3337 757 mirum
3376 704 3427 760 si

1835 767 1906 822 ita
1944 780 2046 824 est.
2089 771 2268 843 Neque
2305 777 2444 831 enim
2487 778 2556 834 de
2601 781 2903 840 infidelibus
2927 796 2981 841 et
3023 788 3266 847 ﬁdelibus
3305 805 3424 852 erat

1835 871 2012 914 sermo
2041 871 2098 916 ut
2141 862 2242 919 hoc
2286 865 2518 931 diceret,
2548 870 2640 925 sed
2672 872 2738 928 de
2779 873 3038 932 Gentibus
3084 890 3140 937 et
3179 881 3420 942 Judzeis:

1832 951 1922 1020 qui
1954 961 2099 1007 certe
2129 956 2336 1025 utrique
2363 960 2460 1013 nisi
2504 961 2555 1014 in
2598 977 2663 1017 eo
2709 964 2984 1023 Salvatore
3013 971 3306 1042 solventur,
3333 979 3421 1048 qui

1832 1042 1975 1096 venit
1999 1060 2240 1113 quaerere
2269 1050 2409 1117 quod
2442 1054 2674 1120 perierat
2701 1055 2849 1123 (Luc.
2882 1075 2975 1114 χιιι
2998 1102 3014 1128 ,
3040 1063 3132 1134 10)
3156 1105 3170 1128 ,
3203 1066 3269 1121 ad
3298 1042 3422 1138 per?

1833 1130 2088 1189 ditionem
2123 1137 2240 1192 sine
2265 1138 2428 1193 dubio
2469 1145 2824 1210 pertinebunt.
2855 1130 3121 1217 Quamvis
3146 1156 3251 1212 dici
3294 1130 3419 1228 pos-

1831 1228 1920 1288 sit,
1945 1226 2076 1280 alios
2096 1228 2306 1295 gravius
2326 1271 2341 1295 ,
2375 1231 2507 1286 alios
2537 1234 2705 1291 levius
2732 1240 2991 1307 perituros
3010 1284 3026 1309 ,
3057 1245 3106 1298 id
3136 1257 3216 1302 est
3255 1293 3271 1317 ,
3290 1252 3422 1307 alios

1829 1319 2133 1388 graviores,
2160 1322 2296 1376 alios
2322 1325 2546 1382 leviores
2571 1343 2754 1396 pmnas
2784 1332 2833 1385 in
2860 1348 2952 1387 sua
2981 1337 3276 1404 perditione
3303 1358 3422 1413 pas-

1831 1426 2004 1466 suros.
2039 1413 2128 1466 Ille
2162 1416 2303 1469 enim
2356 1419 2530 1485 perire
2574 1420 2683 1475 Deo
2724 1422 2936 1489 dicitur,
2968 1428 3209 1499 quisquis
3236 1434 3303 1488 ab
3331 1436 3419 1491 illa

1831 1499 2158 1558 beatitudine
2179 1519 2336 1572 quam
2359 1505 2450 1559 dat
2478 1512 2677 1563 sanctis
2705 1513 2845 1579 suis,
2877 1530 2970 1583 per
2994 1520 3309 1588 snpplicium
3328 1539 3418 1580 se-

1831 1603 2077 1661 paratur:
2106 1604 2244 1648 tanta
2275 1605 2357 1650 est
2377 1608 2552 1653 autem
2578 1603 2956 1670 suppliciorum
2977 1649 2992 1672 ,
3020 1623 3212 1679 quanta
3230 1624 3310 1669 est
3337 1617 3420 1671 dio

1830 1685 2054 1739 versitas
2085 1697 2450 1755 peccatorum;
2480 1708 2596 1759 qua:
2625 1699 2892 1762 quomodo
2915 1713 2974 1754 se
3003 1701 3228 1770 habeat,
3257 1707 3416 1762 altius

1824 1775 2024 1844 judicat
2058 1781 2314 1847 sapientia
2352 1781 2529 1836 divina
2551 1825 2564 1845 ,
2611 1800 2768 1854 quam
2808 1791 3112 1859 conjectura
3146 1807 3415 1856 scrutatur

1828 1877 1918 1919 aut
1948 1867 2140 1922 ell‘atur
2171 1871 2417 1925 humana.
2456 1873 2540 1926 Isti
2589 1886 2733 1930 certe
2760 1877 2826 1930 ad
2855 1895 2988 1949 quos
3013 1883 3192 1951 venit,
3220 1895 3275 1940 et
3294 1890 3413 1957 qui-

1830 1956 1926 2010 bus
1968 1959 2176 2015 locutus
2217 1971 2298 2016 est
2324 1962 2599 2027 Christus,
2639 1983 2743 2020 non
2787 1970 2981 2026 habent
3009 1974 3075 2029 de
3106 1991 3296 2048 magno
3336 1979 3418 2035 in-

1831 2047 2096 2104 lidelitalis
2145 2065 2360 2120 peccato
2407 2055 2550 2109 illam
2594 2061 3017 2126 excusationem,
3066 2082 3166 2136 qlia
3204 2047 3420 2139 possint

1827 2137 2004 2192 dicere
2024 2181 2036 2202 ,
2063 2139 2176 2194 Non
2207 2143 2452 2210 vidimus,
2487 2163 2592 2200 non
2618 2149 2952 2208 audivimus:
2979 2157 3090 2211 sive
3126 2137 3229 2213 non
3265 2176 3420 2218 acce-

1831 2237 2066 2298 ptarctur
2123 2233 2219 2285 ista
2263 2236 2536 2289 excusatio
2593 2241 2660 2293 ab
2707 2241 2797 2294 illo
2855 2245 3008 2313 cujus
3054 2248 3415 2310 inscrutabilia

1827 2332 1950 2376 sunt
1980 2322 2177 2391 judicia
2199 2366 2214 2389 ,
2241 2326 2354 2380 sive
2379 2339 2763 2399 acceptaretnr,
2795 2344 2850 2388 et
2886 2337 2931 2391 si
2961 2353 3063 2392 non
3093 2351 3150 2395 ut
3171 2342 3241 2396 ab
3267 2346 3413 2401 omni

1825 2413 2165 2470 damnatione
2195 2418 2564 2487 liberarentur,
2587 2432 2731 2478 certe
2753 2435 2807 2479 ut
2837 2427 3106 2498 aliquanto
3127 2433 3298 2490 lenius
3323 2436 3416 2492 da-

1827 2517 2153 2562 muarentnr.

1896 2597 1949 2650 5.
1985 2597 2085 2663 Qui
2121 2616 2197 2654 me
2237 2601 2367 2667 odit,
2394 2603 2591 2672 inquit,
2629 2618 2676 2660 et
2715 2605 2921 2665 Putrem
2960 2629 3123 2672 meum
3161 2618 3287 2682 odit.
3317 2620 3414 2683 llic

1827 2689 1979 2743 nobis
2019 2693 2240 2748 fortasse
2277 2694 2485 2754 dicatur
2509 2715 2520 2750 :
2544 2697 2673 2765 Quis
2702 2710 2872 2769 potest
2909 2709 3085 2764 odisse
3112 2729 3270 2782 quem
3313 2733 3412 2774 ne-

1825 2781 1958 2835 scit?
1989 2783 2054 2838 Et
2082 2785 2260 2854 utique
2281 2797 2564 2858 antequam
2587 2790 2820 2865 diceret,
2855 2799 2916 2854 Si
2947 2818 3044 2856 non
3072 2781 3340 2874 venissem,
3366 2819 3412 2864 et

1826 2870 2020 2928 locutus
2057 2877 2128 2928 eis
2169 2877 2408 2946 fuissent,
2459 2898 2716 2948 peccatum
2758 2907 2856 2944 uo-i
2897 2893 3162 2964 haberent,
3207 2900 3414 2959 dixerat

1825 2963 2099 3035 discipulis
2139 2969 2252 3021 suis
2272 3011 2288 3034 ,
2325 2969 2448 3029 llu'c
2478 2978 2661 3047 facient
2689 2981 2851 3045 vobis,
2883 2986 3000 3054 quia
3037 2991 3262 3047 nesciunt
3299 3012 3413 3052 eum

1822 3055 1907 3119 qui
1929 3057 2060 3110 misit
2094 3075 2188 3114 me.
2221 3061 2501 3131 Quomodo
2527 3084 2655 3139 ergo
2683 3073 2925 3129 nesciunt
2963 3089 3014 3132 et
3055 3080 3328 3140 oderunt?
3353 3088 3413 3143 Si

1824 3146 1965 3200 enim
1993 3166 2096 3206 non
2124 3156 2264 3224 quod
2292 3168 2368 3210 est
2399 3159 2508 3229 ipse
2529 3203 2544 3224 ,
2573 3162 2665 3216 scd
2693 3166 2874 3220 nesrio
2898 3169 3023 3237 quid
3049 3171 3189 3228 aliud
3214 3175 3282 3232 de
3321 3178 3412 3234 illo

1823 3239 2140 3311 opinantur;
2171 3265 2273 3301 non
2311 3249 2382 3303 uti
2405 3266 2488 3318 jue
2517 3254 2721 3321 ipsum,
2750 3257 2845 3311 sed
2888 3259 3014 3313 illud
3065 3262 3409 3324 inveniuntur

1823 3332 2003 3389 odisse
2029 3338 2168 3406 quod
2213 3340 2414 3408 lingunt
2434 3382 2448 3406 ,
2481 3352 2570 3396 ant
2596 3346 2823 3401 errando
2851 3351 3024 3419 potius
3047 3355 3408 3424 suSpicantur.

1827 3423 1892 3478 Et
1915 3434 2088 3482 tamen
2119 3427 2217 3482 nisi
2255 3441 2470 3498 possent
2503 3434 2743 3491 homines
2762 3439 2938 3497 odisse
2963 3444 3104 3512 quod
3134 3423 3408 3518 nesciunt,

1824 3530 1928 3569 non
1969 3519 2168 3574 veritas
2194 3530 2478 3592 utrumque
2513 3524 2763 3592 dixisset,
2809 3533 2930 3600 quia
2974 3536 3090 3603 ejus
3120 3537 3329 3596 Patrem
3354 3552 3410 3600 et

1823 3608 2065 3663 nesciunt
2107 3619 2162 3665 et
2201 3613 2449 3668 oderunt.
2496 3617 2601 3672 Sed
2647 3623 2912 3690 quomodo
2949 3625 2998 3679 id
3046 3625 3160 3682 ﬁeri
3205 3633 3405 3702 possit,

1823 3698 1868 3751 si
1920 3699 2201 3767 adjuvante
2249 3705 2472 3759 lloniino
2520 3723 2612 3775 per
2657 3727 2753 3764 nos
2795 3712 3147 3772 demonstrari
3196 3698 3404 3790 potest;

1822 3791 1942 3860 quia
1963 3791 2076 3847 lucc
2091 3793 2378 3864 disputatio
2391 3813 2444 3852 e.~
2457 3809 2474 3851 t
2487 3816 2594 3866 jam
2608 3802 2918 3875 claudenda,
2935 3826 3072 3866 nunc
3088 3827 3194 3868 non
3211 3825 3404 3884 potest.

2333 3887 2738 3948 TRACTATUS
2775 3895 2886 3951 XC.

1822 3963 1890 4019 In
1917 3967 2079 4034 illud,
2111 3968 2208 4038 Qui
2249 3986 2334 4025 me
2376 3974 2517 4039 odit,
2568 3985 2622 4030 et
2659 3979 2868 4036 Patrem
2896 4001 3071 4044 meum
3111 3989 3242 4048 odit.
3275 3992 3403 4067 Cap.

2457 4065 2604 4132 μή
2632 4106 2645 4119 .
2677 4065 2766 4122 23.

1887 4146 1944 4200 ’1.
1980 4147 2209 4204 Audistis
2233 4150 2509 4207 Dominum
2532 4155 2816 4225 dicentem,
2847 4161 2944 4226 Qui
2965 4181 3044 4219 me
3060 4167 3168 4220 odit
3184 4211 3202 4237 ,
3224 4179 3271 4223 et
3294 4170 3402 4227 Pa-

1821 4245 1947 4290 trem
1988 4254 2151 4292 meum
2186 4243 2326 4304 odit;
2370 4243 2459 4311 qui
2499 4247 2742 4316 superius
2767 4250 3002 4320 dixerat,
3049 4256 3176 4314 lltec
3217 4261 3403 4328 facient

1819 4328 1955 4382 vobis
1974 4372 1988 4394 ,
2017 4332 2132 4398 quia
2161 4335 2381 4387 nesciunt
2408 4353 2518 4390 eum
2539 4340 2626 4410 qui
2644 4341 2777 4395 misit
2811 4360 2907 4398 me.
2935 4346 3046 4402 Non
3087 4350 3260 4423 itaque
3287 4353 3400 4410 dis-

1819 4420 2113 4475 simulanda
2141 4427 2373 4480 nascitur
2397 4433 2647 4496 quwstio,
2680 4437 2948 4503 quomodo
2972 4420 3187 4511 possint
3221 4446 3400 4506 odisse

1818 4527 1975 4581 quem
2007 4519 2264 4570 nesciunt.
2289 4519 2342 4574 Si
2374 4523 2512 4576 enim
2549 4525 2710 4580 Ileum
2745 4547 2847 4584 non
2877 4535 3015 4603 quod
3044 4549 3120 4591 cst
3151 4538 3402 4609 ipse,sed

1821 4605 1999 4658 nescio
2024 4608 2147 4675 quid
2168 4608 2308 4664 aliud
2336 4627 2456 4666 cum
2480 4618 2817 4685 suspicantur
2839 4636 2926 4677 aut
2952 4605 3206 4696 credunt,
3229 4634 3401 4691 ethoc

1818 4695 2074 4762 oderunt;
2123 4702 2301 4771 utique
2347 4721 2449 4758 non
2498 4709 2669 4776 ipsum
2715 4713 2970 4781 oderuut,
3016 4719 3109 4776 sed
3138 4724 3278 4792 quod
3303 4742 3400 4784 sua

1819 4789 2061 4843 mendaci
2105 4795 2404 4861 suspicione
2432 4800 2511 4853 vel
2556 4816 2682 4856 vana
2711 4807 3024 4867 credulitate
3051 4818 3352 4886 concipiunt
3381 4838 3397 4874 :

1818 4880 1862 4933 si
1906 4890 2080 4935 autem
2129 4887 2270 4953 quod
2314 4899 2428 4950 est.
2472 4891 2571 4947 hoc
2599 4896 2667 4950 de
2697 4898 2786 4951 illo
2825 4905 3091 4971 sentiunt,
3131 4914 3398 4979 quomodo

1817 4989 1939 5027 cum
1969 4975 2173 5030 nescire
2208 4977 2488 5035 dicuntur?
2520 4983 2583 5036 Et
2609 4979 2676 5038 de
2705 4986 3006 5046 hominibus
3041 4975 3254 5064 quidem
3283 5002 3397 5060 licri

1819 5077 1993 5136 ρυιυςι
2034 5078 2090 5123 ut
2128 5085 2223 5124 eos
2260 5087 2402 5140 sirpe
2444 5089 2577 5141 quos
2620 5087 2886 5150 nunquam
2917 5087 3178 5152 vidimus.
3205 5093 3396 5166 diliga-

1820 5175 1967 5224 mus;
2001 5177 2063 5216 ac
2090 5179 2182 5231 per
2209 5163 2307 5218 hoc
2333 5179 2428 5220 nec
2454 5166 2579 5222 illud
2603 5184 2632 5222 a
2654 5174 2920 5230 contrario
2946 5177 3273 5252 impossibile
3292 5163 3395 5259 est,

1819 5261 1877 5307 ut
1923 5269 2016 5308 eos
2064 5269 2197 5324 quos
2245 5271 2508 5326 nunquam
2562 5261 2821 5330 vidimus,
2889 5268 3178 5331 oderimus.
3234 5278 3398 5336 Fama

1818 5346 2012 5414 quippe
2036 5344 2104 5398 de
2128 5346 2304 5416 afiquo
2329 5350 2716 5406 sermocinante
2741 5370 2834 5410 seu
2863 5357 2997 5416 bene
3020 5377 3113 5419 seu
3145 5369 3280 5422 male
3298 5411 3314 5434 ,
3337 5370 3398 5426 ﬁt

1819 5451 1924 5490 non
1957 5437 2220 5490 innnerito
2257 5449 2312 5493 ut
2332 5455 2570 5494 ainentns
2596 5444 2676 5499 vel
2706 5445 2976 5508 oderimus
3007 5454 3260 5524 ignotum.
3290 5459 3397 5518 Sed

1819 5527 1862 5579 si
1895 5527 2027 5579 fama
2059 5528 2122 5581 sit
2155 5543 2311 5584 verax
2333 5570 2347 5592 ,
2376 5534 2644 5600 quomodo
2669 5547 2750 5592 est
2783 5538 2850 5594 de
2887 5558 2993 5611 quo
3034 5560 3158 5600 vera
3199 5547 3393 5606 didici-

1819 5633 1966 5682 mus,
2012 5617 2268 5675 dieendus
2295 5622 2540 5692 ignotus?
2574 5628 2653 5682 An
2680 5630 2802 5698 quia
2826 5631 2941 5700 ejus
2966 5633 3150 5690 faciem
3179 5653 3282 5696 non
3311 5641 3397 5699 vi.

1817 5709 2031 5767 dirutis?
2058 5711 2225 5782 Quam
2263 5729 2384 5772 cum
2425 5724 2482 5774 et
2524 5716 2639 5792 ipse
2680 5734 2785 5777 non
2827 5720 3031 5794 videat,
3059 5727 3192 5792 nulli
3219 5739 3398 5823 tameq
