3926 6392
81 2325 92 2396 Ξ

81 2409 92 2476 ἔ

65 2479 100 2522 ι

67 2535 94 2600 i

105 2471 120 2480 ο

310 220 428 282 1865
1419 218 1828 287 TRACTATUS
1863 217 2049 290 XCI".
2090 232 2316 299 CAPUT
2351 241 2468 301 XV.

310 347 539 419 persecuti
578 355 718 414 sunt,
745 355 792 400 et
827 361 914 401 vos
952 355 1307 416 persequentur
1334 347 1352 417 (
1375 347 1532 402 Joan.
1555 365 1645 408 xv.
1671 348 1742 404 20
1763 348 1803 420 );
1828 357 1883 405 et.

311 439 391 492 hac
417 438 469 491 in
502 438 592 492 illo
615 438 726 509 jam
748 437 951 493 videret
973 439 1201 508 impleri,
1227 441 1280 494 in
1306 456 1410 509 quo
1439 441 1748 512 patientiam
1779 442 1881 496 Do-

309 531 418 586 mini
465 532 568 596 sui,
619 533 664 586 si
714 532 1018 602 exemplum
1065 532 1354 599 sufﬁceret,
1401 533 1585 590 debuit
1635 534 1874 590 imitari:

311 621 562 678 succubuit
607 631 663 678 et
706 623 936 694 negavit,
969 638 1073 678 non
1119 625 1300 695 utique
1342 624 1521 682 ferens
1556 625 1698 697 quod
1729 627 1876 683 illum

312 713 431 769 ferre
475 713 748 770 cernebat.
791 714 922 771 Cum
968 731 1093 771 vere
1146 717 1350 788 accepit
1400 717 1600 774 donum
1646 719 1876 790 Spiritus

311 807 476 870 sancti,
497 821 656 878 quem
685 819 971 877 negaverat
1000 808 1338 879 praedicavit;
1365 820 1420 866 et
1442 827 1601 882 quem
1630 811 1874 870 conﬁteri

315 901 553 969 timuerat,
599 915 703 955 non
749 901 929 956 timuit
966 903 1221 973 proﬁteri.
1249 901 1404 958 Prius
1445 905 1587 960 enim
1627 906 1874 977 exemplo

313 992 496 1063 quidem
530 989 699 1046 fuerat
725 992 968 1057 edoctus,
995 1005 1049 1048 ut
1079 994 1220 1064 quod
1251 994 1367 1050 ﬁeri
1393 1007 1716 1053 convenerat
1740 1012 1868 1054 nos-

312 1093 401 1148 set;
429 1082 514 1138 sed
544 1081 779 1138 nondum
808 1083 979 1140 fuerat
1011 1084 1206 1142 virtute
1234 1085 1425 1156 fultus,
1449 1097 1507 1143 ut
1531 1089 1672 1158 quod
1699 1104 1870 1145 nove~

309 1184 379 1228 rat
405 1173 627 1230 faceret:
652 1174 942 1230 instructus
963 1185 1078 1230 erat
1098 1187 1156 1231 ut
1178 1185 1362 1245 staret,
1386 1177 1481 1234 sed
1507 1192 1611 1234 non
1641 1189 1756 1235 erat
1782 1181 1870 1236 fir-

306 1275 458 1321 matus
496 1281 561 1321 ne
597 1266 834 1323 caderet.
880 1268 1030 1336 Quod
1082 1277 1425 1341 posteaquam
1475 1286 1569 1341 per
1611 1271 1867 1342 Spiritum

305 1367 520 1416 sanctum
551 1359 746 1415 factum
775 1370 886 1427 est,
918 1363 1248 1419 annuntiavit
1289 1380 1458 1436 usque
1499 1366 1565 1422 ad
1613 1377 1862 1436 mortem,

303 1465 441 1521 quem
469 1461 750 1522 negaverat
771 1453 962 1508 timens
987 1464 1233 1510 mortem.
1260 1455 1382 1512 Ideo
1406 1457 1660 1514 Dominus
1687 1461 1738 1515 in
1763 1460 1866 1516 hoc

303 1541 624 1613 consequenti
665 1543 920 1614 capitulo,
950 1545 1017 1600 de
1046 1561 1150 1617 quo
1179 1563 1321 1604 nunc
1348 1548 1500 1604 vobis
1538 1550 1864 1622 loquendum

299 1645 391 1702 est,
414 1634 553 1702 Haec,
577 1637 766 1708 inquit,
790 1639 986 1694 locutus
1013 1656 1124 1694 sum
1149 1641 1307 1710 vobis,
1336 1652 1392 1697 ut
1420 1660 1521 1698 non
1549 1645 1863 1701 scandalize-

299 1729 427 1783 mini.
452 1727 663 1784 Canitur
684 1730 882 1801 quippe
910 1731 964 1786 in
992 1731 1233 1798 PSalmo,
1265 1733 1383 1790 Pax
1414 1737 1574 1792 multa
1602 1738 1863 1810 diligenti-

299 1822 378 1876 bus
397 1823 543 1894 legem
564 1833 722 1891 tuam,
746 1834 792 1878 et
820 1840 920 1879 non
944 1836 1014 1880 est
1039 1827 1142 1881 illis
1164 1829 1466 1884 scandalum
1482 1829 1652 1901 (Psal.
1673 1847 1858 1900 cxvtu,

299 1914 435 1985 465).
461 1915 640 1972 Merito
668 1917 848 1988 itaque
887 1920 1153 1988 promisso
1178 1920 1379 1992 Spiritu
1418 1932 1638 1991 sancto,
1669 1939 1778 1995 quo
1807 1926 1862 1980 in

299 2007 369 2062 eis
386 2021 624 2078 operante
649 2009 839 2066 ﬁerent
860 2019 1027 2067 testes
1049 2011 1184 2083 ejus,
1205 2014 1496 2085 subjunxit,
1520 2014 1644 2070 Hazc
1663 2017 1862 2072 locutus

299 2116 400 2154 sum
422 2101 565 2169 vobis,
596 2115 652 2156 ut
678 2119 780 2157 non
804 2103 1236 2159 scandalizemini.
1272 2104 1403 2161 Cum
1445 2109 1588 2162 enim
1629 2107 1862 2164 Charitas

297 2191 380 2246 Dei
402 2192 696 2250 diﬁ‘unditur
721 2196 773 2250 in
805 2196 1056 2253 cordibus
1089 2198 1289 2253 nostris
1328 2213 1424 2269 per
1449 2199 1706 2270 Spiritum
1732 2215 1862 2256 san-

298 2292 426 2337 ctum
446 2286 527 2355 qui
546 2285 699 2342 datus
719 2296 802 2343 est
827 2287 981 2344 nobis
1003 2287 1179 2360 (Rom.
1202 2306 1255 2357 v,
1279 2288 1358 2362 5),
1381 2290 1441 2346 ﬁt
1465 2306 1570 2362 pax
1597 2291 1762 2348 multa
1781 2292 1862 2348 di-

296 2377 556 2448 ligentibus
580 2380 748 2451 legem
780 2381 892 2446 Dei,
922 2391 979 2436 ut
998 2397 1102 2437 non
1124 2383 1194 2438 sit
1212 2382 1316 2438 illis
1338 2384 1665 2439 scandalum.

358 2471 408 2523 2.
430 2470 617 2527 Deinde
644 2471 769 2542 quid
790 2473 996 2542 passuri
1023 2482 1223 2538 essent,
1254 2474 1364 2546 jam
1407 2477 1713 2547 exprimens
1737 2477 1811 2532 ait
1841 2494 1856 2533 :

294 2559 444 2615 Extra
481 2580 758 2636 synagogas
805 2566 991 2634 facient
1029 2582 1135 2621 vos.
1167 2567 1305 2636 Quid
1351 2579 1528 2625 autem
1574 2571 1697 2626 mali
1744 2581 1861 2627 erat

292 2654 537 2721 Apostolis
579 2656 772 2727 expelli
810 2657 877 2712 de
923 2660 1207 2731 synagogis
1246 2659 1502 2731 Judaicis,
1549 2664 1701 2734 quasi
1749 2679 1856 2721 non

291 2745 404 2802 inde
427 2747 624 2804 fuerant
648 2764 707 2806 se
732 2752 1048 2822 separaturi,
1074 2753 1284 2809 etiamsi
1307 2770 1400 2812 eos
1423 2756 1599 2812 nullus
1618 2758 1854 2829 expelle-

291 2841 397 2894 ret?
419 2839 514 2896 Sed
543 2843 792 2898 nimirum
837 2843 938 2899 boc
970 2846 1136 2900 voluit
1167 2846 1503 2917 denuntiare,
1532 2850 1655 2920 quia
1682 2849 1854 2908 Judzei

289 2927 534 2987 Christum
556 2951 660 2988 non
687 2935 897 2990 fuerant
923 2937 1210 3008 recepturi,
1230 2953 1260 2993 a
1277 2955 1384 3010 quo
1404 2940 1491 2996 isti
1513 2957 1618 2996 non
1646 2941 1855 2999 fuerant

290 3027 553 3092 recessuri;
589 3037 639 3082 et
682 3027 801 3083 ideo
831 3028 1065 3084 futurum
1095 3040 1212 3087 erat
1248 3041 1307 3087 ut
1344 3033 1487 3089 foras
1515 3037 1854 3094 mitterentur

288 3129 398 3170 enm
426 3118 527 3185 illo,
557 3120 623 3174 ab
663 3121 743 3175 eis
778 3121 868 3190 qui
910 3137 1032 3178 esse
1060 3124 1263 3179 nollent
1291 3126 1343 3180 in
1375 3126 1487 3191 illo,
1521 3126 1574 3182 bi
1604 3129 1693 3199 qui
1731 3145 1854 3188 esse

290 3222 386 3261 non
408 3219 610 3278 possent
635 3212 750 3268 sine
777 3213 888 3268 illo.
916 3214 1047 3270 Nam
1077 3215 1336 3286 profecto,
1359 3218 1483 3288 quia
1504 3235 1609 3275 non
1638 3229 1756 3277 erat
1778 3223 1852 3278 ul-

289 3297 370 3353 lus
401 3300 522 3358 alius
550 3305 778 3374 populus
808 3305 900 3360 Dei
943 3323 1101 3377 quam
1151 3309 1278 3364 illud
1312 3326 1496 3367 semen
1526 3314 1771 3382 Abrahzn,
1803 3317 1850 3372 si

286 3404 611 3460 agnoscerent
654 3406 710 3452 et
758 3398 1056 3469 reciperent
1081 3401 1388 3472 Christum,
1420 3415 1669 3478 tanquam
1713 3410 1847 3465 rami

285 3487 530 3542 naturales
557 3489 606 3542 in
635 3489 750 3544 olea
776 3504 1154 3562 permanerent
1184 3495 1204 3566 (
1230 3494 1316 3549 ld.
1341 3514 1412 3563 χι,
1441 3500 1507 3553 17
1536 3500 1576 3570 );
1609 3516 1708 3556 nec
1730 3502 1848 3557 alite

285 3568 462 3659 ﬁerent
485 3578 734 3634 Eeelcsire
759 3580 977 3648 Christi,
1020 3584 1138 3639 alia:
1179 3585 1471 3659 Synagogte
1497 3568 1802 3649 Judteorum
1832 3613 1844 3649 :

277 3649 466 3723 caedem
498 3672 510 3701 ³
540 3673 735 3742 quippe
777 3683 976 3742 essent,
1006 3675 1049 3730 si
1082 3677 1134 3731 in
1175 3678 1363 3733 eodem
1390 3695 1509 3736 esse
1534 3683 1844 3740 voluissent.

280 3755 421 3824 Quod
437 3763 550 3829 quia
573 3764 876 3833 noluerunt,
899 3766 1026 3836 quid
1047 3769 1281 3824 restabat
1301 3771 1402 3825 nisi
1431 3783 1486 3827 ut
1508 3784 1848 3832 remanentes

279 3863 418 3907 extra
442 3853 728 3922 Christum,
751 3868 898 3913 extra
925 3874 1221 3933 synagogas
1247 3864 1486 3921 facerent
1508 3883 1601 3924 eos
1621 3869 1711 3940 qui
1741 3886 1846 3926 non

278 3945 618 4016 relinquerent
637 3947 945 4005 Christum?
965 3953 1200 4023 Accepto
1219 3957 1414 4026 quippe
1439 3957 1641 4028 Spiritu
1661 3972 1847 4019 sancto

281 4043 430 4092 testes
455 4039 564 4109 ejus
592 4041 790 4108 effecti,
821 4058 929 4099 non
956 4045 1137 4116 utique
1165 4049 1298 4104 tales
1327 4060 1536 4119 essent,
1561 4054 1628 4110 de
1653 4056 1847 4125 quibus

279 4124 649 4186 diciturzblulti
678 4134 930 4206 principes
944 4135 1241 4193 Judazorurn
1271 4141 1593 4199 crediderunt
1616 4124 1808 4201 inicum
1824 4166 1844 4215 ;

278 4221 360 4274 sed
384 4235 576 4296 propter
604 4235 793 4282 metum
819 4228 1140 4297 Judteorum,
1167 4249 1228 4287 ne
1257 4235 1562 4306 pellerentur
1590 4239 1654 4293 de
1685 4255 1843 4311 syna-

279 4315 420 4382 gogis,
465 4332 563 4371 non
609 4318 858 4374 audebant
896 4322 1125 4389 conﬁteri
1171 4341 1287 4379 eum
1324 4342 1342 4379 :
1379 4325 1662 4385 dilexerunt
1713 4334 1844 4387 enim

275 4403 468 4476 gloriam
493 4410 753 4466 hominum
777 4414 938 4485 magis
956 4431 1109 4486 quam
1137 4416 1234 4473 Dei
1245 4418 1420 4492 (Joan.
1444 4439 1537 4490 xu,
1565 4424 1635 4480 42
1656 4427 1842 4499 αλδ).

277 4495 606 4558 Crediderunt
632 4520 760 4576 ergo
791 4507 844 4560 in
878 4521 1032 4576 eum,
1060 4509 1155 4565 sed
1195 4528 1300 4568 non
1342 4515 1419 4572 sic
1453 4519 1721 4587 quomodo
1749 4495 1843 4578 eos

276 4593 466 4654 V0iebat
493 4601 733 4670 credere,
775 4607 865 4676 qui
909 4605 1117 4663 dicebat
1151 4628 1163 4663 :
1199 4608 1466 4675 Quomodo
1497 4618 1700 4685 potestis
1729 4635 1838 4672 cre-

278 4684 397 4754 dere,
421 4694 629 4762 gloriam
657 4697 718 4751 ab
743 4698 950 4754 invicem
976 4712 1338 4772 exspectantes,
1362 4715 1407 4760 et
1435 4707 1649 4778 gloriam
1675 4727 1787 4782 qua:
1810 4729 1842 4766 a

276 4781 370 4834 ωιο
409 4783 508 4841 Deo
545 4800 620 4844 est
683 4807 782 4846 non
821 4803 1095 4864 qutcrentes
1126 4794 1253 4868 (Id.
1274 4813 1328 4863 γ,
1352 4801 1514 4870 ΗΜ
1561 4781 1841 4876 Discipulis

279 4885 386 4944 ergo
403 4879 546 4936 sicin
568 4897 690 4938 eum
713 4885 1073 4953 credentibus,
1099 4897 1156 4943 ut
1185 4890 1386 4961 impleti
1409 4892 1606 4963 Spiritu
1629 4905 1834 4967 sancto,

279 4963 365 5026 hoc
389 4984 464 5029 est
499 4974 640 5031 dono
678 4980 860 5050 gratize
889 4981 1014 5046 Dei,
1049 4997 1154 5039 non
1185 4983 1290 5040 sint
1315 4985 1381 5041 dc
1408 5004 1629 5046 numero
1653 5007 1838 5048 eorum

281 5063 356 5130 qui
395 5065 674 5138 ignorantes
712 5069 810 5126 Dei
847 5075 1119 5145 justitiam,
1154 5086 1199 5130 et
1237 5094 1379 5132 suam
1409 5082 1627 5138 volentes
1654 5087 1840 5142 consti-

281 5158 409 5223 tuere,
427 5161 639 5230 justitia:
657 5162 754 5219 Dei
780 5183 879 5220 non
901 5179 1016 5222 sunt
1042 5171 1252 5240 subjecti
1273 5171 1450 5239 (Rom.
1470 5193 1520 5241 x,
1550 5177 1629 5248 5);
1655 5194 1753 5235 nec
1771 5180 1838 5238 de

283 5243 459 5306 illorum
484 5253 549 5310 de
583 5257 776 5326 quibus
813 5258 1014 5314 dictum
1042 5270 1144 5324 est,
1174 5261 1473 5320 Dilexerunt
1502 5243 1716 5340 gloriam
1747 5272 1840 5326 lto-

281 5339 438 5398 minam
468 5351 627 5419 magis
662 5367 813 5420 quam
845 5351 940 5407 Dei
959 5354 1082 5408 :illa
1115 5357 1357 5426 congruit
1388 5339 1686 5429 prophetia,
1719 5380 1838 5435 qua:

282 5427 335 5486 de
367 5436 484 5506 ipsis
527 5441 793 5498 invenitur
831 5445 1078 5516 impleta,
1111 5447 1346 5513 Domine,
1376 5427 1426 5504 in
1459 5427 1647 5507 tantine
1672 5427 1838 5511 uultus

284 5525 341 5578 lli
362 5531 694 5602 ambulabunt,
716 5545 761 5588 et
789 5535 841 5589 in
864 5538 1066 5593 nomine
1090 5548 1176 5593 tuo
1198 5542 1520 5597 exsultabant
1541 5553 1644 5598 tota
1665 5547 1766 5615 die,
1789 5558 1836 5602 et

283 5612 323 5670 in
344 5627 418 5675 tua
431 5624 629 5694 justitia
656 5629 1043 5697 exaltabuntur;
1068 5633 1309 5702 quoniam
1338 5635 1502 5708 gloria
1530 5637 1723 5697 virtutis
1751 5612 1836 5697 eo-

332 5731 537 5799 'Aliquot
557 5746 684 5802 ηδε..
707 5740 896 5793 eadem.

63 5823 122 6206 ἱ
486 5823 711 5888 Sacr.
742 5829 1022 5891 Αυαυιιτ.
1055 5830 1167 5894 Ill.

1987 368 2097 463 tum
2122 362 2175 409 tu
2195 373 2249 411 es
2276 358 2296 427 (
2321 357 2466 416 Psal.
2493 379 2748 435 Lxxxvtu,
2776 369 2937 428 16-18
2957 374 3000 445 ).
3023 373 3208 435 Merito
3240 382 3318 439 eis
3357 387 3572 463 dicitur,

1988 441 2150 499 Extra
2179 465 2464 525 synagogas
2490 457 2676 526 facient
2701 477 2786 515 vos
2806 477 2823 516 :
2846 463 2918 518 illi
2943 441 3145 525 scilicet
3173 475 3262 543 qui
3287 441 3452 534 zelum
3477 441 3574 539 Dei

1985 535 2168 638 {tabent
2190 581 2204 606 ,
2256 544 2347 596 sed
2390 563 2490 600 non
2534 553 2806 608 secundant
2847 559 3142 631 scientiam;
3172 535 3388 640 propter
3431 577 3573 645 quod

1981 627 2272 697 ignorantes
2299 633 2399 690 Dei
2426 639 2705 711 justitiam,
2744 657 2790 698 et
2832 664 2976 706 suam
3017 627 3230 711 uolent-es
3271 627 3572 723 constituere

1982 715 2158 818 fliam.
2183 738 2242 818 x,
2265 723 2300 779 2
2317 735 2361 780 et
2381 727 2458 799 5),
2484 745 2577 786 eos
2600 736 2870 804 expellunt
2893 741 2908 770 ⁸
2927 743 3016 811 qui
3044 759 3147 800 non
3166 747 3216 802 in
3248 765 3362 818 sua,
3390 715 3569 813 sedit;

1981 806 2076 865 Dei
2115 814 2322 883 justitia
2372 823 2692 893 exaltantur,
2742 845 2843 885 nec
2893 806 3098 904 eaipulsi
3152 839 3220 895 ab
3267 806 3569 906 hominibus

1979 903 2322 976 erubescunt,
2346 917 2596 982 quoniam
2618 920 2782 988 gloria
2811 903 3018 982 virtutis
3043 944 3228 988 eorum
3256 936 3367 1006 ipse
3390 953 3492 997 est.

2051 997 2101 1094 5.
2136 999 2374 1074 Denique
2410 1023 2530 1062 cum
2559 1009 2663 1068 hoc
2689 1015 2767 1068 eis
2789 1015 3051 1087 dixisset,
3083 997 3322 1094 adjecit-
3352 1031 3460 1086 Sed
3485 1051 3567 1090 ve-

1977 1088 2051 1142 nit
2077 1091 2203 1146 Itora
2230 1104 2284 1148 ut
2308 1099 2469 1153 omnis
2495 1104 2581 1171 qui
2599 1105 2838 1175 inter/icit
2857 1128 2963 1177 vos,
2986 1088 3253 1174 arbitretur
3278 1088 3567 1194 obsequium

1975 1194 2029 1233 se
2059 1194 2301 1251 prtrstare
2327 1187 2436 1244 Deo
2471 1208 2488 1244 :
2515 1203 2561 1246 et
2589 1196 2698 1249 lucc
2718 1200 2902 1268 facient
2927 1204 3081 1270 vobis,
3107 1209 3225 1278 quia
3254 1229 3355 1267 non
3379 1187 3568 1287 cogno-

1974 1285 2153 1328 verunt
2186 1276 2396 1335 Patrem
2425 1301 2581 1355 neque
2607 1305 2705 1343 me.
2743 1291 2854 1348 Iloc
2896 1305 3017 1366 est,
3069 1276 3174 1356 non
3200 1276 3566 1375 cognoverunt

1977 1366 2142 1423 Deum
2171 1388 2270 1428 nec
2306 1376 2424 1444 ejus
2463 1379 2654 1437 Filium
2678 1427 2692 1450 ,
2726 1388 2812 1442 cui
2857 1405 2916 1445 se
2967 1393 3018 1446 in
3065 1396 3214 1451 vobis
3258 1403 3565 1462 occidendis

1975 1470 2228 1528 prmstare
2256 1467 2585 1527 arbitrantur
2612 1476 2948 1548 obsequium.
2973 1483 3103 1551 Quae
3126 1490 3280 1544 verba
3308 1493 3564 1552 Dominus

1972 1548 2046 1604 ita
2073 1553 2327 1624 subjecit,
2361 1567 2610 1632 tanquam
2653 1582 2718 1623 ex
2748 1569 2849 1626 hoc
2879 1577 3248 1634 consolaretur
3273 1597 3400 1639 suos
3422 1628 3437 1652 ,
3469 1591 3561 1658 qui

1971 1639 2040 1697 de
2079 1649 2363 1718 synagogis
2387 1651 2623 1711 Judaicis
2648 1659 2992 1727 pellerentur.
3023 1666 3393 1732 Pranuutians
3415 1639 3560 1735 cuit—ti

1971 1748 2092 1804 quze
2118 1739 2255 1794 mala
2284 1753 2465 1799 essent
2490 1761 2588 1816 pro
2616 1748 2733 1819 ejus
2764 1756 3068 1815 testimonio
3096 1767 3417 1834 perpessuri,
3446 1769 3560 1825 Ex-

1971 1833 2050 1880 tra
2090 1847 2380 1906 synagogas
2402 1879 2416 1903 ,
2468 1839 2641 1910 inquit
2665 1884 2680 1906 ,
2711 1846 2897 1916 facient
2922 1865 3026 1905 vos.
3068 1852 3177 1909 Nec
3201 1858 3295 1926 ait,
3325 1833 3561 1919 Etvenit

1970 1918 2101 1977 hora
2126 1934 2188 1978 ut
2211 1929 2385 1984 omnis
2410 1933 2500 2001 qui
2528 1933 2775 1993 interficit
2801 1955 2915 2009 vos,
2938 1945 3227 2005 arbitretur
3244 1951 3560 2025 obsequium

1969 2024 2030 2067 se
2063 2026 2318 2083 praestare
2361 2019 2490 2075 Deo.
2540 2024 2680 2092 Quid
2728 2044 2859 2101 ergo
2906 2035 2979 2088 ait
3017 2036 3170 2094 ?Sed
3209 2044 3341 2098 venit
3390 2019 3561 2106 liora:

1967 2107 2415 2201 quemadmodum
2440 2112 2666 2184 diceret,
2709 2121 2754 2174 si
2779 2122 2975 2194 aliquid
3005 2129 3128 2183 boni
3156 2144 3273 2201 post
3299 2137 3434 2192 mala
3459 2139 3560 2197 ista

1964 2197 2300 2298 praediceret.
2345 2202 2480 2270 Quid
2516 2207 2774 2292 sibiergo
2802 2215 2941 2280 vult,
2977 2217 3140 2274 Extra
3156 2197 3446 2298 synagogas
3473 2235 3560 2302 fa-

1967 2288 2097 2343 cient
2121 2305 2206 2347 vos
2239 2309 2256 2346 :
2283 2295 2372 2348 sed
2398 2299 2530 2351 venit
2555 2288 2724 2356 liora?
2751 2304 3021 2378 Tanquam
3048 2311 3148 2369 hoc
3164 2288 3405 2375 dicturus
3428 2288 3560 2380 fuis-

1967 2389 2049 2436 set
2079 2400 2092 2436 :
2120 2382 2455 2455 Separabunt
2494 2391 2569 2446 illi
2600 2394 2816 2462 quidem
2845 2413 2941 2453 vos
2965 2443 2981 2468 ,
3010 2404 3104 2458 sed
3146 2422 3246 2478 ego
3284 2427 3380 2466 vos
3406 2415 3559 2470 colli-

1963 2486 2117 2542 gam;
2147 2484 2259 2544 aut,
2287 2477 2623 2550 Separabunt
2647 2487 2862 2554 quidem
2890 2490 2964 2545 illi
2987 2508 3099 2560 vos,
3133 2477 3226 2552 sed
3253 2503 3398 2557 venit
3425 2503 3558 2562 hora

1964 2562 2160 2622 lzetitize
2185 2578 2394 2626 vestrae.
2426 2572 2562 2640 Quid
2591 2590 2719 2646 ergo
2745 2578 2836 2648 ;ibi
2876 2581 3002 2637 facit
3038 2584 3140 2642 hoc
3164 2590 3386 2647 verbum
3411 2596 3557 2664 quod

1963 2657 2058 2726 ait,
2088 2658 2195 2715 Sed
2224 2663 2354 2717 venit
2379 2664 2524 2732 hora,
2554 2669 2705 2737 quasi
2727 2672 3150 2732 consolationem
3175 2679 3254 2734 eis
3281 2657 3557 2752 promitte-

1963 2759 2049 2806 ret
2091 2761 2212 2822 post
2253 2754 2685 2826 tribulationem;
2724 2777 2846 2817 cum
2877 2766 3045 2837 magis
3087 2768 3266 2827 dicere
3302 2772 3556 2835 debuisse

1961 2844 2206 2902 videatur
2247 2848 2534 2905 indicativo
2574 2853 2735 2909 modo
2761 2896 2775 2922 ,
2823 2856 2891 2911 Et
2931 2861 3078 2915 venit
3116 2862 3416 2923 bora?Sed
3445 2885 3555 2926 non

1959 2936 2054 3005 ait,
2084 2939 2150 2994 Et
2175 2941 2344 3008 venit,
2367 2957 2491 2997 eum
2519 2946 2918 3004 tribulationem
2949 2967 3110 3023 super
3134 2955 3551 3033 tribulationem,

1959 3046 2068 3087 non
2097 3035 2516 3092 consolationem
2548 3048 2668 3108 post
2708 3041 3102 3100 tribulationem
3144 3058 3419 3108 venturam
3449 3055 3554 3111 illis

1958 3139 2080 3180 esse
2106 3126 2439 3196 prmdiceret.
2468 3130 2550 3184 An
2579 3130 2716 3188 forte
2736 3134 2814 3189 sic
2837 3150 2931 3191 eos
2959 3137 3046 3192 illa
3071 3137 3137 3194 de
3162 3145 3446 3215 synagogis
3464 3162 3553 3203 se-

1956 3217 2165 3286 paratio
2194 3217 2370 3274 fuerat
2401 3221 2674 3278 turbatura
2697 3266 2712 3291 ,
2762 3235 2821 3280 ut
2849 3228 2984 3282 mori
3018 3230 3241 3287 mallent
3263 3274 3278 3300 ,
3309 3251 3467 3304 quam
3497 3237 3554 3295 in

1959 3307 2057 3362 bac
2083 3309 2187 3364 vita
2215 3311 2328 3366 sine
2369 3311 2674 3370 Iudaeorum
2717 3321 3220 3391 congregationibus
3241 3327 3554 3387 immorari?

1957 3401 2265 3457 Absitutsic
2286 3404 2642 3476 turbarentur,
2669 3410 2758 3479 qui
2778 3410 2889 3476 Dei,
2915 3429 3019 3468 non
3043 3414 3314 3474 hominum
3328 3421 3550 3491 gloriam

1956 3494 2316 3564 requirebant.
2359 3497 2494 3567 Quid
2524 3514 2652 3572 ergo
2690 3511 2807 3570 est,
2842 3502 3002 3559 Extra
3033 3525 3316 3583 synagogas
3364 3517 3553 3586 facient

1954 3603 2040 3643 vos
2073 3590 2204 3644 :sed
2243 3593 2374 3647 venit
2401 3594 2563 3660 hora;
2601 3610 2723 3650 cum
2771 3599 2948 3667 potius
2976 3599 3158 3657 dicere
3198 3603 3446 3662 debuisse
3472 3609 3549 3665 vi-

1953 3678 2160 3749 deatur,
2191 3684 2254 3738 Et
2283 3685 2428 3740 venit
2449 3686 2600 3751 hora,
2629 3697 2686 3741 ut
2711 3690 2874 3742 omnis
2904 3691 2992 3759 qui
3017 3691 3254 3763 interﬁcit
3279 3712 3384 3762 vos,
3411 3701 3550 3756 arbi-

1954 3781 2110 3827 tretur
2134 3776 2420 3848 obsequium
2451 3795 2504 3833 se
2527 3789 2769 3850 praestare
2797 3779 2906 3836 Deo
2923 3784 2948 3836 ?
2976 3783 3159 3856 Neque
3185 3787 3330 3845 enim
3356 3792 3548 3852 saltem

1952 3863 2154 3921 dictum
2184 3877 2285 3933 est,
2317 3870 2420 3926 Sed
2455 3872 2601 3926 venit
2628 3872 2758 3928 hora
2787 3883 2845 3929 ut
2875 3875 3193 3935 interﬁciant
3220 3897 3312 3938 vos
3333 3925 3349 3952 ,
3393 3889 3546 3956 quasi

1954 3966 2011 4012 ut
2039 3959 2118 4014 eis
2152 3975 2298 4014 mors
2321 3977 2420 4032 pro
2446 3965 2814 4021 consolatione
2841 3967 2983 4023 illius
3020 3976 3374 4041 separationis
3399 3981 3547 4035 acci-

1952 4049 2104 4106 deret
2125 4054 2181 4117 ¹;
2210 4052 2323 4117 sed,
2359 4051 2525 4117 Venit,
2559 4054 2750 4124 inquit,
2779 4057 2906 4111 hora
2934 4070 2992 4111 ut
3018 4064 3181 4117 omnis
3204 4067 3291 4134 qui
3311 4067 3546 4137 interﬁcit

1952 4156 2058 4208 vos,
2087 4142 2356 4197 arbitretur
2375 4143 2665 4213 obsequium
2688 4163 2741 4200 se
2767 4158 3009 4217 prxstare
3030 4149 3154 4206 Deo.
3180 4154 3406 4212 Prorsus
3432 4175 3540 4216 non

1950 4234 2082 4290 mihi
2113 4234 2320 4290 videtur
2348 4235 2490 4289 aliud
2517 4236 2819 4307 signiﬁcare
2849 4240 3101 4308 voluisse,
3134 4245 3234 4300 nisi
3263 4256 3319 4302 ut
3341 4249 3542 4307 intelli-

1949 4335 2139 4396 gerent
2164 4334 2324 4396 atquc
2351 4326 2647 4398 gauderent
2679 4339 2784 4386 tam
2812 4331 3010 4389 multos
3036 4351 3095 4391 se
3121 4334 3336 4395 Christo
3359 4346 3540 4415 acqui-

1949 4419 2165 4488 situros,
2195 4436 2315 4475 cum
2339 4420 2406 4477 de
2426 4420 2734 4480 Judzeorum
2759 4430 3260 4498 congregationibus
3279 4435 3539 4504 pelleren-

1950 4523 2055 4581 tur,
2087 4521 2146 4569 ιιι
2173 4529 2267 4570 eos
2293 4531 2399 4573 non
2425 4516 2698 4574 sufﬁceret
2725 4519 2746 4551 ⁸
2778 4521 2976 4590 pellere
2995 4565 3010 4588 ,
3043 4525 3135 4580 sed
3165 4541 3272 4582 non
3298 4529 3540 4589 sinerent

1947 4606 2146 4672 vivere,
2177 4622 2246 4663 ne
2283 4621 2470 4664 omnes
2498 4609 2563 4664 ad
2593 4626 2790 4666 nomen
2816 4611 3015 4669 Christi
3041 4630 3134 4671 sua
3159 4619 3542 4688 prredicatione

1946 4707 2339 4767 converterent,
2373 4710 2428 4757 et
2453 4703 2521 4758 ab
2548 4703 2920 4762 observatione
2944 4706 3204 4766 Judaismi
3227 4753 3242 4779 ,
3287 4722 3539 4787 tanquam

1946 4791 2140 4848 divina:
2165 4795 2425 4861 veritatis,
2452 4806 2775 4853 averterent.
2819 4798 2932 4854 Hoc
2961 4801 3102 4856 enim
3141 4803 3207 4858 de
3230 4804 3429 4863 Ιυιιιιξιε
3453 4810 3540 4866 di-

1946 4893 2088 4940 ctum
2106 4885 2365 4941 debemus
2390 4887 2654 4958 accipere,
2670 4889 2738 4945 de
2749 4890 2942 4960 quibus
2964 4892 3192 4962 dixerat,
3225 4894 3387 4952 Extra
3407 4917 3533 4971 syn-

1943 4993 2131 5050 agogas
2158 4979 2342 5050 facient
2382 4996 2485 5034 vos.
2515 4980 2647 5035 Nam
2677 4991 2861 5050 testes,
2892 4985 2944 5039 id
2969 4995 3050 5040 est
3083 4998 3346 5060 martyres
3369 4992 3503 5051 Cbri
3532 5027 3538 5033 -

1943 5070 2034 5138 sti,
2063 5071 2272 5127 etiamsi
2298 5073 2456 5128 occisi
2497 5085 2622 5129 sunt
2650 5091 2680 5130 a
2707 5075 3040 5146 Gentilibus;
3088 5095 3195 5136 non
3237 5092 3414 5142 tamen
3456 5088 3538 5147 illi

1944 5163 2187 5219 arbitrati
2216 5175 2338 5219 sunt
2364 5164 2474 5220 Deo
2493 5207 2508 5233 ,
2538 5166 2631 5221 sed
2661 5166 2763 5223 diis
2801 5170 2912 5224 suis
2951 5171 3096 5227 falsis
3134 5174 3448 5249 obsequium
3476 5197 3540 5238 se

1943 5265 2220 5327 prtestare,
2248 5271 2368 5311 cum
2399 5256 2513 5312 bare
2539 5257 2794 5314 facerent.
2825 5260 3130 5321 Judazorum
3156 5277 3334 5326 autem
3361 5273 3536 5327 omnis

1943 5348 2031 5418 qui
2051 5347 2247 5404 occidit
2268 5349 2646 5420 praedicatores
2671 5348 2904 5424 Christi,
2933 5354 3044 5412 Deo
3071 5371 3131 5414 se
3158 5371 3413 5429 praestare
3437 5376 3537 5431 pu-

2008 5571 2023 5638 f
2051 5571 2123 5619 sic
2143 5576 2218 5619 Er.
2237 5569 2382 5634 Lugd.
2405 5579 2456 5622 et
2480 5580 2597 5638 ven.
2627 5579 2675 5623 tu
2698 5580 2767 5638 8.,
2801 5580 2947 5638 eteos
2978 5573 3241 5638 expellant,
3264 5575 3425 5628 additu
3445 5587 3536 5631 vo-

1941 5630 2068 5699 cula,
2093 5637 2156 5693 et,
2177 5644 2271 5695 qua
2289 5630 2458 5699 carent
2481 5635 2594 5686 editi
2613 5630 2789 5698 quibus
2806 5630 3167 5699 adstipulainur.
3224 5630 3279 5687 'M.

2007 5695 2026 5725 ’
2046 5700 2173 5755 Mss,
2198 5695 2463 5746 accederet.

2011 5758 2029 5787 ³
2053 5761 2102 5804 In
2120 5757 2279 5820 editis,
2319 5770 2413 5808 non
2430 5758 2717 5824 sufﬁcerent.
2751 5767 2800 5808 tn
2821 5760 2994 5810 decem
3011 5767 3140 5824 Mss,
3173 5761 3533 5832 nonsulﬁceret.

2529 5843 2848 5924 (Cinguan
2860 5852 2984 5907 te—n
2995 5849 3156 5931 cuf.)
