3926 6370
336 272 407 307 _r.

244 448 379 509 stris.
409 446 568 523 quam
600 445 798 517 parvuli
817 460 1011 518 capere
1038 451 1314 521 poteratis.

306 539 358 597 δ.
391 536 543 594 Nune
567 550 731 594 autem
758 541 887 595 trado
909 542 980 597 ad
1004 558 1120 598 eum
1153 545 1243 614 qui
1269 562 1349 601 me
1371 548 1505 605 misit
1530 566 1551 606 :
1572 560 1621 606 et
1643 568 1809 621 nemo,

243 630 418 703 inquit,
446 647 512 688 σε
533 633 669 687 vobis
686 632 960 706 interrogat
980 652 1078 702 me,
1103 635 1218 703 Quo
1238 639 1423 695 vadis?
1445 641 1717 712 Signiﬁcat
1735 646 1813 701 sic

239 736 294 779 se
313 722 501 777 iturum
532 733 590 778 ut
615 725 784 780 nullus
803 726 1176 798 interrogaret,
1198 732 1338 801 quod
1367 733 1539 802 palam
1564 735 1674 791 ﬁeri
1696 738 1810 793 visu

237 814 462 881 corporis
510 824 791 871 cernerent
837 833 854 872 :
895 832 1019 872 nam
1066 821 1313 890 superius
1355 823 1814 896 intermgaverant

235 918 344 961 eum
369 920 473 974 qun
492 916 640 963 esset
659 908 848 976 iturus,
870 918 924 964 et
945 912 1294 979 responderat
1311 914 1391 970 eis
1407 930 1469 971 se
1490 917 1684 973 iturum
1704 936 1811 989 quo

234 994 321 1065 ipsi
365 1005 487 1051 tunc
530 999 709 1053 venire
752 1015 857 1056 non
899 1011 1114 1071 possent
1157 1003 1334 1077 (Joan.
1360 1022 1486 1077 run,
1515 1008 1629 1081 '56).
1659 1010 1811 1068 Nunc

234 1100 350 1141 vero
396 1088 463 1141 ita
514 1103 577 1144 se
620 1092 878 1160 promittit
924 1093 1155 1161 iturum,
1189 1106 1243 1153 ut
1272 1099 1448 1158 nullus
1479 1116 1666 1161 eorum
1702 1120 1809 1176 quo

234 1179 363 1233 radit
398 1180 708 1257 interroget.
740 1181 920 1239 Nubes
962 1186 1106 1243 euitn
1153 1192 1389 1261 suscepit
1429 1207 1551 1251 eum
1593 1196 1809 1266 quando

230 1269 453 1325 ucettdit
480 1270 551 1327 ab
574 1272 688 1337 eis;
715 1281 770 1328 et
792 1284 1006 1333 euntem
1034 1277 1089 1333 in
1110 1278 1307 1338 coelum
1334 1297 1439 1338 non
1462 1284 1642 1342 verbis
1662 1301 1808 1360 qutu-

230 1361 437 1424 sierunt,
469 1362 566 1417 sed
594 1362 764 1421 oculis
789 1364 1125 1425 deduxerunt
1151 1369 1286 1441 (Act.
1306 1388 1346 1439 ι,
1374 1374 1556 1447 9-11).

290 1452 339 1506 4.
370 1450 474 1509 Sed
500 1454 621 1522 quia
646 1454 754 1511 Iun
783 1457 979 1515 locutus
1005 1476 1117 1516 sum
1148 1464 1285 1518 vobis
1304 1504 1318 1528 ,
1362 1466 1561 1537 inquit,
1604 1470 1807 1527 tristitia

229 1546 429 1617 implerit
449 1564 539 1605 cor
556 1558 794 1605 uestrum.
824 1550 1046 1609 Videbat
1068 1555 1249 1625 utique
1267 1558 1391 1627 quid
1415 1560 1501 1615 illa
1526 1577 1620 1618 sua
1642 1564 1802 1621 verba

226 1636 275 1691 in
297 1653 477 1694 eorum
505 1641 760 1697 cordibus
786 1654 1008 1715 agerent
1040 1662 1053 1700 :
1084 1648 1418 1717 spiritualem
1447 1654 1642 1724 quippe
1672 1671 1805 1712 non-

226 1725 336 1787 dum
362 1729 588 1787 interius
615 1732 875 1792 habentes
898 1738 1344 1809 cattsolatiouem,
1370 1759 1530 1814 quam
1562 1762 1656 1818 per
1678 1748 1802 1820 Spi-

222 1819 366 1878 ritum
395 1833 641 1880 sanctum
670 1823 879 1883 fuerant
918 1827 1145 1886 habituri
1166 1873 1183 1898 ,
1226 1832 1277 1887 id
1307 1834 1449 1903 quod
1481 1839 1717 1895 exterius
1745 1840 1799 1897 in

222 1907 416 1969 Christo
457 1914 744 1981 videbant,
791 1919 1037 1976 amittere
1087 1924 1425 1991 metuebant;
1476 1938 1531 1983 et
1575 1931 1694 2000 quia
1741 1947 1800 1990 se

220 2004 491 2062 amissuros
534 2023 657 2065 esse
701 2010 850 2065 illum
898 2028 1022 2069 vera
1072 2014 1471 2074 denuntiantem
1506 2022 1521 2053 ¹
1556 2021 1799 2079 dubitare

222 2107 312 2151 non
336 2105 586 2167 poterant
604 2140 618 2164 .
658 2103 1075 2162 contristabatur
1103 2104 1366 2164 humanus
1393 2110 1612 2167 allectus
1632 2154 1645 2179 ,
1672 2116 1794 2184 quia

216 2187 422 2243 carnalis
444 2188 795 2248 desulabatur
813 2203 1080 2263 aspectus.
1106 2195 1339 2255 Noverat
1356 2212 1533 2257 autem
1557 2203 1647 2258 ille
1668 2204 1794 2276 quid

215 2275 283 2334 eis
305 2278 483 2348 potius
510 2281 818 2353 expediret,
850 2285 972 2355 quia
1002 2286 1150 2347 visus
1174 2288 1396 2346 interior
1433 2293 1547 2364 ipse
1578 2287 1661 2350 est
1686 2275 1791 2351 uti-

213 2383 302 2438 qtte
329 2371 541 2437 melior,
570 2387 676 2443 quo
702 2388 796 2429 eos
819 2376 1194 2435 consolaturus
1220 2380 1391 2437 fuerat
1415 2383 1643 2454 Spiritus
1668 2400 1793 2445 san-

213 2466 343 2526 ctus;
374 2479 491 2520 non
524 2468 855 2524 cernentium
900 2471 1216 2539 Corporibus
1253 2474 1555 2545 ingesturus
1595 2494 1790 2551 corpus

213 2550 517 2620 humanum,
549 2557 643 2613 sed
672 2558 904 2628 seipsqu
934 2562 1263 2618 credentium
1304 2567 1605 2633 pectoribus
1647 2550 1785 2625 inlu-

213 2659 363 2702 sut'us.
394 2648 639 2719 Denique
661 2648 900 2721 adjungit
918 2692 934 2720 ,
967 2652 1074 2709 Sed
1098 2669 1189 2725 ego
1214 2656 1469 2713 ueritatem
1493 2659 1605 2714 dico
1626 2661 1782 2728 vobis,

212 2738 387 2808 «pedit
417 2739 564 2795 vobis
591 2750 645 2794 ttt
674 2757 765 2812 ego
786 2743 987 2798 vadum.
1018 2743 1080 2802 Si
1105 2747 1237 2801 enim
1266 2764 1367 2802 non
1393 2748 1583 2817 abiero,
1612 2749 1783 2806 Pura-

211 2828 343 2884 dem
374 2847 484 2885 non
517 2832 673 2886 ueniet
710 2832 778 2887 ad
806 2850 890 2888 vos
914 2850 934 2890 ε
960 2837 1003 2891 si
1028 2848 1197 2893 autem
1222 2838 1423 2904 abiero,
1451 2841 1644 2897 mittam
1668 2859 1783 2898 eum

212 2919 270 2976 ad
286 2937 360 2977 vos
387 2938 406 2979 :
443 2931 693 2994 tauquam
717 2923 940 2991 diceret,
967 2914 1194 2997 Expedit
1218 2928 1370 2987 vobis
1399 2939 1456 2987 ut
1480 2931 1592 2987 hrec
1615 2932 1779 2989 forma

210 3014 329 3071 servi
356 3014 633 3072 auferatur
659 3032 691 3071 ε
716 3018 865 3074 vobis
891 3035 904 3071 :
930 3034 1056 3074 caro
1084 3021 1296 3091 quidem
1323 3022 1519 3079 factum
1545 3024 1777 3083 Verbum

211 3099 365 3163 habitu
391 3109 451 3165 in
481 3109 663 3175 vobis;
697 3110 790 3167 sed
823 3112 948 3168 nolo
979 3128 1062 3168 me
1085 3115 1370 3171 carnaliter
1395 3117 1568 3174 adhuc
1596 3119 1780 3195 diliga-

213 3194 283 3262 tis,
307 3206 357 3253 et
379 3200 491 3255 isto
520 3199 657 3257 lacte
684 3206 919 3259 contenti
949 3218 1163 3274 semper
1191 3205 1419 3263 infantes
1447 3223 1567 3265 esse
1594 3194 1772 3282 cupia-

213 3287 282 3343 tis.
307 3287 529 3362 Expedit
557 3292 691 3348 vobis
728 3305 783 3351 ut
821 3312 911 3367 ego
953 3297 1154 3351 tradam.
1189 3298 1250 3355 Si
1285 3301 1418 3356 enim
1451 3318 1551 3357 non
1584 3304 1770 3371 abiero,

210 3375 490 3441 Psracletus
514 3402 613 3440 non
635 3388 789 3442 veniet
815 3389 884 3443 ad
902 3406 1006 3446 vos.
1034 3390 1088 3446 Si
1110 3392 1361 3451 alimenta
1385 3404 1564 3451 tenera
1585 3399 1775 3469 quibus

211 3485 288 3529 vos
306 3475 426 3543 alui,
464 3492 570 3532 non
602 3478 914 3535 subtraxero
933 3521 947 3545 ,
975 3481 1200 3537 solidum
1230 3483 1407 3539 cibum
1434 3502 1537 3541 non
1564 3490 1759 3546 esurie-

210 3562 291 3632 lis;
314 3567 356 3622 si
381 3568 845 3641 cornicarnalitct‘
868 3571 1148 3639 hreseritis,
1171 3589 1394 3647 capaces
1412 3578 1640 3649 Spiritus
1666 3598 1771 3639 non

207 3656 348 3715 tritis.
378 3659 514 3716 Nam
542 3661 665 3732 quid
694 3671 810 3729 est,
850 3662 913 3721 Si
953 3681 1056 3720 non
1089 3666 1290 3734 abiero,
1336 3668 1635 3729 Paracletus
1670 3691 1771 3730 non

208 3748 339 3805 veniet
375 3751 448 3805 ad
488 3768 573 3809 vos
600 3768 616 3806 :
641 3753 687 3810 si
723 3763 890 3809 autem
924 3756 1124 3824 abiero,
1154 3758 1351 3815 mittam
1391 3777 1507 3817 eum
1547 3765 1615 3818 ad
1642 3768 1770 3822 vos?

203 3835 444 3913 anquid
475 3843 563 3899 hic
593 3849 814 3915 positus,
845 3863 965 3903 eum
996 3865 1101 3903 non
1132 3861 1340 3921 poterat
1368 3856 1615 3912 mittere?
1639 3861 1767 3927 Quis

204 3927 288 3988 hoc
308 3934 538 3992 dixerit?
564 3937 745 4008 Neque
766 3939 905 3995 enim
928 3940 1017 3996 ubi
1046 3942 1131 3998 ille
1155 3952 1291 4012 erat,
1323 3945 1421 4001 iste
1449 3947 1569 4003 inde
1590 3966 1766 4009 reces-

205 4035 358 4099 serat;
387 4037 438 4083 et
476 4030 553 4085 sic
593 4041 811 4087 venerat
856 4048 886 4087 a
934 4033 1124 4103 Patre,
1175 4042 1230 4091 ut
1276 4054 1380 4092 non
1432 4052 1671 4101 maneret
1710 4046 1762 4101 in

204 4109 357 4174 Patre.
385 4119 678 4188 Postremo,
710 4125 979 4194 quomodo
1003 4142 1123 4182 eum
1152 4129 1311 4184 etiam
1338 4130 1425 4188 hic
1447 4136 1764 4194 constitutus

205 4219 290 4262 non
318 4219 520 4279 poterat
543 4213 757 4269 mittere
776 4256 791 4280 ,
819 4230 977 4286 quem
1006 4218 1204 4274 scimus
1230 4235 1392 4291 super
1429 4239 1551 4280 eum
1594 4228 1762 4300 bapti-

204 4306 354 4355 zatum
381 4305 586 4361 venisse
608 4315 769 4376 atque
794 4310 1056 4366 mansisse
1086 4310 1261 4383 (Joart.
1284 4329 1323 4379 l,
1346 4315 1471 4387 52);
1502 4318 1609 4374 imo
1634 4337 1760 4377 vero

203 4403 337 4464 squo
360 4398 552 4454 scimus
573 4413 695 4455 eum
721 4415 986 4473 nunquam
1016 4406 1364 4473 separabilem
1392 4406 1595 4466 fuisse?
1621 4414 1757 4481 Quid

203 4494 269 4543 est
291 4502 412 4559 ergo
430 4532 445 4557 ,
474 4489 537 4547 Si
562 4508 663 4547 non
689 4491 856 4549 abiero
872 4536 887 4561 ,
916 4493 1214 4552 Paraclelus
1239 4516 1340 4554 non
1364 4503 1522 4557 veniet
1548 4504 1617 4558 ad
1640 4522 1757 4572 vos;

204 4575 305 4639 nisi.
328 4595 425 4637 non
446 4584 671 4653 potestis
691 4599 882 4656 capere
899 4584 1179 4656 Spiritum,
1200 4593 1447 4660 quamdiu
1465 4599 1755 4654 secundum

204 4678 390 4727 carnem
419 4674 700 4743 persistitis
730 4691 887 4734 nosse
913 4680 1216 4735 Christum?
1247 4681 1398 4739 Unde
1425 4687 1515 4743 ille
1538 4690 1626 4760 qui
1645 4690 1755 4761 jam

204 4765 722 4837 leceperatSpiritum
751 4788 764 4825 :
794 4769 904 4825 Etsi
926 4787 1240 4837 noveramus,
1269 4774 1455 4846 inquit,
1482 4783 1756 4836 secundum

203 4864 374 4912 metu
401 4855 653 4913 Christum
674 4901 689 4924 ,
722 4860 810 4915 sed
838 4877 972 4915 nunc
989 4863 1103 4932 jam
1143 4881 1243 4919 non
1273 4870 1499 4925 nouimus
1526 4870 1606 4945 (ll
1635 4872 1752 4929 Cor.

202 4942 368 5020 t,lb).
409 4947 585 5005 Etiam
626 4951 791 5022 ipsam
837 4952 1030 5026 quippe
1068 4969 1282 5012 carnem
1306 4957 1502 5018 Christi
1531 4942 1637 5020 non
1665 4980 1751 5022 se-

202 5039 397 5097 cludum
428 5058 644 5100 carnem
688 5046 864 5111 novit,
896 5047 984 5116 qui
1028 5047 1260 5104 Verbum
1302 5067 1517 5110 carnem
1559 5056 1753 5114 factum

201 5127 510 5205 Ipiritualiter
528 5137 698 5192 novit.
727 5137 838 5194 lloc
862 5140 1114 5195 nimirum
1135 5142 1432 5212 signiﬁcare
1458 5149 1622 5206 voluit
1644 5168 1755 5206 uta-

200 5214 337 5291 (iter
358 5224 525 5283 bonus
549 5228 776 5285 dicendo
795 5271 810 5294 ,
844 5230 907 5286 Si
933 5233 1065 5287 enim
1092 5250 1192 5289 non
1217 5236 1413 5304 abiero.
1452 5239 1752 5299 Paracletus

194 5322 284 5391 tua
301 5321 449 5377 leniet
470 5321 541 5377 ad
560 5339 645 5378 vos
668 5339 690 5380 :
712 5324 941 5380 siautem
966 5326 1157 5394 abiero,
1186 5330 1383 5386 mittam
1409 5348 1521 5387 eum
1550 5337 1618 5389 ad
1644 5354 1745 5394 vos.

176 5404 219 5494 ξ
254 5404 305 5467 5.
329 5408 533 5470 Christo
561 5424 738 5471 autem
766 5415 1072 5474 discedente
1098 5423 1478 5494 corporaliter,
1519 5442 1621 5481 non
1658 5444 1748 5482 so-

204 5484 294 5552 lum
314 5498 528 5571 Spiritus
551 5516 785 5572 sanctus,
814 5509 908 5565 sed
934 5519 989 5566 et
1015 5511 1169 5567 Pater
1194 5484 1248 5570 et
1270 5514 1436 5572 Filius
1462 5484 1565 5573 illis
1584 5521 1752 5579 adluit

200 5584 525 5667 Mother.
553 5598 685 5654 Nam
716 5600 760 5655 si
791 5600 860 5656 ab
893 5603 971 5657 eis
1002 5604 1080 5658 sic
1102 5605 1360 5663 abscessit
1387 5610 1661 5681 Christus,
1690 5625 1748 5670 ut

204 5686 285 5749 κο
313 5680 429 5755 illo,
453 5702 557 5745 non
583 5705 704 5747 cum
731 5691 825 5749 illo
854 5692 907 5749 in
936 5695 1015 5751 eis
1052 5706 1194 5753 esset
1230 5696 1460 5771 Spiritus
1495 5680 1743 5773 sanctus;

250 5790 652 5860 ‘Ueeioh.
668 5800 759 5857 ilo
785 5819 901 5860 sera
919 5809 1255 5867 laudante.

1349 308 1761 404 meram
1793 341 1954 406 xcv.
1992 345 2226 413 cum
2259 352 2403 419 xw.

1826 514 1839 527 ,
1920 464 2008 522 ubi
2032 476 2115 568 est
2139 469 2256 542 ejus
2281 475 2563 563 promissio
2580 481 2829 554 dicentis,
2852 488 2987 551 Ecce
3005 511 3099 568 ego
3115 499 3369 560 uobiscum
3391 525 3506 567 sum

3366 389 3507 448 i870

2089 563 2142 619 in
2158 550 2824 674 consummdtionem‘steeuli
2846 550 3061 655 (Metti;

1931 648 2193 759 l’miemm
2211 658 2281 713 ad
2298 675 2411 717 eum
2431 677 2531 734 ego
2550 675 2604 722 et
2622 666 2799 739 Pater,
2825 648 2874 730 et
2898 648 3215 740 mansionem
3228 648 3373 759 rip—udi

1914 740 2159 843 facimus
2198 746 2376 843 (Joan.
2408 769 2520 823 xrv,
2550 757 2644 831 25)
2674 778 2688 816 :
2715 778 2836 818 cum
2872 776 2927 823 et
2963 769 3217 840 Spiritum

1914 831 1987 889 ita
2013 850 2072 891 se
2100 841 2400 905 promiserit
2432 861 2553 906 esse
2578 853 2894 929 missurum,
2928 872 2986 917 ut
3022 881 3142 923 cum
3171 870 3250 927 eis
3277 888 3421 932 esset
3450 881 3503 935 in

1914 933 2212 986 aeternum?
2238 933 2315 990 Ac
2342 952 2436 1006 per
2458 938 2560 996 hoc
2588 957 2705 998 cum
2733 963 2797 1003 ex
2824 955 3128 1014 carnalibus
3155 962 3236 1017 vel
3263 967 3504 1024 animali-

1913 1017 2013 1075 bus
2037 1034 2218 1080 essent
2255 1028 2556 1096 spirituales
2588 1033 2784 1107 futuri,
2819 1044 3055 1111 profecto
3100 1061 3153 1107 et
3196 1017 3405 1113 Patrem
3446 1075 3501 1118 et

1912 1108 2103 1209 Filium
2127 1125 2177 1171 et
2198 1117 2451 1190 Spiritum
2477 1138 2718 1185 sanctum
2743 1108 2989 1204 capacius
3014 1108 3224 1202 fuerant
3246 1147 3495 1209 habituri.

1912 1199 1969 1258 hi
2001 1203 2146 1261 nullo
2171 1219 2349 1266 autent
2375 1216 2674 1278 credendus
2702 1233 2784 1279 est
2811 1244 2932 1285 esse
2958 1231 3116 1291 Pater
3141 1240 3258 1297 sine
3286 1242 3418 1299 Filio
3445 1260 3501 1303 et

1911 1292 2337 1410 Spiritusancto,
2363 1319 2453 1363 aut
2476 1308 2636 1368 Pater
2662 1325 2715 1371 et
2740 1317 2905 1378 Filius
2932 1326 3045 1381 sine
3069 1328 3265 1399 Spiritu
3287 1349 3493 1410 sancto,

1908 1393 2002 1441 aut
2031 1386 2194 1447 Filius
2219 1394 2333 1450 sine
2361 1397 2517 1456 Patre
2543 1412 2599 1459 et
2622 1405 2820 1476 Spiritu
2847 1426 3050 1484 sancto,
3083 1386 3173 1477 a'ut
3196 1386 3312 1482 sine
3336 1386 3496 1490 Patri;

1908 1484 1964 1581 et
1988 1477 2125 1536 Filio
2146 1482 2377 1554 Spiritus
2402 1503 2636 1564 sanctus,
2662 1510 2753 1555 aut
2780 1501 2935 1561 Pater
2958 1518 3009 1563 et
3032 1477 3495 1581 Spiritus—saltem;

1907 1570 2024 1628 sine
2051 1572 2190 1629 Filio
2218 1595 2231 1633 ε
2261 1580 2355 1636 sed
2381 1583 2468 1639 ubi
2497 1602 2679 1646 eorum
2713 1596 2931 1661 quilibet
2959 1570 3128 1670 unus,
3162 1607 3231 1662 ibi
3262 1609 3493 1670 Trinitas

1910 1662 2049 1722 Deus
2074 1682 2230 1726 unus.
2260 1673 2550 1742 Oportebat
2577 1694 2753 1740 autem
2783 1689 2850 1743 ita
2877 1691 3133 1752 insinuari
3156 1699 3489 1777 Trinitatem,

1906 1763 1963 1811 ttt
1989 1761 2233 1826 quamvis
2258 1765 2402 1821 nulla
2433 1780 2577 1826 esset
2598 1772 2875 1834 diversitas
2905 1784 3314 1848 substantiarum
3335 1838 3352 1862 ,
3383 1761 3494 1855 sin:

1902 1847 2125 1918 giilatlm
2175 1863 2351 1914 tamen
2404 1866 2874 1926 commendaretur
2923 1875 3194 1935 distinctio
3240 1847 3493 1954 person-a-

1900 1955 2054 2010 rum;
2087 1946 2175 2003 ubi
2204 1950 2284 2006 eis
2313 1953 2402 2022 qui
2450 1968 2593 2014 recte
2637 1960 2967 2037 intelligunt,
3009 1946 3276 2045 nunquam
3319 1983 3490 2042 videri

1901 2042 2076 2102 potest
2102 2044 2368 2109 separatio
2397 2058 2723 2108 naturarum.

1970 2126 2216 2240 6.JQuod'
2233 2144 2410 2191 autem
2438 2144 2697 2212 sequitur,
2734 2147 2799 2203 Et
2823 2167 2938 2206 cum
2964 2162 3149 2214 uenerit
3183 2162 3288 2231 ille,
3314 2182 3489 2240 arguet

1898 2220 2139 2277 mandunt
2180 2224 2243 2278 de
2279 2239 2515 2299 peccato,
2546 2245 2593 2287 et
2630 2237 2694 2291 de
2719 2240 2953 2309 jttstr'tia,
2988 2261 3032 2302 et
3059 2250 3122 2305 de
3135 2220 3334 2323 judicio
3426 2266 3488 2317 de

1895 2322 2098 2378 peccato
2138 2316 2373 2385 quidem,
2421 2324 2540 2392 quia
2581 2342 2681 2382 non
2723 2335 2934 2392 credunt
2960 2340 3012 2394 in
3041 2316 3153 2411 me;
3183 2347 3247 2401 de
3276 2352 3487 2421 justitia

1890 2418 2027 2466 vero;
2059 2409 2177 2474 quia
2200 2412 2269 2464 ad
2294 2410 2502 2471 Patrem
2529 2420 2658 2475 vado
2677 2464 2689 2486 ,
2720 2435 2767 2478 et
2778 2428 2893 2496 jam
2912 2448 3010 2487 non
3032 2409 3259 2497 videbitis
3276 2409 3392 2512 ine;
3421 2448 3485 2503 de

1883 2496 2081 2597 iudicio
2110 2511 2297 2597 autem;
2338 2507 2456 2574 quia
2482 2512 2715 2585 princeps
2736 2517 2889 2588 hujus
2921 2527 3099 2581 mundi
3118 2496 3387 2597 judicatu;

1894 2587 2001 2661 (Id.
2043 2607 2164 2660 xvr,
2202 2595 2269 2651 8-
2292 2599 2378 2669 ll)
2412 2618 2426 2654 :
2466 2610 2713 2675 tanquam
2753 2587 2923 2668 solum
2960 2618 3029 2671 sit
3065 2587 3338 2689 peccatum
3368 2645 3478 2686 non

1886 2683 2110 2741 aedere
2138 2687 2189 2741 in
2212 2688 2483 2749 Christum
2502 2737 2518 2762 ,
2548 2706 2601 2752 et
2628 2706 2875 2773 tanquam
2906 2708 3016 2778 ipsa
3045 2683 3115 2767 sit
3137 2714 3340 2785 jnstitia
3371 2739 3479 2780 non

1885 2775 2068 2833 Videre
2087 2777 2378 2851 Christum,
2406 2795 2463 2842 et
2488 2796 2734 2861 tanquam
2768 2775 2940 2866 ipsum
2966 2775 3306 2871 sitjndicium
3333 2775 3476 2883 quod

1886 2867 2134 2964 princeps
2165 2871 2321 2964 huius
2344 2878 2545 2945 mundi,
2577 2881 2675 2937 hoc
2700 2895 2783 2939 est
2811 2867 3333 2964 diabolus'judicatus
3351 2867 3473 2961 est:

1885 2958 2038 3016 valde
2060 2961 2383 3022 latebrosum
2410 2979 2511 3035 est,
2545 2987 2643 3028 nec
2670 2975 2776 3030 isto
2804 2994 3050 3039 sermone
3076 2993 3472 3063 coarctandum,

1857 3056 1951 3105 .he
1988 3051 2078 3108 ﬁat
2117 3054 2397 3113 obscurius
2437 3058 2730 3132 brevitate;
2761 3070 2854 3125 sed
2882 3073 2987 3130 alio
3016 3079 3192 3147 potius
3219 3051 3475 3153 quantum

1882 3139 2138 3201 Dominus
2161 3147 2423 3218 adjuvet-it
2455 3154 2845 3223 explicandum.

2365 3262 2775 3330 TRACTATUS
2813 3276 2971 3336 XCV.

1880 3371 1946 3428 In
1966 3373 2073 3430 [two
2096 3379 2243 3433 verba
2268 3384 2543 3454 superioris
2568 3386 2821 3460 lectionis,
2848 3394 2983 3454 Cum
3010 3404 3215 3462 venerit
3244 3406 3351 3478 ille,
3380 3426 3469 3467 ar-

1949 3466 2074 3569 guet
2105 3474 2367 3635 ;nmstdum
2402 3477 2470 3535 de
2500 3494 2744 3553 peccato,
2778 3490 2834 3545 et
2857 3490 2924 3547 de
2942 3492 3181 3569 justitia,
3215 3512 3308 3557 etc.
3337 3466 3465 3580 Cap.

1949 3574 2061 3630 xvt,
2166 3606 2178 3619 .
2243 3569 2360 3623 οη.
2610 3628 2616 3635 ,

1945 3574 2061 3630 xvt,
2105 3569 2360 3630 Ῡ.8-11.

1945 3695 1998 3752 Ι.
2026 3696 2351 3760 Promittens
2378 3704 2635 3765 Dominus
2661 3711 2948 3771 missurum
2974 3732 3033 3774 se
3051 3719 3304 3792 Spiritum
3333 3740 3463 3786 san-

1870 3795 2036 3850 ctum.
2067 3788 2194 3845 6am
2231 3798 2434 3863 venerit,
2464 3801 2651 3873 inquit,
2686 3805 2775 3862 ille
2797 3818 2973 3883 arguet
2998 3788 3237 3874 mundum
3262 3822 3325 3876 de
3343 3840 3465 3895 pec-

1868 3887 2011 3971 cato,
2048 3889 2096 3936 et
2123 3882 2186 3939 de
2192 3883 2418 3956 justitia,
2446 3900 2493 3945 α
2516 3894 2579 3946 de
2599 3896 2819 3965 judicio.
2851 3882 2987 3967 Quid
3017 3916 3099 3962 est
3125 3907 3265 3966 hoc?
3291 3882 3463 3971 Νίκη-

1867 3968 2117 4040 quidnam
2164 3973 2421 4034 Dominus
2458 3980 2703 4041 Christus
2750 4005 2857 4045 non
2897 3996 3067 4064 arguit
3100 3968 3462 4062 tnunduque

1867 4071 2105 4130 peccato,
2136 4078 2256 4120 cum
2286 4070 2360 4123 ait
2386 4087 2400 4125 :
2430 4072 2491 4126 Si
2516 4091 2615 4129 non
2640 4079 2896 4147 venissem,
2930 4092 2977 4138 et
3005 4087 3202 4147 locutus
3229 4096 3302 4150 eis
3327 4099 3457 4167 fuis-

1864 4169 2000 4223 sem,
2031 4167 2287 4227 peccatttm
2304 4178 2415 4216 'uou
2441 4163 2715 4233 haberent;
2740 4187 2872 4229 nunc
2896 4185 3065 4232 autem
3087 4163 3457 4244 excusationem

1864 4261 1964 4302 non
1985 4248 2165 4309 [tabent
2184 4251 2248 4305 de
2267 4266 2469 4322 peccato
2490 4258 2625 4312 suo?
2650 4261 2751 4316 Sed
2782 4280 2851 4321 ne
2879 4268 2999 4336 quis
3014 4270 3160 4329 forte
3184 4275 3327 4332 dicat
3351 4280 3456 4338 hoc

1863 4339 1927 4395 ad
1953 4340 2165 4396 indutos
2190 4347 2403 4415 proprie
2432 4350 2718 4421 pertinere,
2750 4372 2854 4411 non
2876 4359 2942 4413 ad
2965 4363 3251 4434 mundum;
3276 4385 3454 4429 nonne

1859 4432 1936 4489 ait
1960 4433 2064 4489 alio
2095 4435 2213 4491 loco
2246 4455 2259 4492 :
2292 4438 2353 4493 Si
2378 4440 2441 4495 de
2462 4444 2651 4498 mundo
2673 4450 2872 4515 essetis,
2898 4454 3117 4511 mundus
3148 4432 3282 4529 quod
3307 4479 3454 4520 suum

1860 4535 1987 4630 esset
2019 4527 2246 4599 diligeret
2277 4529 2387 4605 (Id.
2417 4550 2511 4601 xv,
2540 4536 2643 4606 22,
2673 4541 2801 4613 19)?
2837 4543 3104 4618 Numquid
3142 4527 3247 4609 non
3278 4563 3453 4630 arguit

1860 4615 1927 4674 de
1950 4616 2174 4688 justitia,
2206 4622 2291 4677 ubi
2320 4625 2392 4679 ait
2417 4644 2430 4681 :
2462 4624 2620 4685 Pater
2638 4633 2797 4702 juste,
2828 4615 3046 4697 mundus
3072 4652 3119 4698 te
3142 4662 3242 4701 non
3265 4615 3451 4720 cogno-

1859 4707 1925 4762 uit
1939 4707 2114 4781 (Joan.
2130 4728 2258 4778 xvn,
2271 4713 2367 4787 25)
2383 4716 2681 4791 ?Numqnid
2704 4740 2807 4781 non
2828 4731 3003 4800 arguit
3027 4733 3093 4788 de
3109 4707 3347 4808 judicio,“
3360 4744 3447 4803 ubi

1859 4813 1919 4857 se
1947 4803 2019 4856 ait
2055 4805 2285 4861 sinistris
2313 4823 2434 4866 esse
2459 4811 2722 4871 dicturum
2752 4836 2766 4872 :
2793 4818 2877 4875 Ite
2912 4825 2963 4877 in
2993 4803 3158 4895 ignem
3182 4803 3445 4903 (sternam,

1856 4892 1945 4964 qui
1965 4904 2172 4962 paratus
2190 4907 2263 4951 est
2284 4899 2483 4956 diabolo
2509 4914 2555 4956 et
2573 4909 2766 4977 angelis
2788 4913 2895 4981 ejus
2928 4892 3134 4997 (illan/1.
3161 4937 3295 4990 xxv,
3318 4927 3378 4981 41
3395 4892 3447 4999 )‘i

1857 4983 2112 5042 Et'multa
2141 4989 2243 5043 alia
2270 4994 2608 5061 reperiuntur
2632 4999 2683 5052 in
2712 5013 2896 5059 sancto
2920 4983 3231 5083 Evangelia,
3263 4983 3349 5073 ubi
3380 4983 3448 5078 de

1857 5074 1943 5133 his
1966 5075 2209 5135 Christus
2236 5085 2409 5153 arguit
2432 5087 2710 5145 mundum.
2737 5092 2874 5162 Quid
2894 5107 2977 5153 est
3002 5074 3131 5172 ergo
3154 5074 3295 5177 quod
3325 5074 3444 5167 tan:

1855 5182 2015 5239 quam
2046 5172 2257 5240 proprie
2288 5176 2471 5231 tribuit
2508 5178 2610 5236 hoc
2649 5181 2866 5253 Spiritui
2910 5196 3134 5251 sancto?
3171 5172 3253 5254 λη
3281 5200 3439 5270 forte,

1855 5260 1978 5331 quia
2001 5261 2244 5320 Christus
2273 5266 2325 5322 in
2355 5268 2661 5328 Judtcorum
2693 5285 2895 5335 tantum
2925 5296 3082 5354 gente
3110 5290 3314 5348 locutus
3338 5260 3440 5363 est,

1857 5352 2111 5410 mundum
2139 5371 2243 5411 non
2273 5360 2482 5417 videtur
2504 5367 2763 5437 arguiSse,
2796 5382 2856 5427 ut
2883 5352 2971 5446 ille
2999 5379 3320 5451 intelligatur
3349 5352 3439 5440 ar:

1851 5443 1940 5514 gui
1978 5447 2067 5516 qui
2102 5449 2249 5505 audit
2283 5461 2630 5523 arguentem?
2659 5443 2902 5531 Spiritus.
2924 5482 3098 5525 autem
3139 5443 3353 5532 sanctus
3388 5481 3438 5536 in

1854 5535 2126 5607 discipulis
2150 5542 2267 5610 ejus
2301 5555 2411 5601 toto
2447 5551 2578 5607 orbe
2619 5554 2858 5626 diffusis,
2904 5576 3008 5616 non
3040 5580 3196 5621 unam
3224 5582 3435 5639 gentem

1854 5631 2163 5703 intelligitur
2197 5643 2470 5711 arguisse,
2503 5647 2596 5703 sed
2629 5653 2901 5713 mundum.
2940 5655 3068 5711 Nam
3101 5660 3202 5716 hoc
3225 5631 3334 5720 illis
3363 5670 3439 5724 ait

1852 5737 2168 5786 ascensurus
2196 5730 2249 5788 in
2275 5735 2467 5792 caelum
2496 5756 2508 5791 :
2548 5738 2669 5795 Non
2709 5754 2780 5797 est
2817 5756 3033 5801 uestrum
3060 5752 3187 5808 scire
3213 5765 3439 5829 tempora

1852 5816 1931 5873 ui
1964 5834 2257 5891 momenta,
2280 5844 2395 5897 qua
2429 5828 2585 5887 Pater
2621 5835 2787 5903 possit
2812 5837 2868 5892 in
2898 5854 2994 5894 sua
3032 5854 3280 5914 potestate
3352 5856 3443 5911 sed
