3926 6426
499 393 636 459 1871

500 501 762 585 accipietis
793 507 1022 563 virtutem
1049 499 1277 572 Spiritus
1303 498 1463 552 sancti
1489 496 1880 568 supervenientis
1907 496 1959 548 in
1984 510 2091 560 vos,

501 616 551 662 et
570 604 706 659 eritis
727 601 846 656 mihi
871 605 1015 652 testes
1041 595 1093 649 in
1115 593 1421 657 Jerusalem,
1452 599 1500 645 et
1530 591 1580 644 in
1609 601 1713 644 tota
1735 588 1941 652 ludam,
1969 598 2015 642 et
2041 587 2094 641 in

501 696 763 759 Samaria,
793 701 840 746 et
867 706 1024 758 usque
1051 688 1104 742 in
1133 687 1258 755 ﬁnes
1284 694 1429 738 terra:
1445 682 1578 756 (Act.
1605 698 1648 746 ι,
1675 683 1704 735 7
1721 681 1860 752 et8).
1877 679 1989 734 Hoc
2015 687 2096 734 est

501 801 726 860 arguere
765 782 1044 839 mundum.
1080 778 1185 836 Sed
1228 776 1348 848 quis
1384 774 1576 829 audeat
1617 773 1796 828 dicere
1825 771 1967 842 quod
2001 785 2096 841 per

499 879 794 948 discipulos
818 873 1016 931 Christi
1042 869 1216 941 arguit
1245 866 1500 922 mundum
1524 865 1753 936 Spiritus
1776 873 2014 929 sanctus,
2043 870 2097 917 et

502 988 609 1028 non
641 976 828 1041 arguat
856 967 970 1037 ipse
996 963 1274 1026 Christus;
1307 974 1428 1014 cum
1455 957 1652 1012 clamet
1680 955 1987 1026 Apostolus,
2015 953 2096 1006 An

500 1065 653 1120 vultis
693 1061 1088 1133 experimentum
1130 1056 1352 1124 accipere
1389 1053 1497 1122 ejus
1540 1051 1625 1121 qui
1665 1051 1720 1102 in
1763 1065 1842 1102 me
1878 1047 2098 1116 loquitur

501 1157 734 1212 Christus
765 1152 842 1226 (ll
865 1151 981 1207 Cor.
1009 1165 1135 1210 xm,
1165 1147 1261 1217 5)?
1299 1145 1443 1212 Quos
1469 1144 1647 1212 itaque
1671 1141 1844 1211 arguit
1868 1138 2096 1209 Spiritus

503 1259 740 1314 sanctus,
772 1244 946 1317 arguit
972 1243 1154 1312 utique
1181 1248 1234 1294 et
1259 1237 1518 1292 Christus.
1549 1235 1654 1292 Sed
1681 1244 1936 1305 quantum
1968 1231 2097 1287 mihi

503 1341 748 1406 videtur,
781 1337 904 1407 quia
938 1351 1032 1405 per
1060 1332 1313 1403 Spiritum
1339 1337 1580 1384 sanctum
1611 1325 1951 1381 dill‘undenda
1981 1333 2098 1379 erat

503 1433 740 1488 eharitas
778 1429 830 1482 in
865 1425 1118 1482 cordibus
1153 1437 1337 1478 eorum
1383 1419 1556 1493 (Rom.
1593 1435 1647 1483 v,
1691 1417 1780 1488 5),
1809 1432 1928 1488 qua:
1956 1415 2098 1470 foras

503 1523 667 1579 mittit
687 1521 929 1575 timorem
957 1515 1011 1587 (1
1035 1514 1191 1569 Joan.
1216 1512 1438 1584 1v,18),
1466 1525 1571 1581 quo
1601 1508 1845 1579 impediri
1878 1514 2100 1578 possent

502 1631 574 1670 ne
612 1628 834 1684 arguere
873 1609 1128 1666 mundum
1173 1607 1264 1677 qui
1307 1603 1762 1674 persecutionibus
1815 1600 2095 1669 fremebat,

502 1705 795 1768 auderent;
829 1711 1112 1772 propterea
1141 1698 1303 1761 dixit,
1335 1694 1434 1750 Ille
1461 1705 1635 1766 arguet
1664 1693 1907 1748 mundum
1935 1709 1954 1747 :
1985 1703 2100 1747 tan-

501 1812 662 1869 quam
689 1795 912 1859 diceret,
943 1790 1037 1845 llle
1064 1788 1320 1844 diﬁ‘undet
1351 1788 1404 1842 in
1433 1786 1682 1842 cordibus
1709 1785 1902 1840 vestris
1925 1783 2100 1839 chari-

507 1898 710 1954 tatem;
740 1887 820 1940 sic
847 1884 990 1940 enim
1032 1882 1222 1937 timore
1249 1880 1472 1950 depulso
1492 1922 1506 1943 ,
1537 1879 1792 1951 arguendi
1839 1878 2100 1934 habebitis

505 1981 830 2036 libertatem.
874 1974 1030 2044 Saepe
1067 1983 1245 2028 autem
1284 1972 1514 2027 diximus
1543 1970 1911 2040 inseparabilia
1938 1984 2100 2039 opera

507 2085 629 2127 esse
671 2066 946 2122 Trinitatis
999 2064 1228 2138 (Supra,
1273 2062 1443 2117 Tract.
1481 2061 1607 2134 20);
1659 2062 1750 2116 sed
1793 2061 2100 2132 singillatim

507 2156 961 2217 commendandus
999 2155 1162 2211 fuisse
1204 2169 1490 2226 personas,
1538 2163 1594 2208 ut
1632 2168 1737 2209 nou
1781 2153 1955 2207 solum
1985 2151 2102 2208 sine

507 2252 880 2324 separatione,
910 2265 1096 2306 verum
1126 2250 1286 2304 etiam
1330 2249 1446 2304 sine
1483 2245 1800 2303 confusione
1835 2255 1890 2301 et
1927 2245 2102 2302 unitas

509 2349 838 2419 intelligatur
865 2353 918 2400 et
943 2345 1193 2399 Trinitas.

580 2446 636 2500 2.
670 2443 902 2515 Exponit
923 2439 1117 2497 deinde
1145 2437 1267 2509 quid
1297 2436 1492 2492 dixerit
1520 2437 1584 2491 de
1612 2443 1837 2507 peccato,
1865 2443 1914 2489 et
1937 2434 2000 2488 de
2014 2437 2106 2506 ju-

509 2537 648 2593 stitia
675 2545 722 2590 et
749 2536 812 2590 de
827 2533 1047 2608 judicio.
1075 2529 1154 2584 De
1176 2538 1377 2601 peccato
1396 2528 1618 2600 quidem,
1643 2527 1832 2598 inquit,
1861 2526 1981 2598 quia
2004 2541 2106 2581 non

510 2627 831 2682 crediderunt
873 2626 926 2678 in
964 2639 1062 2678 nte.
1109 2620 1221 2676 Hoc
1259 2619 1402 2675 enim
1445 2627 1720 2689 peccatum
1747 2617 1900 2690 quasi
1930 2616 2104 2672 solum

508 2721 602 2788 sit,
635 2735 744 2790 pra:
768 2717 979 2774 caeteris
1005 2715 1214 2786 posuit;
1241 2713 1368 2783 quia
1395 2712 1494 2768 hoc
1519 2719 1765 2767 manente
1795 2718 1988 2766 cetera
2013 2708 2108 2764 de-

512 2814 784 2877 tinentur,
830 2819 885 2864 et
929 2808 1030 2864 hoc
1069 2804 1377 2861 discedente
1416 2813 1608 2859 cretera
1637 2803 2000 2858 remittuntur.
2030 2799 2108 2856 De

505 2903 708 2975 justitia
738 2918 852 2956 vero
871 2943 887 2969 ,
916 2899 1118 2970 inquit,
1149 2897 1269 2968 quia
1294 2896 1362 2949 ad
1385 2894 1594 2949 Patrem
1617 2894 1745 2949 vado
1764 2933 1781 2960 ,
1811 2905 1856 2948 et
1873 2895 1987 2966 jam
2007 2908 2108 2946 non

511 2995 743 3051 videbitis
765 3010 862 3048 me.
891 2991 986 3046 llic
1013 2991 1184 3062 primo
1208 2987 1495 3044 videndum
1517 2996 1624 3054 εει,
1647 2987 1692 3042 si
1713 2994 1856 3042 recte
1881 2987 2110 3056 quisque

511 3087 752 3156 arguitur
790 3085 858 3140 de
897 3092 1148 3154 peccato,
1195 3079 1464 3152 quomodo
1500 3089 1646 3135 recte
1683 3089 1934 3150 arguatur
1961 3088 2017 3134 et
2040 3079 2110 3135 de

509 3179 734 3250 justitia.
765 3176 1028 3248 Numquid
1051 3176 1193 3231 enim
1220 3176 1264 3230 si
1286 3175 1586 3245 arguendus
1611 3185 1694 3230 εει
1716 3184 1963 3245 peccator
1983 3188 2111 3244 pro-

511 3279 700 3342 pterea
719 3269 840 3340 quia
862 3277 1109 3340 peccator
1129 3275 1232 3331 est,
1256 3265 1582 3336 arguentium
1605 3265 1809 3335 putabit
1829 3265 2110 3336 quisquam

513 3372 570 3419 et
604 3363 803 3433 justum
841 3369 1126 3432 propterea
1166 3359 1287 3428 quia
1325 3358 1500 3428 justus
1542 3358 1659 3413 est?
1690 3356 1862 3413 Absit.
1896 3357 2028 3412 Nam
2058 3368 2114 3414 et

514 3457 563 3512 si
584 3453 870 3527 aliquando
885 3451 1061 3524 justus
1085 3453 1343 3524 arguitur,
1377 3452 1496 3508 ideo
1518 3461 1663 3507 recte
1681 3452 1940 3522 arguitur,
1963 3453 2106 3530 quia,

512 3549 654 3606 sicut
677 3549 930 3619 scriptum
954 3557 1056 3613 est,
1089 3546 1208 3600 Non
1233 3556 1303 3600 cst
1321 3547 1492 3617 justus
1514 3547 1567 3600 in
1589 3555 1721 3600 terra
1745 3547 1830 3618 qui
1856 3546 2002 3618 faciet
2025 3546 2112 3600 bo-

513 3660 671 3712 num,
698 3653 869 3698 etnon
901 3641 1142 3713 peccabit.
1170 3640 1426 3709 Quocirca
1457 3641 1616 3696 etiam
1646 3657 1768 3697 cum
1805 3641 1982 3712 justus
2019 3657 2110 3697 ar-

513 3735 714 3804 guitur,
745 3734 812 3790 de
836 3743 1057 3802 peccato
1084 3733 1341 3803 arguitur,
1373 3748 1475 3787 non
1503 3732 1570 3788 de
1590 3733 1814 3804 justitia.
1847 3733 2110 3804 Quoniam

515 3835 572 3882 et
615 3827 668 3880 in
712 3825 805 3880 illo
838 3825 980 3895 quod
1009 3825 1233 3896 legimus
1263 3825 1513 3880 divinitus
1541 3826 1738 3882 dictum
1758 3870 1774 3896 ,
1823 3826 1950 3882 Noli
1985 3828 2112 3899 e/ﬁci

509 3919 686 3987 justus
715 3917 928 3971 multum
975 3914 1171 3988 (Eccle.
1216 3933 1286 3972 vn
1309 3960 1323 3984 ,
1364 3917 1428 3972 ει
1452 3961 1468 3987 ,
1513 3920 1636 3989 l7);
1668 3936 1775 3975 non
1805 3932 1890 3976 est
1929 3929 2111 3977 notata

514 4010 718 4079 justitia
744 4009 1017 4080 sapientis,
1047 4009 1141 4066 sed
1165 4010 1410 4081 superbia
1436 4013 1824 4082 przesumentis.
1853 4013 1952 4081 Qui
1977 4029 2104 4085 ergo

513 4101 577 4156 ﬁt
601 4101 815 4156 nmltunt
829 4101 1022 4172 justus,
1047 4102 1162 4174 ipso
1184 4102 1346 4157 nimio
1369 4103 1427 4157 lit
1447 4103 1693 4174 injustas.
1721 4105 1939 4160 Multum
1964 4107 2108 4161 enim

513 4211 576 4253 se
604 4194 731 4252 facit
753 4195 952 4266 justum
976 4238 990 4264 ,
1029 4197 1119 4267 qui
1146 4195 1274 4251 dicit
1303 4211 1361 4252 se
1399 4211 1502 4252 non
1548 4197 1747 4254 habere
1793 4209 2108 4268 peccatum;

514 4298 606 4343 aut
643 4287 735 4359 qui
773 4303 832 4342 se
870 4296 1020 4358 putat
1045 4303 1150 4342 non
1183 4289 1350 4358 gratia
1384 4289 1514 4356 Dei,
1561 4291 1654 4345 sed
1702 4307 1797 4345 sua
1840 4293 2111 4349 voluntate

515 4380 815 4436 sufﬁciente
841 4379 978 4435 eﬁici
1001 4380 1199 4450 justum
1223 4399 1236 4434 :
1269 4397 1368 4437 nec
1395 4392 1538 4438 recte
1564 4385 1791 4440 vivendo
1809 4385 1985 4454 justus
2005 4398 2106 4457 est,

516 4470 612 4524 sed
634 4470 812 4540 potius
833 4469 1067 4535 inﬁatus,
1089 4471 1324 4542 putando
1347 4487 1404 4527 se
1427 4488 1544 4527 esse
1571 4475 1709 4544 quod
1740 4493 1843 4529 non
1870 4489 1970 4532 est.
1994 4479 2112 4547 Quo

517 4569 676 4629 pacto
702 4559 864 4630 igitur
888 4559 1119 4615 mundus
1142 4561 1441 4632 arguendos
1465 4572 1550 4617 est
1574 4564 1640 4619 de
1664 4566 1888 4635 justitia,
1921 4571 2022 4624 nisi
2043 4570 2112 4627 de

511 4650 717 4720 justitia
745 4649 1119 4704 credentium?
1148 4652 1398 4722 Arguitur
1427 4653 1602 4723 itaque
1628 4655 1695 4710 de
1723 4669 1956 4725 peccato,
1987 4661 2109 4730 quia

516 4741 570 4795 in
593 4739 861 4795 Christum
893 4755 998 4794 non
1029 4739 1224 4807 credit;
1257 4751 1311 4796 ct
1338 4743 1576 4813 arguitur
1604 4745 1672 4800 de
1693 4745 1894 4816 justitia
1923 4765 2108 4807 eorum

517 4834 607 4904 qui
636 4832 880 4889 credunt.
916 4832 1031 4904 Ipsa
1059 4834 1254 4906 quippe
1286 4835 1515 4891 ﬁdelium
1547 4843 1890 4910 comparatio,
1922 4845 2108 4902 inlide-

514 4927 646 4983 lium
675 4938 759 4983 est
793 4927 1133 4999 vituperatio.
1167 4928 1278 4984 l-loe
1320 4941 1375 4985 et
1413 4930 1525 5001 ipsa
1567 4936 1826 5004 expositio
1865 4939 1993 4994 satis
2025 4941 2107 4995 in-

517 5019 678 5075 dicat.
710 5019 908 5076 Volens
937 5021 1080 5076 enim
1119 5021 1329 5090 aperire
1368 5024 1494 5094 quid
1541 5025 1767 5093 dixerit,
1809 5027 1888 5082 De
1907 5033 2108 5102 justitia

460 5150 462 5152 τ
517 5127 633 5166 vero
652 5152 667 5176 ,
699 5111 901 5182 inquit,
932 5113 1051 5182 quia
1077 5111 1145 5165 ad
1175 5111 1384 5168 Patrem
1408 5115 1536 5169 vado
1556 5153 1571 5180 ,-
1603 5128 1649 5170 et
1667 5121 1780 5187 jam
1801 5137 1900 5175 non
1922 5123 2108 5178 uidebi-

458 5206 466 5240 ι
517 5204 582 5257 tis
603 5217 699 5254 nte.
727 5199 844 5256 Non
872 5202 982 5269 ait,
1013 5203 1080 5258 Et
1103 5203 1212 5272 jam
1245 5220 1349 5258 non
1383 5206 1635 5262 videbunt
1673 5225 1790 5275 me;
1822 5211 1888 5267 de
1913 5215 2107 5283 quibus

466 5341 471 5375 ,ι
516 5292 744 5360 dixerat,
767 5293 886 5362 quia
904 5307 1004 5346 non
1025 5293 1342 5349 crediderunt
1361 5297 1412 5349 in
1438 5314 1532 5351 me.
1557 5299 1660 5354 Sed
1686 5313 1957 5371 peccatum
1980 5307 2106 5375 quid

514 5390 732 5450 vocaret
755 5397 1045 5454 exponens,
1077 5382 1145 5438 de
1171 5384 1275 5440 illis
1300 5387 1504 5442 locutus
1528 5399 1610 5444 est
1632 5391 1834 5460 dicens,
1863 5397 1982 5465 quia
2004 5414 2105 5453 non

513 5475 835 5531 crediderunt
874 5474 926 5528 in
964 5491 1042 5528 me
1066 5491 1084 5528 :
1110 5489 1382 5545 exponens
1405 5488 1579 5536 autem
1605 5498 1760 5552 quam
1791 5483 1989 5541 diceret
2014 5488 2104 5557 ju-

512 5569 733 5637 stitiam,
764 5569 832 5624 de
858 5582 962 5639 qua
992 5567 1221 5625 mundus
1245 5572 1502 5643 arguitur,
1535 5575 1600 5630 ad
1631 5575 1774 5646 ipsos
1798 5579 1990 5649 quibus
2021 5581 2104 5637 lo-

510 5661 807 5732 quebatur,
846 5674 906 5715 se
941 5663 1236 5729 convertit,
1287 5674 1444 5734 atque
1483 5666 1586 5733 ait,
1628 5666 1761 5732 Quia
1799 5671 1868 5724 ad
1893 5669 2102 5729 Patrem

510 5753 639 5807 vado
657 5795 674 5820 ,
705 5763 752 5807 et
771 5755 885 5825 jam
913 5770 1012 5808 non
1035 5756 1263 5811 uidebitis
1290 5773 1390 5811 me.
1416 5758 1751 5830 QuaprOpter
1777 5766 2005 5823 mundus
2033 5770 2104 5827 de

511 5853 731 5914 peccato
757 5845 970 5914 quidem
1000 5863 1098 5906 suo
1115 5889 1132 5905 .
1160 5849 1229 5907 de
1250 5849 1453 5920 justitia
1482 5868 1611 5912 vero
1635 5857 1876 5928 arguitur
1902 5863 2098 5936 aliena,

1444 382 1511 438 lN
1547 378 1826 439 JOANNIS
1852 371 2320 442 EVANGELIUM,
2362 374 2420 432 S.
2461 367 2828 432 AUGUSTINI

2162 545 2172 555 ,
2203 490 2342 546 sicut
2370 498 2664 561 arguuntur
2691 487 2760 544 de
2788 487 2987 542 lumine
3011 487 3273 545 tenebris:
3300 490 3462 550 omnia
3481 498 3588 554 αξη,
3606 518 3687 572 φη

3579 383 3682 444 ωτι

2203 592 2505 657 arguuntur,
2524 583 2598 637 ait
2611 581 2917 652 Apostolus,
2931 598 2962 634 a
2977 581 3165 649 tantine
3179 584 3686 662 ntanifestantur(Ephes.

2201 693 2257 744 v,
2283 676 2397 749 l3).
2428 677 2691 745 Quantum
2718 675 2860 732 enim
2886 675 3085 730 malum
3111 676 3179 731 sit
3202 692 3369 732 eorum
3397 683 3473 752 qui
3498 699 3582 739 non
3601 701 3690 744 ere-

2202 767 2364 835 dunt,
2395 783 2502 824 non
2534 768 2706 824 solum
2737 783 2830 838 per
2853 769 3086 838 seipsum
3106 811 3121 835 ,
3154 785 3324 825 verum
3354 773 3491 829 etiam
3514 791 3567 830 ex
3588 779 3689 836 bono

2204 871 2380 932 potest
2406 876 2591 916 eorum
2622 876 2880 931 apparere
2907 862 2997 930 qui
3022 860 3261 917 credunt.
3293 863 3354 917 Et
3387 867 3591 933 quoniam
3624 871 3695 927 ist.”

2205 970 2309 1011 vox
2355 955 2645 1010 inﬁdelium
2690 969 2810 1011 esse
2852 957 3161 1025 consuevit,
3207 957 3458 1026 Quomodo
3495 963 3695 1021 credimus

2203 1048 2347 1120 quod
2394 1064 2498 1104 non
2547 1049 2826 1105 videmus?
2876 1049 2995 1105 ideo
3037 1049 3357 1106 credentium
3395 1052 3611 1121 justitiam
3646 1059 3700 1113 sic

2205 1143 2442 1214 oportuit
2468 1143 2699 1210 deﬁniri,
2733 1143 2865 1208 Quia
2894 1143 2963 1196 ad
2988 1141 3198 1198 Patrem
3221 1144 3359 1210 uado,
3385 1154 3426 1199 et
3439 1148 3537 1217 jam
3553 1164 3633 1212 non
3651 1150 3700 1203 ri-

2205 1235 2384 1289 debitis
2398 1252 2494 1290 nte.
2516 1235 2663 1290 Beati
2686 1235 2826 1289 enim
2849 1235 2940 1304 qui
2961 1250 3065 1289 non
3083 1235 3279 1299 vident,
3295 1245 3347 1290 et
3361 1237 3557 1292 credunt
3572 1237 3700 1312 (Joan.

2205 1343 2294 1392 xx,
2317 1327 2433 1400 29).
2463 1327 2595 1382 Nam
2621 1337 2676 1382 et
2694 1327 2785 1398 qui
2810 1327 3056 1382 viderunt
3074 1325 3355 1394 Christum,
3377 1344 3470 1384 non
3495 1330 3538 1384 in
3560 1346 3610 1386 eo
3625 1333 3703 1386 lau-

2205 1419 2327 1474 data
2354 1428 2437 1475 est
2467 1417 2599 1474 ﬁdes
2633 1434 2816 1474 eorum
2840 1461 2855 1487 ,
2888 1420 3010 1489 quia
3039 1419 3323 1474 credebant
3348 1420 3476 1491 quod
3503 1421 3705 1491 videbant,

2206 1511 2259 1567 id
2287 1520 2368 1566 est
2388 1511 2581 1566 Filium
2606 1510 2872 1577 hominis;
2904 1511 2997 1567 sed
3028 1512 3150 1582 quia
3179 1513 3470 1579 credebant,
3497 1514 3611 1584 quod
3634 1532 3708 1571 non

2205 1605 2488 1670 videbant,
2523 1603 2574 1658 id
2605 1613 2688 1659 est
2712 1604 2905 1659 Filium
2934 1604 3046 1660 Dei.
3076 1604 3207 1660 Cum
3247 1620 3367 1661 vero
3393 1615 3444 1660 et
3467 1605 3563 1676 ipsa
3587 1604 3710 1662 forma

2207 1697 2346 1754 servi
2387 1697 2654 1752 subtracta
2684 1713 2870 1752 eorum
2900 1707 3042 1753 esset
3068 1698 3364 1768 aspectibus
3382 1739 3396 1763 ,
3426 1708 3522 1752 tum
3548 1714 3646 1754 vero
3667 1715 3712 1754 ex

2207 1792 2350 1846 omni
2384 1800 2534 1861 parte
2562 1791 2838 1860 impletum
2864 1801 2974 1858 est,
2992 1790 3172 1846 Justus
3203 1809 3265 1847 ex
3289 1794 3384 1862 ﬁde
3409 1794 3512 1847 vivit
3537 1791 3672 1864 (Rom.
3686 1811 3712 1861 ι,

2209 1883 2314 1948 l7;
2345 1881 2544 1936 Habac.
2582 1898 2639 1947 ιι,
2665 1883 2721 1950 λι,
2752 1892 2797 1937 et
2822 1881 2976 1937 Hebr.
3005 1899 3082 1950 xi,
3108 1883 3185 1953 1).
3218 1883 3307 1938 Est
3327 1883 3458 1938 enim
3478 1884 3598 1952 ﬁdes,
3619 1885 3717 1939 sicut

2207 1975 2260 2031 in
2281 1974 2517 2044 Epistola
2547 1989 2666 2044 quae
2694 1973 2758 2028 ad
2785 1973 3039 2030 Hebraeos
3067 1983 3150 2030 est
3177 1974 3422 2031 deﬁnitur
3439 2018 3453 2042 ,
3477 1976 3718 2046 spuantium

2208 2066 2485 2121 substantia
2501 2108 2514 2131 ,
2547 2065 2790 2120 convictio
2817 2082 2987 2119 rerum
3009 2082 3122 2137 qua:
3147 2083 3248 2120 non
3271 2066 3502 2121 uidentur.

2280 2160 2334 2214 5.
2374 2158 2477 2214 Sed
2502 2157 2626 2229 quid
2649 2165 2762 2223 est,
2801 2156 2922 2212 lam
2951 2176 3052 2213 non
3083 2159 3308 2214 videbitis
3345 2161 3456 2215 me?
3488 2159 3588 2216 Non
3621 2160 3721 2215 cuitu

2209 2255 2314 2319 ait,
2341 2252 2423 2307 Ad
2449 2252 2659 2307 Patrem
2690 2251 2852 2318 vado,
2881 2261 2938 2308 et
2956 2267 3062 2307 non
3090 2252 3336 2309 videbitis
3363 2269 3471 2319 me;
3501 2261 3550 2308 ut
3570 2261 3722 2322 tempo.

2209 2346 2286 2402 ris
2310 2345 2648 2402 intervallum
2674 2361 2780 2416 quo
2803 2359 2910 2400 non
2937 2345 3223 2414 videbitur,
3257 2346 3562 2418 signiﬁcasse
3582 2346 3723 2403 intelli-

2211 2445 2444 2509 geretur,
2485 2437 2596 2492 sive
2625 2437 2788 2492 breve
2807 2479 2822 2504 ,
2850 2436 2967 2493 sive
2995 2437 3216 2508 longum
3239 2480 3253 2504 ,
3287 2446 3454 2493 tamen
3481 2437 3634 2508 utique
3652 2445 3726 2491 ter-

2211 2528 2470 2584 minatum
2499 2543 2513 2582 :
2541 2528 2636 2583 sed
2665 2527 2892 2584 dicendo
2910 2571 2925 2595 ,
2970 2529 3092 2582 Jam
3121 2545 3227 2583 non
3249 2529 3469 2584 videbitis
3497 2545 3593 2592 me,
3625 2526 3728 2583 velut

2211 2636 2480 2693 nunquam
2521 2636 2616 2676 eos
2653 2621 2720 2676 de
2763 2631 2958 2676 caetero
3000 2621 3214 2677 visuros
3261 2621 3545 2688 Christum,
3587 2621 3729 2676 veritas

2213 2712 2610 2784 prmnuntiavit.
2645 2712 2890 2768 lla'ccine
2912 2712 3117 2784 justitia
3137 2723 3224 2770 est
3241 2731 3497 2786 nunquam
3521 2713 3728 2768 Christum

2213 2803 2433 2870 videre,
2479 2812 2534 2858 et
2575 2803 2628 2857 in
2669 2817 2791 2858 eum
2835 2812 3012 2860 tamen
3058 2804 3316 2872 credere;
3363 2819 3476 2861 cum
3517 2813 3732 2876 propterea

2215 2894 2460 2950 laudetur
2491 2893 2624 2951 ﬁdes
2661 2911 2728 2951 ex
2763 2911 2865 2966 qua
2899 2895 3075 2965 justus
3113 2897 3273 2964 vivit,
3319 2898 3551 2969 quoniam
3584 2893 3732 2960 credit,

2215 3001 2376 3057 quem
2409 2985 2570 3041 modo
2600 3001 2704 3040 non
2741 2985 2886 3041 videt
2917 2984 3188 3041 Christum
3211 3030 3226 3053 ,
3269 3003 3328 3043 se
3365 2987 3619 3059 aliquando
3651 2999 3735 3041 esse

2215 3081 2492 3135 visurum?
2528 3079 2805 3135 Postremo
2829 3079 3125 3136 secundum
3158 3080 3298 3138 hanc
3321 3081 3594 3151 justitiam,
3627 3092 3737 3134 num-

2217 3170 2345 3243 quid
2384 3170 2571 3227 dicturi
2609 3185 2794 3226 sumus
2826 3171 3049 3227 Paulum
3079 3174 3380 3243 apostolum
3407 3189 3505 3229 non
3529 3169 3739 3241 luissejn-

2219 3273 2381 3332 stum,
2410 3265 2751 3320 conﬁtentem
2777 3280 2836 3321 se
2863 3264 3133 3322 Christum
3169 3266 3365 3322 vidisse
3393 3273 3506 3339 post
3526 3262 3740 3321 ascensio-

2219 3371 2343 3411 nem
2374 3355 2489 3426 ejus
2518 3357 2570 3410 in
2597 3355 2791 3411 malum
2823 3355 2868 3427 (Ι
2898 3354 3014 3412 Cor.
3043 3372 3134 3424 xv,
3165 3357 3247 3430 8),
3280 3358 3348 3412 de
3373 3373 3474 3429 quo
3497 3355 3742 3427 utiquejam

2220 3458 2460 3519 tempore
2485 3448 2727 3515 dixerat,
2758 3448 2881 3502 Jant
2909 3465 3008 3504 non
3038 3449 3270 3506 videbitis
3297 3452 3413 3506 me?
3437 3446 3664 3521 Numquid
3683 3459 3743 3501 κ·

2219 3540 2448 3597 cundum
2475 3540 2614 3597 hanc
2633 3543 2890 3612 justitiam
2917 3542 3093 3612 justus
3120 3558 3231 3600 non
3258 3553 3374 3599 erat
3397 3541 3740 3614 gloriOsissijnus

2221 3633 2525 3704 Stephanus
2543 3675 2556 3699 ,
2586 3634 2679 3704 qui
2707 3649 2826 3690 cum
2855 3634 3203 3706 lapidaretnr,
3239 3636 3314 3690 ait
3343 3653 3355 3690 :
3383 3633 3510 3690 Ecce
3533 3632 3650 3688 video
3671 3643 3742 3686 ct:-

2223 3725 2326 3779 luut
2361 3736 2624 3796 apertum,
2657 3736 2703 3780 et
2733 3725 2924 3781 Filium
2966 3727 3185 3783 hominis
3223 3737 3436 3784 stantem
3463 3728 3526 3781 ad
3550 3726 3746 3780 declarat!

2221 3815 2320 3872 Dei
2349 3818 2486 3887 (Act.
2515 3834 2610 3882 vn,
2637 3817 2769 3893 55)?
2794 3820 2930 3888 Quid
2960 3836 3088 3892 ergo
3114 3831 3220 3888 est,
3253 3823 3334 3876 Ad
3359 3820 3554 3876 Patrem
3575 3817 3694 3882 uado,
3715 3820 3745 3867 tt

2214 3910 2329 3982 jam
2355 3927 2456 3964 non
2484 3910 2710 3965 uidebitis
2734 3928 2844 3976 me;
2870 3913 2991 3978 nisi,
3022 3915 3296 3984 quomodo
3321 3930 3456 3980 sum,
3483 3929 3590 3969 cum
3613 3908 3746 3965 vobis-

2222 4018 2344 4058 cum
2376 4004 2530 4058 sum?
2558 4002 2706 4059 Tunc
2734 4005 2874 4060 enim
2905 4006 3082 4062 adhuc
3120 4017 3239 4062 erat
3278 4007 3511 4064 mortalis
3539 4007 3584 4061 in
3610 4000 3748 4061 simili-

2222 4097 2407 4154 tudine
2436 4099 2611 4154 carnis
2650 4100 2849 4169 peccati
2879 4099 3052 4170 (Rom.
3085 4117 3179 4156 vtn
3199 4144 3214 4169 ,
3245 4102 3338 4172 5),
3378 4104 3463 4173 qui
3488 4100 3748 4168 esurirepo-

2222 4197 2362 4244 terat
2405 4207 2467 4246 ac
2507 4191 2690 4257 sitire,
2733 4191 2937 4262 fatigari
2978 4202 3134 4263 atque
3177 4194 3411 4250 dormire
3453 4213 3466 4248 :
3509 4194 3630 4248 hunc
3658 4199 3749 4258 ergo

2221 4281 2492 4336 Christum
2515 4325 2530 4350 ,
2564 4283 2614 4336 id
2645 4292 2725 4338 est
2761 4284 2915 4339 talem
2952 4283 3258 4352 Christum,
3291 4301 3411 4341 cum
3445 4285 3684 4341 transisset
3703 4278 3749 4333 de

2223 4371 2328 4427 hoc
2356 4372 2552 4428 mundo
2583 4374 2648 4428 ad
2670 4374 2912 4441 Patrem,
2947 4391 3050 4431 non
3081 4388 3237 4433 erant
3251 4378 3362 4449 jam
3397 4378 3547 4432 visuri
3569 4393 3583 4444 ;
3605 4384 3649 4431 et
3667 4371 3750 4443 ipsa

2222 4474 2304 4519 est
2338 4464 2538 4534 justitia
2579 4465 2735 4534 lidei,
2781 4465 2848 4521 de
2881 4484 2982 4539 qua
3017 4467 3144 4523 dicit
3169 4470 3490 4541 Apostolus,
3522 4467 3621 4523 Etsi
3642 4476 3752 4519 narc-

2221 4575 2393 4613 ramus
2434 4559 2686 4614 Christum
2728 4563 3002 4616 secundum
3037 4580 3276 4629 carnem,
3308 4566 3398 4620 sed
3427 4578 3551 4618 nunc
3565 4562 3660 4633 jam
3680 4568 3750 4610 ποι

2223 4651 2451 4704 novimus
2491 4649 2558 4722 (ll
2588 4651 2705 4706 Cor.
2734 4669 2800 4720 v,
2842 4654 2954 4724 16).
2997 4653 3108 4709 Erit
3148 4656 3362 4726 itaque,
3403 4657 3589 4726 inquit,
3622 4657 3750 4704 vestra

2217 4742 2441 4813 justitia,
2464 4760 2566 4815 qua
2589 4745 2816 4801 mundus
2835 4757 3102 4817 arguelur,
3127 4750 3249 4820 quia
3271 4750 3402 4804 vado
3417 4749 3483 4803 ad
3508 4747 3697 4806 Patrem,
3719 4743 3750 4792 ά

2213 4841 2327 4907 jam
2350 4855 2449 4893 non
2472 4838 2697 4894 videbitis
2725 4857 2835 4894 nte:
2856 4843 3102 4911 quoniam
3133 4843 3184 4896 in
3209 4859 3506 4915 cumquem
3529 4855 3619 4896 non
3639 4834 3749 4890 vide-

2221 4927 2346 4984 bitis
2364 4929 2594 4985 credetis
2615 4931 2666 4984 in
2691 4947 2776 4985 me
2796 4949 2808 4984 :
2833 4942 2884 4986 et
2908 4934 3118 5003 quando
3137 4949 3224 4990 me
3239 4935 3506 5002 videbitis,
3522 4929 3644 5004 quod
3660 4937 3751 4982 ttmc

2221 5019 2338 5085 ero,
2371 5035 2477 5075 non
2503 5021 2746 5078 videbitis
2769 5039 2853 5078 me
2877 5025 3018 5095 quod
3045 5040 3160 5080 sum
3184 5026 3456 5084 vobiscum
3485 5023 3651 5085 modo;
3676 5031 3752 5072 non

2220 5111 2468 5166 videbitis
2498 5113 2774 5181 humilem,
2804 5116 2895 5171 sed
2922 5119 3222 5184 excelsum;
3253 5135 3360 5174 non
3388 5116 3616 5174 videbitis
3641 5123 3753 5166 mor-

2223 5204 2415 5266 talem,
2456 5204 2550 5258 sed
2593 5207 3011 5277 sempiternum;
3041 5226 3144 5266 non
3168 5210 3416 5267 videbitis
3429 5205 3751 5283 judicandum.

2221 5294 2316 5351 sed
2335 5295 2691 5364 judicaturum
2718 5299 2734 5330 ί
2761 5317 2774 5354 :
2797 5300 2936 5355 etde
2960 5300 3059 5357 hac
3084 5301 3184 5358 ﬁde
3205 5312 3405 5368 vestra,
3433 5300 3483 5356 id
3507 5308 3580 5355 est
3592 5288 3752 5367 jusdtia

2220 5398 2394 5444 vestra
2415 5432 2430 5457 ,
2458 5400 2642 5461 arguet
2668 5390 2894 5463 Spiritus
2925 5404 3137 5450 sanctus
3163 5395 3497 5452 incredulum
3526 5387 3749 5447 mundum.

2291 5484 2343 5536 d.
2386 5483 2587 5553 Arguet
2631 5483 2788 5538 etiam
2833 5485 2896 5540 de
2928 5486 3160 5558 judicio,
3203 5488 3329 5558 quia
3379 5487 3597 5557 princeps
3631 5475 3749 5545 Itle

2218 5575 2396 5629 mundi
2412 5575 2677 5646 judicatus
2701 5586 2791 5632 est.
2824 5576 2951 5644 Quis
2975 5588 3057 5633 est
3087 5581 3182 5634 iste
3200 5621 3214 5642 ,
3249 5579 3354 5634 nisi
3382 5578 3448 5635 de
3471 5590 3569 5647 quo
3591 5571 3652 5626 ait
3672 5564 3750 5620 alio

2219 5667 2358 5732 loco,
2388 5666 2519 5722 Ecce
2543 5669 2672 5722 venit
2701 5670 2932 5740 princeps
2961 5672 3154 5739 mundi,
3181 5681 3228 5726 et
3256 5671 3310 5725 in
3336 5687 3415 5724 me
3440 5667 3559 5722 nihil
3580 5656 3750 5717 inveniet

2219 5711 2402 5832 (Joa’n.
2434 5778 2558 5829 xlv,
2587 5759 2677 5836 30)
2700 5711 2796 5829 id
2824 5711 2938 5834 es’t,
2962 5764 3093 5821 nihil
3112 5711 3246 5838 jintis
3265 5764 3384 5835 sui,
3412 5759 3534 5820 nihil
3559 5744 3750 5829 quodid
3858 5809 3859 5814 η

2151 5915 2203 5953 ,
2284 5880 2300 5909 ι
2321 5885 2445 5943 Mss.,
2461 5880 2802 5944 judicatorem.
