3926 6370
260 344 388 407 1873

249 491 364 535 eam
383 470 660 545 pertineat,
684 465 890 545 nullum
910 462 1117 519 scilicet
1135 456 1354 515 omnino
1374 450 1686 527 peccatum?
1712 449 1816 504 Per

251 569 345 626 hoc
362 537 499 621 enim
520 570 604 618 est
625 537 864 616 diabolus
884 556 1127 627 princeps
1152 550 1356 608 mundi.
1385 547 1501 603 Non
1526 546 1667 603 enim
1691 545 1816 602 cmli

251 672 300 719 et
335 672 483 717 terra:
514 664 571 712 et
606 653 839 709 omnium
883 664 1002 721 quin
1040 648 1094 704 in
1138 647 1219 703 eis
1257 652 1411 710 sunt,
1456 650 1541 699 est
1570 640 1817 697 diabolus

250 756 482 829 princeps
499 794 514 818 ,
554 764 656 821 qua
684 743 1071 818 signiﬁcatione
1099 739 1409 811 intelligitur
1435 737 1694 798 mundus,
1725 733 1817 790 ubi

249 828 429 903 dictant
457 852 560 908 est,
598 840 661 896 Et
689 839 907 894 mundus
933 854 1022 909 per
1047 852 1163 892 eum
1184 836 1349 907 [actus
1374 843 1448 889 est
1471 849 1490 887 :
1511 830 1605 888 sed
1631 828 1816 886 mundi

247 947 321 997 est
356 935 595 992 diabolus
648 932 922 1003 princeps,
961 929 1029 985 de
1063 942 1172 999 quo
1208 924 1408 983 mundo
1450 924 1539 981 ibi.
1561 922 1815 980 continuo

247 1029 495 1101 subjungit
513 1036 673 1099 alque
692 1025 788 1091 ait,
808 1024 875 1079 Et
894 1023 1115 1079 mundus
1131 1037 1246 1077 eum
1263 1037 1367 1076 non
1380 1017 1610 1091 cognovit
1629 1014 1688 1087 (1
1691 1031 1812 1072 oan.

246 1141 288 1190 ι,
316 1122 399 1195 10)
420 1163 434 1187 .
478 1122 583 1177 hoc
621 1128 704 1176 est
738 1118 982 1175 homines
1018 1114 1293 1181 inﬁdeles,
1322 1111 1514 1184 quibus
1544 1118 1656 1166 toto
1683 1107 1815 1164 orbe

246 1226 486 1275 terrarum
513 1212 746 1268 mundus
770 1219 853 1268 est
876 1210 1063 1283 plenus
1089 1225 1105 1263 :
1136 1207 1275 1264 inter
1296 1219 1431 1276 quos
1452 1204 1618 1275 gemit
1642 1200 1815 1257 ﬁdelis

243 1308 485 1372 mundus,
511 1321 674 1377 quem
697 1304 765 1361 de
790 1301 989 1358 mundo
1014 1300 1202 1371 elegit,
1234 1313 1330 1369 per
1351 1311 1512 1368 quem
1539 1294 1707 1350 factus
1730 1300 1814 1348 est

243 1400 487 1465 mundus;
527 1397 600 1453 de
623 1411 730 1467 quo
759 1395 872 1466 ipse
899 1392 1058 1457 dicit,
1090 1389 1214 1446 Non
1242 1390 1373 1444 venit
1403 1387 1570 1443 Filius
1595 1384 1813 1440 hominis

242 1503 290 1548 ut
304 1492 491 1567 judicet
521 1487 799 1554 mundum,
839 1485 929 1542 sed
952 1495 1008 1539 ut
1034 1484 1256 1539 salvetur
1281 1479 1502 1535 mundus
1532 1493 1621 1547 per
1644 1476 1815 1547 ipsum

242 1584 339 1657 (Id.
390 1598 479 1646 ut,
514 1581 629 1652 17).
679 1577 905 1634 Mundus
946 1591 1013 1631 eo
1030 1573 1301 1645 iudicante
1328 1570 1629 1631 damnatur,
1659 1581 1815 1622 mun-

239 1678 328 1734 dus
363 1692 427 1732 eo
470 1672 821 1730 subvenieute
856 1669 1089 1725 salvator
1130 1685 1145 1722 :
1183 1663 1434 1736 quoniam
1477 1661 1618 1717 sicut
1651 1660 1813 1716 arbor

241 1768 363 1823 foliis
400 1775 454 1821 et
490 1764 703 1838 pomis,
747 1762 884 1817 sicut
925 1774 1052 1816 area
1089 1757 1254 1827 paleis
1288 1764 1344 1812 et
1386 1752 1696 1819 frumentis,
1739 1752 1813 1806 ita

240 1860 518 1918 inﬁdelibus
556 1867 616 1915 et
655 1857 899 1913 lidclibus
938 1854 1126 1925 plenus
1161 1861 1244 1908 est
1279 1848 1526 1905 mundus.
1556 1847 1814 1918 Princeps

239 1968 351 2026 ergo
373 1952 552 2008 mundi
579 1949 776 2023 hujus,
812 1948 916 2003 hoc
951 1954 1037 2002 est
1074 1944 1320 2015 princeps
1349 1940 1686 1997 tenebrarum
1718 1939 1813 1994 ha-

240 2062 375 2111 rum,
418 2044 467 2100 id
508 2052 594 2099 est
632 2039 964 2104 inﬁdelium;
1002 2037 1071 2093 de
1094 2036 1286 2107 quibus
1309 2033 1515 2090 eruitur
1541 2030 1771 2087 mundus
1793 2072 1809 2097 ,

239 2140 409 2210 quibus
431 2135 652 2199 dicitur,
687 2131 885 2188 Fuistis
911 2127 1188 2200 aliquando
1216 2124 1461 2187 tenebrte;
1486 2138 1620 2176 nunc
1646 2129 1815 2175 autem

239 2231 318 2286 tua:
335 2231 385 2284 in
409 2228 633 2284 Domino
661 2223 874 2296 (Ephes.
898 2239 954 2289 v,
976 2222 1034 2292 8)
1057 2239 1071 2276 :
1096 2219 1343 2290 princeps
1361 2216 1541 2272 mundi
1569 2215 1725 2285 hujus
1743 2214 1814 2271 de

238 2337 331 2396 quo
352 2321 473 2377 alibi
500 2319 637 2376 dicit
656 2360 672 2385 ,
711 2316 867 2372 Nunc
895 2316 1128 2386 princeps
1152 2312 1330 2368 mundi
1354 2310 1507 2382 hujus
1532 2309 1713 2364 missus
1740 2318 1814 2364 est

237 2414 360 2485 [om
388 2412 566 2484 (Joan.
610 2427 727 2478 xu,
754 2408 846 2480 51)
865 2449 881 2474 ,
923 2407 1102 2478 utique
1126 2405 1392 2476 judicatus
1415 2410 1531 2468 est;
1562 2402 1814 2473 quoniam

234 2506 414 2577 judicio
440 2505 576 2578 ignis
607 2502 798 2559 aeterni
827 2498 1247 2556 irrevocabiliter
1271 2497 1568 2553 destinatus
1603 2504 1704 2551 est.
1744 2494 1816 2549 Et

237 2599 296 2655 de
320 2600 414 2655 hoc
437 2598 618 2669 itaque
644 2595 847 2666 judicio
867 2608 972 2663 quo
994 2593 1242 2663 princeps
1256 2591 1523 2661 judicatus
1551 2596 1634 2645 est
1659 2604 1815 2644 mun-

238 2686 313 2757 di,
339 2690 574 2762 arguitur
596 2703 630 2743 a
655 2686 855 2758 Spiritu
893 2692 1080 2742 sancto
1116 2683 1376 2749 mundus;
1412 2684 1663 2754 quoniam
1690 2696 1812 2737 cum

237 2797 321 2838 suo
346 2782 578 2853 principe
612 2779 904 2851 judicatur,
946 2792 1104 2850 quem
1141 2776 1405 2848 superbus
1428 2785 1591 2846 atque
1619 2775 1812 2845 impius

237 2874 450 2931 imitatur
469 2876 508 2927 ³.
538 2873 605 2929 Si
637 2874 770 2927 enim
795 2870 951 2936 Deus,
985 2870 1123 2925 sicut
1149 2869 1279 2924 dicit
1301 2867 1572 2939 apostolus
1598 2866 1808 2932 Petrus,

238 2967 530 3037 peccantibus
549 2965 752 3038 angelis
776 2982 876 3020 non
900 2965 1139 3037 pepercit,
1162 2964 1252 3019 sed
1268 2963 1552 3017 carceribus
1576 2960 1813 3033 caliginis

237 3060 367 3134 inferi
406 3061 676 3116 reti-adem
724 3058 935 3113 tradidit
977 3058 1031 3112 in
1063 3058 1264 3128 judicio
1303 3055 1583 3127 puniendos
1623 3053 1813 3110 servari

238 3152 295 3223 (ll
320 3152 451 3209 Petr.
477 3170 537 3220 ιι,
564 3151 658 3223 4);
685 3149 953 3222 quomodo
983 3166 1089 3205 non
1117 3165 1149 3205 a
1176 3148 1374 3218 Spiritu
1401 3157 1585 3203 sancto
1612 3148 1682 3203 de
1710 3146 1813 3200 hoc

235 3243 410 3315 judicio
449 3244 689 3301 mundus
730 3243 987 3313 arguitur,
1028 3242 1242 3313 quando
1284 3242 1339 3296 in
1381 3241 1581 3311 Spiritu
1624 3250 1812 3299 sancto

239 3336 338 3393 hare
370 3338 606 3410 loquitur
639 3336 965 3407 Apostolus?
991 3333 1222 3391 Credant
1258 3334 1435 3405 itaque
1476 3334 1719 3389 homines
1756 3334 1811 3390 in

239 3427 480 3485 Christum
500 3471 516 3495 ,
549 3444 627 3485 ne
654 3437 944 3499 arguantur
969 3427 1037 3482 de
1067 3436 1285 3497 peccato
1311 3427 1640 3483 inﬁdelitatis
1662 3442 1774 3481 suae
1793 3467 1809 3493 ,

238 3536 329 3593 quo
351 3530 557 3594 peccata
580 3520 765 3576 omnia
785 3520 1127 3576 detinentur:
1154 3528 1425 3577 transeant
1451 3521 1503 3576 in
1531 3536 1810 3577 numerum

240 3612 479 3679 ﬁdelium,
510 3630 583 3670 ne
612 3623 901 3685 arguantur
927 3614 994 3669 de
1014 3613 1217 3685 justitia
1248 3628 1431 3669 eorum
1451 3656 1465 3678 ,
1496 3628 1630 3685 quos
1653 3614 1814 3681 justi-

240 3706 403 3763 licatos
428 3724 532 3764 non
563 3708 844 3764 imitantur
868 3725 883 3761 :
911 3716 1137 3763 caveant
1164 3706 1397 3761 futurum
1422 3706 1678 3776 judicium
1700 3748 1714 3772 ,
1746 3721 1814 3761 ne

241 3810 345 3854 cum
372 3800 547 3856 mundi
578 3799 822 3871 principe
843 3799 1169 3869 judicentur,
1198 3814 1353 3870 quem
1374 3798 1666 3869 judicatum
1696 3799 1815 3853 imi-

243 3897 418 3947 tantur.
445 3892 661 3950 Eteuim
690 3908 761 3949 ne
788 3891 890 3947 sibi
917 3892 1185 3948 existimet
1225 3891 1367 3962 parci
1407 3890 1654 3961 superbia
1680 3891 1812 3947 dura

243 3985 541 4052 mortalium,
575 3985 649 4042 de
668 3984 1017 4056 superborum
1047 3984 1308 4056 supplicio
1335 3983 1583 4040 terrentia
1612 3991 1698 4040 est
1718 3999 1815 4039 an-

245 4076 479 4145 sclorum.

708 4190 1115 4248 TBACTATUS
1150 4190 1334 4247 XCVI.

247 4301 304 4358 In
327 4305 426 4361 hazc
454 4309 637 4372 verba,
665 4304 853 4361 Adhuc
890 4306 1052 4362 multa
1089 4305 1258 4360 habeo
1293 4303 1443 4360 vobis
1472 4303 1679 4372 dicere;
1719 4304 1813 4362 sed

307 4411 404 4453 non
426 4396 651 4468 potestis
676 4407 887 4467 portare
917 4397 1076 4451 modo
1104 4415 1117 4450 :
1145 4413 1264 4452 cum
1292 4408 1469 4454 autem
1497 4397 1701 4453 venerit
1729 4397 1816 4454 ille

307 4486 525 4558 Spiritus
560 4488 830 4555 veritatis,
872 4489 1084 4546 duCt'bil
1124 4504 1220 4545 vos
1262 4505 1474 4547 omnem
1516 4490 1813 4546 veritatem.

308 4577 426 4651 Cap.
456 4597 585 4646 xvx,
632 4582 667 4652 ᾖν
704 4582 738 4652 Ῡ
764 4580 1027 4648 .1Ξ,15.

309 4716 355 4770 1.
394 4717 448 4772 In
482 4718 588 4774 isto
620 4719 789 4775 sancti
825 4719 1097 4789 Evangelii
1129 4722 1391 4791 capitulo,
1432 4723 1517 4778 ubi
1560 4724 1818 4780 Dominus

251 4806 314 4861 ait
329 4809 592 4881 discipulis
611 4812 752 4879 suis,
788 4812 967 4867 Adhuc
991 4814 1151 4869 multa
1177 4814 1335 4870 habeo
1355 4815 1492 4871 vobis
1509 4816 1702 4883 dicere,
1729 4816 1819 4872 sed

253 4916 339 4956 non
362 4907 559 4973 potestis
583 4918 787 4977 portare
812 4907 962 4962 modo
978 4949 992 4971 ,
1027 4908 1172 4978 prius
1197 4909 1541 4979 quterendum
1572 4909 1701 4964 illud
1727 4925 1819 4965 oc.

253 4996 416 5059 currit,
442 4998 709 5069 quomodo
733 4999 980 5069 superius
1005 4999 1217 5062 dixerit.
1244 4999 1430 5056 Omnia
1454 5018 1568 5074 qttte
1590 5002 1762 5057 audivi
1785 5018 1819 5057 a

254 5082 394 5143 Patre
411 5107 539 5156 meo,
562 5103 681 5147 nota
706 5092 803 5161 feci
826 5092 963 5147 vobis
990 5091 1169 5165 (Joan.
1193 5109 1286 5159 xv,
1317 5093 1435 5166 15):
1467 5104 1522 5151 et
1543 5096 1629 5151 hic
1651 5095 1814 5162 dicat,

254 5179 415 5237 Adhuc
435 5186 593 5241 multa
615 5187 773 5241 habeo
793 5186 928 5241 vobis
948 5187 1132 5250 dicere,
1157 5188 1245 5242 sed
1269 5205 1368 5243 non
1395 5191 1595 5260 potestis
1616 5199 1820 5261 portare

255 5273 404 5328 modo.
431 5274 631 5333 Verum
671 5278 798 5333 illud
837 5279 1105 5349 quomodo
1142 5277 1369 5345 dixerit,
1410 5280 1549 5352 quod
1580 5281 1816 5337 nondum

253 5359 432 5421 fecerat
467 5378 715 5442 tauquam
755 5370 970 5436 fecerit,
1010 5372 1146 5425 sicut
1181 5386 1243 5427 ea
1288 5387 1407 5443 qum.
1448 5372 1620 5427 futura
1659 5381 1815 5438 sunt,

254 5451 401 5511 Deum
431 5457 621 5518 fecisse
650 5464 908 5534 propheta
938 5472 1161 5520 testatur
1188 5464 1371 5519 dicens
1391 5507 1403 5530 ,
1436 5465 1536 5532 Qui
1565 5466 1682 5537 fecit
1706 5481 1820 5537 quas

257 5544 411 5614 [stara
435 5561 554 5606 sunt
581 5553 732 5628 (Isai.
765 5572 894 5624 xcv,
928 5558 1025 5622 11,
1057 5574 1155 5612 sec.
1190 5556 1387 5631 LXX),
1416 5559 1525 5629 jam
1556 5572 1677 5613 cum
1706 5558 1818 5629 ipsa

256 5637 399 5695 verba
428 5648 806 5717 tractarcmus,
846 5657 904 5705 ut
940 5650 1233 5721 potuimus,
1269 5652 1633 5722 exposuimus.
1671 5649 1820 5707 Nunc

782 5767 924 5829 atque
962 5761 1164 5829 impimn
1198 5762 1431 5815 imitatur.
1468 5772 1560 5817 Nos
1589 5764 1668 5818 hic
1694 5768 1821 5822 utin

1355 322 1766 382 TRAC'I‘ATUS
1804 318 1984 378 XCVI.
2023 324 2251 385 CAPUT
2289 327 2431 386 XVI.

3383 344 3521 396 $874

1924 460 2053 517 ergo
2088 463 2210 519 qua:
2249 447 2351 505 ista
2393 448 2501 505 sint
2540 463 2662 521 qua
2704 450 2946 522 Apostoli
2988 458 3116 509 tunc
3154 461 3371 525 portare
3407 471 3518 513 non

1924 546 2206 609 poterant,
2243 540 2403 596 vultis
2433 540 2656 597 forsitan
2684 541 2842 597 scire.
2871 541 2977 599 Sed
3001 543 3121 615 quis
3145 553 3388 602 nostrum
3414 563 3515 604 au-

1923 631 2049 688 deat
2072 648 2258 689 eorum
2296 650 2356 690 se
2391 636 2572 691 dicere
2603 634 2713 706 jam
2752 651 3035 708 capacem,
3062 653 3183 710 qua:
3212 638 3289 695 illi
3317 655 3514 712 capere

1904 740 2033 781 non
2055 725 2333 782 valebant?
2362 728 2441 783 Ac
2471 742 2568 799 per
2590 727 2691 783 hoc
2715 743 2816 784 nec
2841 744 2873 784 a
2897 744 2984 784 me
3006 731 3360 802 exspectanda
3387 742 3515 789 sunt

1923 824 1983 870 ut
2006 815 2271 884 dicantur,
2306 835 2431 899 qua:
2458 818 2597 875 forte
2626 836 2730 875 non
2761 836 3037 891 caperem,
3077 821 3125 877 si
3154 823 3285 879 mihi
3312 824 3380 881 ab
3406 825 3514 882 alio

1920 907 2259 975 dicerentur;
2297 924 2397 967 nec
2421 925 2518 968 vos
2545 926 2609 967 ea
2641 920 2854 982 portare
2884 912 3143 983 possetis,
3174 915 3380 971 etiamsi
3408 931 3512 987 ego

1921 1010 2101 1058 tantus
2124 1018 2298 1060 essem
2319 1045 2334 1071 ,
2381 1013 2441 1059 ut
2475 1020 2507 1059 a
2542 1020 2629 1060 me
2676 1004 2778 1060 ista
2816 1021 2938 1077 quae
2978 1006 3129 1063 vobis
3162 1006 3350 1065 altiora
3384 1018 3513 1066 sunt

1920 1094 2193 1150 audiretis.
2216 1095 2283 1150 Et
2302 1095 2417 1152 fieri
2442 1096 2657 1167 quidem
2682 1104 2856 1167 potest
2881 1107 2939 1152 ut
2958 1098 3064 1153 sint
3089 1098 3143 1154 in
3168 1100 3319 1156 vobis
3343 1101 3509 1174 aliqui

1918 1186 1986 1241 ad
2014 1202 2077 1242 ea
2105 1187 2360 1258 capienda
2385 1187 2497 1258 jam
2525 1189 2739 1255 idonei,
2780 1206 2899 1261 qtue
2927 1192 3019 1246 alii
3053 1208 3244 1263 capere
3269 1194 3509 1252 nondum

1920 1280 2129 1344 valent;
2164 1288 2218 1336 et
2241 1281 2288 1336 si
2316 1295 2423 1336 non
2448 1282 2624 1337 omnia
2654 1282 2724 1338 de
2750 1283 2946 1353 quibus
2973 1285 3223 1356 magister
3252 1286 3392 1343 Deus
3419 1287 3513 1345 ille

1918 1372 2149 1438 dicebat,
2176 1373 2359 1428 Adhuc
2378 1373 2539 1430 multa
2562 1375 2721 1431 habeo
2744 1376 2879 1431 vobis
2909 1378 3094 1441 dicere,
3120 1388 3297 1435 tamen
3320 1395 3512 1436 eorum

1918 1464 2145 1523 fortasse
2179 1469 2432 1523 nonnulla
2465 1487 2478 1522 :
2520 1469 2615 1525 sed
2657 1485 2902 1541 quaenam
2947 1472 3053 1525 sint
3093 1478 3193 1527 ista
3232 1488 3353 1544 quae
3395 1474 3514 1542 ipse

1919 1571 2027 1611 non
2054 1557 2206 1623 dixit,
2237 1559 2575 1614 temerarium
2602 1570 2686 1615 est
2711 1561 2844 1616 velle
2867 1576 3190 1630 praesumere
3218 1578 3281 1618 ac
3304 1564 3511 1621 dicere.

1917 1647 2050 1703 Nam
2073 1658 2128 1704 et
2151 1651 2285 1706 mori
2324 1667 2418 1721 pro
2455 1651 2671 1707 Christo
2709 1653 2943 1708 nondum
2982 1664 3134 1711 erant
3170 1655 3344 1713 idonei
3380 1665 3509 1714 tunc

1920 1741 2183 1812 Apostoli,
2210 1744 2400 1812 quibus
2423 1743 2651 1808 dicebat,
2682 1742 2804 1798 Non
2830 1748 3036 1817 potestis
3062 1763 3139 1801 me
3158 1750 3297 1819 sequi
3321 1750 3471 1804 modo
3488 1768 3512 1816 ;

1919 1832 2061 1888 unde
2099 1834 2302 1903 primus
2338 1849 2525 1889 eorum
2568 1834 2760 1890 Petrus
2783 1878 2799 1902 ,
2840 1835 2932 1906 qui
2969 1834 3071 1892 hoc
3109 1838 3220 1907 jam
3253 1854 3312 1895 se
3355 1854 3514 1911 posse

1920 1933 2347 1994 przesumpserat,
2372 1924 2514 1980 aliud
2537 1941 2597 1981 ex
2608 1935 2790 1997 pertus
2810 1935 2893 1981 est
2912 1942 3068 1997 quam
3092 1930 3306 1997 putabat
3326 1929 3509 2003 (Joau.

1917 2032 2033 2081 xui,
2060 2016 2248 2089 36-58)
2271 2035 2283 2070 :
2308 2025 2363 2072 et
2383 2025 2560 2072 tamen
2583 2029 2767 2089 postea
2792 2028 2846 2073 et
2867 2017 2963 2072 viri
2990 2027 3044 2073 ct
3064 2020 3334 2086 mulieres,
3362 2025 3512 2093 pueri

1918 2117 1973 2164 et
1999 2108 2218 2179 puellm,
2243 2108 2471 2179 juvenes
2499 2117 2557 2164 et
2585 2109 2840 2182 virgines,
2874 2112 3115 2166 seniores
3140 2128 3259 2167 cum
3281 2113 3513 2184 juniori-

1918 2199 2020 2256 bus
2055 2199 2472 2258 innumerabilcs
2513 2203 2772 2274 martyrio
2809 2204 3048 2258 coronati
3078 2214 3235 2272 sunt;
3275 2215 3329 2261 ct
3354 2220 3514 2277 posse

1919 2293 2148 2347 inventa:
2183 2302 2308 2348 sunt
2342 2308 2471 2348 oves
2494 2335 2510 2362 ,
2547 2294 2691 2365 quod
2727 2304 2851 2349 tunc
2886 2295 3099 2367 quando
3128 2296 3225 2351 ista
3258 2297 3514 2352 Dominus

1919 2382 2255 2454 loquebatur,
2280 2384 2514 2439 nondum
2540 2393 2786 2455 poterant
2816 2396 3030 2455 portare
3057 2397 3317 2458 pastores.
3344 2387 3516 2445 Num-

1918 2474 2043 2545 quid
2082 2491 2209 2545 ergo
2247 2474 2429 2530 debuit
2467 2475 2573 2530 illis
2610 2475 2799 2532 ovibus
2835 2475 2941 2531 diei
2982 2477 3035 2531 in
3072 2478 3162 2530 illo
3204 2479 3513 2535 tentationis

1917 2567 2173 2630 articulo,
2216 2583 2322 2637 quo
2364 2577 2572 2622 certare
2609 2582 2779 2639 usque
2806 2566 2873 2623 ad
2904 2576 3130 2623 mortem
3161 2584 3258 2639 pro
3286 2569 3513 2626 veritate

1918 2659 2217 2729 oportebat,
2244 2671 2298 2715 et
2324 2676 2421 2731 pro
2445 2659 2647 2714 Christi
2677 2658 2892 2715 nomine
2918 2660 3002 2716 vel
3027 2660 3266 2716 doctrina
3293 2662 3511 2733 sangui-

1917 2767 2040 2807 nem
2068 2752 2317 2818 fundere;
2345 2752 2622 2824 numquid,
2653 2752 2890 2825 inquam,
2917 2751 3099 2808 debuit
3120 2753 3199 2808 eis
3226 2752 3354 2819 dici,
3376 2753 3511 2822 Quis

1918 2856 2152 2902 vestrum
2179 2845 2374 2901 audeat
2399 2845 2651 2903 idoneum
2682 2845 2940 2918 martyrio
2968 2861 3028 2901 se
3053 2856 3260 2916 putare,
3287 2846 3373 2902 cui
3405 2846 3511 2902 Pe-

1919 2946 2032 2994 trus
2059 2938 2281 2994 idoneus
2308 2937 2542 3010 nondum
2585 2937 2796 3005 fuerat,
2840 2937 3052 3010 quando
3092 2953 3213 2993 eum
3252 2954 3315 2994 os
3347 2938 3413 2994 ad
3447 2954 3513 2994 os

1918 3030 2034 3101 ipse
2074 3030 2326 3084 Dominus
2356 3007 2704 3087 instruebat?
2742 3028 2831 3085 Sic
2858 3007 3048 3101 itaque
3083 3029 3282 3086 dixerit
3319 3030 3512 3103 aliquis

1918 3136 2026 3177 nou
2052 3120 2250 3176 debere
2278 3120 2382 3175 dici
2413 3121 2624 3192 populis
2650 3119 2953 3175 christianis
2971 3161 2986 3182 ,
3031 3119 3217 3175 audire
3244 3120 3511 3191 cupienti-

1917 3214 2020 3269 bus
2048 3229 2168 3284 qua:
2192 3213 2300 3268 sint
2323 3212 2391 3268 de
2418 3212 2611 3284 quibus
2639 3211 2894 3268 Dominus
2919 3219 3045 3266 tunc
3067 3210 3297 3276 dicebat,
3328 3210 3513 3266 Adhuc

1917 3305 2080 3361 multa
2100 3306 2258 3360 habeo
2283 3306 2420 3360 vobis
2441 3305 2626 3372 dicere,
2649 3306 2740 3361 sed
2763 3322 2863 3360 non
2885 3305 3089 3377 potestis
3112 3313 3315 3377 portare
3335 3305 3507 3372 modo,

1917 3398 1973 3455 Si
2002 3399 2240 3470 Apostoli
2273 3399 2505 3454 nondum
2531 3407 2797 3470 poterant,
2828 3399 2998 3454 multo
3027 3399 3203 3454 minus
3231 3414 3326 3453 vos
3354 3408 3511 3470 pote-

1919 3492 2017 3548 stis
2047 3510 2061 3546 :
2095 3490 2212 3560 quia
2245 3490 2382 3546 forte
2423 3491 2501 3545 sic
2542 3490 2696 3546 multi
2728 3497 2950 3559 possunt
2973 3489 3190 3556 audire,
3215 3488 3356 3560 quod
3383 3499 3510 3544 tunc

1919 3584 2155 3641 nondum
2184 3591 2390 3654 poterat
2417 3582 2633 3647 Petrus,
2666 3581 2800 3636 sicut
2826 3581 2975 3635 multi
3004 3590 3225 3651 possunt
3251 3580 3509 3651 martyrio

1919 3679 2185 3746 coronari,
2213 3677 2355 3750 quod
2382 3686 2507 3732 tunc
2533 3675 2765 3731 nondum
2792 3680 3001 3746 poterat
3028 3673 3214 3729 Petrus
3238 3690 3251 3728 :
3277 3687 3512 3745 praeser-

1920 3771 2015 3826 tim
2045 3770 2156 3841 jam
2194 3770 2359 3825 misso
2396 3768 2596 3839 Spiritu
2628 3776 2843 3829 sancto,
2870 3767 2958 3837 qui
2987 3773 3112 3820 tunc
3130 3762 3365 3824 nondum
3391 3771 3515 3819 erat

1918 3863 2148 3927 missus,
2187 3863 2256 3919 de
2292 3878 2399 3934 quo
2431 3863 2685 3918 continuo
2720 3860 3016 3932 subjuuxit,
3049 3869 3210 3931 atque
3236 3858 3347 3926 ait,
3379 3857 3512 3914 Cum

1919 3967 2088 4013 autent
2115 3956 2303 4011 venerit
2326 3955 2413 4009 ille
2440 3953 2665 4026 Spiritus
2694 3954 2916 4008 veritatis
2932 3994 2949 4019 ,
2980 3952 3173 4007 docebit
3199 3968 3286 4007 vos
3310 3968 3513 4007 omnem

1920 4053 2211 4114 veritatem;
2254 4049 2332 4104 sic
2370 4049 2549 4117 utique
2578 4046 2953 4101 demonstrans
2982 4044 3099 4099 illos
3125 4043 3245 4098 ideo
3269 4059 3390 4114 quae
3415 4043 3514 4097 ba-

1920 4145 2082 4203 behat
2105 4144 2302 4201 dicere.
2332 4150 2547 4212 portare
2572 4156 2677 4194 non
2706 4152 2883 4209 posse,
2909 4137 3034 4208 quia
3062 4135 3299 4191 nondum
3321 4136 3391 4191 ad
3414 4150 3511 4192 eos

1921 4246 2143 4295 vcnerat
2168 4236 2396 4307 Spiritus
2422 4241 2656 4287 sanctus.
3398 4224 3401 4225 ⁷

1991 4329 2047 4383 2.
2090 4330 2226 4386 Ecce
2253 4326 2609 4383 concedamus
2650 4331 2709 4379 ut
2755 4323 2825 4378 ita
2872 4322 2975 4389 sit,
3001 4321 3197 4378 multos
3241 4335 3303 4377 ea
3350 4320 3527 4404 modo.

1922 4432 2135 4494 portare
2157 4418 2314 4492 posse
2336 4423 2444 4489 jam
2474 4418 2638 4472 misso
2663 4416 2864 4486 Spiritu
2900 4423 3084 4470 sancto
3103 4456 3119 4481 ,
3149 4427 3267 4484 qua-
3295 4421 3421 4468 tunc
3443 4425 3514 4469 eo

1925 4517 2161 4573 nondum
2194 4516 2358 4570 misso
2385 4530 2489 4568 non
2520 4520 2769 4582 poterant
2794 4518 3010 4581 portare
3033 4506 3279 4576 discipuli
3307 4523 3320 4560 :
3348 4521 3513 4562 num-

1923 4611 2052 4682 quid
2098 4609 2218 4665 ideo
2260 4608 2459 4662 scimus
2505 4620 2625 4676 quae
2663 4603 2770 4659 sint
2797 4616 2917 4672 quae
2944 4599 3121 4655 dicere
3162 4596 3362 4664 noluit,
3390 4613 3514 4669 qua:

1924 4712 2052 4759 tunc
2093 4702 2351 4756 sciremus
2384 4698 2429 4752 si
2468 4696 2534 4751 ab
2571 4711 2637 4750 eo
2673 4693 2814 4749 dicta
2841 4692 3136 4763 legeremus
3176 4689 3260 4744 vel
3296 4688 3514 4743 audire-

1925 4793 2082 4850 mus?
2108 4790 2265 4847 Aliud
2295 4799 2378 4844 est
2405 4788 2548 4844 enim
2577 4787 2713 4841 scire
2740 4795 2917 4839 utrum
2956 4799 2986 4837 a
3011 4782 3163 4837 nobis
3191 4781 3275 4836 vel
3302 4794 3333 4833 a
3362 4779 3517 4836 vobis

1925 4888 2127 4962 portari
2155 4886 2393 4958 possint;
2422 4881 2566 4937 aliud
2589 4888 2764 4935 autem
2787 4878 2925 4934 scire
2949 4892 3066 4948 qua:
3085 4877 3217 4940 sint,
3248 4874 3361 4928 sive
3390 4889 3516 4944 por-

1927 4981 2025 5037 tari
2056 4978 2287 5050 possint,
2314 4975 2425 5031 sive
2447 4989 2552 5028 non
2580 4970 2804 5042 possint.
2829 4967 2961 5036 Quae
2980 4982 3099 5021 cum
3121 4966 3237 5037 ipse
3264 4963 3515 5032 tacuerit,

1924 5073 2043 5146 quis
2071 5080 2313 5126 nostrum
2342 5066 2529 5130 dicat,‘
2548 5061 2654 5118 lsta
2692 5060 2774 5116 vel
2805 5059 2896 5115 illa
2936 5056 3100 5114 sunt?
3123 5057 3233 5113 Aut
3266 5056 3312 5113 si
3336 5055 3519 5114 dicere

1925 5164 2145 5225 audeat.
2179 5159 2319 5217 unde
2360 5156 2587 5230 probat?
2614 5154 2744 5224 Quis
2772 5152 2917 5208 enim
2959 5160 3042 5208 est
3078 5160 3186 5207 tam
3211 5166 3384 5207 vanus
3425 5157 3518 5205 aut

1928 5255 2263 5321 temerarius,
2294 5252 2383 5323 qui
2409 5263 2530 5304 cum
2556 5244 2752 5303 dixerit
2777 5243 2940 5301 etiam
2960 5258 3086 5299 vera
3113 5242 3304 5315 quibus
3332 5241 3517 5297 volue-

1926 5352 2031 5417 rit,
2085 5361 2204 5419 quae
2248 5342 2504 5407 voluerit,
2528 5340 2646 5396 sine
2673 5339 2782 5396 ullo
2823 5335 3129 5394 testimonio
3151 5333 3331 5388 divino
3362 5329 3514 5384 afﬁr-

1927 5451 2038 5501 met
2055 5457 2118 5499 ea
2139 5454 2259 5498 esse
2274 5452 2392 5510 quae
2418 5445 2542 5491 tunc
2563 5434 2819 5489 Dominus
2839 5431 3017 5488 dicere
3032 5425 3232 5483 noluit?
3255 5423 3385 5491 Quis
3410 5423 3515 5479 hoc

1929 5545 2168 5595 nostrum
2199 5532 2384 5596 faciat,
2412 5539 2466 5584 et
2509 5544 2615 5583 non
2640 5525 2926 5581 maximam
2953 5519 3158 5589 culpam
3196 5514 3514 5571 temeritatis

1927 5633 2196 5696 incurrat,
2225 5627 2277 5681 in
2302 5638 2407 5696 quo
2428 5637 2527 5679 nec
2550 5618 2857 5692 prophetica
2899 5627 2999 5669 nec
3025 5607 3314 5680 apostolica
3339 5606 3515 5664 excel-

1927 5727 1990 5783 lit
2005 5720 2326 5782 auctoritas?
2354 5717 2486 5775 Nam
2517 5713 2753 5788 profecto
2784 5709 2831 5764 si
2856 5721 3040 5764 eorum
3068 5702 3265 5775 aliquid
3286 5699 3512 5775 legisse-

1929 5836 2048 5879 mus
2068 5820 2123 5878 iu
2151 5816 2325 5875 Libris
2343 5810 2597 5872 canonica
2636 5802 2951 5863 auctoritate
2987 5797 3213 5858 ﬁrmatis
3231 5839 3247 5869 ,
3274 5797 3364 5873 qui
3395 5803 3518 5871 post
