3926 6370
427 349 572 413 1878

422 471 792 530 ascensionem
817 464 1031 527 Domini
1063 463 1245 534 scripti
1276 467 1429 529 sunt,
1457 472 1646 532 parum
1687 452 1865 513 fuerat
1911 451 2015 509 hoc

421 567 647 639 legisse,
677 558 778 619 nisi
814 560 922 618 illic
958 559 1011 615 id
1053 560 1211 615 etiam
1239 553 1526 628 legeretur,
1554 550 1658 607 hoc
1682 565 1750 607 ex
1786 547 1865 605 eis
1895 556 2017 603 esse

421 675 542 732 quae
571 667 696 713 tunc
724 656 979 712 Dominus
1006 650 1173 709 noluit
1210 648 1484 720 discipulis
1519 645 1728 712 dicere,
1757 641 1878 715 quia
1907 652 2014 696 non

421 757 671 825 poterant
697 749 785 805 illa
811 756 1049 821 portare.
1092 743 1367 815 Tanquam
1398 740 1474 805 si,
1502 736 1648 793 verbi
1685 735 1850 806 gratia
1872 774 1888 801 ,
1919 744 2017 805 rgo

422 845 659 901 dicerem
676 885 692 907 ,
716 841 842 896 illud
869 840 1008 912 quod
1030 834 1256 909 legimus
1277 836 1326 890 in
1350 834 1507 905 hujus
1528 826 1797 901 Evangelii
1822 825 2013 895 capite,

423 938 491 994 1η
518 936 768 1008 principio
795 943 899 990 erat
936 931 1186 999 Verbum,
1218 940 1263 986 et
1300 926 1513 985 Verbum
1535 936 1640 981 erat
1662 922 1802 995 apud
1834 918 2013 986 Deum,

425 1040 471 1086 et
494 1029 632 1087 Deus
662 1037 769 1084 erat
806 1025 1052 1091 Verbum,
1082 1024 1176 1080 hoc
1197 1021 1378 1078 eratin
1409 1018 1659 1091 principio
1684 1014 1826 1086 apud
1854 1011 2016 1066 Deum

427 1120 608 1198 (Joan.
636 1139 672 1186 ι,
704 1123 756 1185 l,
777 1120 858 1195 2),
880 1128 934 1176 et
953 1118 1056 1175 alia
1076 1133 1196 1190 quze
1214 1119 1528 1186 sequuntur,
1558 1108 1807 1181 quoniam
1833 1110 2012 1177 postea

425 1215 623 1286 scripta
648 1222 806 1282 sunt,
834 1227 933 1269 nec
978 1228 1040 1268 ea
1072 1209 1353 1265 Dominum
1380 1205 1560 1263 Iesum
1603 1202 1802 1258 dixisse
1828 1214 1983 1255 narra

425 1314 540 1365 tum
572 1315 685 1373 est,
712 1322 833 1363 cum
877 1305 963 1360 hic
986 1310 1131 1362 esset
1158 1300 1211 1358 in
1251 1314 1441 1364 carne,
1473 1296 1566 1353 sed
1615 1294 1729 1350 haec
1772 1308 1907 1348 unus
1949 1304 2015 1346 ex

430 1399 703 1472 Apostolis
743 1398 859 1470 ejus
880 1440 896 1464 ,
928 1413 990 1452 ac
1029 1394 1228 1466 Spiritu
1271 1393 1389 1462 ejus
1414 1393 1431 1423 ί
1460 1386 1562 1447 sibi
1589 1386 1857 1443 revelante
1884 1395 2014 1438 con-

427 1494 673 1565 scripsit,
705 1508 772 1546 ex
804 1491 887 1546 his
909 1503 1031 1546 esse
1053 1504 1171 1560 qua:
1193 1486 1360 1542 noluit
1385 1494 1508 1539 tunc
1532 1481 1785 1537 Dominus
1813 1476 2013 1543 dicere,

426 1587 547 1659 quia
576 1602 636 1641 ea
659 1585 899 1656 discipuli
924 1592 1135 1654 portare
1160 1595 1267 1636 non
1289 1583 1561 1649 poterant;
1584 1571 1703 1643 quis
1726 1587 1811 1624 me
1837 1569 2016 1623 audiat

425 1689 534 1736 tam
553 1689 752 1735 temere
769 1679 867 1733 ista
885 1672 1183 1733 dicentem?
1200 1672 1256 1728 Si
1273 1678 1448 1725 autem
1467 1668 1551 1722 ubi
1568 1666 1666 1720 hoc
1683 1664 1926 1735 legimus,
1944 1660 2015 1715 ibi

423 1771 529 1829 hoc
544 1773 702 1828 etiam
721 1771 1038 1841 legeremus,
1053 1765 1173 1838 quis
1193 1780 1297 1819 non
1319 1768 1463 1817 tanto
1482 1756 1724 1829 apostolo
1740 1752 2016 1810 crederet?

496 1865 550 1922 5.
591 1863 697 1920 Sed
742 1861 793 1917 id
821 1873 1033 1931 quoque
1074 1856 1202 1912 mihi
1235 1854 1443 1910 videtur
1469 1846 1850 1904 absurdissima
1873 1844 2010 1911 dici,

426 1972 488 2014 ea
521 1967 647 2011 tunc
670 1972 775 2010 non
807 1953 1043 2025 potuisse
1063 1957 1278 2021 portare
1299 1944 1586 2017 discipulos
1603 1983 1618 2009 ,
1643 1957 1760 2012 qua:
1784 1938 1852 1995 de
1881 1936 2018 1993 invi-

426 2049 667 2106 sibilibus
692 2055 746 2101 et
786 2044 1060 2101 altissimis
1102 2041 1261 2098 rebus
1299 2038 1597 2094 invenimus
1627 2036 1678 2090 in
1709 2029 2016 2104 apostolicis

426 2138 644 2195 Litteris
662 2179 678 2205 ,
704 2152 822 2208 quae
844 2133 1181 2207 postmodum
1210 2132 1418 2201 scripta:
1438 2138 1597 2194 sunt,
1631 2143 1729 2181 nec
1751 2141 1815 2181 ea
1839 2124 2018 2179 Domi-

426 2245 556 2286 num
585 2226 796 2298 quando
823 2243 945 2282 cum
988 2225 1092 2281 illis
1120 2222 1394 2278 visibiliter
1424 2229 1539 2276 erat
1558 2260 1573 2285 ,
1604 2217 1805 2273 dixisse
1834 2230 2017 2270 narra.

427 2331 535 2377 tur.
567 2317 678 2376 Cur
703 2320 847 2375 enim
879 2333 940 2372 ea
975 2325 1098 2372 tunc
1128 2314 1267 2370 ferre
1287 2328 1391 2367 non
1420 2318 1697 2381 poterant,
1729 2324 1849 2379 qua:
1877 2319 2020 2362 nunc

426 2411 484 2467 in
531 2425 716 2466 eorum
762 2407 934 2464 Libris
980 2406 1095 2476 quis
1142 2421 1249 2461 non
1291 2404 1466 2476 legat,
1516 2402 1638 2473 quis
1678 2416 1785 2456 non
1843 2397 2013 2463 ferat,

426 2501 635 2559 etiamsi
660 2515 765 2556 non
795 2497 1095 2567 intelligat?
1123 2495 1385 2552 Nonnulla
1410 2493 1625 2565 quidem
1658 2490 1900 2547 homines
1932 2488 2017 2542 in-

426 2592 615 2651 ﬁdeles
655 2593 708 2648 in
750 2590 1042 2663 Scripturis
1080 2590 1279 2645 sanctis
1315 2597 1371 2644 et
1411 2602 1518 2642 non
1566 2585 1866 2657 intelligunt
1893 2598 2018 2638 cum

426 2684 608 2758 legunt
632 2683 718 2739 vel
750 2683 1000 2743 audiunt.
1023 2692 1077 2739 et
1107 2681 1241 2737 lecta
1267 2678 1355 2737 vel
1377 2679 1555 2735 audita
1596 2679 1733 2733 ferre
1758 2693 1862 2733 non
1895 2689 2019 2746 pos-

427 2788 553 2834 sunt
578 2795 591 2831 :
620 2778 757 2833 sicut
785 2775 979 2847 Pagani
997 2817 1012 2842 ,
1045 2773 1185 2845 quod
1215 2789 1308 2845 per
1326 2789 1448 2830 eum
1474 2773 1563 2843 qui
1591 2770 1879 2826 crucifixus
1899 2776 2016 2839 est,

428 2871 600 2927 factus
619 2879 702 2926 est
726 2869 989 2935 mundus;
1022 2868 1161 2925 sicut
1184 2866 1390 2935 Judrei,
1424 2865 1565 2937 quod
1598 2864 1763 2921 Filius
1796 2864 1887 2920 Dei
1915 2864 2019 2933 sit,

429 2962 520 3036 qui
544 2978 610 3020 eo
638 2960 796 3019 modo
822 2979 927 3033 quo
952 2959 1051 3032 ipsi
1077 2958 1348 3015 celebrant
1368 2958 1646 3014 sabbatum
1675 2957 1861 3021 solvit;
1883 2957 2024 3012 sicut

428 3056 717 3117 Sabelliaui
737 3099 750 3124 ,
779 3057 902 3128 quia
931 3052 1166 3110 Trinitas
1193 3058 1276 3109 est
1312 3050 1473 3109 Pater
1497 3058 1552 3108 et
1590 3050 1755 3106 Filius
1775 3058 1830 3105 et
1854 3046 2022 3120 Spiri-

429 3162 521 3210 tus
547 3161 796 3216 sanctus;
825 3149 963 3205 sicut
992 3148 1207 3211 Ariani,
1232 3147 1353 3218 quia
1380 3146 1599 3217 aequalis
1625 3153 1709 3200 est
1754 3143 1898 3199 Patri
1927 3140 2018 3197 Fi-

428 3247 533 3304 lius
554 3288 571 3315 ,
599 3254 654 3302 et
680 3244 822 3301 Patri
851 3258 913 3299 ac
940 3240 1074 3298 Filio
1106 3241 1336 3313 Spiritus
1375 3247 1625 3300 sanctus;
1654 3237 1791 3292 sicut
1834 3236 2020 3292 Photi-

428 3338 596 3402 niani,
623 3336 745 3409 quia
778 3352 881 3389 non
910 3333 1068 3389 homo
1095 3341 1297 3387 Lautum
1325 3330 1513 3387 similis
1535 3328 1709 3395 nobis,
1740 3326 1834 3382 sed
1861 3326 2020 3382 etiam

430 3432 577 3488 Dens
599 3432 708 3486 Deo
730 3429 869 3485 Patri
890 3413 1109 3498 aequalis
1136 3436 1220 3481 est
1244 3426 1523 3491 Christus;
1550 3423 1683 3478 sicut
1707 3421 1981 3477 Manichzei
2002 3463 2017 3487 ,

433 3520 576 3595 quod
598 3512 838 3576 Clirisﬁts
863 3518 1015 3575 Jesus
1037 3534 1131 3589 per
1149 3532 1307 3588 quem
1329 3512 1625 3572 liberandi’
1647 3528 1850 3578 sumus,
1876 3512 2020 3568 nasci

432 3615 490 3672 in
518 3630 680 3671 carne
709 3622 763 3669 ct
800 3612 866 3668 de
893 3627 1054 3668 carne
1091 3610 1334 3681 dignatus
1374 3617 1495 3664 est:
1520 3617 1576 3664 et
1616 3607 1795 3662 caeteri
1834 3620 2020 3661 omnes

431 3722 804 3781 perversurum
841 3720 906 3761 ac
933 3704 1264 3760 diversarum
1310 3710 1574 3758 sectarum
1611 3699 1888 3765 homines,
1921 3699 2021 3754 uti-

433 3818 539 3874 que
567 3800 708 3854 fcrre
735 3814 836 3852 non
867 3804 1121 3871 possunt,
1149 3795 1402 3867 quidquid
1428 3790 1482 3849 in
1509 3793 1796 3865 Scripturis
1822 3791 2019 3848 sanctis

433 3903 487 3952 et
516 3893 565 3947 in
595 3890 698 3947 ﬁde
728 3889 986 3945 catholica
1014 3890 1292 3961 reperitur,
1316 3888 1456 3963 quod
1477 3900 1660 3945 contra
1684 3904 1869 3945 eorum
1898 3904 2022 3959 pro-

431 3983 637 4042 feratur
656 3997 905 4050 errores;
931 3982 1064 4039 sicut
1096 3997 1194 4039 nos
1223 3981 1361 4039 i‘crre
1390 3998 1494 4039 non
1536 3997 1817 4054 possumus
1856 3978 2021 4037 sacri-

430 4077 580 4150 legas
599 4091 786 4154 eorum
814 4076 1073 4133 vanitates
1101 4086 1155 4132 et
1182 4076 1415 4133 insanias
1436 4077 1738 4134 mendaces.
1770 4076 1905 4147 Quid
1937 4083 2023 4141 est

431 4168 575 4226 enim
602 4169 743 4226 ferre
765 4184 869 4224 non
896 4183 1054 4240 posse
1078 4209 1093 4233 ,
1127 4168 1225 4223 nisi
1256 4185 1410 4241 mquo
1444 4170 1623 4224 animo
1654 4186 1758 4225 non
1788 4167 2021 4225 habere?

432 4260 542 4318 Sed
569 4261 747 4317 omnia
777 4276 897 4331 qua:
941 4269 1059 4331 post
1102 4262 1469 4316 ascensionem
1513 4261 1719 4315 Domini
1763 4262 2017 4317 canonica

431 4354 655 4410 veritate
673 4363 834 4423 atque
859 4353 1175 4409 auctoritate
1198 4353 1499 4423 conscripta
1520 4361 1645 4407 sunt
1664 4396 1675 4415 ,
1700 4354 1819 4421 quis
1849 4355 2020 4413 ﬁdelis

431 4444 519 4501 vel
557 4446 716 4497 ctiam
764 4442 1215 4509 catechumcnus,
1259 4456 1539 4514 antequam
1585 4442 1839 4512 Spiritum
1891 4463 2017 4500 sau-

433 4543 579 4591 ctum
607 4531 903 4603 baptizatus
927 4534 1171 4602 accipiat,
1200 4549 1305 4587 non
1328 4550 1482 4605 arquo
1509 4535 1690 4589 animo
1712 4535 1837 4607 legit
1864 4550 2019 4609 atque

433 4625 617 4692 audit,
650 4624 856 4678 etiamsi
889 4624 1123 4679 nondum
1160 4624 1298 4679 sicut
1323 4635 1534 4696 oportet
1572 4627 2018 4699 iutcliigit?Quo-

433 4715 595 4771 modo
617 4731 745 4785 ergo
775 4715 970 4786 aliquid
1000 4732 1181 4771 eorum
1211 4733 1328 4786 qua:
1368 4726 1487 4788 post
1513 4720 1879 4776 ascensionem
1911 4718 2019 4777 Do-

430 4808 560 4864 mini
582 4809 779 4881 scripta
805 4819 920 4863 sunt
942 4850 959 4877 ,
994 4826 1098 4864 non
1129 4819 1345 4880 possent
1384 4810 1525 4866 ferre
1552 4811 1831 4883 discipuli,
1858 4815 2016 4873 etiam

429 4903 667 4958 nondum
685 4902 783 4959 sibi
810 4903 974 4960 misso
999 4903 1199 4974 Spiritu
1214 4913 1421 4970 sancto,
1448 4919 1567 4960 cum
1585 4907 1760 4960 omnia
1789 4925 1927 4965 nunc
1944 4909 2020 4967 ie-

428 5006 553 5052 rant
571 4998 936 5054 catccbumeni
953 4998 1185 5055 nondum
1201 4999 1633 5070 acceptoSpiritu
1649 5004 1868 5059 sancto?
1886 5005 2018 5076 Quia

428 5086 529 5143 etsi
564 5101 671 5140 non
688 5087 767 5140 eis
784 5089 1013 5143 ﬁdelium
1028 5101 1356 5147 sacramenta
1375 5091 1687 5161 produntur,
1706 5111 1808 5149 non
1828 5095 1944 5151 ideo
1963 5097 2021 5154 iit

429 5180 572 5254 quod
592 5197 653 5234 ea
674 5179 811 5235 ferre
833 5198 935 5235 non
956 5194 1204 5252 possunt;
1224 5186 1315 5241 scd
1334 5198 1390 5242 ut
1405 5188 1474 5243 ab
1489 5190 1566 5244 eis
1585 5199 1730 5245 tanto
1746 5193 2017 5251 ardentius

428 5276 897 5343 concupiscantur,
926 5286 1124 5347 quanto
1150 5279 1228 5334 eis
1262 5280 1624 5340 honorabilius
1664 5288 2014 5345 occultantur.

500 5369 555 5425 4.
595 5368 950 5442 Quapropter,
974 5369 1269 5427 charissimi
1290 5414 1304 5437 ,
1337 5391 1442 5431 non
1463 5392 1491 5431 a
1520 5379 1673 5435 nobis
1697 5386 2017 5452 exspectetis

428 5461 618 5519 audire
634 5478 751 5533 qua:
773 5470 896 5518 tunc
917 5462 1089 5518 noluit
1109 5462 1362 5519 Dominus
1383 5466 1654 5542 discipulis
1673 5472 1872 5541 dicere,
1892 5478 2013 5547 quia

430 5555 666 5611 nondum
696 5564 939 5628 poterant
962 5555 1048 5612 illa
1072 5564 1318 5626 portare:
1343 5558 1435 5613 sed
1464 5562 1639 5630 ponius
1675 5564 1726 5619 in
1754 5565 2014 5624 charitate

428 5648 704 5721 prolicite,
727 5663 849 5721 qua:
870 5647 1181 5704 diiIunditur
1208 5646 1261 5704 in
1290 5648 1543 5706 cordibus
1566 5654 1758 5710 vestris
1784 5673 1876 5726 per
1893 5654 1986 5729 Spi

491 5765 512 5857 ί
532 5759 1563 5888 ἳξδιίάῖιξῗοϋῗὲνῇΐῗῗέῗέείδὲῗξνῗῧέ.
1577 5777 1607 5816 ³
1626 5773 1733 5818 ω’

1357 339 1423 397 lN
1457 334 1737 398 JOANNIS
1784 298 2251 399 EVANGl-ZLIUM,
2289 333 2345 391 s.
2387 334 2756 394 aucusrun

3521 342 3632 410 im

2124 446 2286 506 ritum
2314 460 2558 507 sanctum
2586 453 2676 524 qui
2724 453 2882 510 datus
2923 463 3007 512 est
3052 458 3200 514 vobis
3239 457 3404 531 (Ross.
3431 463 3578 535 v.6);
3601 475 3682 523 ut

2122 547 2310 619 spiritu
2345 547 2611 606 ferventes
2638 560 2691 605 et
2718 550 3009 621 spiritualia
3035 552 3314 624 diligentes
3330 596 3344 622 ,
3369 556 3647 626 spiritualen

2122 638 2294 695 lucem
2315 640 2752 712 spirituaiemque
2774 654 2960 698 vocem
2978 683 2993 709 ,
3016 658 3171 713 quam
3196 647 3426 703 carnales
3447 648 3649 709 homines

2123 732 2264 790 ferre
2305 748 2409 789 non
2462 744 2715 806 possunt,
2748 752 2853 792 non
2900 737 3082 809 aliquo
3129 739 3281 810 signo
3326 744 3641 811 corporalibus

2122 829 2289 884 oculis
2316 838 2605 901 apparente
2625 872 2641 899 ,
2674 844 2774 888 nec
2801 831 2978 901 aliquo
3004 844 3138 888 sono
3174 835 3516 900 corporalibus
3534 832 3677 901 auri-ﬁ

2121 918 2222 975 bus
2266 920 2596 991 instrepente
2620 963 2634 984 .
2671 922 2766 978 sed
2818 923 3070 979 interiore
3107 936 3387 995 conspectu
3424 938 3472 982 et
3504 931 3653 988 auditu

2120 1026 2280 1069 nosse
2306 1015 2539 1084 possitis.
2567 1014 2685 1070 Non
2716 1017 2859 1071 enim
2891 1014 3123 1086 diligitur
3145 1018 3283 1089 quod
3315 1020 3509 1090 penitus
3529 1023 3652 1094 igno-

2120 1112 2289 1160 ratur.
2335 1105 2439 1161 Sed
2484 1120 2606 1162 cum
2650 1107 2889 1180 diligitur
2930 1110 3070 1180 quod
3117 1124 3182 1165 es
3227 1113 3656 1185 quantulacumque

2122 1206 2273 1269 parte
2296 1201 2651 1270 cognoscitur,
2678 1202 2789 1271 ipsa
2812 1201 3038 1258 cmcitur
3058 1202 3344 1260 dilvctione
3364 1215 3418 1259 ut
3435 1208 3600 1264 melius
3615 1215 3657 1265 st

2120 1289 2328 1363 plenius
2353 1302 2719 1363 cognoscatur.
2749 1293 2804 1349 Si
2835 1306 2963 1365 ergo
3001 1296 3054 1350 in
3092 1294 3349 1351 charitate
3383 1297 3654 1366 proﬁciatis,

2119 1396 2279 1453 quam
2308 1382 2556 1439 diffundit
2596 1386 2647 1440 in
2673 1385 2922 1441 cordibus
2967 1385 3197 1457 Spiritus
3238 1397 3476 1452 sanctus,
3500 1391 3659 1446 docebit

2120 1488 2207 1529 eos
2232 1490 2430 1529 omnem
2456 1478 2748 1533 veritatem:
2778 1477 2860 1534 vel
2884 1522 2898 1545 ,
2931 1480 3066 1537 sicut
3109 1481 3199 1536 alii
3237 1481 3444 1537 codices
3465 1482 3656 1552 habent,

2120 1566 2329 1623 deducet
2374 1584 2460 1623 eos
2500 1571 2555 1624 in
2603 1573 2742 1626 omni
2782 1574 2986 1626 veritate
3016 1570 3089 1643 (α)
3114 1591 3126 1626 :
3151 1572 3294 1629 unde
3336 1574 3520 1629 dictum
3560 1585 3656 1641 est,

2120 1658 2299 1715 Deditc
2328 1678 2406 1715 me
2425 1706 2438 1727 ,
2483 1662 2715 1730 Domine,
2744 1666 2795 1719 in
2816 1666 2897 1719 via
2922 1674 3030 1731 tuo,
3062 1676 3109 1721 et
3137 1664 3402 1721 ombulobo
3425 1668 3473 1722 is
3495 1668 3663 1725 veritate

2122 1758 2209 1805 tua
2238 1750 2406 1823 (νισι.
2455 1769 2659 1820 Lxxxv,
2698 1756 2805 1826 ii).
2836 1756 2926 1813 Sic
2952 1756 3042 1812 ilet
3088 1765 3146 1811 ut
3191 1773 3297 1812 non
3334 1773 3363 1813 a
3402 1760 3660 1818 doctoribus

2120 1842 2475 1899 exterioribus
2501 1843 2588 1899 illa
2616 1845 2833 1900 discatis
2854 1888 2867 1904 .
2898 1858 3019 1918 quin
3066 1849 3237 1905 noluit
3283 1849 3523 1905 Dominus
3562 1862 3663 1909 tunc

2119 1933 2326 1998 dicere,
2359 1935 2452 1991 sed
2481 1936 2597 1991 sitis
2632 1952 2821 1994 omnes
2845 1938 3101 1995 docibiles
3130 1939 3240 1994 Deo
3267 1938 3439 2013 (lacn.
3466 1959 3536 2007 vr,
3562 1943 3658 2015 45);

2119 2036 2179 2083 ut
2206 2043 2267 2084 ea
2310 2027 2422 2098 Ipsa
2451 2046 2570 2099 quze
2599 2045 2693 2098 per
2718 2031 2977 2086 lectiones
3004 2041 3167 2101 atque
3204 2049 3471 2088 sermones
3494 2037 3660 2091 extrin-

2119 2133 2275 2175 secus
2298 2120 2565 2176 adhibitos
2590 2120 2848 2177 didicistis
2872 2116 2926 2177 et
2948 2124 3252 2179 credidistis
3278 2124 3346 2179 de
3376 2135 3546 2180 natura
3583 2126 3657 2182 Dei

2120 2225 2226 2265 non
2253 2224 2506 2282 corporea
2527 2254 2541 2275 ,
2573 2227 2672 2268 nec
2703 2213 2820 2268 loco
2860 2215 3039 2284 aliquo
3070 2213 3278 2270 inclusa
3298 2256 3311 2280 ,
3343 2231 3440 2271 nec
3464 2231 3549 2286 per
3573 2217 3665 2271 inti.

2119 2302 2229 2357 nita
2270 2304 2436 2372 spatia
2468 2304 2702 2358 locorqu
2738 2306 2889 2375 quasi
2930 2306 3070 2360 mole
3104 2306 3370 2370 distenta,
3392 2307 3481 2362 sed
3505 2308 3665 2377 ubique

2120 2401 2230 2449 tota
2260 2402 2310 2449 et
2343 2394 2575 2464 perfecta
2602 2403 2658 2449 et
2704 2396 2909 2450 inﬁnita
2932 2436 2948 2463 ,
2980 2398 3095 2452 sine
3143 2398 3406 2454 nitoribus
3428 2399 3664 2466 colorum,

2121 2485 2237 2541 siue
2279 2484 2463 2555 ﬁguris
2512 2486 2990 2551 lineamentorum,
3023 2488 3137 2544 sine
3196 2495 3338 2545 notis
3384 2490 3665 2556 litterarum,

2120 2578 2240 2633 sine
2264 2579 2404 2633 serie
2425 2579 2768 2650 syllabarum,
2791 2580 2904 2649 ipsa
2931 2589 3110 2635 mente
3128 2582 3438 2651 ron~piccre
3464 2584 3665 2637 valeatis.

2121 2666 2263 2724 Ecce
2293 2667 2402 2723 dixi
2431 2669 2626 2739 aliquid
2654 2670 2796 2739 quod
2823 2670 2959 2725 forte
2997 2670 3119 2725 inde
3139 2672 3242 2733 sit,
3272 2682 3325 2726 et
3353 2682 3521 2729 tamen
3544 2687 3668 2728 acce-

2121 2761 2310 2832 pistis;
2340 2771 2395 2817 et
2422 2778 2526 2818 non
2555 2764 2727 2817 solum
2768 2762 2907 2818 ferre
2935 2766 3183 2834 potuistis
3203 2805 3220 2831 ,
3245 2780 3429 2821 verum
3455 2767 3595 2822 etiam
3615 2766 3668 2822 lio

2120 2852 2312 2910 heutcr
2334 2854 2576 2909 audistis.
2612 2855 2715 2912 Sed
2755 2856 2845 2911 ille
2887 2856 3138 2926 magister
3190 2857 3424 2924 interior,
3452 2859 3536 2929 qui
3572 2874 3669 2915 cura

2122 2946 2298 3005 adhuc
2319 2946 2597 3017 discipulis
2623 2947 2858 3007 exterius
2878 2946 3210 3017 loqueretur.
3235 2949 3331 3013 ait,
3351 2949 3521 3004 Adhuc
3540 2950 3672 3003 multa

2124 3037 2282 3093 habeo
2310 3038 2447 3093 vobis
2471 3037 2668 3105 dicere,
2700 3037 2790 3093 sed
2836 3054 2937 3093 non
2966 3044 3177 3108 potestis
3224 3050 3425 3113 portare
3461 3040 3616 3107 modo,
3635 3040 3670 3098 si

2123 3129 2283 3187 vellet
2310 3129 2463 3186 nobis
2492 3129 2542 3185 id
2567 3128 2710 3201 quod
2748 3130 2821 3186 de
2868 3130 3184 3200 incorporea
3216 3133 3309 3187 Dei
3354 3142 3526 3188 uatum
3548 3133 3667 3194 dixi.

2124 3220 2446 3276 intrinsecus
2470 3222 2540 3277 ita
2562 3220 2775 3287 dicere,
2806 3220 2940 3277 sicut
2965 3222 3166 3279 Sanctis
3195 3224 3409 3295 Angelis
3430 3224 3575 3289 dicit,
3600 3222 3670 3293 qui

2124 3325 2339 3382 semper
2364 3311 2543 3369 vident
2577 3313 2761 3369 [aciem
2792 3312 2962 3368 Patris
2992 3313 3206 3382 (Matth.
3241 3330 3394 3381 avni,
3424 3314 3535 3390 l0);
3559 3330 3675 3370 nua-i

2124 3400 2253 3465 dum
2281 3418 2341 3458 ca
2371 3413 2582 3473 portare
2617 3418 2913 3472 possemus.
2958 3403 3194 3463 Proinde
3213 3406 3355 3478 quod
3381 3408 3479 3473 ait,
3500 3403 3672 3467 Decet“

2124 3511 2210 3551 uos
2231 3513 2428 3553 omnem
2456 3497 2744 3562 veritatem,
2769 3496 2880 3552 vel.
2910 3497 3119 3555 deducet
3140 3514 3232 3556 vos
3256 3501 3307 3555 in
3328 3502 3458 3557 omni
3485 3500 3670 3573 veritate,

2124 3604 2232 3644 non
2258 3588 2490 3644 arbitror
2514 3588 2568 3644 in
2600 3589 2700 3645 hac
2736 3589 2843 3645 vita
2890 3590 2942 3651 in
2984 3591 3301 3661 cujusquam
3341 3603 3512 3649 mente
3544 3598 3675 3663 posts

2123 3682 2377 3753 compleri
2416 3680 2575 3755 (quis
2619 3682 2762 3738 enim
2797 3683 2982 3739 vivens
3035 3684 3086 3739 in
3145 3683 3256 3743 hoc
3302 3700 3517 3756 corpore
3557 3679 3673 3755 quod

2123 3777 2481 3846 corrumpitur
2498 3786 2553 3833 et
2576 3786 2827 3848 aggravat
2852 3777 3084 3833 animam
3111 3774 3272 3850 [ευρ.
3306 3794 3378 3843 ut,
3406 3774 3506 3851 lii].
3535 3776 3674 3848 possit

2123 3884 2337 3925 omnem
2361 3882 2687 3940 cognoscere
2728 3869 3038 3935 veritatem;
3068 3884 3192 3925 cum
3223 3870 3366 3927 dicat
3391 3869 3670 3942 ApOstoltts,

2123 3960 2209 4018 Ea:
2228 3972 2370 4031 parte
2390 3962 2576 4017 scimus
2587 3961 2669 4032 1’);
2694 3959 2787 4017 sed
2803 3961 2925 4031 quia
2955 3976 3049 4031 per
3073 3961 3331 4030 Spiritum
3356 3969 3577 4020 sanctum
3597 3960 3668 4029 ﬁt,

2122 4053 2265 4108 unde
2306 4068 2446 4108 nunc
2480 4054 2670 4124 pignus
2708 4052 3010 4121 accepimus
3045 4051 3121 4120 (ll
3152 4052 3272 4108 Cor.
3308 4069 3359 4119 ι,
3387 4054 3514 4124 22),
3548 4062 3598 4108 ut
3619 4050 3671 4107 sti

2122 4148 2293 4217 ipsam
2341 4161 2550 4216 quoque
2582 4143 2967 4217 plenitudinem
2997 4144 3276 4202 veniamus
3307 4163 3323 4201 :
3349 4146 3416 4202 de
3438 4161 3531 4217 qua
3559 4143 3669 4199 idem

2122 4238 2251 4294 dicit
2274 4238 2575 4308 apostolus,
2611 4237 2750 4291 Tunc
2773 4247 2941 4292 autem
2963 4237 3097 4307 facie
3115 4239 3186 4291 ad
3211 4240 3428 4309 faciem;
3454 4248 3522 4303 et,
3548 4237 3592 4291 Ν
3597 4251 3673 4289 unc

2121 4332 2227 4388 scio
2253 4348 2317 4386 ex
2346 4338 2520 4401 parte,
2548 4339 2665 4384 tunc
2703 4338 2869 4383 autent
2908 4346 3211 4401 cognoscam
3238 4331 3367 4386 sicut
3392 4340 3435 4386 et
3478 4330 3674 4403 cognitus

2121 4441 2234 4479 sum
2262 4423 2303 4495 (i
2330 4421 2448 4479 Cor.
2481 4437 2604 4485 xm,
2632 4414 2696 4485 9,
2728 4420 2817 4492 12)
2852 4439 2865 4476 :
2901 4438 3005 4476 non
3049 4422 3191 4491 quod
3235 4422 3289 4477 in
3337 4421 3435 4478 hac
3461 4423 3555 4475 vita
3593 4419 3674 4474 scit

2123 4525 2327 4581 totum,
2364 4514 2505 4587 quod
2552 4530 2717 4585 uscpie
2759 4515 2824 4569 ad
2858 4514 3001 4570 illam
3050 4512 3428 4584 perfectionem
3472 4512 3673 4571 futurum

2122 4609 2278 4665 nobis
2312 4609 2566 4662 Dominus
2593 4606 2835 4678 promisit
2865 4624 2960 4678 per
2985 4608 3299 4663 charitatem
3330 4608 3576 4677 Spiritus,
3602 4602 3673 4659 di-

2122 4715 2283 4767 cens,
2313 4699 2520 4754 Docebit
2549 4715 2634 4754 vos
2675 4715 2873 4753 omnem
2914 4699 3208 4766 veritatem;
3234 4699 3346 4767 vel,
3377 4697 3572 4753 deducet
3603 4708 3672 4749 sos

2121 4795 2175 4850 in
2196 4794 2330 4850 omni
2360 4794 2581 4848 veritate.

2194 4888 2247 4943 5.
2289 4886 2418 4954 Qum
2459 4902 2581 4941 cum
2622 4886 2694 4942 ita
2723 4884 2864 4951 sint,
2896 4886 3255 4952 dilectissimi,
3287 4900 3473 4943 moneo
3507 4897 3593 4939 vos
3626 4879 3670 4936 in

2123 4979 2381 5039 charitate
2405 4978 2636 5042 Christi,
2680 4987 2736 5033 ut
2779 4980 3089 5034 seductores
3116 4980 3350 5035 caveatis
3383 4981 3598 5048 impurus
3627 4980 3672 5028 et

2121 5072 2391 5130 obscmna:
2413 5070 2753 5140 turpitudinis
2779 5079 2968 5134 sectas,
2993 5070 3063 5127 de
3088 5071 3283 5141 quibus
3299 5070 3372 5126 ait
3395 5065 3668 5140 Apostolus,

2126 5164 2253 5233 Qua:
2290 5171 2455 5218 autem
2501 5163 2692 5219 occulte
2732 5163 2862 5232 ﬁunt
2901 5161 3135 5230 abistis,
3161 5170 3310 5234 tarps
3345 5171 3415 5218 est
3450 5169 3496 5215 et
3533 5158 3668 5215 dicere

2123 5259 2335 5332 (Ephes.
2370 5273 2427 5322 ν,
2457 5257 2545 5329 12)
2573 5275 2588 5313 :
2612 5274 2678 5313 ne
2705 5273 2827 5314 cum
2872 5257 3166 5314 horrendas
3207 5255 3551 5313 immunditiis
3584 5249 3664 5303 ὀο·

2122 5369 2245 5411 cere
2292 5355 2581 5421 euenerint.
2623 5367 2756 5422 quas
2804 5352 3050 5407 humanas
3091 5366 3249 5409 aures
3288 5352 3665 5423 qualescumqso

2122 5446 2230 5503 sint
2247 5489 2261 5507 .
2295 5454 2504 5516 portare
2531 5459 2637 5499 non
2668 5452 2926 5514 possunt,
2955 5443 3139 5499 dicunt
3175 5445 3288 5514 ipsa
3312 5452 3429 5499 esse
3448 5451 3556 5509 qua
3582 5431 3665 5487 θοι

2121 5538 2300 5595 minus
2341 5538 2443 5599 ait,
2473 5535 2653 5591 Adhuc
2676 5536 2839 5590 multa
2883 5533 3042 5590 habeo
3081 5533 3215 5593 vobis
3254 5534 3448 5597 dicere,
3469 5527 3552 5585 sed
3578 5532 3663 5580 ul

2122 5630 2327 5704 potestis
2352 5640 2553 5701 portare
2582 5628 2771 5693 modo;
2798 5636 2852 5683 et
2889 5642 2988 5699 per
3010 5627 3265 5700 Spiritum
3288 5633 3515 5682 sanctum
3533 5629 3659 5676 μεθ’

2121 5732 2243 5780 rant
2271 5722 2464 5778 (ierint
2490 5721 2695 5792 possint
2722 5720 2813 5778 illa
2840 5720 3116 5779 immunda
3143 5728 3198 5780 et
3224 5717 3443 5778 nefanda
3460 5705 3653 5787 parmi-

2186 5834 2259 5898 (α)
2279 5840 2449 5897 αωοον
2465 5832 2700 5899 θύεσθα-
