3926 6368
217 345 343 404 11⁸17

208 463 318 520 Alia
342 467 469 521 sunt
493 455 633 512 male
656 465 775 524 quat
800 459 1015 522 portare
1042 461 1148 503 non
1174 453 1351 517 potest
1377 444 1778 516 qualiscumque

209 553 369 628 pudor
394 550 684 609 humans;
711 553 766 600 et
793 544 897 599 alia
925 550 1049 597 sitat
1090 541 1226 595 bona
1262 554 1381 609 quas
1419 547 1635 609 portare
1669 551 1777 592 non

209 655 373 722 potest
407 653 604 715 parvus
625 655 814 699 conisus
841 639 1140 728 humanas:
1164 637 1262 694 ista
1303 635 1437 690 [lum
1462 635 1515 690 in
1539 632 1778 704 corpori-

209 743 300 799 bus
326 735 607 807 impudicis
625 774 640 797 ,
669 733 754 790 illa
786 737 992 789 remota
1021 739 1144 784 sunt
1169 745 1198 784 a
1222 728 1537 799 corporibus
1558 727 1773 782 univero

207 834 306 897 tis;
337 830 434 885 hoc
454 829 661 898 impura
688 840 852 881 carne
874 822 1247 888 committitur,
1278 819 1405 875 illud
1442 835 1570 889 pura
1599 825 1776 873 mente

205 924 282 979 vix
301 920 554 978 cernitur.
578 936 598 972 t
624 915 970 974 Renovamini
991 929 1120 986 ergo
1146 913 1332 984 spiritu
1362 912 1552 967 mentis
1580 920 1776 968 vestrm

211 1037 231 1072 ι
248 1016 456 1089 (Ephes.
481 1030 564 1077 tv,
586 1013 705 1082 25),
730 1030 749 1063 ι
777 1021 833 1066 et
854 1009 1130 1078 iutelligite
1155 1023 1273 1076 qua:
1293 1008 1364 1063 sit
1389 1008 1629 1062 voluntas
1657 1003 1772 1070 Dei,

204 1111 330 1183 quod
348 1109 545 1164 bonum
563 1117 646 1162 est
669 1114 722 1160 et
751 1103 1138 1174 hrneplaeitum
1155 1111 1208 1156 et
1236 1099 1526 1170 perfectum
1554 1116 1572 1150 ι
1598 1094 1771 1167 (Reus.

203 1219 298 1262 xu.
325 1202 423 1272 2):
455 1219 476 1253 ι
506 1209 566 1254 ut
607 1199 660 1254 in
688 1197 947 1254 charitate
970 1193 1189 1251 radicati
1215 1204 1267 1248 et
1294 1193 1491 1248 fundati
1511 1229 1527 1256 ,
1558 1190 1775 1262 possitis

203 1293 649 1364 comprehendere
678 1306 799 1346 cum
825 1288 1072 1345 omnibus
1100 1287 1332 1352 sanctis,
1362 1301 1480 1356 quae
1507 1282 1573 1338 sit
1603 1281 1774 1351 longi~

203 1389 352 1450 tudo,
401 1385 655 1452 latitudo,
702 1382 927 1439 altitudo
969 1390 1024 1436 et
1065 1378 1413 1450 profundum;
1453 1387 1776 1446 cognoscere

200 1484 344 1537 etiam
369 1477 857 1550 snperemlneutem
885 1473 1122 1529 scientiae
1149 1471 1459 1525 charitatem
1479 1465 1693 1526 Christi.
1721 1473 1778 1521 ut

199 1572 512 1644 impleamini
541 1571 594 1626 in
618 1583 835 1624 omnem
867 1564 1247 1638 plenitudinem
1276 1563 1364 1615 Dei
1394 1579 1412 1612 ι
1445 1559 1664 1629 (Ephes.
1693 1572 1770 1625 In,

201 1665 397 1730 17.19).
439 1662 551 1719 Isto
577 1663 720 1718 enim
747 1658 908 1715 modo
933 1673 1030 1712 vos
1065 1656 1278 1712 docebit
1309 1653 1538 1725 Spiritus
1559 1657 1775 1706 sanctus

199 1775 396 1817 omnem
424 1757 711 1813 Veritatem
730 1797 745 1822 ,
773 1765 895 1810 cum
923 1750 1093 1823 magis
1133 1749 1405 1821 magisque
1435 1743 1694 1802 didundet
1720 1741 1775 1798 in

198 1851 434 1910 cordibus
461 1850 660 1906 vestris
686 1848 1026 1903 cbaritatem.

663 1971 1075 2035 TRACTATUS
1113 1967 1316 2029 XCVII.

655 2093 724 2151 In
760 2094 985 2152 eamdem
1026 2090 1304 2146 lectionem.

259 2218 306 2271 1.
330 2213 796 2286 Spiritnssanctus
820 2223 976 2279 quem
999 2204 1240 2276 promisit
1266 2201 1520 2256 Dominus
1541 2213 1601 2255 se
1615 2196 1774 2254 disci-

199 2307 318 2379 pulis
341 2307 459 2362 suis
485 2320 606 2361 esse
627 2303 912 2358 missurum
934 2339 950 2364 ,
979 2298 1066 2368 qui
1091 2313 1185 2350 eos
1209 2295 1427 2350 doceret
1450 2305 1662 2346 omnem
1683 2304 1777 2348 ve-

199 2399 392 2453 ritatem
413 2438 432 2464 ,
469 2411 628 2467 quam
658 2404 782 2448 tunc
805 2390 1018 2461 quando
1043 2403 1163 2443 cum
1185 2385 1263 2440 eis
1292 2384 1626 2454 loquebatur,
1649 2395 1773 2452 por-

200 2498 299 2546 tare
325 2504 433 2544 non
472 2494 752 2557 poterant:
784 2483 852 2538 de
875 2496 982 2552 quo
1006 2479 1203 2549 Spiritu
1234 2485 1454 2539 saneto,
1485 2475 1624 2529 sicut
1645 2472 1775 2527 dicit

199 2584 509 2654 Apostolus,
541 2594 681 2634 nunc
727 2579 910 2650 pignus
957 2573 1265 2642 accepimus
1318 2568 1382 2640 (ll
1420 2566 1538 2624 Cor.
1570 2583 1623 2631 ι,
1652 2563 1772 2634 23),

199 2691 291 2747 quo
316 2677 487 2730 verbo
515 2672 930 2742 intelligeremus
971 2666 1088 2734 ejus
1131 2661 1507 2734 plenitudinem
1537 2657 1691 2713 nobis
1719 2658 1773 2712 in

199 2766 290 2820 vita
313 2767 415 2820 alia
453 2763 710 2819 reservari
740 2779 752 2812 :
779 2761 891 2830 ipse
912 2772 1038 2826 ergo
1067 2756 1294 2824 Spiritus
1315 2761 1528 2807 sanctus
1553 2759 1607 2806 et
1633 2762 1774 2803 nunc

199 2856 338 2912 docet
365 2855 593 2918 ﬁdeles,
625 2860 820 2922 quanta
852 2849 1073 2918 quisque
1101 2849 1276 2916 potest
1299 2859 1490 2913 capere
1521 2841 1771 2911 spiritua-

199 2947 285 3012 lia;
307 2957 358 3002 et
398 2956 593 3002 uirium
621 2951 835 3014 pectora
866 2939 1130 2996 desiderio
1157 2935 1358 3004 majore
1392 2932 1702 2995 succendit,
1725 2931 1773 2987 si

198 3041 403 3111 quisque
421 3039 479 3092 in
506 3052 568 3092 ea
583 3035 843 3090 charitate
867 3031 1128 3102 proﬁciat,
1151 3044 1251 3098 qua
1269 3037 1324 3083 et
1339 3027 1521 3095 diligat
1538 3025 1769 3095 cognita,

199 3127 626 3198 “cognoscenda
655 3124 962 3182 desideret:
994 3123 1063 3175 ita
1094 3127 1154 3175 ut
1179 3134 1240 3174 ea
1275 3133 1484 3188 qnmpie
1513 3118 1624 3186 ipsa
1653 3131 1773 3186 qum

200 3240 320 3279 nunc
329 3219 832 3295 qmuuodoeumque
842 3213 1135 3285 cognoscit,
1153 3211 1384 3266 nondum
1397 3225 1457 3265 se
1468 3210 1604 3264 scire
1615 3209 1766 3275 sciat,

199 3316 316 3372 sicut
333 3315 555 3373 scienda
576 3322 700 3368 sunt
726 3311 778 3365 in
791 3325 854 3363 ea
875 3308 979 3363 vita
999 3322 1158 3376 quant
1183 3320 1282 3360 nec
1295 3304 1478 3359 oculus
1504 3303 1652 3368 vidit,
1674 3316 1773 3358 nec

197 3413 322 3464 auris
347 3406 687 3470 audivit,ttec
704 3405 756 3458 in
785 3416 880 3457 cor
897 3399 1130 3454 hominis
1153 3394 1389 3450 ascendit
1415 3395 1455 3466 (l
1480 3393 1596 3448 Cur.
1616 3409 1673 3459 ιι,
1691 3393 1768 3462 9).

198 3499 297 3566 QII)
319 3499 530 3556 sciendi
560 3495 740 3559 modo,
767 3494 813 3549 si
845 3507 985 3548 nunc
1011 3505 1074 3546 ea
1105 3489 1264 3543 vellet
1288 3487 1504 3542 interior
1520 3486 1772 3556 magister

199 3591 384 3657 dicere,
403 3591 456 3646 id
478 3599 585 3655 est,
611 3599 807 3642 nostra:
833 3585 996 3640 menti
1023 3581 1230 3652 aperire
1254 3590 1413 3647 atque
1438 3587 1767 3644 monstrare;

201 3684 414 3742 humana
431 3683 710 3739 inﬁrmitas
738 3688 952 3749 portare
970 3693 1074 3732 non
1096 3682 1293 3746 posset.
1314 3672 1464 3729 Unde
1486 3687 1571 3727 me
1592 3680 1771 3726 vestra

202 3774 408 3832 Dilerttio
433 3773 675 3830 meminit
696 3771 807 3838 jam
840 3770 1072 3824 locutum
1091 3807 1106 3830 ,
1138 3780 1258 3820 cum
1300 3764 1466 3818 sancti
1500 3761 1769 3832 Evangelii

201 3870 345 3924 verba
390 3876 775 3925 tractaremus,
804 3863 894 3918 nbi
950 3859 1203 3915 Dominus
1243 3858 1350 3922 ait,
1383 3856 1563 3916 Adhuc
1610 3856 1771 3910 multa

204 3959 342 4017 habeo
364 3959 508 4016 vobis
527 3958 731 4023 dicere,
762 3954 851 4009 sed
882 3969 980 4007 non
1008 3950 1212 4023 potestis
1233 3957 1434 4018 portare
1457 3944 1624 4001 modo.
1653 3945 1768 4001 Non

203 4055 310 4108 utin
332 4053 416 4108 his
430 4049 636 4107 Domini
655 4048 835 4105 verbis
850 4046 1030 4101 nescio
1049 4058 1168 4114 qua:
1188 4051 1391 4098 secreta
1415 4041 1570 4095 nimis
1591 4039 1768 4096 abdita

203 4146 536 4214 aspicemur,
560 4156 682 4212 quae
700 4154 823 4195 cum
853 4137 956 4192 dici
999 4151 1029 4190 a
1059 4135 1286 4189 docente
1315 4132 1537 4201 possint,
1569 4128 1769 4200 portari

203 4235 472 4292 adiacente
505 4250 610 4288 non
638 4231 842 4302 possint
874 4228 1005 4284 :sed
1042 4242 1104 4282 ea
1147 4227 1258 4295 ipsa
1297 4240 1414 4293 quat
1441 4223 1495 4278 in
1530 4223 1767 4278 doetrina

203 4327 456 4398 religionis
480 4327 531 4381 in
557 4322 916 4394 quorumlibet
949 4319 1219 4374 hominum
1252 4316 1437 4370 notitia
1467 4314 1689 4385 legimus
1715 4323 1771 4370 et

203 4421 494 4483 scribimus,
525 4416 770 4470 audimus
813 4423 868 4468 et
903 4411 1159 4468 dicimus.
1211 4407 1256 4463 si
1301 4406 1458 4460 vellet
1498 4421 1564 4460 eo
1609 4404 1768 4460 modo

205 4511 344 4572 nobis
366 4510 607 4565 Christus
653 4506 832 4562 dicere
851 4543 866 4567 ,
895 4503 1030 4558 sicut
1068 4515 1131 4556 ea
1169 4499 1298 4554 dicit
1329 4497 1546 4568 Angelis
1571 4497 1768 4552 sanctis

205 4600 250 4655 in
276 4603 441 4672 seipse
463 4601 733 4670 unigenito
753 4597 923 4653 Patris
951 4595 1126 4650 Verbo
1144 4635 1160 4657 ,
1193 4592 1440 4662 Patrique
1465 4600 1764 4657 eoa-terno;

204 4696 397 4763 quinam
426 4704 638 4763 portare
663 4689 909 4744 homines
931 4695 1176 4756 possent,
1205 4685 1364 4741 etiam
1385 4683 1428 4736 si
1450 4684 1558 4750 jam
1585 4690 1768 4737 essent

207 4784 509 4853 spirituales,
530 4783 718 4854 quales
737 4780 911 4836 adhuc
925 4778 1159 4848 Apostoli
1180 4793 1282 4831 non
1307 4775 1536 4840 luerunt,
1555 4774 1766 4844 quando

207 4874 292 4929 ista
330 4878 404 4932 eis
450 4876 712 4932 Dominus
760 4871 1092 4939 loquebatur,
1123 4869 1410 4938 qualesque
1448 4877 1630 4936 postea
1674 4881 1766 4922 ver

210 4969 364 5026 nieate
389 4982 576 5026 sancto
601 4968 799 5038 Spiritu
827 4964 947 5019 lacti
967 4963 1127 5019 sunt?
1155 4963 1287 5017 Nam
1315 4963 1491 5031 utique
1513 4959 1766 5032 quidquid

210 5057 265 5115 de
293 5072 529 5118 creatura
578 5058 702 5114 sciri
754 5065 967 5128 potest,
997 5055 1170 5108 minus
1217 5061 1300 5107 est
1347 5054 1460 5123 ipso
1488 5052 1762 5118 (lt-calore,

209 5152 284 5221 qui
323 5167 559 5208 summus
606 5159 658 5206 ot
705 5163 860 5204 verus
891 5159 945 5203 et
990 5143 1332 5199 immutabilis
1375 5157 1454 5197 est
1492 5143 1650 5198 Deus.
1702 5141 1767 5196 Et

205 5245 306 5314 quis
326 5261 444 5302 eum
471 5242 648 5300 tacet?
678 5241 775 5298 Ubi
798 5255 902 5295 non
932 5255 961 5293 a
989 5237 1286 5309 legentibus
1304 5275 1320 5297 ,
1347 5235 1761 5306 disputantibus,

200 5339 574 5405 quaerentibus,
605 5333 1085 5404 respondentibus,
1136 5327 1503 5389 latnlautibus,
1541 5335 1763 5382 cantau-

200 5427 353 5498 tibus,
388 5427 767 5502 quoquomodo
811 5421 1324 5483 sermocinantibus,
1373 5428 1644 5491 postremo
1697 5419 1764 5475 ab

199 5520 312 5592 ipsis
338 5526 495 5578 etiam
523 5518 1014 5591 blasphemantibus
1034 5512 1374 5571 nominatur?
1405 5513 1468 5566 lit
1493 5526 1612 5569 eum
1640 5526 1760 5568 eum

201 5628 343 5669 nemo
370 5624 565 5678 taceat,
593 5613 712 5684 quis
737 5619 819 5667 est
846 5611 934 5682 qui
964 5625 1086 5666 eum
1113 5609 1253 5663 sicut
1282 5604 1654 5677 intelligendus
1682 5612 1764 5660 est

203 5709 383 5776 capiat,
413 5723 533 5764 cum
556 5708 627 5764 de
648 5707 831 5762 oribus
854 5714 909 5762 et
934 5703 1152 5759 auribus
1177 5701 1450 5756 hominum
1481 5715 1589 5756 non
1615 5714 1759 5754 rece-

209 5794 318 5852 htt
329 5797 458 5866 Quis
472 5808 558 5857 est
574 5797 727 5870 cuius
745 5797 894 5855 acies
905 5795 977 5854 ad
992 5808 1123 5855 eum
1141 5792 1339 5852 mentis
1360 5790 1613 5852 accedat?
1629 5791 1761 5860 Quis

1245 327 1657 386 TRACTATUS
1691 327 1897 387 ιαγιι.
1938 330 2165 390 ϐὶΡυΤ
2202 330 2343 392 XVI.

3326 352 3467 412 1878

1885 449 1967 497 est
2013 443 2101 513 qni
2153 459 2275 500 eum
2325 445 2634 504 Trinitatem
2677 464 2800 508 esse
2841 453 3066 522 scisset,
3105 457 3210 515 nisi
3248 461 3362 532 Ipse
3389 465 3470 524 sio

1885 535 2220 596 innotescere
2262 542 2551 599 voluisset?
2579 544 2646 600 Et
2682 547 2803 616 quis
2844 547 3114 607 hominum
3165 554 3278 622 jam
3311 558 3469 619 istam

1883 630 2036 686 sileat
2094 632 2408 690 Trinitatem
2445 653 2459 690 ι
2500 645 2556 693 et
2604 647 2782 696 tamen
2818 643 2941 712 quis
3000 643 3277 703 hominum
3329 651 3470 708 sicut

1883 722 2071 794 Angeli
2119 725 2289 793 sapiat
2330 726 2682 788 Trlnitatem?
2732 732 2809 788 Ea
2865 735 2978 804 ipsa
3033 751 3164 808 ergo
3214 756 3336 811 qme
3397 741 3469 800 de

1882 814 1979 870 Dei
2017 819 2349 887 aeternitate,
2381 825 2642 892 veritate,
2667 825 2982 896 salictitate,
3013 829 3068 884 in
3119 843 3364 900 promptu
3411 842 3469 891 et

1881 909 2054 977 palam
2097 912 2212 966 sine
2253 918 2552 972 cessatione
2589 916 2864 986 dicuntur,
2905 920 2976 975 ab
3013 921 3134 978 aliis
3184 923 3353 990 bene,
3395 927 3468 982 ab

1879 1000 1996 1054 aliis
2024 1002 2160 1057 male
2186 1004 2551 1075 intelliguntur
2575 1023 2589 1062 :
2618 1010 2723 1063 imo
2749 1010 2822 1065 ab
2843 1011 2961 1068 aliis
2988 1011 3370 1082 intelliguntur,
3395 1015 3468 1072 ab

1877 1093 1999 1149 aliis
2032 1112 2134 1152 non
2165 1099 2544 1170 intelliguntur.
2577 1101 2676 1172 Qui
2706 1106 2848 1160 enim
2877 1109 3018 1163 male
3046 1110 3320 1178 intelligit,
3357 1125 3465 1168 non

1880 1183 2138 1258 intell'git.
2168 1191 2249 1244 Ab
2275 1192 2353 1247 eis
2374 1193 2500 1262 ipsis
2519 1207 2695 1250 autem
2717 1213 2748 1252 a
2775 1198 2969 1269 quibus
2994 1200 3127 1255 bene
3155 1203 3465 1272 intelliguna

1881 1285 1984 1341 tur,
2011 1281 2078 1333 ab
2107 1282 2222 1337 aliis
2268 1285 2471 1350 minus.
2500 1287 2570 1342 ab
2594 1288 2710 1341 aliis
2749 1292 2980 1358 amplius
3021 1294 3215 1346 utentis
3263 1294 3463 1349 v-vacio.

1882 1380 1987 1426 tate
2013 1385 2320 1438 eormmtnr,
2348 1388 2397 1429 et
2421 1394 2449 1431 a
2478 1380 2624 1433 nullo
2669 1379 2943 1437 hominum
2968 1385 3108 1439 sicut
3152 1385 3220 1438 ab
3247 1387 3465 1453 Angelis

1878 1465 2176 1527 capiuntur.-
2211 1465 2265 1518 In
2297 1469 2405 1534 ipsa
2445 1483 2574 1538 ergo
2615 1483 2822 1536 mente.
2851 1472 2952 1526 hoc
2993 1485 3076 1527 est
3117 1475 3167 1527 in
3210 1475 3466 1534 interiora

1881 1554 2129 1620 homine,
2169 1557 2561 1626 quodammodo
2602 1565 2877 1629 crescitur,
2924 1573 3030 1618 non
3077 1565 3249 1619 solum
3297 1576 3353 1620 ut
3394 1566 3467 1625 ad

1879 1650 2055 1704 cibum
2095 1664 2125 1703 a
2169 1649 2304 1705 laete
2349 1661 2671 1720 transeatur,
2699 1670 2883 1709 verum
2921 1657 3080 1711 etiam
3132 1666 3189 1711 ut
3233 1659 3467 1727 ampliul

1885 1751 2045 1811 atque
2073 1744 2300 1812 amplius
2325 1744 2477 1798 cibus
2505 1746 2618 1815 ipse
2637 1756 2894 1800 sumatur.
2926 1747 3040 1802 Non
3065 1759 3238 1804 autem
3261 1751 3467 1806 cresciu

1883 1840 1968 1886 tu‘r
1995 1834 2229 1902 spatiosa
2257 1835 2400 1890 mole
2415 1873 2437 1902 ,
2455 1837 2549 1891 aed
2575 1837 2920 1907 intelligentia
2951 1839 3210 1895 luminosa
3234 1858 3248 1906 ;
3273 1843 3393 1912 quia
3410 1851 3468 1900 et

1880 1922 1996 1994 ipse
2019 1924 2170 1980 cibus
2195 1925 2539 1997 intelligibilis
2560 1927 2646 1982 lux
2669 1937 2768 1983 est.
2791 1927 2861 1984 Ut
2879 1945 3008 2000 ergo
3023 1944 3296 1996 crescatts,
3316 1949 3468 1988 eum»

1877 2032 1985 2086 que
2007 2018 2260 2088 capiatis,
2289 2027 2346 2073 et
2382 2031 2581 2089 quanto
2620 2021 2786 2090 magis
2827 2022 3100 2085 crescitis,
3129 2031 3275 2077 tanto
3300 2024 3471 2094 magis

1881 2109 2157 2178 magisque
2179 2110 2432 2178 capiatis;
2463 2126 2570 2166 non
2585 2111 2732 2167 abeo
2758 2112 2975 2168 doctore
3001 2115 3088 2183 qui
3110 2116 3298 2170 vestris
3323 2117 3468 2172 auri-

1877 2199 1978 2257 bus
1993 2212 2167 2266 armat,
2188 2205 2290 2258 hoc
2306 2211 2407 2271 est,
2427 2202 2720 2259 forinsecus
2735 2206 3009 2274 operando
3026 2206 3226 2276 plantat
3240 2217 3294 2263 et
3310 2209 3467 2278 rigat,

1877 2292 1972 2348 sed
2004 2294 2072 2348 ab
2097 2310 2164 2348 eo
2190 2295 2279 2364 qui
2305 2294 2396 2349 dat
2435 2296 2823 2353 incrementum
2849 2298 2892 2370 (ι
2921 2297 3044 2354 Cor.
3071 2311 3147 2366 m,
3177 2300 3254 2372 6),
3283 2310 3470 2371 petere

1876 2399 1943 2439 ac
1963 2401 2184 2455 sperare
2211 2386 2442 2442 debetis.

1945 2475 2002 2532 2.
2052 2477 2312 2544 Proinde,
2357 2479 2494 2534 sicut
2538 2483 2807 2549 praeterito
2832 2495 3081 2537 sermone
3113 2484 3465 2548 commoniti.

1876 2579 2096 2637 cavete,
2144 2571 2374 2627 maxime
2409 2571 2498 2642 qui
2526 2573 2727 2642 parvuli
2755 2574 2886 2628 estis
2911 2583 2964 2630 et
2993 2575 3166 2631 adhuc
3196 2578 3468 2636 alimentis

1879 2661 2064 2718 lacteis
2104 2664 2350 2732 indigetis
2368 2705 2384 2729 ,
2421 2680 2490 2719 ne
2518 2664 2818 2720 hominibus
2837 2666 2935 2720 sub
2959 2666 3056 2722 hac
3075 2669 3354 2724 occasione
3373 2670 3469 2726 de-

1875 2753 2044 2821 ceptis
2067 2767 2132 2808 ac
2151 2754 2542 2823 deceptoribus,
2566 2754 2690 2825 quia
2715 2755 2968 2810 Dominus
2988 2757 3082 2824 ait,
3108 2757 3288 2813 Adhuc
3306 2758 3468 2818 multa

1877 2843 2036 2925 habeo
2069 2845 2205 2902 vobis
2232 2844 2432 2913 dicere,
2457 2844 2547 2900 sed
2571 2859 2671 2900 non
2701 2847 2904 2915 potestis
2932 2857 3132 2917 portare
3155 2849 3304 2904 modo
3320 2891 3337 2918 ,
3363 2866 3466 2908 δικ

1875 2952 1991 2994 rem
2037 2939 2304 2994 euriosam
2350 2937 2632 3007 praebentis
2672 2937 2739 2993 ad
2776 2937 3039 3008 incognita
3067 2940 3312 3004 scienda,
3340 2959 3466 3002 cum

1874 3039 2082 3086 mentes
2102 3029 2361 3085 invalidas
2393 3028 2630 3084 habeatis
2650 3029 2715 3084 ad
2739 3045 2860 3085 vera
2882 3040 2934 3085 et
2957 3029 3084 3085 falsa
3105 3030 3463 3101 dijudicanda:

1875 3123 2106 3176 maxime
2154 3129 2371 3192 propter
2420 3121 2854 3177 obscmuissimas
2899 3123 3288 3191 turpitudines,
3333 3139 3466 3194 quas

1874 3214 2056 3271 docuit
2090 3226 2300 3270 satanas
2338 3214 2542 3269 animas
2585 3213 2860 3270 instabiles
2901 3226 3060 3283 atque
3089 3217 3363 3282 carnales,
3393 3216 3462 3274 ad

1876 3307 1977 3362 hoc
2025 3307 2133 3361 Deo
2167 3307 2414 3370 sinente,
2441 3315 2500 3359 ut
2527 3305 2640 3374 ejus
2666 3304 2860 3374 ubique
2889 3305 2997 3361 sint
3023 3310 3294 3362 tremenda
3316 3307 3468 3374 indi.-

1873 3397 1986 3462 cia,
2029 3405 2084 3452 et
2124 3396 2175 3450 in
2217 3393 2612 3465 comparatioIie
2656 3395 2877 3464 impurae
2915 3395 3162 3464 nequitia:
3198 3397 3467 3454 dulcescat

1874 3492 2156 3560 purissima
2181 3487 2457 3556 disciplina
2483 3504 2500 3552 ;
2526 3495 2686 3558 atque
2706 3497 2763 3541 ut
2790 3487 2862 3542 illi
2886 3488 2974 3544 det
3000 3487 3277 3554 honorem,
3304 3489 3463 3545 timo-

1873 3595 1986 3640 rem
2015 3589 2191 3634 autem
2223 3579 2307 3634 vel
2337 3579 2592 3648 pudorem
2625 3578 2724 3632 sibi
2749 3618 2766 3643 ,
2791 3577 2881 3647 qui
2911 3578 2962 3630 in
2995 3579 3078 3631 illa
3107 3580 3238 3631 tnala
3267 3580 3345 3632 vel
3372 3579 3464 3634 illo

1874 3681 2090 3742 regente
2135 3687 2244 3726 non
2285 3670 2512 3737 cecidit,
2559 3669 2644 3725 vel
2683 3669 2775 3724 illo
2811 3669 2934 3723 inde
2972 3669 3180 3723 levante
3208 3670 3461 3726 surrexit.

1871 3763 2068 3820 Cavete
2090 3762 2324 3818 timendo
2344 3771 2397 3818 et
2423 3761 2652 3826 orando,
2680 3776 2748 3816 ne
2772 3759 2987 3818 irruatis
3007 3761 3057 3814 in
3089 3760 3214 3815 illud
3236 3761 3461 3831 aenigma

1871 3854 2170 3915 Salomonis
2189 3897 2205 3923 ,
2237 3855 2330 3910 ubi
2355 3855 2537 3908 mulier
2561 3853 2803 3924 insipiens
2829 3862 2876 3907 et
2904 3852 3076 3907 audax
3095 3894 3108 3918 ,
3139 3852 3286 3921 inops
3315 3853 3464 3925 panis

1873 3948 2049 4015 elfecta
2069 3989 2086 4016 ,
2114 3957 2372 4002 convocat
2397 3955 2781 4017 praetereuntes
2805 3945 2989 4000 dicens
3012 3985 3026 4009 ,
3050 3943 3222 3999 Panes
3241 3946 3463 4002 occultos

1874 4040 2081 4096 libenter
2125 4040 2390 4110 attingite,
2433 4047 2479 4092 et
2518 4053 2665 4108 aquae
2705 4038 2906 4108 furtivae
2935 4037 3250 4091 dulcedinem
3276 4037 3456 4110 (Prov.

1872 4149 1922 4189 Ix
1946 4173 1960 4195 ,
2005 4132 2212 4202 15-17).
2256 4131 2380 4186 llznc
2404 4131 2543 4186 enim
2574 4129 2764 4185 mulier
2787 4129 2993 4182 vanitas
3021 4138 3100 4182 est
3128 4129 3409 4197 impiorum
3437 4173 3452 4195 ,

1871 4240 1992 4280 cum
2015 4226 2121 4280 sint
2155 4222 2605 4294 insipientissimi,
2630 4220 2829 4290 aliquid
2858 4236 2914 4275 se
2940 4221 3076 4276 scire
3104 4221 3456 4290 opinantium,

1871 4317 2007 4374 sicut
2044 4317 2114 4372 de
2159 4317 2257 4372 ista
2285 4317 2505 4371 muliere
2534 4314 2731 4370 dictant
2761 4322 2877 4381 est,
2902 4313 3050 4384 inops
3081 4314 3227 4385 panis
3254 4312 3453 4381 eﬂ'ecta.

1870 4410 2000 4478 Quae
2023 4425 2142 4464 cum
2167 4409 2236 4464 sit
2257 4409 2410 4480 inops
2431 4408 2599 4478 panis,
2630 4407 2883 4477 promittit
2908 4421 3069 4476 panes
3092 4423 3107 4471 ;
3136 4406 3186 4462 id
3208 4417 3310 4474 est,
3334 4423 3457 4463 cum

1870 4503 1941 4558 sit
1969 4503 2150 4574 ignara
2182 4502 2419 4560 veritatis
2437 4541 2454 4568 ,
2488 4501 2748 4570 promittit
2775 4500 3050 4555 scientiam
3074 4500 3328 4554 veritatis.
3353 4499 3459 4556 0c-

1871 4596 2050 4652 cultos
2096 4606 2270 4651 tamen
2301 4609 2465 4665 panes
2494 4592 2784 4667 promittit,
2816 4606 2952 4663 quos
2978 4591 3106 4647 dicit
3133 4592 3357 4646 libenter
3378 4601 3461 4648 at-

1871 4689 1997 4758 tingi
2020 4729 2036 4752 ,
2077 4697 2132 4743 et
2168 4703 2320 4758 aqua:
2357 4685 2568 4742 furtiva!
2591 4685 2925 4740 dulcedinem
2951 4700 2966 4746 ;
2995 4694 3052 4739 ut
3081 4699 3141 4740 ea
3168 4684 3366 4740 scilicet
3395 4683 3461 4740 li-

1869 4779 2083 4834 bentius
2105 4788 2158 4834 et
2179 4779 2384 4834 dulcius
2407 4777 2692 4833 audiantur
2713 4786 2766 4830 ct
2785 4786 3038 4846 agantur,
3066 4792 3180 4847 qua'
3208 4778 3378 4848 palam
3403 4776 3458 4834 in

1868 4870 2103 4928 Ecclesia
2125 4870 2228 4924 dici
2250 4869 2500 4939 credique
2529 4868 2894 4937 prohibentur.
2926 4867 3038 4931 Ipsa
3062 4867 3257 4936 quippe
3277 4867 3457 4922 occulo

1871 4963 2068 5018 latione
2089 4961 2343 5015 condiunt
2361 4956 2752 5030 quodammodo
2777 4956 2961 5011 nefarii
2982 4955 3228 5009 doctores
3253 4970 3346 5009 sua
3367 4971 3461 5012 ve-

1869 5069 2002 5108 nena
2044 5052 2309 5115 curiosis;
2357 5059 2412 5104 ut
2456 5049 2574 5104 ideo
2615 5065 2673 5104 se
2699 5048 2999 5120 exi~:tiuneu_t
3026 5047 3219 5118 aliquid
3249 5047 3459 5106 discere

1868 5159 2152 5214 magnum.
2194 5141 2313 5210 quia
2358 5140 2549 5195 meruit
2590 5138 2784 5192 habere
2823 5148 3084 5192 secretum
3109 5180 3124 5203 ,
3167 5150 3218 5194 et
3245 5140 3456 5194 suavius

1870 5235 2113 5290 hauriant
2143 5233 2494 5303 insipientiam
2520 5273 2534 5294 ,
2568 5247 2722 5300 quam
2755 5240 2939 5301 putant
2963 5231 3237 5286 scientiam
3260 5273 3276 5298 ,
3306 5230 3457 5302 cujus

1867 5327 2187 5399 prohibitam
2215 5323 2605 5396 quodammodo
2632 5322 2873 5377 furantur
2900 5322 3238 5378 audientiam.

1938 5419 1991 5473 5.
2036 5418 2168 5471 llinc
2205 5425 2257 5470 ct
2297 5413 2527 5468 nefarios
2557 5415 2689 5468 ritus
2719 5428 2845 5467 Suos
2873 5412 3172 5466 hominibus
3201 5409 3453 5480 sacrilega

1867 5510 2172 5567 curiositate
2198 5506 2435 5574 deceptis
2460 5505 2540 5561 vel
2567 5503 2893 5576 decipiendis
2919 5502 3236 5571 magicorum
3260 5500 3453 5554 artium

1867 5601 2106 5658 doctrina
2156 5597 2512 5652 commendat.
2562 5596 2696 5651 lliuc
2744 5596 2846 5649 illac
2886 5593 3077 5646 illicitte
3103 5590 3454 5648 divinationes

1867 5696 2118 5768 inSpectis
2153 5693 2412 5765 pecudum
2452 5692 2745 5748 visceribus
2768 5688 3096 5753 occisorum,
3124 5696 3215 5739 aut
3239 5685 3453 5742 Vocibus

1865 5797 1923 5847 et
1958 5788 2218 5846 volatibus
2259 5786 2467 5851 avium,
2512 5793 2604 5840 aut
2625 5781 2795 5854 signis
2815 5777 3230 5836 multiformibus
3254 5777 3456 5834 damo-
