3926 6366
475 329 614 392 1870

474 459 640 508 num,
686 442 1090 497 insusumntur
1125 433 1344 489 auribus
1389 431 1665 487 hominum
1713 430 2070 501 periturorum

477 555 575 614 per
619 534 880 606 colloquia
928 530 1277 602 perditorum.
1313 528 1536 598 Propter
1562 526 1678 582 hmo
1707 525 1886 581 illicita
1915 532 2074 594 atque

478 628 740 704 punienda
766 632 994 686 secreta,
1025 623 1220 677 mulier
1246 621 1330 674 illa
1356 635 1458 674 non
1490 620 1663 674 solum
1691 619 1958 688 insipiens,
1985 629 2077 670 ve-

474 738 594 777 rum
637 717 810 772 audax
851 717 1011 770 etiam
1057 720 1410 782 nuncupatur.
1440 710 1548 768 Sed
1575 713 1688 766 haec
1713 725 1820 764 non
1845 709 2020 764 solum
2043 721 2075 760 a

473 828 535 868 re
580 812 720 881 ipsa,
764 823 950 862 verum
995 813 1050 860 et
1076 822 1105 859 a
1138 804 1356 860 nomine
1380 814 1576 859 nostra:
1605 803 1878 873 religionis
1903 801 2077 856 aliena

475 901 623 960 Sunt.
665 899 801 969 Quid
843 897 984 969 quod
1026 896 1216 952 mulier
1243 896 1358 950 haec.
1383 896 1640 966 insipiens
1665 903 1720 949 et
1743 893 1911 948 audax
1932 933 1948 959 ,
1978 889 2078 947 sub

474 991 770 1050 christiano
815 987 1072 1044 vocabulo
1120 996 1196 1042 tot
1241 985 1498 1043 scelestas
1546 986 1777 1040 haereses
1805 982 2075 1048 condidit,

477 1094 558 1140 tot
605 1081 862 1138 nefandas
906 1080 1109 1135 fabulas
1158 1078 1353 1133 tinxit?
1398 1081 1610 1136 utinam
1653 1078 1786 1131 tales
1815 1073 2000 1145 quales
2027 1073 2079 1127 in

479 1175 702 1230 theatris
749 1173 865 1229 sive
906 1181 1208 1235 cantantur,
1227 1169 1339 1225 sive
1377 1170 1668 1234 saltantur,
1718 1166 1832 1221 sive
1866 1165 2079 1220 mimica

475 1267 801 1324 scurrilitate
843 1265 1124 1332 ridentur;
1169 1274 1225 1320 et
1265 1279 1372 1319 non
1401 1263 1661 1334 quasdam
1693 1262 1825 1316 tales
1847 1302 1864 1327 ,
1895 1259 2080 1330 quales

421 1372 431 1379 ·
475 1360 734 1416 adversus
787 1359 953 1414 Deum
1000 1359 1197 1428 lingere
1237 1359 1475 1426 potuisse
1517 1355 1595 1410 sic
1633 1354 1776 1408 illam
1803 1351 2081 1407 doleamus

475 1452 868 1521 insipientiam,
918 1458 976 1504 ut
1022 1449 1277 1504 miremur
1321 1446 1618 1501 audaciam.
1665 1443 1865 1498 Omnes
1900 1449 2080 1495 autem

474 1544 899 1614 insipientissitni
931 1543 1190 1606 heretici,
1220 1541 1310 1610 qui
1341 1556 1399 1594 se
1426 1538 1751 1593 christianos
1775 1535 1955 1591 vocari
1980 1550 2079 1589 vo-

473 1638 626 1702 lunt,
677 1638 927 1693 audacias
974 1635 1347 1706 ﬁgmentorum
1392 1646 1646 1694 suorum,
1692 1646 1826 1701 quas
1852 1629 2082 1684 maxime

472 1729 726 1786 exhorret
759 1743 951 1785 sensus
980 1727 1244 1781 humanus
1263 1767 1280 1792 ,
1309 1725 1592 1780 occasione
1614 1723 1935 1794 evangelicae
1953 1738 2077 1777 seu-

470 1822 658 1878 tentia:
700 1821 946 1876 colorare
987 1826 1277 1883 conantur,
1324 1816 1414 1872 ubi
1459 1815 1717 1871 Dominus
1755 1815 1862 1880 ait,
1901 1815 2081 1868 Adhuc

475 1915 637 1968 multa
670 1911 828 1966 habeo
854 1909 993 1965 vobis
1023 1909 1210 1976 dicere,
1229 1909 1318 1965 sed
1343 1925 1443 1963 non
1461 1908 1667 1980 potestis
1683 1920 1887 1979 portare
1902 1909 2077 1965 modo:

472 2004 624 2078 quasi
651 2003 765 2058 lucc
789 2003 902 2073 ipsa
925 2004 1032 2057 sint
1055 2018 1173 2073 qua:
1201 2010 1327 2058 tunc
1348 2001 1594 2072 discipuli
1617 2009 1832 2070 portare
1857 2019 1963 2058 non
1986 2018 2081 2073 po-

471 2104 685 2164 terant,
731 2105 788 2152 et
829 2111 890 2151 ea
937 2095 1180 2150 docuerit
1220 2095 1448 2165 Spiritus
1473 2101 1724 2160 sanctus,
1754 2110 1875 2165 quae
1904 2095 2079 2164 palam

472 2189 671 2245 docere
700 2196 862 2259 atque
892 2187 1213 2258 praedicare,
1245 2187 1578 2256 quantalibet
1604 2183 1804 2240 feratur
1829 2185 2074 2250 audacia,

473 2285 696 2355 Spiritus
719 2282 990 2337 erubescit
1013 2280 1337 2336 immundus.

548 2374 603 2428 4.
635 2373 746 2429 Hos
764 2373 1052 2443 Apostolus
1079 2371 1132 2426 in
1156 2370 1359 2441 Spiritu
1384 2378 1570 2424 sancto
1599 2369 1897 2439 praevidens
1919 2370 1936 2401 ¹
1963 2370 2074 2425 ait:

480 2486 502 2520 ι
535 2466 654 2523 Erit
689 2466 830 2522 enim
876 2475 1084 2536 tempus
1110 2480 1217 2536 quo
1243 2478 1426 2519 sanam
1454 2463 1749 2519 doctrinam
1780 2478 1884 2517 non
1914 2463 2077 2518 susti-

474 2560 711 2626 nebunt,
764 2559 859 2616 sed
904 2558 1198 2615 secundum
1245 2557 1508 2613 desideria
1538 2572 1633 2611 sua
1664 2556 1946 2627 magistros
1975 2555 2078 2610 sibi

473 2651 866 2710 coacervabunt
894 2651 1196 2722 prurientes
1231 2650 1412 2704 auditu
1439 2667 1453 2704 :
1485 2657 1539 2704 et
1565 2663 1596 2702 a
1626 2648 1847 2703 veritate
1863 2647 2077 2718 quidem

474 2742 713 2799 auditum
743 2757 897 2796 suum
927 2750 1202 2806 avertent,
1237 2740 1304 2794 ad
1331 2739 1537 2795 fabulas
1556 2751 1735 2794 autem
1757 2748 2075 2794 converten-

477 2843 592 2892 tur»
627 2835 693 2906 (ll
719 2834 848 2889 Tim.
873 2851 948 2902 1v,
976 2836 1028 2898 5,
1057 2834 1133 2905 4).
1164 2833 1254 2888 Illa
1284 2833 1427 2888 enim
1454 2833 1645 2888 secreti
1677 2830 1910 2901 furtique
1924 2846 2074 2888 eom-

482 2929 801 2985 memoratio
830 2943 931 2998 qua
945 2928 1160 2992 dicitur,
1183 2924 1351 2979 Panes
1362 2924 1581 2979 occultos
1599 2923 1808 2978 libenter
1822 2925 2070 2994 attingite,

476 3030 526 3077 et
562 3036 707 3092 aqua:
736 3020 934 3091 furtim
953 3019 1291 3080 dulcedinem,
1313 3016 1576 3087 pruritum
1600 3015 2076 3071 facitaudientibus

477 3114 535 3170 in
585 3113 806 3168 auribus
854 3113 1200 3183 Spiritualiter
1235 3110 1656 3172 fornicantihus,
1698 3109 1841 3169 sicut
1869 3111 2076 3180 pruritu

478 3209 708 3283 quodam
733 3208 962 3263 libidinis
983 3209 1142 3263 etiam
1173 3206 1226 3261 in
1247 3221 1409 3260 carne
1428 3203 1786 3274 corrumpitur
1802 3204 2076 3273 integritas

479 3302 762 3358 casntatis.
816 3298 1014 3356 Audite
1060 3299 1239 3369 itaque
1259 3297 1572 3366 Apostolum
1615 3295 1738 3349 talia
1778 3294 2076 3364 pra2viden—

481 3405 630 3462 tum,
687 3404 740 3450 ct
790 3409 854 3450 ea
903 3392 1118 3448 vitanda
1172 3391 1456 3446 salubriter
1480 3389 1857 3445 admonentem
1890 3408 1904 3444 :
1940 3387 2076 3445 Pro-

481 3491 630 3563 fanas
648 3532 664 3555 ,
703 3488 872 3558 inquit
895 3529 908 3550 ,
935 3485 1198 3540 verborum
1228 3486 1470 3539 novitates
1499 3485 1626 3537 evita
1655 3498 1674 3537 :
1704 3483 1920 3538 multum
1944 3483 2078 3538 enim

480 3581 754 3652 proﬁciunt
793 3579 860 3632 ad
899 3579 1246 3648 impietatem,
1290 3586 1336 3631 et
1363 3593 1527 3630 sermo
1549 3592 1720 3629 eorum
1749 3575 1878 3630 sicut
1898 3592 2078 3631 cancer

481 3675 638 3744 serpit
676 3672 783 3744 (Id.
816 3688 884 3738 ιι,
921 3672 1020 3736 l6,
1053 3671 1164 3742 l7).
1196 3670 1264 3724 Et
1291 3685 1393 3724 non
1421 3670 1524 3736 ait,
1557 3669 1842 3725 verborum
1875 3670 2080 3726 novita-

482 3773 569 3821 tes
593 3782 608 3829 ;
640 3765 732 3820 sed
758 3764 988 3830 addidit,
1019 3768 1281 3834 profanas.
1313 3763 1446 3819 Sunt
1471 3763 1612 3818 enim
1639 3774 1693 3819 et
1710 3763 1966 3821 doctrinae
1988 3781 2080 3822 reo

483 3855 696 3927 ligionis
723 3865 1078 3925 congruentes
1104 3854 1384 3910 verborum
1417 3855 1707 3922 novitates,
1738 3857 1876 3912 sicut
1905 3859 2078 3928 ipsum

481 3964 682 4004 nomen
723 3948 1142 4003 Christianorum
1169 3948 1381 4019 quando
1405 3949 1507 4004 dici
1535 3951 1793 4021 coeperit,
1822 3950 2078 4020 scriptum

482 4050 587 4098 est.
619 4041 674 4096 In
707 4028 988 4095 Antiochia
1019 4040 1160 4096 enim
1185 4041 1410 4112 primum
1434 4051 1551 4110 post
1571 4043 1941 4098 ascensionem
1971 4042 2078 4096 Do-

482 4133 614 4191 mini
658 4132 908 4205 appellati
947 4143 1071 4188 sunt
1099 4133 1341 4204 discipuli
1368 4133 1692 4200 Christiani,
1727 4135 1859 4190 sicut
1888 4136 2079 4207 legitur

481 4231 538 4284 in
565 4229 786 4290 Actibus
814 4230 1189 4298 Apostolorum
1221 4227 1360 4297 (Act.
1388 4245 1439 4282 ιιι
1461 4271 1474 4294 ,
1499 4228 1590 4300 9.6)
1625 4246 1638 4281 ε
1665 4241 1721 4283 et
1747 4228 2077 4285 xenodochia

483 4329 540 4377 et
569 4319 890 4374 monasteria
915 4329 1097 4388 postea
1125 4328 1251 4373 sunt
1275 4319 1538 4388 appellata
1563 4321 1715 4374 novis
1741 4321 2042 4376 nominibus
2060 4364 2075 4388 ,

483 4427 573 4466 res
594 4420 770 4465 tamen
803 4411 930 4478 ipsa:
953 4418 1005 4463 ct
1025 4418 1148 4463 ante
1171 4408 1384 4461 nomina
1407 4425 1500 4462 sua
1523 4418 1676 4464 erant
1696 4451 1710 4473 ,
1733 4421 1788 4465 et
1807 4412 2078 4482 religionis

485 4501 710 4555 veritate
739 4505 1015 4553 tirmantur
1035 4541 1050 4565 ,
1080 4515 1181 4568 qua
1201 4499 1361 4552 etiam
1384 4509 1571 4553 contra
1592 4500 1864 4570 improbos
1890 4504 2075 4559 defen-

483 4594 703 4649 duntur.
739 4591 1008 4646 Advcrsus
1034 4591 1358 4659 impietatem
1381 4607 1593 4661 quoque
1619 4593 1934 4648 Arianorum
1967 4595 2077 4650 lue-

485 4687 773 4741 reticorum
815 4700 1011 4738 novum
1043 4699 1237 4738 nomen
1270 4684 1440 4738 Patris
1471 4685 1796 4740 l-lomousion
1823 4686 2077 4744 condide-

483 4788 611 4836 runt
654 4797 668 4832 :
715 4777 809 4834 sed
840 4794 944 4831 non
974 4794 1087 4832 rem
1121 4792 1310 4831 novam
1343 4777 1432 4831 tali
1459 4778 1671 4834 nomine
1697 4778 2074 4849 signaverunt;

483 4874 587 4929 hoc
614 4875 754 4928 enim
780 4882 1003 4928 vocatur
1030 4871 1356 4926 llomousion
1375 4915 1390 4938 ,
1414 4871 1555 4943 quod
1581 4881 1663 4927 cst
1682 4913 1696 4935 ,
1720 4871 1834 4944 Ego
1855 4884 1899 4927 et
1919 4872 2076 4930 Pater

481 4985 641 5022 unum
660 4986 832 5022 sumus
856 4965 1033 5040 (Joan.
1064 4983 1097 5021 ι
1117 5008 1132 5032 ,
1158 4967 1271 5037 50),
1292 4967 1449 5022 unius
1470 4966 1712 5022 videlicet
1733 4966 2076 5040 ejusdemque

483 5061 816 5116 substantize.
849 5059 981 5114 Nam
1010 5060 1054 5113 si
1085 5060 1260 5114 omnis
1291 5059 1497 5114 novitas
1525 5060 1740 5130 profana
1767 5068 1946 5126 esset,
1978 5076 2075 5116 nec

479 5171 511 5210 a
555 5152 780 5208 Domino
819 5151 1085 5206 diceretur
1108 5193 1124 5218 ,
1171 5151 1472 5206 Mandatum
1507 5168 1686 5206 novum
1717 5153 1782 5206 do
1805 5152 1940 5206 vobis
1963 5152 2073 5224 (Id.

479 5263 572 5303 xm
597 5288 612 5312 ,
643 5245 733 5314 3t)
759 5262 773 5310 ;
798 5259 896 5298 nec
917 5243 1320 5300 Testamentum
1343 5247 1699 5316 appellaretur
1722 5247 1950 5314 Novum,
1975 5264 2074 5304 nec

477 5349 784 5398 cantaretur
827 5337 878 5391 in
925 5336 1170 5391 universa
1214 5347 1352 5393 terra
1392 5338 1667 5393 Canticum
1715 5355 1930 5395 novum.
1965 5339 2072 5395 Sed

476 5437 714 5509 profatur:
738 5440 864 5486 sunt
889 5430 1174 5485 verborum
1205 5431 1464 5487 novitates
1484 5474 1496 5496 ,
1529 5433 1618 5487 ubi
1638 5433 1768 5489 dicit
1789 5437 1970 5490 mulier
1992 5435 2072 5490 in-

475 5529 664 5599 sipiens
701 5534 748 5578 et
787 5523 960 5578 audax
997 5539 1015 5577 :
1054 5521 1226 5578 Panes
1260 5523 1481 5579 occultos
1508 5523 1716 5580 libenter
1738 5528 1995 5600 attingite,
2023 5540 2071 5583 et

477 5637 621 5692 aqua:
664 5620 862 5690 furtiva:
902 5618 1234 5674 dulcedinem.
1278 5617 1361 5672 Ab
1397 5617 1494 5674 hac
1520 5619 1896 5685 pollicitatione
1923 5621 2070 5679 falsa:

477 5711 713 5766 scientiae
743 5710 988 5780 prohibet
1014 5711 1173 5766 etiam
1200 5709 1294 5766 illo
1321 5709 1440 5766 loco
1468 5711 1757 5782 Apostolus
1783 5713 1872 5770 ubi
1897 5713 2025 5770 dicit
2051 5733 2064 5771 :

543 5824 560 5854 ⁸
582 5824 668 5872 sic.
688 5829 761 5872 Er.
781 5825 926 5887 Lugd.
952 5831 1006 5877 et
1025 5832 1146 5878 Ven.
1176 5840 1189 5870 τ
1217 5836 1318 5880 Hoc
1342 5827 1646 5894 Apostolus...
1685 5807 1971 5894 prrcvidens;
2009 5841 2064 5883 st.

1399 314 1463 372 IN
1499 311 1778 373 JOANNIS
1816 307 2286 376 EVANGELIUBI,
2329 307 2388 366 S.
2428 309 2795 371 AUGUSTINI

3607 329 3725 392 I880

2189 445 2209 478 ι
2255 425 2300 481 Ο
2329 426 2626 494 Timothee,
2659 431 2958 501 depositum
2985 434 3228 504 custodi,
3253 436 3492 499 devitans
3513 447 3730 516 profanas

2182 533 2369 576 vocum
2383 523 2664 589 novitates,
2687 533 2741 580 et
2749 527 3200 588 contradictiones
3215 531 3326 587 falsi
3349 537 3573 593 nominis
3588 543 3732 601 scien-

2184 615 2272 670 tia:
2295 657 2310 682 ,
2341 632 2500 687 quam
2523 618 2737 688 quidam
2767 623 3169 692 promittentes,
3199 627 3336 683 circa
3369 629 3524 686 ﬁdem
3549 638 3728 693 excide-

2184 719 2307 763 runt
2336 729 2354 761 ι
2382 711 2423 780 (Ι
2455 711 2583 765 Tim.
2611 728 2692 778 vr,
2719 712 2834 787 20).
2863 715 3005 771 Nihil
3027 719 3168 773 enim
3196 720 3272 775 sic
3299 733 3480 778 amant
3501 726 3581 781 isti
3601 745 3730 799 quam

2184 800 2458 856 scientiam
2475 804 2783 872 promittere
2798 823 2813 870 ;
2835 816 2889 862 et
2903 807 3059 864 [idem
3073 825 3251 865 rerum
3265 828 3508 869 verarum
3520 833 3636 888 quas
3648 837 3733 878 ere.

2185 892 2314 949 dere
2345 896 2547 964 parvuli
2579 898 2977 968 praecipiuntur,
2995 902 3140 957 velut
3159 905 3476 974 imperitiam
3502 909 3728 969 deridere.

2257 986 2312 1040 5.
2356 986 2510 1042 Dicet
2535 988 2726 1058 aliquis
2755 1007 2769 1043 :
2802 991 3014 1048 Nihilne
3042 994 3344 1064 spirituales
3371 999 3471 1053 viri
3498 1000 3672 1058 habent
3694 1007 3731 1060 in

2187 1077 2426 1133 doctrina
2451 1119 2466 1142 ,
2507 1081 2652 1150 quod
2691 1084 2993 1140 carnalibus
3037 1095 3279 1153 taceant,
3322 1099 3378 1145 et
3417 1093 3735 1161 spiritualibus

2186 1170 2544 1240 eloquamur?
2585 1173 2640 1229 Si
2685 1176 3042 1246 respondero,
3089 1179 3207 1233 Non
3249 1179 3480 1247 habent,
3524 1188 3734 1243 continuo

2187 1262 2317 1316 mihi
2343 1262 2549 1318 dicetur
2568 1280 2632 1320 ex
2663 1266 2894 1336 Epistula
2917 1269 2982 1323 ad
3010 1269 3320 1327 Corinthios
3337 1276 3562 1343 apostoli
3583 1278 3733 1335 Pauli:

2194 1371 2213 1404 ι
2244 1352 2360 1408 Non
2390 1357 2534 1423 potui
2557 1357 2706 1411 vobis
2737 1358 2879 1429 loqui
2901 1362 3051 1431 quasi
3079 1363 3452 1431 spiritualibus
3471 1409 3487 1433 ,
3512 1370 3600 1424 sed
3618 1375 3738 1440 quasi

2187 1446 2506 1501 carnalibus.
2546 1447 2706 1514 Quasi
2735 1452 2966 1519 parvulis
2989 1452 3042 1507 in
3069 1452 3283 1510 Christo
3309 1455 3396 1512 lac
3423 1459 3570 1513 vobis
3589 1471 3736 1530 potum

2187 1536 2331 1602 dedi,
2355 1555 2459 1594 non
2483 1555 2658 1595 escam
2681 1559 2695 1605 ;
2719 1543 2951 1598 nondum
2972 1547 3112 1600 enim
3139 1551 3401 1616 poteratis
3422 1570 3436 1605 :
3457 1553 3548 1607 sed
3568 1571 3652 1610 nec
3667 1557 3739 1611 ad-

2187 1628 2290 1686 huc
2304 1631 2518 1702 quidem
2538 1635 2788 1705 potestis;
2807 1636 2981 1692 adhuc
3001 1639 3142 1693 enim
3164 1642 3293 1696 estis
3313 1643 3584 1700 carnales»
3597 1646 3737 1717 (lCor.

2189 1736 2276 1786 ιιι,
2308 1725 2402 1778 let
2423 1723 2480 1791 2)
2506 1742 2520 1787 ;
2552 1735 2605 1779 et
2633 1725 2788 1790 illud,
2809 1745 2826 1777 ι
2866 1728 3191 1798 Sapientiam
3212 1733 3740 1809 loquimurinterper-

2186 1813 2353 1869 tectos
2377 1833 2391 1880 ;
2429 1835 2448 1868 ι
2474 1824 2529 1870 et
2551 1816 2697 1882 illud,
2728 1817 3132 1889 «Spiritualibus
3155 1823 3454 1892 Spiritualia
3473 1843 3742 1898 comparan-

2189 1915 2268 1963 tes
2311 1924 2323 1960 :
2366 1909 2608 1964 animalis
2648 1920 2824 1966 autem
2843 1911 3003 1968 homo
3031 1929 3136 1969 non
3162 1918 3741 1991 percipitqucesuntSpi-

2186 1999 2414 2055 ritusDei
2442 2018 2456 2067 ;
2481 2001 2699 2057 stultitia
2719 2003 2860 2058 enim
2882 2013 2963 2060 est
2979 2005 3050 2060 illi
3065 2026 3083 2058 ι
3106 2006 3212 2077 (Id.
3226 2025 3282 2073 ιι,
3303 2011 3363 2078 6,
3386 2012 3454 2066 15
3471 2023 3517 2066 et
3536 2013 3632 2084 lt).
3656 2014 3740 2070 Hoc

2187 2099 2357 2147 totum
2378 2095 2536 2165 quale
2563 2096 2652 2162 sit,
2680 2111 2746 2152 ne
2769 2111 2952 2154 rursus
2974 2110 3190 2170 pr0pter
3211 2101 3334 2159 haec
3355 2105 3515 2160 verba
3537 2107 3736 2178 Apostoli

2185 2186 2422 2257 profanis
2457 2203 2647 2243 vocum
2683 2190 3008 2246 novitatibus
3041 2206 3245 2250 secreta
3272 2207 3608 2266 quaerantur,
3631 2210 3738 2254 etes

2185 2295 2302 2350 qua:
2323 2280 2481 2337 debet
2500 2291 2766 2338 castorum
2794 2285 3013 2355 spiritus
3032 2303 3336 2361 corpusque
3361 2292 3550 2361 vitare,
3573 2293 3740 2350 dicatur

2184 2375 2423 2430 carnales
2464 2377 2728 2433 sustinere
2765 2393 2871 2434 non
2898 2394 3055 2449 posse
3078 2423 3093 2448 ,
3121 2396 3376 2438 sermone
3400 2385 3504 2442 alio
3525 2386 3569 2440 si
3593 2386 3739 2440 Domi-

2183 2480 2284 2520 nus
2326 2466 2634 2533 donaverit,
2684 2469 3062 2540 diSputandum
3106 2482 3218 2540 est,
3261 2483 3323 2530 ut
3355 2475 3471 2547 jam
3496 2477 3638 2533 istum
3660 2477 3737 2532 ali-

2181 2558 2394 2630 quando
2412 2559 2742 2615 claudamus.

2645 2673 3058 2736 TRACTATUS
3087 2679 3312 2736 XCVIII.

2665 2787 2731 2844 In
2762 2792 2986 2846 eamdem
3014 2794 3291 2849 lectionem.

2255 2926 2308 2979 1.
2353 2926 2430 2982 Ex
2453 2927 2630 2982 verbis
2651 2928 2859 2984 Domini
2884 2931 3084 2997 nostri,
3110 2931 3199 2988 ubi
3223 2933 3394 3002 dicit,
3423 2935 3595 2992 Adhuc
3616 2937 3740 2992 multa

2183 3019 2340 3075 habeo
2383 3022 2517 3079 vobis
2562 3024 2759 3092 dicere,
2809 3025 2899 3079 sed
2945 3043 3046 3080 non
3092 3030 3299 3099 potestis
3343 3042 3551 3102 portare
3588 3033 3732 3094 modo.

2183 3122 2421 3166 exortam
2459 3113 2726 3172 difficilem
2767 3117 3115 3186 quaestionem
3155 3137 3241 3175 me
3280 3124 3468 3178 recolo
3485 3123 3736 3186 distulisse,

2183 3213 2242 3256 ut
2268 3204 2390 3260 inde
2413 3206 2635 3261 otiosius
2663 3217 2985 3264 tractaretur
3007 3211 3022 3241 ¹
3046 3253 3061 3276 ,
3091 3213 3215 3283 quia
3242 3214 3390 3269 illum
3428 3216 3608 3272 modus
3623 3230 3739 3272 com-

2183 3305 2371 3367 petens
2395 3299 2746 3367 compellebat
2772 3301 2923 3356 ﬁnire
2949 3317 3270 3370 sermoncm.
3307 3305 3470 3364 Nunc
3493 3324 3610 3380 ergo
3631 3323 3738 3378 quo-

2183 3390 2325 3444 niam
2370 3399 2576 3462 tempus
2608 3403 2690 3448 est
2732 3395 2987 3463 promissa
3017 3397 3311 3465 reddendi,
3345 3410 3676 3468 pertractetur
3693 3407 3735 3454 ut

2183 3480 2440 3538 Dominus
2463 3486 2574 3554 ipse
2597 3484 2868 3540 donaverit
2894 3528 2909 3552 ,
2935 3488 3022 3557 qui
3052 3489 3201 3544 cordi
3226 3501 3414 3546 nostro
3440 3504 3490 3548 ut
3518 3506 3738 3564 propone-

2183 3582 2332 3629 retur
2369 3575 2605 3646 ingi-ssit.
2653 3577 2776 3632 llaec
2801 3589 2885 3634 est
2911 3591 3087 3635 autern
3114 3583 3340 3650 qua'stio
3371 3603 3383 3638 :
3420 3595 3590 3641 utrum
3613 3583 3737 3654 spiri-

2186 3666 2352 3721 tuales
2377 3666 2619 3722 homines
2641 3670 2868 3725 habeant
2888 3672 3082 3742 aliquid
3117 3675 3166 3728 in
3190 3673 3440 3730 doctrina
3462 3719 3477 3742 ,
3499 3676 3626 3748 quod
3645 3690 3736 3731 car-

2182 3758 2394 3813 nalibus
2420 3767 2661 3828 taceant,
2693 3772 2746 3816 et
2770 3763 3133 3832 spiritualibus
3158 3766 3357 3822 dicant.
3391 3770 3528 3836 Quia
3551 3770 3591 3824 si
3613 3768 3734 3822 dixe-

2184 3849 2389 3916 rimus,
2431 3849 2545 3904 Non
2584 3850 2816 3917 habent;
2853 3855 3260 3923 respondebitur
3304 3859 3492 3924 nobis,
3533 3858 3653 3928 Quid
3673 3868 3735 3912 est

2184 3955 2313 4011 ergo
2338 3941 2480 4011 quod
2505 3942 2718 3999 dicebat
2742 3946 3026 4014 Apostolus
3055 3948 3298 4004 scribens
3327 3949 3395 4004 ad
3427 3949 3731 4006 Corinthios:

2191 4050 2211 4084 ι
2249 4033 2362 4087 Νοιι
2392 4035 2535 4104 potui
2565 4036 2714 4090 vobis
2743 4037 2881 4107 loqui
2911 4040 3058 4109 quasi
3084 4040 3450 4111 spiritualibtts
3469 4087 3483 4109 ,
3512 4044 3596 4099 sed
3615 4042 3732 4113 quasi

2185 4127 2505 4180 carnalibus.
2537 4128 2696 4194 Quasi
2729 4131 2960 4198 parvulis
2983 4132 3036 4186 in
3067 4131 3280 4188 Christo
3306 4135 3388 4190 lac
3415 4138 3563 4192 vobis
3588 4145 3732 4207 potum

2185 4218 2341 4283 dedi,
2385 4235 2488 4274 non
2528 4234 2745 4285 escam;
2792 4223 3024 4277 noitdum
3060 4226 3202 4281 enim
3241 4232 3498 4296 poteratis
3522 4249 3534 4284 :
3558 4230 3734 4285 scduec

2184 4313 2357 4368 adhuc
2404 4313 2616 4383 quidem
2663 4316 2923 4386 potestis;
2963 4317 3136 4372 adhuc
3156 4321 3297 4374 enim
3321 4323 3452 4378 estis
3472 4324 3688 4378 carnales
3713 4339 3728 4371 ι

2191 4405 2231 4477 (l
2265 4405 2382 4460 Cor.
2426 4421 2502 4471 ιιι,
2535 4406 2557 4459 1
2583 4415 2629 4458 et
2652 4405 2707 4477 Ξ)
2730 4407 2752 4459 1’
2779 4406 2832 4461 Si
2861 4416 3038 4463 autem
3067 4409 3394 4479 dixerimus,
3428 4415 3649 4477 Habent;
3674 4412 3727 4466 ti-

2185 4495 2435 4550 mendum
2460 4505 2513 4550 et
2535 4497 2829 4552 cavendum
2851 4507 2966 4566 est,
2993 4515 3058 4555 ne
3077 4503 3176 4555 sub
3197 4502 3296 4559 hac
3314 4507 3586 4561 occasione
3605 4507 3648 4560 in
3662 4517 3732 4558 oc-

2183 4587 2341 4642 cultis
2382 4587 2583 4642 nefaria
2630 4589 2921 4644 doceantur
2949 4631 2964 4655 ,
3010 4601 3064 4646 et
3108 4593 3460 4662 Spiritnalium
3506 4595 3730 4657 nomine,

2183 4679 2329 4734 velut
2352 4695 2414 4736 ea
2434 4695 2552 4751 qua:
2573 4681 2812 4736 carnales
2837 4697 3031 4753 capere
3050 4699 3154 4738 non
3178 4696 3432 4754 possunt,
3465 4703 3561 4741 non
3589 4687 3728 4741 solum

2183 4773 2527 4829 excusatione
2585 4773 2918 4842 dealbanda,
2961 4790 3145 4830 verum
3193 4779 3353 4834 etiam
3400 4779 3730 4850 pra-dicatione

2183 4867 2443 4922 laudanda
2472 4867 2766 4922 vidcantur.

2252 4962 2304 5014 2.
2348 4960 2583 5015 Primum
2613 4977 2740 5032 ergo
2769 4962 2906 5018 scire
2938 4962 3097 5019 debet
3131 4963 3374 5022 Charitas
3396 4977 3590 5033 vestra,
3613 4961 3726 5036 quod

2182 5053 2296 5124 ipse
2328 5052 2572 5109 Christus
2611 5055 2893 5110 cruciﬁxus
2924 5058 2964 5122 ³,
2999 5072 3105 5128 quo
3152 5057 3298 5113 velut
3342 5060 3478 5117 lacte
3519 5057 3726 5130 parvIIlos

2180 5147 2376 5201 aluisse
2402 5159 2461 5200 se
2485 5145 2612 5201 dicit
2641 5148 2959 5217 Apostolus;
2990 5149 3102 5218 ipsa
3128 5165 3256 5206 vero
3281 5167 3406 5207 caro
3429 5153 3554 5223 ejus,
3579 5151 3722 5218 inqua

2179 5238 2318 5296 facta
2353 5249 2436 5296 est
2461 5257 2583 5296 vera
2610 5257 2754 5297 mors
2783 5243 2899 5312 ejus
2923 5252 2978 5298 et
3004 5243 3223 5300 vulnera
3253 5261 3374 5300 vera
3402 5245 3600 5308 coulixi,
3621 5255 3722 5295 san-

2178 5334 2400 5406 guisque
2442 5335 2704 5404 percussi,
2735 5350 2840 5390 non
2885 5350 2950 5390 eo
2994 5335 3152 5392 modo
3171 5351 3200 5389 a
3230 5339 3520 5394 carnalibus
3555 5348 3648 5405 quo
3668 5327 3723 5382 ab

2177 5426 2538 5499 spiritualibus
2565 5429 2844 5497 cogitatur,
2870 5438 2923 5484 et
2950 5429 3050 5483 illis
3071 5439 3153 5485 est
3179 5429 3278 5496 lac,
3311 5432 3425 5488 istis
3443 5422 3718 5495 cibus;qot1

2178 5529 2234 5578 et
2271 5521 2316 5576 si
2343 5537 2449 5577 non
2478 5519 2701 5574 audiunt
2728 5520 2977 5592 amplius,
3023 5521 3324 5592 intelligunt
3359 5523 3586 5595 amplius.
3623 5512 3714 5568 Non

2242 5711 2258 5776 ξ
2283 5717 2462 5776 omnes
2482 5721 2634 5776 prope
2657 5714 2784 5776 Mss,
2811 5714 2862 5776 ut
2885 5708 2946 5761 de
2962 5710 3117 5776 spatio
3131 5716 3436 5776 tractaretur.

2239 5773 2258 5802 ²
2277 5747 2946 5835 Ediiifﬁn'éﬂriizii’
3538 5764 3707 5822 add!!!»

2176 5839 2260 5897 est,
2287 5848 2386 5898 quo
2405 5842 2492 5884 Mss
2513 5841 2695 5884 carent.
