3926 6366
185 472 303 529 enim
315 467 763 539 :equalitermente
775 464 1082 537 percipitur,
1100 465 1258 520 etiam
1277 467 1418 537 quod
1443 468 1494 522 in
1513 469 1613 525 lidc
1627 485 1722 540 pa-

182 565 292 622 riter
306 562 366 617 ab
379 559 605 630 utrisque
621 559 893 628 recipitur.
911 558 983 612 lta
1007 558 1063 612 ﬁt
1081 567 1137 612 ut
1155 558 1469 628 praedicatus
1488 561 1556 616 ab
1578 563 1719 631 Apo-

181 656 307 711 stolis
319 653 544 708 Christus
557 651 859 714 cruciﬁxus,
873 659 927 705 et
942 649 1143 705 Juda-is
1159 661 1302 706 esset
1321 651 1648 718 scandalum,
1665 661 1720 709 ct

179 748 398 805 Gentibus
410 743 646 806 stultitia,
662 753 719 798 et
736 743 860 813 ipsis
873 743 1076 798 vocatis
1093 743 1291 798 Judaeis
1319 753 1372 798 et
1398 743 1598 800 Graecis
1624 744 1714 800 Dei

180 843 328 896 Virtus
341 847 389 893 et
403 838 489 892 Dei
505 833 820 906 Sapientia(l
834 834 949 889 Cor.
982 851 1021 900 ι,
1053 835 1143 899 25,
1173 835 1396 907 24):sed
1416 837 1716 892 carnalibus

179 931 372 1005 parvulis
398 930 444 984 id
471 937 671 983 tantum
701 927 969 984 credendo
999 930 1320 994 tenentibus,
1349 929 1713 999 spiritualihus

174 1035 320 1081 autem
341 1021 696 1092 capacioribus
719 1021 768 1075 id
795 1022 952 1076 etiam
973 1022 1316 1093 intelligendo
1339 1021 1708 1089 cernentibus;

175 1117 257 1172 illis
272 1129 384 1186 ergo
406 1123 648 1183 tanquam
677 1112 876 1167 lacteus
901 1121 1077 1182 potus,
1106 1113 1219 1168 istis
1237 1123 1485 1184 tanquam
1510 1114 1713 1169 solidus

174 1210 296 1265 cibus
322 1225 335 1261 :
360 1221 457 1262 non
499 1206 620 1275 quia
666 1204 767 1260 hoc
806 1204 879 1259 illi
916 1205 1069 1260 aliter
1093 1206 1144 1258 in
1173 1205 1413 1275 populis,
1444 1205 1528 1260 isti
1559 1206 1713 1260 aliter

173 1303 216 1357 in
237 1299 462 1356 cubiculis
483 1307 842 1368 cognoverunt
865 1313 880 1362 ;
906 1297 998 1352 sed
1019 1297 1163 1367 quod
1190 1297 1377 1352 eodem
1403 1297 1562 1353 modo
1582 1298 1713 1352 utri-

171 1410 252 1466 que
286 1409 392 1449 cum
433 1393 604 1462 palam
643 1391 913 1446 diceretur
953 1392 1271 1459 audiebant,
1303 1406 1400 1462 pro
1424 1406 1523 1447 suo
1551 1391 1710 1448 modo

171 1487 326 1558 quique
361 1483 652 1554 capiebant.
685 1483 817 1538 Cum
852 1483 993 1538 enim
1030 1480 1276 1537 Christus
1318 1489 1599 1553 propterea
1641 1483 1710 1537 sit

169 1577 436 1641 cruciﬁxus,
463 1585 520 1630 ut
549 1575 602 1630 in
627 1575 1002 1630 remissionem
1031 1582 1369 1645 peccatorum
1395 1574 1706 1644 sanguinem

169 1669 392 1734 lunderct,
429 1682 528 1739 qua
566 1668 684 1736 ejus
715 1666 983 1737 Unigeniti
1028 1667 1276 1736 passione
1317 1665 1493 1721 divina
1540 1666 1706 1736 gratia

168 1759 536 1826 commendatur,
557 1768 615 1814 ut
640 1773 801 1814 nemo
822 1758 874 1813 in
903 1757 1119 1813 homine
1139 1757 1420 1828 glorietur;
1440 1758 1706 1828 quomodo

169 1850 762 1922 intelligebautChristum
783 1849 1093 1905 cruciﬁxum
1121 1849 1212 1918 qui
1233 1847 1408 1902 adhuc
1433 1847 1701 1916 dicebant,

172 1943 254 2016 Ego
286 1960 384 1998 sum
403 1942 552 1998 Pauli
587 1943 774 2012 (lbid.,
808 1942 938 2013 £2)?
979 1941 1241 2012 Numquid
1281 1941 1549 2012 quomodo
1592 1942 1705 2012 ipse

169 2036 322 2091 Paulus
347 2036 428 2106 qui
447 2035 655 2091 dicebat
674 2077 690 2102 ,
721 2033 857 2088 Mitti
889 2044 1053 2088 autem
1081 2034 1208 2088 absit
1235 2033 1478 2105 gloriari,
1512 2035 1610 2087 nisi
1650 2035 1704 2087 in

167 2145 280 2182 cruce
308 2127 502 2182 Domini
547 2129 708 2182 nostri
751 2126 878 2182 Jesu
916 2125 1103 2182 Christi
1129 2124 1322 2199 (Galat.
1359 2141 1441 2192 γι,
1475 2126 1599 2197 M)?
1626 2126 1702 2180 De

165 2220 253 2290 ipso
275 2220 432 2291 itaque
453 2221 669 2276 Christo
693 2220 989 2285 cruciﬁxo,
1018 2226 1073 2274 et
1103 2219 1218 2289 ipse
1253 2219 1431 2273 cibum
1469 2233 1568 2289 pro
1606 2233 1700 2273 sua

165 2313 400 2382 capacitate
436 2313 676 2369 sumebat
703 2355 719 2379 ,
743 2323 796 2368 et
822 2313 941 2368 illos
966 2312 1102 2368 lacte
1130 2328 1230 2384 pro
1258 2327 1443 2369 eorum
1475 2313 1699 2367 inﬁrmi-

167 2415 244 2462 tate
264 2408 520 2464 nutriebat.
541 2407 786 2477 Denique
811 2406 895 2460 illa
917 2421 1038 2476 qua:
1058 2405 1268 2474 scripsit
1285 2404 1352 2460 ad
1373 2405 1696 2473 Corinthios,

165 2496 282 2552 aliter
318 2498 481 2569 utique
524 2497 592 2552 ab
630 2496 772 2567 ipsis
802 2495 1065 2566 parvulis,
1094 2495 1250 2550 aliter
1275 2510 1305 2549 a
1333 2496 1699 2566 capacioribus

167 2604 286 2658 posse
302 2591 502 2663 intelligi
517 2590 726 2657 sciens,
752 2590 826 2644 ait
849 2606 860 2641 :
889 2589 1072 2659 Siquis
1094 2598 1166 2642 est
1189 2588 1321 2644 inter
1337 2605 1424 2644 vos
1452 2589 1698 2660 prapheta

166 2693 229 2735 mu
249 2684 517 2754 spiritualis,
550 2696 802 2755 agnoscat
826 2699 940 2754 qua:
965 2682 1127 2737 scribo
1156 2681 1309 2748 vobis,
1341 2683 1462 2751 quia
1490 2681 1698 2738 Domini

166 2786 215 2831 est
245 2779 548 2834 mandatum:
576 2779 620 2834 si
659 2778 782 2850 quis
820 2786 987 2831 autent
1022 2777 1252 2849 ignorat,
1300 2776 1616 2848 ignorabitur
1639 2775 1695 2850 (Ι

165 2868 252 2924 Cor.
273 2888 366 2940 xiv,
393 2873 474 2938 57,
507 2870 887 2943 38).,Solidam
918 2868 1158 2941 profecto
1183 2868 1354 2924 voluit
1379 2883 1500 2925 esse
1523 2869 1695 2925 scien-

167 2963 256 3016 tiam
280 2964 603 3034 Spiritualium
622 3007 636 3029 ,
666 2963 768 3020 ubi
811 2979 916 3020 non
960 2962 1072 3018 sola
1108 2961 1239 3018 ﬁdes
1265 2962 1695 3020 accommodare-

167 3056 341 3121 tur,scd
363 3067 497 3113 certa
527 3057 770 3128 cognitio
800 3064 1101 3121 teneretur;
1139 3071 1204 3111 ac
1245 3072 1341 3126 per
1368 3055 1471 3111 hoc
1511 3055 1587 3112 illi
1630 3073 1692 3113 ea

167 3144 247 3214 ipsa
269 3150 562 3213 credebant,
586 3165 718 3220 quas:
744 3148 1044 3219 spirituales
1070 3149 1288 3218 insuper
1314 3148 1688 3218 agnoscebant.

167 3234 427 3308 lgnorabitur
451 3250 624 3297 autem
648 3284 662 3306 ,
703 3240 809 3306 ait,
838 3239 927 3310 qui
957 3239 1197 3311 ignorat;
1226 3239 1348 3310 quia
1380 3239 1616 3295 nondum
1641 3241 1690 3296 ei

165 3333 390 3388 revelatum
415 3344 522 3400 est,
557 3345 614 3390 ut
636 3333 789 3404 quod
833 3332 1001 3388 credit
1043 3332 1194 3389 sciat.
1223 3332 1372 3400 Quod
1401 3348 1523 3388 cum
1552 3333 1608 3387 ﬁt
1637 3333 1690 3389 in

167 3421 341 3480 hominis
380 3436 578 3493 mente,
621 3427 748 3497 ipse
789 3424 982 3480 dicitur
1023 3423 1271 3494 cognosci
1313 3439 1344 3478 a
1389 3425 1529 3490 Deo;
1567 3426 1689 3494 quia

167 3513 267 3570 Deus
290 3517 413 3572 illum
439 3527 854 3590 cognoscentem
886 3515 1043 3582 facit,
1067 3516 1206 3570 sicut
1233 3515 1357 3570 alibi
1388 3515 1460 3569 ait
1487 3533 1500 3569 :
1537 3515 1689 3569 Nunc

164 3617 286 3662 auem
306 3621 633 3682 cognoscentes
655 3609 849 3676 Deum,
871 3610 972 3664 imo
991 3609 1176 3681 cogniti
1201 3626 1234 3662 ιι
1257 3608 1367 3663 Deo
1393 3607 1589 3679 (Galat.
1613 3627 1684 3674 tv,

165 3700 375 3772 9).Nequc
395 3706 527 3759 enim
552 3714 685 3759 tunc
703 3711 1026 3772 cognoverat
1045 3717 1138 3756 eos
1155 3701 1314 3766 Deus,
1336 3702 1687 3772 praecognitos

164 3793 380 3851 etclcctos
404 3807 520 3852 ante
547 3795 735 3852 mundi
766 3794 1202 3850 constitutionem
1231 3792 1390 3865 (Eph.
1417 3810 1452 3857 ι,
1477 3794 1562 3864 Al);
1593 3795 1685 3849 sed

166 3888 253 3936 tunc
271 3900 347 3940 eos
370 3889 591 3958 seipsum
619 3901 950 3954 cognoscere
980 3883 1194 3939 fecerat.

213 3972 252 4025 '5.
285 3975 379 4031 Hoc
419 3978 570 4048 igitur
614 3977 872 4049 primitus
907 3977 1138 4046 cognito,
1169 3975 1308 4047 quod
1337 3991 1399 4032 ea
1432 3978 1542 4046 ipsa
1568 3994 1685 4048 qua:

164 4061 278 4118 simul
302 4069 498 4124 audiunt
523 4069 829 4141 Spirituales
857 4077 1016 4138 atquc
1043 4069 1304 4134 carnales,
1334 4083 1428 4138 pro
1455 4083 1550 4122 suo
1569 4070 1686 4140 qui-

164 4168 236 4221 que
257 4159 437 4216 modulo
465 4164 714 4233 capiunt;
746 4161 818 4216 illi
853 4171 908 4215 ut
937 4161 1171 4231 parvuli,
1214 4161 1298 4216 isti
1336 4169 1392 4215 ut
1431 4160 1681 4230 majores,

164 4245 218 4300 illi
239 4259 283 4304 ut
314 4252 447 4308 lactis
474 4255 785 4310 alimentum
807 4296 820 4319 ,
863 4254 949 4308 isti
995 4262 1053 4308 ut
1091 4254 1192 4308 cibi
1222 4252 1631 4309 solidamentum
1665 4274 1676 4308 :

164 4337 266 4393 nulla
289 4343 473 4400 videtur
499 4361 617 4402 esse
651 4346 974 4412 necessitas,
1021 4353 1078 4400 ut
1118 4347 1292 4416 aliqua
1336 4356 1540 4402 secreta
1589 4346 1684 4401 do—

162 4429 300 4486 ctrina:
323 4443 596 4503 taceantur,
623 4445 685 4493 et
709 4435 1102 4491 abscondantur
1141 4436 1386 4492 ﬁdelibus
1427 4438 1679 4509 parvulis,

163 4528 346 4577 seorsum
365 4525 575 4582 dicenda
600 4527 917 4597 majoribus,
933 4526 1034 4580 hoc
1053 4534 1137 4582 est
1155 4527 1678 4599 intelligentioribus;

164 4611 299 4667 ethoc
324 4617 428 4674 ideo
463 4621 761 4676 faciendum
790 4628 1024 4691 putetur,
1055 4621 1176 4689 quia
1203 4620 1345 4674 dixit
1371 4621 1677 4691 Apostolus,

167 4696 251 4756 Non
287 4711 404 4775 potui
430 4713 559 4766 vobis
598 4713 736 4784 loqui
770 4711 914 4783 quasi
965 4711 1312 4782 spiritualibus
1336 4755 1351 4774 ,
1405 4715 1492 4767 sed
1539 4715 1684 4782 quasi

165 4784 406 4855 carnalibus.
435 4804 540 4860 lloc
580 4807 754 4874 ipsum
799 4803 942 4858 enim
992 4802 1132 4873 quod
1173 4819 1279 4858 non
1317 4803 1578 4873 judicavit
1623 4821 1680 4860 se

165 4882 265 4939 scire
288 4888 330 4942 iu
356 4893 427 4946 eis
456 4895 550 4949 nisi
573 4895 754 4951 .lesum
783 4893 1052 4949 Christum
1074 4936 1089 4961 ,
1121 4903 1175 4949 et
1204 4894 1344 4949 hunc
1369 4894 1678 4950 cruciﬁxum

167 4970 208 5036 (1
227 4975 319 5031 Cor.
349 4997 413 5048 ιι,
438 4987 516 5054 2),
546 4987 672 5057 ipsis
701 5001 802 5041 non
831 4985 1002 5055 potuit
1040 4986 1182 5056 loqui
1213 4987 1364 5056 quasi
1393 4987 1682 5057 spirituali-

168 5061 264 5130 δας,
289 5074 367 5127 scd
390 5079 532 5146 quasi
565 5079 896 5144 carnalibus;
940 5076 1060 5148 quia
1109 5077 1160 5132 id
1198 5079 1336 5132 sicut
1378 5079 1680 5150 spirituales

167 5167 312 5226 cloare
344 5183 436 5222 non
479 5172 738 5227 valebant.
784 5171 1114 5240 Quicumque
1155 5180 1335 5224 autem
1378 5171 1682 5240 spirituales

169 5244 272 5302 illler
293 5270 373 5311 eos
389 5270 561 5323 erant,
593 5263 731 5318 idem
759 5262 900 5334 quod
928 5261 1002 5316 illi
1035 5271 1284 5330 tanquam
1314 5262 1554 5316 carnales
1579 5278 1678 5316 au-

170 5333 350 5407 dicbaut,
369 5351 613 5418 spirituali
645 5355 741 5424 ipsi
767 5355 1038 5410 intellectu
1065 5354 1381 5424 capiebant:
1410 5362 1468 5408 ut
1494 5355 1568 5408 sic
1595 5355 1678 5409 in-

173 5428 382 5502 leuiSilltlr
401 5445 532 5510 quod
556 5447 656 5514 ait,
688 5446 808 5501 Non
847 5447 984 5518 potui
1019 5447 1157 5500 vobis
1183 5446 1321 5516 loqui
1354 5447 1496 5516 quasi
1529 5449 1683 5517 spiri-

173 5522 358 5584 tualibus.
381 5533 460 5585 sed
493 5538 628 5604 quasi
664 5538 969 5603 carnalibus,
1005 5551 1068 5591 ac
1104 5537 1147 5591 si
1179 5537 1407 5597 diceret.
1438 5537 1556 5592 Non
1583 5552 1680 5608 p0-

173 5612 306 5671 tuistis
337 5626 471 5690 quasi
513 5631 834 5699 spirituales,
871 5631 965 5686 sed
1011 5632 1161 5702 quasi
1204 5631 1446 5685 carnales
1488 5646 1680 5703 capere

172 5710 278 5798 tluod
295 5712 530 5784 loquebar.
554 5725 794 5782 Animalis
813 5726 954 5783 enim
979 5727 1149 5794 homo,
1171 5726 1222 5781 id
1247 5735 1347 5794 est,
1374 5727 1464 5798 qui
1492 5741 1681 5783 secun-

167 5793 262 5856 dum
275 5803 512 5870 hominem
531 5823 688 5890 sapit,
711 5821 955 5878 animalis
971 5819 1143 5880 dictus
1159 5820 1226 5876 ab
1242 5793 1436 5889 anima,
1456 5823 1679 5880 carnalis

1160 346 1573 411 TRACTATUS
1614 351 1838 412 XCVlll.
1881 357 2109 418 CAPUT
2147 359 2284 419 XVI.

3278 387 3419 448 1883

1825 489 1855 528 a
1881 490 2062 542 carne,
2094 481 2217 549 quia
2247 496 2312 536 ex
2339 483 2514 539 anima
2543 494 2598 543 et
2621 502 2781 544 carne
2809 502 3017 551 constat
3047 505 3190 556 totus
3218 498 3412 571 homo;

1825 584 1924 623 non
1950 572 2160 642 percipit
2187 592 2300 643 qua:
2320 588 2437 632 sunt
2460 577 2686 650 Spiritus
2700 583 2798 639 Del
2813 585 2854 656 (l
2877 586 2994 643 Cor.
3013 607 3072 658 ιι,
3094 592 3205 666 ﬂ),
3233 595 3283 649 id
3301 607 3381 652 est
3395 639 3412 664 ,

1822 662 1948 729 quid
1973 664 2158 733 gratia:
2181 668 2518 727 credentibus
2547 689 2678 730 crux
2701 677 2943 735 conferat
2965 662 3193 751 Christi;
3224 696 3278 743 ct
3312 662 3414 758 pus

1824 761 1898 809 tat
1926 755 2026 812 hoc
2065 758 2151 814 illa
2195 775 2355 818 cruce
2393 773 2568 820 actum
2595 782 2717 824 esse
2743 775 3140 843 tantummodo,
3173 788 3232 833 ut
3261 755 3415 837 nobis

1822 861 1990 917 usque
2012 849 2079 904 ad
2115 861 2341 909 mortem
2373 871 2471 927 pro
2494 859 2718 917 veritate
2745 865 3072 924 certantibus
3095 869 3407 928 imitandum

1821 939 2145 1006 praeberetur
2170 946 2494 1017 exemplum.
2523 948 2654 1005 Nam
2685 951 2731 1006 si
2757 954 2957 1010 scirent
2985 956 3289 1027 hujusmodi
3314 962 3412 1018 ho-

1820 1033 2010 1098 mines,
2033 1034 2121 1104 qui
2164 1039 2351 1094 uolunt
2373 1057 2492 1097 esse
2519 1043 2619 1099 nisi
2651 1044 2895 1105 homines
2913 1092 2929 1116 ,
2953 1053 3406 1121 quemadmodum

1816 1123 2063 1182 Christus
2100 1130 2384 1188 cruciﬁxus
2407 1139 2573 1202 factus
2607 1137 2678 1191 sit
2703 1138 2845 1195 nobis
2872 1143 3118 1212 sapientia
3139 1163 3172 1201 a
3198 1145 3338 1218 Deo,
3361 1158 3410 1205 et

1807 1216 2030 1285 justitia,
2059 1228 2107 1271 et
2134 1223 2487 1291 sanctiﬁcatio,
2515 1236 2562 1281 et
2583 1229 2880 1300 redemptio,
2906 1243 2958 1287 ut
2980 1216 3406 1305 quemadmodum

1816 1308 2059 1377 scriptum
2083 1323 2177 1377 est,
2211 1314 2310 1379 Qui
2357 1316 2610 1386 gloriatur
2656 1321 2711 1375 in
2742 1320 2962 1380 Domino
3005 1327 3250 1399 glorietur
3279 1331 3405 1402 (Id.

1815 1411 1851 1462 ι,
1884 1398 1973 1461 50,
1997 1399 2087 1471 51)
2111 1418 2124 1462 ;
2150 1406 2332 1472 procul
2359 1405 2519 1463 dubio
2554 1426 2658 1465 non
2693 1398 3050 1484 gloriarentur
3083 1420 3134 1474 in
3164 1398 3402 1492 hom-ine,

1814 1503 1914 1544 nec
1952 1493 2240 1549 carnaliter
2265 1496 2536 1563 dicerent,
2579 1499 2692 1572 Ego
2715 1505 2918 1576 quidem
2941 1525 3053 1563 sum
3084 1509 3275 1579 Pauli;
3311 1530 3404 1586 ego

1811 1590 1980 1636 autem
1994 1584 2220 1678 JApollo;
2248 1604 2340 1658 ego
2364 1606 2482 1644 vero
2508 1591 2693 1663 Cepha:
2710 1612 2728 1649 :
2757 1596 2850 1652 sed
2889 1601 3258 1673 spiritualiter,
3289 1584 3402 1678 Ego

1810 1689 1921 1727 sum
1939 1666 2128 1730 Cﬁristi
2149 1677 2168 1748 (
2179 1676 2311 1733 Ibid.
2342 1680 2453 1752 12).

1881 1764 1934 1818 4.
1969 1764 2164 1822 Verum
2204 1769 2332 1824 illud
2359 1770 2536 1829 adhuc
2563 1777 2912 1843 quaestionem
2958 1781 3113 1852 facit,
3153 1786 3296 1858 quod
3345 1789 3398 1846 in

1811 1856 2052 1927 Epistola
2097 1861 2164 1915 ad
2195 1861 2447 1920 llebrteos
2487 1867 2723 1938 legitur:
2761 1889 2779 1922 ι
2808 1870 2939 1928 Cum
2983 1875 3090 1945 jam
3130 1856 3400 1938 deberetis

1808 1955 2049 2019 tempore
2092 1952 2210 2022 ipso
2236 1970 2358 2011 esse
2385 1955 2652 2028 doctores,
2685 1962 2877 2021 iterum
2919 1965 3161 2026 doctrina
3189 1972 3398 2047 indige-

1807 2041 1903 2105 tis,
1937 2057 2056 2111 quae
2081 2043 2188 2098 sint
2215 2046 2477 2104 elementa
2515 2064 2826 2110 sermonum
2855 2057 2985 2124 Dei;
3015 2067 3071 2116 et
3108 2061 3231 2119 facti
3268 2041 3399 2124 estis

1805 2147 1940 2202 opus
1968 2133 2229 2192 habentes
2253 2138 2409 2207 lacte,
2434 2158 2538 2198 non
2566 2146 2737 2203 solido
2765 2149 2904 2206 cibo.
2927 2151 3115 2211 Omnis
3134 2157 3275 2213 enim
3307 2163 3397 2232 qui
3426 2184 3431 2188 ·

1805 2226 2065 2296 laetatur,
2116 2231 2420 2303 inexpertus
2461 2246 2542 2291 est
2587 2238 2810 2296 verbum
2832 2243 3089 2314 justitias;
3118 2248 3291 2306 infans
3316 2226 3402 2309 est

1807 2318 1971 2376 enim.
1994 2320 2356 2379 Perfectorum
2379 2334 2463 2381 est
2480 2338 2657 2385 autem
2678 2332 2882 2389 solidus
2903 2337 3075 2404 cibus,
3093 2355 3280 2398 eorum
3305 2346 3398 2415 qui

1805 2429 1903 2485 per
1918 2414 2156 2471 habitum
2175 2418 2493 2474 exercitatos
2509 2421 2709 2479 habent
2724 2441 2934 2496 sensus,
2955 2429 3020 2484 ad
3039 2414 3395 2502 separandum

1801 2506 2002 2562 bonum
2047 2523 2077 2564 a
2121 2510 2487 2581 malor(Hebr.
2512 2529 2565 2582 ν,
2592 2516 2799 2589 12-“).
2846 2520 2942 2576 llic
2983 2524 3126 2578 enim
3152 2527 3397 2584 videmus

1803 2607 2053 2670 tanquam
2083 2599 2360 2656 deﬁnitum
2389 2618 2509 2659 esse
2534 2621 2692 2675 quem
2719 2609 3076 2678 perfectorum
3109 2615 3238 2670 dicit
3263 2617 3394 2672 soli-

1800 2689 1930 2745 dum
1971 2690 2178 2756 cibum;
2208 2700 2262 2747 et
2300 2692 2400 2748 hoc
2446 2709 2566 2752 esse
2612 2697 2743 2754 illud
2781 2701 2922 2771 quod
2973 2703 3040 2759 ad
3085 2704 3393 2762 Corinthios

1800 2782 2055 2852 scriptum
2105 2791 2218 2848 est,
2250 2784 2566 2858 Sapientiam
2606 2789 2857 2861 loquimur
2893 2795 3024 2850 inter
3069 2798 3351 2871 perfectos(
3371 2800 3391 2857 l

1799 2871 1918 2928 Cor.
1946 2889 2004 2937 ιι,
2035 2875 2112 2944 6).
2141 2875 2286 2942 Quos
2321 2887 2498 2934 autem
2548 2881 2813 2950 perfectos
2857 2886 3085 2944 voluerit
3126 2889 3228 2944 hoc
3271 2891 3393 2948 loco

1798 2965 2042 3037 intelligi,
2068 2968 2292 3038 subjecit
2311 2977 2471 3041 atque
2491 2971 2588 3037 ait,
2615 2973 2715 3039 Qui
2737 2993 2828 3047 per
2847 2977 3072 3034 habitum
3095 2983 3392 3040 exercitatos

1798 3056 1980 3111 habent
2004 3074 2198 3127 sensus,
2227 3060 2296 3113 ad
2319 3064 2660 3132 separandum
2679 3066 2866 3122 bonum
2892 3086 2926 3124 a
2950 3072 3104 3127 malo.
3129 3074 3240 3130 Hoc
3261 3090 3392 3148 ergo

1797 3148 1886 3219 qui
1915 3148 2140 3204 invalida
2167 3158 2222 3205 et
2245 3151 2589 3210 inexercitata
2620 3167 2798 3214 mente
2833 3175 2942 3216 non
2972 3173 3230 3233 possunt,
3260 3181 3389 3237 pro-

1797 3237 1936 3296 fecto
1961 3239 2061 3295 nisi
2095 3239 2213 3296 ﬁdei
2239 3243 2468 3312 quodam
2497 3246 2638 3304 lacte
2675 3258 2975 3319 teneantur,
3005 3263 3062 3311 ut
3100 3265 3155 3312 et
3199 3257 3389 3315 invisi-

1795 3331 1919 3387 bilia
1941 3349 2060 3404 qua:
2091 3348 2195 3390 non
2221 3335 2422 3401 videat,
2451 3347 2505 3394 et
2532 3339 3032 3416 iutclligibilimqua:
3061 3349 3294 3406 nondum
3317 3351 3389 3406 in-

1799 3421 2058 3494 telligunt,
2085 3425 2326 3494 credant,
2353 3426 2509 3486 facile
2532 3431 2598 3486 ad
2619 3448 2783 3490 vanas
2802 3446 2857 3491 et
2875 3439 3160 3511 sacrilegas
3179 3439 3388 3500 fabulas

1796 3516 2152 3584 promissione
2191 3520 2428 3576 scientia:
2468 3522 2770 3582 ducuntur:
2795 3538 2852 3583 ut
2879 3531 3154 3587 etbunum
3183 3543 3240 3589 et
3264 3550 3383 3590 ma-

1793 3607 1902 3661 lum
1925 3610 2134 3664 nonnisi
2152 3614 2518 3682 corporalibus
2539 3616 2853 3688 imaginibus
2871 3622 3124 3693 cogitent,
3143 3634 3196 3679 et
3211 3625 3385 3695 ipsum

1795 3697 1960 3753 Deum
1986 3702 2195 3756 nonnisi
2223 3703 2439 3774 aliquod
2468 3721 2589 3762 esse
2617 3722 2812 3780 corpus
2839 3711 3165 3780 existiment,
3192 3724 3245 3770 et
3270 3730 3386 3770 ma-

1794 3791 1902 3846 lum
1947 3792 2051 3848 nisi
2095 3794 2447 3852 substantiam
2494 3808 2682 3869 putare
2730 3816 2836 3858 non
2883 3806 3118 3874 possint;
3146 3821 3268 3863 cum
3315 3807 3387 3865 sit

1793 3885 1970 3956 potius
1993 3885 2063 3940 ab
2093 3887 2412 3945 immutabili
2433 3893 2729 3949 substantia
2767 3898 3097 3954 mutabilium
3133 3901 3384 3957 substan-

1793 3979 1982 4034 tiarum
2010 3979 2223 4049 quidam
2253 3979 2516 4049 defectus,
2545 4001 2678 4055 quas
2702 3985 2832 4042 fecit
2853 4003 2918 4043 ex
2946 3990 3110 4044 nihilo
3137 3992 3250 4060 ipsa
3281 3994 3384 4048 im-

1791 4069 2062 4125 mutabilis
2095 4079 2150 4124 et
2193 4086 2402 4126 summa
2445 4073 2741 4130 suhstantia
2763 4117 2778 4142 ,
2809 4079 2897 4146 qui
2927 4090 3010 4134 est
3039 4081 3202 4136 Deus.
3229 4082 3383 4150 Quod

1791 4162 2027 4233 profecto
2073 4162 2312 4233 quisquis
2361 4179 2467 4219 non
2508 4165 2680 4220 solum
2726 4167 2936 4233 credit,
2986 4185 3173 4226 verum
3221 4173 3381 4228 etiam

1790 4254 2096 4309 exercitatis
2126 4253 2471 4310 interioribus
2495 4256 2659 4312 animi
2683 4259 2930 4314 sensibus
2960 4261 3230 4334 intelligit,
3258 4278 3384 4336 per-

1788 4344 1938 4415 cipit,
1961 4345 2142 4410 novit;
2169 4361 2274 4402 non
2305 4355 2388 4401 cst
2406 4346 2516 4417 jam
2542 4349 2886 4406 metuendum
2914 4367 2982 4407 ne
3007 4351 3295 4409 seducatnr
3313 4355 3382 4411 ab

1789 4435 1867 4492 eis
1892 4436 1980 4507 qui
2011 4437 2210 4491 malum
2239 4437 2474 4508 putando
2515 4454 2636 4496 esse
2677 4439 3025 4498 substantiam
3068 4460 3226 4515 quam
3273 4461 3379 4502 non

1789 4529 1915 4586 fecit
1969 4531 2144 4596 Deus,
2196 4531 2503 4587 mutabilem
2559 4532 2908 4590 substantiam
2961 4535 3156 4592 faciunt
3207 4537 3378 4608 ipsum

1791 4621 1956 4677 Deum
1973 4663 1988 4686 ,
2014 4622 2154 4676 sicut
2179 4621 2484 4691 Manichmi,
2509 4624 2594 4680 vel
2622 4625 2666 4680 si
2693 4643 2811 4697 qua:
2835 4628 2952 4684 aliae
2977 4640 3155 4699 pestes
3181 4642 3252 4686 .ta
3282 4631 3379 4689 de-

1788 4713 2008 4782 sipiunt.

1859 4805 1912 4859 5.
1955 4804 2063 4860 Sed
2093 4815 2271 4861 mente
2293 4806 2466 4862 adhuc
2498 4810 2752 4879 parvulis,
2777 4827 2909 4883 quos
2937 4812 3067 4868 dicit
3091 4815 3380 4884 Apostolus

1788 4894 2030 4950 carnales
2072 4895 2208 4950 lacte
2254 4897 2601 4966 nutriendos,
2643 4901 2818 4956 omnis
2845 4902 2913 4958 de
2943 4901 3042 4958 hac
3079 4919 3139 4959 re
3179 4919 3378 4971 set-uio,

1789 5000 1896 5056 quo
1921 4985 2096 5055 agitur
2123 4994 2179 5040 ut
2209 5002 2314 5041 non
2339 4987 2514 5042 solum
2538 4989 2806 5057 credatur,
2828 5007 3012 5046 verum
3033 4994 3192 5049 etiam
3227 4996 3378 5054 intel-

1789 5075 1982 5146 ligatur
2009 5077 2312 5148 sciaturque
2352 5077 2494 5149 quod
2533 5079 2743 5145 dicitur,
2774 5083 3054 5154 percipere
3101 5086 3222 5141 talia
3276 5105 3381 5142 non

1789 5170 2089 5226 valentibus
2114 5185 2377 5227 onerosus
2396 5181 2498 5237 est,
2520 5173 2830 5246 faciliusque
2858 5176 2977 5234 illos
3004 5179 3203 5250 premit
3222 5189 3380 5251 quam

1789 5264 1977 5335 pascit.
2012 5264 2088 5319 Ex
2115 5279 2221 5335 quo
2267 5265 2326 5320 ﬁt
2366 5274 2423 5320 ut
2463 5266 2765 5337 spirituales
2802 5269 2901 5325 ista
2941 5273 3244 5329 carnalibus
3271 5289 3378 5328 non

1790 5354 2100 5412 omnimodo
2139 5365 2369 5424 taceant,
2403 5367 2620 5430 propter
2658 5361 2973 5419 catholicam
3019 5365 3174 5420 ﬁdem
3199 5404 3215 5429 ,
3261 5379 3379 5431 qua:

1789 5448 2035 5505 omnibus
2076 5449 2410 5518 praedicanda
2455 5459 2572 5519 est;
2603 5468 2701 5510 nec
2741 5464 2918 5512 tamen
2957 5456 3035 5510 sic
3076 5455 3376 5520 disserant,

1790 5552 1847 5598 ut
1875 5543 2116 5600 volentes
2137 5558 2200 5599 ea
2232 5545 2531 5615 perducere
2555 5548 2623 5604 ad
2652 5549 3054 5622 intelligentiam
3081 5566 3187 5606 non
3214 5566 3378 5622 capa-

1789 5650 1930 5701 cem,
1957 5634 2162 5691 facilius
2188 5635 2413 5694 fastidiri
2442 5641 2636 5697 faciant
2673 5642 2728 5696 in
2772 5643 2991 5698 veritate
3032 5657 3376 5713 sermonem,

1790 5745 1954 5802 quam
1984 5731 2036 5786 in
2062 5745 2308 5786 sermone
2338 5733 2537 5804 percipi
2576 5735 2874 5791 veritatem.
2916 5737 3199 5809 Propterea
3247 5737 3378 5798 dicit

1787 5823 2027 5881 scribens
2065 5824 2132 5881 ad
2147 5824 2520 5884 Colossenses:
2542 5826 2607 5882 Et
2625 5827 2670 5882 si
2684 5843 2894 5899 corpore
2917 5831 3095 5888 absens
3117 5848 3253 5903 sum,
3274 5835 3377 5906 spi.
