3926 6366
559 474 660 523 n18
685 461 938 520 vobiscum
958 473 1104 526 sunt,
1129 454 1359 530 gaudens
1388 462 1436 509 et
1465 451 1638 508 tridens
1665 447 2034 506 ordinationem
2061 462 2145 502 tte-

561 568 740 626 stram,
767 564 815 620 et
837 553 892 612 id
913 552 1051 624 quod
1068 549 1204 608 deest
1227 550 1246 583 ⁸
1277 547 1398 619 ﬁdei
1421 556 1596 604 ucstra
1622 545 1674 601 in
1702 543 1902 601 Christo
1929 539 2148 614 (Colon.

561 668 600 709 tt
617 692 636 720 ,
655 649 735 722 5).
770 647 840 708 Et
863 645 929 707 ad
954 643 1462 702 Thessalonicenses
1487 657 1503 697 ι
1531 637 1584 696 Ν
1589 648 1697 696 octo
1717 654 1777 694 ac
1801 637 1883 692 die
1899 674 1915 701 ,
1943 633 2148 705 inquit,

561 742 898 806 abundantius
935 746 1172 805 ornum,
1215 745 1270 792 ut
1309 735 1568 790 rideamus
1610 732 1794 806 [aciem
1829 739 2078 792 mtrem,
2105 734 2153 782 at

561 833 886 908 supplantat
918 845 1032 902 qua
1070 829 1251 890 dannt
1278 826 1399 898 ﬁdei
1434 821 2008 895 restm(l1‘lms.tn,
2037 816 2149 891 l0).

566 925 894 998 lntelligcndi
935 931 1061 982 sunt
1101 921 1284 993 utique
1326 921 1397 976 ita
1445 920 1674 989 primum
1707 914 2051 980 cateohisati,
2095 920 2155 967 ut

567 1021 704 1080 lacte
726 1018 1018 1083 alerentur,
1046 1030 1155 1074 non
1183 1012 1356 1072 solido
1377 1012 1537 1074 cibo:
1562 1011 1715 1082 cujus
1756 1008 1908 1064 lactis
1946 1007 2012 1062 ad
2048 1005 2152 1062 lle-

568 1112 742 1170 brazos
778 1115 1228 1166 commemoratur
1273 1107 1487 1162 ubertas
1525 1104 1605 1160 eis
1647 1117 1784 1174 quos
1807 1101 2020 1156 volebat
2047 1098 2154 1153 cibi

566 1203 835 1262 soliditate
869 1203 982 1273 jam
1025 1214 1262 1271 pascere.
1296 1198 1524 1269 Propter
1559 1196 1702 1268 quod
1729 1198 1805 1252 ait
1831 1213 1844 1249 :
1875 1213 1896 1249 ι
1924 1193 2154 1263 Ideoque

569 1299 901 1356 remittentes
943 1296 1078 1351 initii
1119 1294 1318 1351 Christi
1363 1293 1622 1357 verbum,
1654 1291 1709 1346 in
1737 1287 2154 1346 consummatio-

568 1407 688 1450 nem
714 1391 1092 1461 respiciamus;
1120 1405 1225 1445 non
1251 1389 1444 1444 iterum
1465 1387 1726 1456 iacientes
1751 1383 2152 1440 fundamentum

569 1483 891 1555 pmnitentiaa
924 1482 991 1536 ab
1015 1480 1264 1551 operibus
1292 1479 1515 1533 mortuis
1535 1517 1548 1537 .
1591 1486 1646 1532 et
1683 1475 1802 1530 lidei
1848 1474 1904 1530 in
1947 1475 2114 1528 Deum
2135 1513 2152 1539 ,

569 1574 761 1630 lavacri
788 1573 1047 1632 doctrina:
1066 1615 1081 1640 ,
1110 1583 1165 1628 et
1198 1570 1554 1642 impositioais
1593 1583 1842 1623 manuum
1864 1607 1879 1632 ,
1911 1583 2154 1622 resurre-

567 1667 756 1723 ctionis
781 1667 941 1724 etiam
970 1675 1324 1724 mortuorum,
1344 1672 1396 1717 et
1419 1662 1605 1731 judicii
1634 1661 1850 1716 interni:
1871 1657 2055 1730 (Hebr.
2081 1676 2153 1725 vr,

570 1760 623 1826 l,
648 1759 728 1832 3).
755 1758 884 1816 llaec
935 1764 1020 1812 est
1055 1755 1208 1810 lactis
1234 1754 1448 1809 ubertas
1467 1795 1483 1819 ,
1511 1753 1627 1807 sine
1668 1767 1776 1821 quo
1820 1769 1924 1806 non
1975 1753 2157 1806 vivunt

567 1855 659 1923 qui
695 1852 804 1923 jam
843 1850 1058 1920 quidem
1100 1849 1306 1904 ratione
1349 1857 1570 1903 utuntur
1597 1857 1654 1902 ut
1683 1848 1886 1918 possint
1913 1846 2154 1914 credere,

567 1943 664 2001 sed
704 1945 902 1998 bonum
943 1957 974 1995 a
1015 1941 1180 2006 malo,
1223 1955 1325 1995 non
1373 1939 1638 1995 credendo
1683 1948 1924 2008 tantum,
1973 1956 2156 1995 verum

569 2034 730 2089 etiam
759 2031 1100 2103 intelligendo
1130 2029 1294 2105 (quod
1323 2031 1558 2102 pertinet
1594 2031 1660 2087 ad
1699 2031 1926 2086 solidum
1952 2033 2157 2102 cibum)

569 2141 819 2195 separare
862 2140 966 2180 non
1000 2134 1241 2194 possunt.
1270 2124 1424 2190 Quod
1453 2134 1631 2179 autem
1659 2124 1711 2179 in
1745 2123 1896 2179 lactis
1921 2139 2158 2181 comme-

570 2216 866 2273 moratione
892 2216 1071 2288 posuit
1089 2225 1143 2272 et
1157 2215 1479 2281 doctrinam,
1508 2216 1620 2284 ipsa
1646 2223 1729 2270 est
1754 2231 1876 2286 qua:
1903 2231 1999 2288 per
2021 2229 2161 2288 sym-

569 2309 749 2366 bolum
774 2309 998 2365 traditur
1018 2317 1071 2365 et
1095 2309 1393 2364 orationem
1421 2307 1764 2363 dominicam.

641 2399 695 2456 6.
719 2399 824 2457 Sed
851 2399 974 2456 huic
995 2399 1117 2456 lacti
1138 2400 1278 2456 absit
1305 2407 1364 2456 ut
1387 2401 1459 2455 sit
1481 2398 1782 2456 contrarius
1805 2400 1958 2456 cibus
1975 2414 2158 2455 rerum

569 2491 923 2562 spiritualium
955 2490 1106 2546 llrma
1132 2491 1477 2562 intelligentia
1507 2491 1799 2561 capiendus
1818 2531 1832 2557 ,
1860 2492 1948 2562 qui
1975 2491 2162 2547 Colos-

568 2581 813 2638 sensihus
835 2592 889 2638 et
911 2581 1476 2640 Thessalonicensibus
1501 2583 1705 2650 defuit,
1733 2593 1786 2640 et
1812 2584 2155 2656 supplendus,

568 2674 688 2732 fuit.
711 2674 934 2745 Quando
954 2676 1098 2730 enim
1127 2675 1404 2746 suppletur
1431 2676 1576 2746 quod
1605 2675 1792 2744 deluit,
1824 2692 1929 2730 non
1961 2677 2161 2747 impro-

569 2767 724 2822 batur
764 2766 907 2838 quod
951 2765 1068 2824 fuit.
1114 2766 1246 2822 Nam
1285 2767 1424 2822 etin
1468 2767 1598 2838 ipsis
1624 2784 1743 2837 quae
1785 2769 2046 2824 sumimus
2063 2767 2162 2822 ali-

570 2861 799 2925 mentis,
822 2875 993 2931 usque
1032 2858 1168 2918 adeo
1205 2875 1310 2915 non
1351 2867 1436 2916 est
1471 2860 1592 2915 laeti
1627 2861 1924 2916 contrarius
1959 2861 2163 2917 solidus

570 2952 742 3020 cibus,
773 2962 831 3010 ut
861 2954 973 3024 ipse
998 2953 1285 3020 laetescat,
1310 2967 1418 3024 quo
1451 2953 1619 3022 possit
1647 2969 1768 3009 esse
1801 2961 1956 3023 aptus
1984 2953 2161 3008 infan-

571 3047 736 3114 tibus,
761 3047 827 3102 ad
853 3061 988 3118 quos
1021 3062 1115 3116 per
1149 3048 1335 3102 matris
1374 3045 1458 3102 vel
1498 3045 1720 3101 nutricis
1761 3048 1999 3117 pervenit
2043 3062 2162 3103 car-

574 3155 696 3196 nem
723 3157 735 3192 :
762 3140 897 3196 sicut
918 3137 1044 3193 fecit
1069 3138 1228 3193 etiam
1258 3147 1426 3192 mater
1456 3137 1567 3207 ipsa
1589 3138 1866 3206 sapientia,
1898 3154 2016 3210 qute
2037 3152 2160 3193 cum

573 3230 641 3286 sit
670 3229 720 3284 iu
746 3229 974 3286 excelsis
1005 3225 1328 3300 Augeidrum
1369 3228 1575 3284 solidus
1615 3230 1764 3285 cibus
1785 3270 1800 3294 ,
1829 3230 2041 3300 dignata
2079 3237 2162 3286 est

575 3320 968 3392 quodammodo
1017 3320 1307 3377 lactescere
1351 3321 1603 3390 parvulis,
1631 3337 1748 3374 cum
1779 3320 2008 3376 Verbum
2035 3337 2162 3376 caro

574 3412 772 3470 factum
795 3420 907 3480 est,
933 3423 985 3469 et
1011 3411 1262 3468 habitavit
1291 3413 1343 3469 in
1367 3413 1522 3469 nobis
1547 3412 1723 3485 (Joan.
1762 3431 1798 3482 ι,
1830 3417 1880 3478 1,
1921 3415 2023 3489 14).
2054 3415 2160 3474 Sed

575 3508 690 3576 ipse
715 3505 878 3562 homo
901 3506 1164 3570 Christus,
1187 3507 1278 3577 qui
1306 3524 1428 3562 vera
1456 3521 1638 3573 carne,
1668 3523 1790 3563 vera
1820 3524 1976 3566 cruee-
1993 3550 2010 3577 ,
2037 3525 2160 3566 vera

575 3610 749 3657 morte
767 3639 782 3666 ,
814 3614 943 3656 vera
986 3601 1382 3658 resurrectione
1411 3600 1678 3657 sincerum
1711 3603 1791 3657 lae
1815 3603 2008 3659 dicitur
2037 3621 2159 3676 pard

573 3696 839 3760 vulorum,
867 3709 987 3750 cum
1010 3695 1148 3750 bene
1173 3697 1240 3750 ab
1264 3696 1630 3763 spiritualibus
1647 3696 1874 3767 capitur,
1897 3699 2162 3754 invenitur

576 3787 834 3841 Donniuus
862 3787 1204 3855 Angelorum.
1229 3786 1458 3842 Proinde
1483 3803 1579 3843 nec
1605 3790 1681 3844 sic
1713 3789 1913 3858 mrvuli
1936 3799 2058 3844 sunt
2086 3789 2163 3844 la-

577 3876 792 3943 etandi,
830 3886 887 3931 nt
915 3893 1128 3947 semper
1166 3895 1271 3934 non
1313 3879 1611 3950 intelligant
1654 3881 1818 3936 Deum
1859 3881 2160 3946 Christum;

577 3984 677 4024 nec
718 3969 798 4024 sic
833 3969 1165 4035 ablactaudi,
1197 3979 1254 4026 ut
1287 3970 1534 4027 deserant
1574 3973 1842 4028 hominem
1872 3975 2160 4030 Christum.

575 4061 726 4130 Quod
773 4061 880 4117 alio
915 4062 1074 4116 modo
1114 4063 1341 4132 idipsum
1378 4064 1447 4118 ita
1477 4063 1580 4120 diei
1613 4074 1820 4134 potest:
1849 4082 1945 4121 nec
1979 4066 2056 4120 sic
2084 4067 2163 4120 la-

574 4156 751 4211 claudi
781 4166 902 4211 sunt
922 4197 936 4222 ,
963 4165 1019 4210 ιιι
1043 4166 1340 4213 creatorem
1382 4173 1648 4230 nunquam
1677 4160 1970 4230 intelligant
2004 4159 2164 4216 Chri-

577 4258 750 4314 stum;
779 4263 876 4304 uec
904 4251 983 4305 sic
1008 4249 1327 4313 ablactandi,
1357 4259 1414 4304 ut
1443 4251 1784 4306 mediatorem
1813 4269 2040 4322 unquam
2068 4253 2163 4307 de-

575 4352 758 4398 serant
785 4342 1076 4397 Christum.
1101 4341 1156 4394 ln
1189 4342 1290 4396 hoc
1315 4343 1512 4411 quippe
1535 4359 1639 4397 non
1668 4346 1916 4398 convenit
1948 4346 2067 4399 huic
2089 4346 2164 4401 rei

577 4435 871 4491 similitudo
893 4437 1115 4489 materni
1143 4436 1294 4489 lactis
1322 4440 1379 4489 et
1405 4434 1559 4489 solidi
1584 4435 1710 4501 cibi,
1732 4437 1827 4492 sed
1855 4440 2028 4505 potius
2051 4440 2167 4493 fun-

577 4525 814 4581 damenti
843 4539 857 4578 :
885 4525 1010 4594 quia
1046 4534 1100 4580 et
1140 4539 1272 4594 puer
1309 4526 1520 4592 quando
1547 4526 1858 4593 ablactatur,
1889 4536 1944 4581 nt
1972 4531 2037 4583 ab
2066 4529 2166 4583 ali-

578 4618 776 4676 mentis
803 4617 1036 4674 infantize
1065 4617 1176 4688 jam
1216 4619 1466 4683 recedat,
1499 4619 1636 4674 inter
1659 4619 1858 4674 solidos
1882 4622 2031 4675 cibos
2060 4638 2166 4678 non

578 4713 773 4782 repetit
793 4712 955 4767 ubera
983 4727 1101 4782 quae
1121 4713 1336 4783 sugebal
1359 4727 1374 4777 ;
1403 4711 1646 4767 Christus
1666 4721 1842 4767 autem
1863 4715 2163 4784 crucillxus,

578 4816 633 4862 et
664 4806 748 4862 Iac
777 4805 1117 4874 augentibus,
1139 4814 1194 4860 et
1217 4804 1368 4860 cibus
1396 4814 1476 4860 est
1509 4804 1922 4874 proficientibus.
1954 4805 2166 4862 Funda-

579 4897 747 4954 meuti
783 4907 910 4952 vero
945 4896 1066 4953 ideo
1101 4902 1182 4953 est
1219 4896 1395 4966 aptior
1436 4896 1746 4964 similitudo,
1776 4897 1897 4970 quia
1925 4907 1981 4953 ut
2005 4899 2165 4968 perfi-

579 4993 750 5047 ciatur
784 4991 924 5063 quod
963 4992 1206 5060 struitur,
1233 4991 1444 5048 additur
1469 4991 1750 5048 aedilicium
1771 5033 1787 5058 ,
1816 5007 1922 5048 non
1962 4992 2168 5048 subtra-

583 5081 725 5137 hitur
754 5083 1173 5140 fundamentum.

653 5176 707 5229 7.
748 5174 880 5242 Qum
903 5191 1024 5231 cum
1067 5178 1136 5232 ita
1179 5180 1305 5245 sint,
1331 5192 1366 5232 ο
1392 5179 1711 5250 quicumque
1746 5179 1895 5240 estis,
1935 5179 2022 5248 qui
2053 5178 2168 5233 sine

581 5268 746 5324 dubio
766 5267 916 5320 multi
943 5269 1080 5324 estis
1099 5271 1301 5339 parvuli
1330 5271 1379 5324 in
1414 5270 1646 5336 Christo,
1677 5270 1915 5340 proficite
1941 5271 2008 5324 ad
2036 5269 2166 5323 soli-

581 5363 706 5418 dum
733 5360 909 5417 cibum
933 5360 1149 5427 mentis,
1173 5375 1276 5415 non
1305 5365 1521 5418 ventris.
1555 5364 1802 5419 Prolicite
1824 5363 1887 5416 ad
1912 5377 2165 5430 separan-

581 5456 706 5510 dum
735 5456 930 5510 bonum
953 5468 982 5508 a
1005 5455 1163 5517 malo,
1188 5463 1245 5510 et
1281 5458 1446 5526 magis
1476 5458 1746 5525 magisque
1773 5457 2026 5512 inhrcrete
2055 5456 2166 5511 Mc-

584 5546 798 5612 diatori,
829 5559 926 5618 per
945 5561 1102 5619 quem
1130 5541 1425 5602 liberamiui
1448 5562 1477 5601 a
1506 5549 1677 5613 malo;
1714 5549 1854 5617 quod
1883 5565 1986 5603 non
2026 5557 2108 5604 est
2135 5564 2165 5603 a

648 5689 663 5720 ¹
689 5695 794 5756 Pro,
827 5688 873 5756 to
904 5687 1151 5756 attereoma,
1187 5685 1574 5756 ﬁrmmnentnm;
1598 5685 1817 5756 legebat,
1842 5686 1888 5736 to
1911 5684 2164 5746 usteréma,

583 5745 790 5862 let:
812 5752 960 5802 deest.
978 5753 1049 5802 sic
1073 5745 1220 5803 etiam
1240 5751 1291 5802 in
1315 5747 1518 5816 epistola
1554 5745 1614 5800 ad
1631 5745 1893 5809 Paulinum,
1917 5761 2027 5812 quae
2042 5745 2168 5800 nunc

1476 333 1546 394 IN
1580 330 1858 391 JOANNIS
1886 323 2356 394 EVANGELIUM,
2398 324 2456 380 S.
2497 324 2860 384 AUGUSTINI
2937 315 2940 320 ⁷

3660 331 3765 392 1881

2256 443 2408 500 vobis
2431 443 2547 497 loco
2573 457 2953 512 separanoum,
2974 439 3067 498 sed
3091 441 3144 497 in
3161 441 3311 498 vobis
3333 441 3500 512 potius
3521 453 3595 502 est
3615 461 3764 505 sanau-

2254 535 2401 592 dum.
2429 534 2678 604 Quisquis
2701 542 2877 590 autem
2903 533 3055 588 vobis
3068 533 3284 597 diverit,
3306 532 3475 590 Nolite
3494 534 3684 594 credere
3697 555 3767 595 ve-

2255 641 2373 682 rum
2401 627 2667 681 hominem
2692 624 2990 689 Christum,
3021 633 3110 682 aut
3149 639 3251 681 non
3275 640 3307 684 ιι
3331 641 3459 680 vero
3492 627 3590 682 Deo
3619 644 3766 700 corpus

2255 720 2535 790 eujuslibct
2565 718 2796 774 hominis
2820 719 2906 775 vel
2933 717 3216 787 cujuslibet
3240 719 3518 774 animantis
3557 732 3762 793 eruam,

2255 821 2346 868 aut
2377 827 2479 864 non
2510 826 2542 866 ιι
2567 825 2696 867 vero
2723 810 2836 865 Deo
2863 809 3025 864 Vetus
3051 809 3448 865 Testamentum
3479 811 3657 880 datum,
3677 825 3719 872 et
3736 818 3768 873 si

2256 903 2382 974 quid
2409 903 2741 972 bujusmodi;
2770 903 2884 958 haec
2904 903 3047 957 enim
3074 902 3224 957 vobis
3246 902 3392 971 prius
3412 903 3528 958 ideo
3550 921 3640 960 non
3662 906 3770 964 dice-

2258 993 2471 1060 bautur,
2502 992 2717 1063 quando
2752 992 2887 1048 lacte
2916 993 3312 1056 nutriehomini.
3344 995 3579 1063 quoniam
3607 997 3662 1051 ad
3681 1015 3770 1059 vers

2257 1085 2516 1156 capienda
2543 1099 2636 1142 cor
2680 1085 2916 1140 nondum
2947 1085 3221 1140 habebatis
3248 1084 3495 1142 idoneum
3515 1104 3528 1140 :
3551 1103 3643 1142 non
3663 1091 3772 1147 vobis

2259 1182 2359 1237 iste
2377 1182 2552 1238 cibum
2581 1182 2862 1252 praeparat,
2891 1180 2987 1236 sed
3009 1195 3289 1235 venenum.
3313 1179 3529 1249 Propter
3546 1182 3666 1250 quod
3685 1183 3772 1237 bea-

2260 1283 2346 1330 tus
2375 1273 2660 1344 Apostolus
2699 1287 2796 1327 eos
2823 1273 3102 1342 alloquens
3129 1271 3218 1341 qui
3257 1270 3357 1326 sibi
3383 1271 3489 1341 jam
3527 1271 3772 1331 videbantur

2259 1379 2381 1420 esse
2405 1364 2644 1434 perfecti,
2669 1379 2790 1418 cum
2814 1379 2873 1418 se
2893 1362 3259 1432 imperfectum
3283 1362 3398 1433 ipse
3415 1361 3636 1429 dixisset,
3658 1364 3771 1430 Qua.

2259 1469 2380 1529 qttol
2403 1475 2542 1529 ergo.
2570 1458 2759 1529 inquit,
2783 1457 2990 1529 perfecti
2998 1497 3011 1518 ,
3033 1456 3129 1509 hoc
3148 1459 3410 1523 sapiam“
3429 1471 3449 1510 :
3473 1466 3515 1510 et
3533 1456 3684 1524 siquid
3702 1457 3773 1514 sli.

2261 1562 2335 1608 ter
2353 1554 2548 1622 sapitis,
2573 1551 2669 1606 hoc
2685 1568 2881 1622 quoque
2899 1551 3035 1606 vobis
3072 1549 3214 1605 Deus
3237 1549 3490 1606 reuelabit.
3516 1551 3574 1606 Et
3598 1568 3654 1607 us
3677 1549 3775 1610 forte
3870 1557 3871 1594 ἰ

2262 1644 2596 1699 incurrerent
2627 1643 2678 1697 in
2705 1641 3036 1708 seductores,
3055 1641 3143 1711 qui
3167 1655 3264 1696 eos
3293 1641 3536 1697 vellenta
3557 1641 3644 1698 ﬁdo
3659 1657 3776 1696 aver-
3870 1627 3871 1638 “

2263 1745 2376 1794 tere
2406 1736 2765 1807 promittendo
2793 1736 3068 1793 scientiam
3099 1735 3362 1802 veritatis.
3397 1744 3452 1792 et
3476 1734 3570 1792 hoc
3591 1745 3777 1806 putarent
3870 1775 3871 1796 1

2262 1843 2383 1885 esse
2409 1829 2550 1899 quod
2576 1829 2711 1884 dixit
2731 1829 3034 1898 Apostolus,
3063 1827 3120 1882 id
3139 1843 3338 1899 quoque
3355 1827 3489 1883 vobis
3511 1827 3626 1886 Dens
3640 1829 3778 1882 mdo-
3870 1837 3871 1866 ξ

2262 1918 2366 1988 bit;
2391 1921 2643 1976 continuo
2666 1919 2960 1991 subjunxit,
2997 1917 3355 1974 Verumtamen
3373 1920 3426 1974 in
3462 1917 3584 1989 quod
3611 1920 3777 1987 μετυωῦ-
3870 1917 3871 1991 ξ

2264 2030 2397 2078 mus,
2424 2013 2554 2068 ineo
2580 2011 2894 2067 cumulemus
2937 2008 3199 2080 (Philipp.
3241 2025 3322 2074 ut,
3368 2010 3457 2076 15,
3489 2009 3590 2080 16).
3621 2008 3778 2079 Siquid
3870 2008 3871 2064 ξ

2263 2119 2394 2174 ergo
2417 2103 2745 2160 intellexeris
2782 2102 2923 2174 quod
2949 2118 3054 2158 non
3080 2101 3150 2158 sit
3174 2110 3364 2157 contra
3391 2100 3614 2172 regulam
3641 2100 3777 2155 catho-

2265 2196 2381 2251 licte
2404 2194 2548 2262 ﬁdei,
2589 2194 2661 2250 ad
2687 2210 2868 2264 quam,
2897 2193 3036 2256 velut
3061 2193 3202 2247 viam
3231 2209 3358 2262 qua:
3400 2201 3453 2249 te
3477 2192 3620 2248 ducat
3639 2190 3690 2244 ad
3712 2206 3775 2258 pa-

2268 2286 2446 2353 triam,
2473 2287 2792 2357 pervenisti;
2821 2294 2875 2341 et
2902 2285 2982 2342 sic
3008 2284 3363 2351 intellexeris,
3389 2293 3444 2340 ut
3463 2283 3576 2339 inde
3597 2282 3779 2338 dubitare

2265 2380 2486 2434 omnino
2510 2394 2616 2434 non
2642 2379 2872 2434 debeas:
2901 2377 3039 2433 adde
3079 2375 3394 2441 aedilicium,
3425 2374 3532 2430 noli
3553 2385 3696 2430 tamen
3717 2387 3779 2427 re-

2264 2473 2507 2541 linquere
2533 2470 2958 2526 fundamentum.
3001 2468 3092 2526 Sic
3135 2469 3342 2526 dcbent
3388 2469 3604 2539 majores
3637 2467 3780 2522 docete

2263 2562 2458 2633 aliquid
2487 2561 2755 2632 parvulos,
2803 2574 2859 2617 ut
2883 2562 3121 2618 omnium
3158 2561 3445 2616 Dominum
3481 2558 3781 2624 Cltristunt,et

2264 2653 2456 2723 seipsis
2480 2653 2639 2723 longe
2668 2653 2903 2722 majores
2930 2652 3224 2723 Prophetas
3248 2663 3310 2710 et
3333 2651 3602 2723 Apostolus
3625 2647 3779 2704 nondi-

2264 2755 2386 2800 cant
2409 2743 2607 2815 aliquid
2629 2743 2792 2800 fuisse
2819 2745 3087 2800 mentitos.
3111 2743 3226 2799 Non
3252 2754 3434 2801 autem
3456 2745 3611 2800 solum
3634 2739 3779 2795 vanilo-

2268 2853 2401 2908 quos
2423 2845 2478 2892 et
2501 2838 2694 2892 mentis
2717 2837 3028 2894 seductores
3044 2835 3293 2894 fabulosa
3308 2847 3360 2893 et
3386 2837 3509 2892 falsa
3532 2834 3778 2908 garrientes,

2270 2937 2324 2983 et
2354 2927 2408 2982 in
2436 2927 2516 2982 eis
2540 2927 2857 2982 vanitatibus
2885 2927 3030 2982 velut
3049 2929 3210 2982 altam
3238 2927 3517 2984 scientiam
3543 2925 3779 2998 promitten-

2268 3029 2348 3074 tes
2376 3028 2564 3076 contra
2593 3019 2829 3090 regulam
2879 3017 3023 3085 lidei,
3063 3034 3224 3089 quam
3261 3020 3566 3074 catholicam
3600 3013 3779 3083 suscepi-

2265 3112 2384 3176 stis,
2411 3125 2605 3167 cavere
2631 3110 2876 3166 debetis:
2921 3126 3102 3166 verum
3149 3110 3320 3166 etiam
3366 3111 3503 3182 ipsos
3528 3109 3606 3180 qui
3628 3108 3682 3164 de
3702 3107 3779 3175 ipsa

2266 3202 2460 3258 divinae
2484 3203 2910 3258 itntnutabilitate
2937 3213 3162 3270 naturai,
3190 3204 3282 3258 vel
3310 3205 3600 3275 incorporea
3623 3209 3778 3256 creatu-

2266 3310 2344 3356 ra,
2369 3294 2482 3350 sive
2507 3294 2759 3350 Creatore
2787 3295 3048 3350 veraciter
3074 3295 3378 3365 disputant,
3404 3305 3458 3352 et
3481 3293 3608 3366 quod
3630 3294 3778 3355 dicunt,

2265 3390 2486 3444 omnino
2514 3388 2850 3445 documentis
2874 3399 3034 3458 atque
3063 3389 3366 3446 rationibus
3389 3388 3670 3446 certissimis
3691 3397 3780 3455 pro-

2269 3482 2414 3545 bant,
2440 3492 2492 3537 et
2524 3492 2700 3537 tamen
2727 3483 2796 3538 ab
2825 3499 2930 3537 uno
2955 3483 3047 3538 Dei
3073 3491 3127 3539 et
3154 3483 3433 3538 hominum
3456 3483 3777 3537 Mediatoreoo-

2266 3583 2462 3626 nautur
2479 3584 2741 3640 avertere,
2761 3581 3010 3644 tanquam
3041 3569 3244 3644 pestem
3278 3574 3641 3630 iusidiosiorem
3664 3577 3779 3624 calc-

2265 3664 2342 3719 ris
2371 3664 2552 3734 fugite.
2584 3663 2740 3720 Tales
2768 3665 2909 3719 enim
2935 3673 3059 3720 sunt
3081 3664 3150 3720 de
3171 3666 3369 3734 quibus
3396 3666 3519 3721 dicit
3540 3660 3778 3733 Apostolus.

2270 3753 2402 3821 Quia
2431 3764 2784 3824 cognoscentes
2810 3753 2998 3822 Deum,
3026 3772 3128 3810 non
3165 3755 3300 3810 sicut
3343 3755 3502 3811 Deum
3537 3753 3779 3825 gloriﬁcare

2266 3856 2383 3902 runt
2413 3845 2586 3919 (Rom.
2629 3863 2667 3914 ι,
2710 3845 2828 3919 21).
2855 3847 2990 3914 Quid
3021 3847 3162 3903 cnim
3191 3847 3416 3918 prodest
3437 3847 3620 3906 habere
3642 3840 3780 3899 iulelIio

2265 3940 2496 4011 gentiam
2519 3955 2699 3993 veram
2728 3939 2794 3994 de
2814 3938 3129 3995 immutabili
3162 3940 3330 4005 bono,
3371 3940 3419 3995 ei
3460 3937 3542 4010 qui
3570 3951 3659 3992 non
3680 3938 3779 3987 tenet

2267 4049 2362 4104 per
2385 4047 2542 4103 quem
2565 4031 2819 4086 liberetur
2836 4046 2867 4086 a
2890 4031 3069 4086 tnalo?
3095 4032 3326 4087 Prorsus
3347 4030 3620 4087 admonitio
3641 4023 3780 4080 benis-
3870 4027 3871 4102 ἦ

2267 4124 2391 4180 simi
2420 4124 2660 4193 Apostoli
2687 4124 2755 4180 de
2779 4126 2971 4179 vestris
2989 4125 3240 4179 cordibus
3268 4142 3373 4180 non
3409 4114 3779 4185 recedatzsiqlit

2269 4219 2404 4273 vobis
2421 4218 2831 4290 evangelistwerit
2853 4229 3036 4288 prteter
3055 4219 3191 4290 quod
3207 4219 3487 4290 accepistis,
3508 4214 3778 4270 onatltcmatt't

2270 4310 2464 4382 (δηίοιο
2488 4329 2525 4376 ¹ι
2553 4312 2634 4381 9)·
2664 4311 2778 4366 Non
2803 4312 2897 4375 ait,
2923 4312 3040 4380 plus
3066 4328 3224 4382 quam
3253 4311 3558 4382 accepistis;
3578 4304 3780 4371 δεδαπα-
3870 4305 3871 4348 i

2270 4417 2344 4462 ter
2370 4407 2506 4476 quod
2528 4407 2808 4477 accepistis.
2840 4405 2971 4460 Nam
2993 4407 3036 4460 si
3067 4405 3193 4462 illud
3219 4406 3440 4470 diceret,
3461 4403 3553 4458 sibi
3576 4401 3780 4468 ipsum;
3870 4401 3871 4452 ξ

2264 4497 2550 4568 judicaret,
2579 4497 2667 4568 qui
2696 4495 2944 4564 cupiebat
2962 4496 3144 4551 venire
3172 4495 3237 4554 ad
3259 4485 3780 4551 Thessalonice-uses!!!

2272 4593 2538 4661 suppleret
2566 4605 2686 4660 quae
2715 4590 2922 4645 illormn
2971 4589 3088 4643 ﬁdei
3130 4589 3426 4644 defui-runt.
3454 4585 3550 4643 Sed
3587 4581 3662 4653 qui
3684 4589 3776 4642 suP‘

2271 4683 2401 4753 plet,
2430 4681 2570 4752 quod
2600 4683 2776 4737 minus
2812 4691 2924 4736 erat
2950 4681 3114 4743 addit,
3147 4697 3250 4736 non
3295 4680 3432 4751 quod
3475 4679 3627 4733 iuerat
3651 4668 3774 4723 tollit:
3870 4665 3871 4668 “

2270 4777 2358 4846 qui
2401 4786 2576 4831 autem
2607 4773 3034 4844 pnetergrrditur
3063 4773 3181 4829 lidci
3214 4773 3467 4843 regulam,
3505 4782 3600 4824 non
3624 4754 3776 4820 accedil

2271 4869 2324 4925 in
2349 4869 2455 4932 via,
2481 4869 2576 4923 sed
2603 4867 2802 4924 recedit
2823 4867 2888 4922 de
2915 4867 3018 4922 via.

2342 4962 2394 5018 8.
2436 4961 2586 5028 Quod
2616 4961 2794 5032 itaque
2817 4961 2891 5014 ait
2920 4959 3194 5024 Dominus,
3221 4957 3396 5011 Adhuc
3415 4952 3558 5008 multa
3576 4944 3776 5032 habeare-
3870 4983 3871 4986 η

2275 5053 2348 5109 bis
2371 5053 2556 5116 dicere,
2595 5054 2682 5107 sed
2709 5028 2829 5106 inon
2868 5051 3074 5123 potestis
3119 5060 3320 5118 portare
3348 5046 3523 5108 modo;
3546 5028 3775 5106 adjicienda
3870 5077 3871 5090 ξ

2273 5149 2381 5204 illis
2399 5147 2602 5202 fuerant
2621 5164 2738 5218 qua-
2760 5146 3089 5209 nesciebant,
3119 5159 3222 5198 non
3248 5158 3363 5213 quae
3385 5136 3776 5226 didiceramch
3870 5133 3871 5140 ³

2272 5241 2450 5296 tenda.
2485 5241 2548 5296 Ιεζι
2589 5240 2678 5295 ille
2705 5238 2940 5309 quidem,
2969 5238 3107 5294 sicut
3141 5237 3194 5291 in
3225 5233 3442 5303 pristino
3466 5234 3678 5283 sermone
3695 5224 3774 5309 ιεξηι

2271 5334 2515 5405 exposui,
2552 5303 2735 5402 ponar
2761 5331 2861 5386 hoc
2890 5330 2958 5384 ita
2984 5328 3183 5395 dicere,
3210 5326 3326 5396 quia
3360 5324 3439 5378 illa
3464 5320 3562 5389 ipsa
3586 5325 3686 5405 qltzl’
3706 5303 3774 5405 {te

2271 5401 2474 5490 euerat,
2498 5425 2540 5477 si
2557 5401 2726 5477 vellet
2754 5423 2834 5477 eis
2858 5422 2935 5476 sic
2960 5421 3186 5490 aperire.
3209 5428 3258 5471 ut
3283 5416 3333 5470 in
3360 5411 3449 5468 illo
3474 5401 3769 5490 εοηεὶνίυξξίίπ

2271 5519 2340 5572 ab
2383 5483 2633 5587 Angelis;
2684 5515 2783 5568 hoc
2834 5483 3114 5568 inﬁrmitas
3162 5509 3385 5564 humana
3428 5505 3473 5558 iu
3515 5509 3603 5568 qua
3645 5483 3771 5587 adhoc

2272 5621 2444 5677 erant,
2469 5572 2612 5665 Ferre
2636 5624 2742 5664 non
2767 5617 2964 5681 posset.
2990 5606 3284 5681 Spiritualis
3307 5609 3474 5656 autem
3502 5592 3637 5689 110th

2271 5706 2363 5762 bet
2389 5713 2559 5774 potest
2579 5704 2802 5758 alterum
2825 5701 3090 5757 hominem
3113 5700 3302 5756 dooere
3320 5689 3454 5765 quod
3470 5683 3615 5747 novit,
3633 5682 3668 5734 si
3681 5682 3768 5774 Ρτος

2275 5765 2501 5857 ﬁciendo
2523 5796 2854 5869 capaciorem
2893 5794 3047 5852 faciat
3070 5793 3293 5864 Spiritus
3317 5792 3531 5848 sana“-
3555 5779 3602 5833 ilt
3631 5779 3712 5840 φιθ
3732 5765 3768 5813 θ¹
