3926 6368
111 335 272 400 1185

110 457 245 527 ᾕρεε
264 445 447 513 doctor
472 447 676 519 aliquid
702 450 934 522 amplius
973 450 1247 510 addiscere
1284 456 1475 525 potuit,
1520 465 1578 512 ut
1603 458 1713 515 sint

109 544 282 614 amlto
306 541 562 608 docibilcs
584 543 694 602 Deo
719 544 898 618 (loan.
921 561 992 614 vl,
1025 547 1135 621 45).
1159 550 1468 621 Quanquam
1494 563 1550 610 et
1575 555 1713 613 inter

113 651 271 712 ipsas
296 637 598 706 spirituales
637 649 762 694 sunt
783 639 963 711 utique
981 642 1101 698 aliis
1119 643 1206 698 alii
1227 645 1535 715 capaciores
1554 658 1710 720 alque

119 730 401 792 meliores;
427 729 496 786 ita
524 737 585 786 ut
607 730 819 800 quidam
846 733 1056 788 illorum
1081 735 1148 791 ad
1168 751 1229 791 ea
1260 741 1562 806 pervenerit
1590 756 1708 810 quin

118 838 240 893 ηοω
267 821 377 876 licet
423 820 625 886 homini
657 823 820 893 loqui.
863 824 975 891 Qua
1020 827 1300 882 occasione
1338 831 1457 884 vani
1491 831 1707 901 quidam

122 891 489 987 Apaalypsim
539 913 709 982 Pauli,
730 891 909 986 quam
935 933 1064 974 sana
1092 934 1197 976 non
1227 922 1416 990 recipit
1446 891 1704 992 Ecclesia,

125 1007 511 1078 nescioquibus
559 1007 752 1064 fabulis
797 1011 1030 1079 plenam,
1077 1014 1389 1070 stultissima
1451 1031 1708 1086 pransum-

129 1107 304 1176 ptione
325 1103 615 1169 tinxerunt;
649 1103 890 1161 dicentes
914 1105 1052 1162 hanc
1081 1122 1200 1164 esse
1229 1108 1366 1164 unde
1390 1110 1596 1166 dixerat
1616 1127 1703 1168 ra-

136 1207 280 1268 ptum
297 1210 347 1250 se
367 1193 527 1250 fuisse
549 1196 603 1250 in
631 1197 842 1260 tertiam
868 1201 1081 1264 coelum,
1106 1213 1161 1256 et
1187 1203 1297 1258 illic
1324 1204 1536 1260 audisse
1568 1204 1703 1261 ineb-

147 1289 300 1350 iahiiia
323 1287 474 1346 verba
493 1303 609 1358 qua:
633 1305 733 1343 non
763 1289 878 1344 licet
903 1291 1093 1348 [taurini
1113 1293 1248 1364 loqui
1278 1295 1342 1366 (ll
1375 1294 1494 1351 Cor.
1530 1313 1623 1365 xu,
1645 1299 1701 1366 9,

150 1381 223 1451 ι).
260 1378 530 1450 Utcumque
571 1380 778 1438 illorum
809 1384 1096 1440 tolerabilis
1126 1396 1267 1442 esset
1306 1389 1545 1454 audacia,
1575 1391 1619 1445 si
1645 1405 1705 1447 se

145 1474 330 1530 audisse
355 1474 574 1530 dixiSset
599 1490 717 1545 quas
746 1475 918 1529 adhuc
948 1492 1053 1531 non
1105 1478 1224 1534 licet
1269 1480 1469 1536 homini
1507 1483 1651 1553 loqui
1686 1502 1700 1538 :

143 1580 253 1619 cum
273 1580 386 1620 vero
417 1566 632 1628 dixerit,
671 1583 788 1635 qua:
811 1585 911 1622 non
943 1569 1054 1624 licet
1081 1572 1270 1625 homini
1293 1573 1460 1642 loqui;
1500 1575 1587 1629 isti
1613 1577 1702 1646 qui

143 1666 252 1710 sunt
277 1658 351 1725 qui
379 1655 495 1712 ha'c
522 1656 756 1714 audeant
777 1660 1110 1731 impudenter
1138 1672 1193 1718 et
1220 1665 1496 1721 infeliciter
1522 1667 1702 1737 loqui?

142 1746 240 1802 Sed
257 1747 352 1826 jam
391 1749 555 1803 istum
595 1763 896 1807 sermonem
943 1752 1044 1809 hoc
1089 1753 1192 1810 line
1240 1757 1580 1824 concludam;
1608 1775 1701 1827 per

137 1823 277 1910 quem
303 1855 390 1895 vos
417 1855 539 1898 esse
563 1843 720 1912 cupio
745 1845 1015 1915 sapientes
1051 1847 1264 1916 quidem
1295 1850 1345 1902 in
1375 1849 1536 1918 bono,
1567 1823 1701 1907 inte-

133 1944 248 2000 grus
269 1942 435 1989 autem
460 1949 492 1987 a
515 1935 679 1989 malo.

583 2046 994 2106 TRACTATUS
1028 2049 1214 2106 XCIX.

133 2151 194 2209 III
215 2155 346 2223 illud,
366 2155 482 2212 Non
509 2157 650 2213 enim
670 2158 914 2229 loquetur
930 2175 959 2214 a
977 2164 1284 2233 semetipso,
1311 2164 1405 2220 sed
1429 2181 1695 2236 qumcum—

332 2263 429 2320 que
457 2251 660 2317 audiet,
691 2250 949 2323 loquetur.
981 2253 1108 2324 Cap.
1137 2270 1246 2321 va,
1294 2257 1324 2328 ᾗ
1354 2297 1366 2310 .
1392 2255 1478 2315 i5.

198 2380 240 2435 l.
276 2379 404 2451 Quid
433 2393 517 2438 est
544 2383 684 2453 quod
718 2385 973 2441 Dominus
1016 2388 1090 2443 ait
1133 2389 1201 2444 de
1237 2389 1438 2460 Spiritu
1484 2402 1688 2462 sancto,

129 2485 234 2526 cum
257 2489 368 2533 eum
397 2485 673 2532 venturum
701 2491 820 2534 esse
847 2480 1196 2550 promitteret,
1228 2492 1284 2537 et
1310 2483 1589 2542 doctorum
1611 2486 1692 2542 di-

35 2585 38 2588 ·
128 2566 336 2636 scipulos
361 2568 477 2636 ejus
503 2584 717 2622 omnem
760 2571 1059 2640 veritatem,
1091 2574 1174 2634 vel
1217 2591 1311 2631 eos
1339 2577 1688 2640 deducturum

127 2655 170 2707 in
197 2659 325 2714 omni
351 2661 603 2716 veritate:
641 2659 758 2716 Non
789 2664 1181 2732 euitnrloquetur
1219 2684 1252 2721 a
1289 2670 1572 2740 terualipqo,
1600 2673 1689 2730 sed

37 2805 40 2808 _
125 2761 421 2814 quacumque
447 2750 639 2816 audiet,
672 2750 946 2824 loquetur?
970 2753 1156 2811 Simile
1193 2767 1274 2814 est
1313 2760 1454 2814 enim
1496 2761 1597 2822 hoc
1637 2764 1685 2820 ei

35 2871 44 2925 ξ
124 2839 246 2908 quod
275 2840 340 2895 de
367 2856 424 2899 se
464 2845 580 2912 ipse
617 2843 770 2908 dixit,
801 2844 924 2904 Non
953 2866 1158 2918 possum
1182 2867 1215 2906 α
1244 2869 1322 2910 me
1347 2858 1512 2923 facere
1535 2857 1683 2925 quid-

16 2919 42 2999 ¹ἶ
123 2945 286 2996 «aut:
311 2933 438 2996 sicut
457 2934 633 3013 audio,
648 2937 829 3008 judico
857 2937 1037 3012 (Joan.
1067 2958 1118 3007 ν,
1137 2943 1252 3013 50).
1411 2919 1681 3010 illud'cum

16 3073 44 3091 __
121 3034 501 3093 exponeromus,
541 3011 833 3098 secundum
861 3011 1131 3096 hominem
1161 3011 1320 3106 posse
1347 3039 1514 3109 accipi
1542 3041 1679 3096 dixi-

15 3155 46 3184 ...
120 3127 223 3179 nios
243 3114 448 3188 (Supra,
471 3113 645 3186 Tract.
666 3128 917 3194 xix-xx")
937 3142 950 3177 :
974 3126 1396 3188 utobedientiam
1411 3146 1558 3189 suam
1577 3150 1680 3205 qua

12 3247 24 3262 τ.
119 3201 270 3272 lactus
292 3220 372 3266 est
397 3213 654 3279 obediens
681 3231 847 3287 usque
872 3217 938 3272 ad
962 3230 1186 3276 mortem
1214 3225 1389 3280 crucis
1417 3201 1674 3300 (Philipp.

118 3311 168 3358 ιι,
191 3294 258 3368 8),
283 3307 664 3369 put-nuntiasse
690 3307 857 3366 Filius
887 3311 1172 3379 videretur,
1202 3326 1256 3370 et
1283 3316 1334 3374 in
1356 3294 1558 3386 judicio
1585 3294 1676 3376 iu-

14 3445 17 3454 η
35 3397 44 3466 ξ
117 3391 266 3444 turam
288 3393 325 3458 ¹,
353 3411 458 3463 quo
489 3398 640 3453 vivos
667 3409 720 3456 et
752 3411 990 3457 mortuos
1009 3403 1293 3474 judicabit;
1317 3409 1436 3479 quia
1466 3410 1564 3464 hoc
1583 3427 1677 3481 per

15 3537 18 3542 ,
117 3479 161 3534 id
187 3483 403 3542 facturus
426 3499 510 3545 est
546 3491 858 3560 qttndﬁlius
889 3494 1118 3553 hominis
1156 3511 1256 3556 est.
1288 3500 1512 3571 Propter
1533 3479 1674 3574 quod

116 3572 244 3642 dixit,
281 3575 428 3635 Pater
455 3598 556 3637 non
573 3585 772 3656 judicat
800 3603 1116 3656 quemquam,
1147 3592 1237 3646 sed
1262 3608 1406 3646 omne
1420 3572 1674 3664 judicium

114 3667 230 3722 dedit
252 3669 551 3745 Filio:quia
581 3677 630 3732 in
654 3678 856 3748 judicio
882 3696 984 3736 non
1009 3681 1176 3737 forma
1207 3685 1300 3741 Dei
1325 3703 1425 3757 qua
1453 3690 1672 3759 :rqualis

112 3759 347 3827 estPatri,
370 3781 470 3820 nec
495 3766 565 3820 ab
603 3768 779 3838 impiis
806 3771 968 3825 videri
1001 3783 1198 3844 potest,
1245 3777 1337 3831 sed
1369 3778 1534 3833 forma
1567 3781 1667 3836 ho-

109 3853 248 3908 minis
266 3859 554 3928 apparebit,
589 3878 688 3930 qua
717 3864 1011 3920 minoratus
1039 3877 1121 3922 est
1150 3869 1308 3923 etiam
1340 3872 1548 3928 modico
1571 3875 1664 3929 mi-

106 3956 193 3998 nus
218 3947 282 4001 ab
306 3953 546 4019 Angelis;
580 3955 826 4022 quamvis
848 3955 954 4026 jam
979 3958 1029 4012 in
1059 3959 1317 4028 claritate,
1343 3977 1448 4016 non
1479 3964 1532 4018 in
1560 3967 1669 4035 pri-

103 4036 222 4092 stina
249 4041 311 4095 sit
339 4041 640 4099 humilitate
669 4055 938 4112 venturus,
973 4053 1289 4120 conspicuus
1315 4063 1485 4110 tamen
1520 4056 1662 4112 futu-

4 4131 32 4198 i.
102 4141 182 4180 rus
204 4142 253 4186 et
280 4133 428 4189 bonis
458 4143 513 4190 et
533 4137 704 4192 malis.
739 4138 870 4193 llinc
897 4140 972 4194 ait
1000 4153 1051 4196 et
1080 4143 1205 4198 illud
1230 4162 1243 4198 :
1276 4144 1342 4198 Et
1370 4157 1664 4216 potestatem

101 4215 221 4274 dedit
261 4225 303 4279 ei
327 4227 584 4296 judicium
628 4232 830 4300 facere,
877 4234 1110 4301 quoniam
1150 4235 1288 4303 ﬁlius
1337 4215 1552 4292 hominis
1589 4250 1662 4294 est

102 4305 258 4376 (loco.
287 4331 334 4382 v,
357 4316 452 4382 22,
487 4315 602 4388 27).
633 4315 687 4372 lu
713 4321 902 4389 quibus
942 4323 1116 4376 verbis
1144 4326 1260 4392 (‘jlls
1293 4327 1660 4384 manifestatur

98 4415 190 4458 non
211 4423 319 4462 eam
347 4411 568 4464 formam
603 4415 1023 4480 pra-sectandam
1070 4432 1190 4473 esse
1222 4419 1441 4488 judicio,
1476 4421 1524 4475 in
1555 4439 1656 4493 qua

97 4507 201 4549 cum
224 4512 376 4566 esset,
412 4520 517 4557 non
548 4506 786 4573 rapinam
830 4507 1117 4563 arbitratus
1165 4519 1247 4566 est
1289 4526 1408 4567 esse
1438 4516 1656 4583 :eqnnalis

98 4583 218 4652 Deo;
254 4595 345 4649 sed
386 4595 529 4650 illam
569 4613 727 4668 quam
766 4613 888 4653 cum
932 4601 1276 4671 semetipsum
1306 4606 1652 4673 exinanisset,

98 4685 287 4751 accepit.
319 4687 674 4757 Semetipsum
725 4691 866 4744 enim
916 4695 1205 4748 exinanivit
1245 4694 1468 4752 formam
1512 4702 1652 4756 servi

94 4774 328 4857 accipiens
358 4780 614 4852 (Philipp.
655 4799 710 4848 ιι,
735 4785 788 4847 6,
812 4783 866 4853 7)
893 4803 905 4838 :
939 4784 989 4838 in
1021 4802 1122 4857 qua
1168 4789 1374 4845 videtur
1397 4794 1555 4850 etiam
1584 4797 1650 4851 ad

95 4855 365 4925 hciendum
389 4873 646 4940 judicium
671 4875 1025 4931 obedientiam
1050 4894 1198 4934 suam
1224 4886 1648 4954 commendasse,

95 4964 192 5008 cum
217 4961 364 5026 dixit,
389 4959 510 5016 Non
528 4983 728 5035 possum
747 4968 913 5036 facere
929 4985 960 5020 a
979 4971 1165 5041 meipso
1185 4976 1454 5044 quidquam
1476 4994 1494 5030 .'
1523 4982 1650 5036 sicut

97 5046 238 5131 audio,
258 5053 458 5122 judico.
488 5055 655 5109 Adam
691 5073 916 5129 namque
946 5077 1039 5129 per
1066 5063 1216 5131 cujus
1242 5067 1394 5122 unius
1421 5071 1648 5128 hominis

98 5130 473 5200 i"Ohedientiam
508 5157 813 5216 peccatores
853 5154 1126 5208 Constituti
1170 5167 1292 5211 sunt
1336 5162 1506 5228 multi,
1540 5182 1646 5219 non

98 5226 202 5288 Sicut
218 5240 427 5301 audivit,
445 5239 726 5310 judicavit;
752 5245 869 5314 quia
888 5247 1026 5315 quod
1049 5248 1248 5304 audivit
1264 5226 1640 5321 primarium-it,

98 5326 142 5370 ει
163 5336 184 5374 ³
204 5333 486 5400 semetipso
531 5332 654 5387 fecit
683 5334 877 5390 malum
908 5337 1048 5408 quild
1086 5339 1236 5404 fecit;
1269 5343 1387 5409 quia
1417 5362 1518 5400 non
1549 5349 1641 5403 Dei

101 5410 401 5488 voluntatem,
430 5425 523 5478 sed
541 5439 690 5481 suam
711 5426 865 5481 fecit:
892 5429 988 5483 iste
1005 5441 1180 5486 autem
1198 5449 1293 5502 per
1312 5436 1462 5505 cujus
1489 5442 1642 5495 unius

24 5497 40 5600 ξι
100 5497 287 5570 lmiluinis
307 5513 666 5572 obedientiam
699 5518 826 5589 justi
854 5497 1250 5580 constituuntur
1276 5497 1424 5583 multi
1457 5530 1634 5600 (Rom.

100 5611 135 5702 ξι
151 5604 240 5689 19),
261 5633 362 5674 non
393 5620 566 5706 solum
591 5617 845 5678 obedicns
876 5621 973 5678 l'uit
997 5637 1165 5696 usque
1185 5625 1249 5682 ad
1278 5635 1500 5682 mortem
1518 5644 1638 5684 cru-

87 5704 158 5760 ε¹⁸ι
179 5703 229 5767 in
245 5728 344 5784 qua
373 5723 458 5768 est
482 5703 632 5769 vivus
652 5715 919 5785 judicatus
938 5733 969 5772 a
995 5720 1247 5786 mortuis;
1271 5721 1364 5776 sed
1381 5722 1634 5780 obedien-

121 5804 232 5878 ἰιυ.
250 5825 398 5891 Lnga.
425 5832 481 5878 et
501 5833 618 5878 Ven.
646 5827 826 5891 ferunt,
848 5828 1150 5892 etjudlcium
1163 5833 1399 5896 {nam
1425 5844 1481 5887 ιι.

1251 341 1668 400 TRACTATUS
1699 345 1883 404 XCIX.
1924 349 2152 412 CAPUT
2188 354 2328 414 XVI.

3268 387 3407 451 1886

1819 469 1926 519 tem
1943 481 2001 522 se
2025 467 2256 528 futurum
2283 479 2598 546 promittens
2613 485 2668 539 in
2689 486 2805 557 ipso
2829 501 3038 564 quoque
3057 498 3276 569 judicio,
3299 515 3406 576 quo

1816 562 1990 616 estde
2020 564 2151 621 vivis
2175 565 2506 638 judicaturus
2535 588 2588 633 et
2616 583 2859 651 mortuis,
2897 587 3018 644 Noti
3048 605 3271 664 possum,

1815 751 2067 843 numquid
2095 753 2160 810 de
2185 755 2383 826 Spiritu
2411 773 2596 819 salicto
2623 765 2762 837 quod
2783 771 2981 829 dictum
3008 751 3109 843 esi,
3131 773 3250 837 Non
3271 798 3404 843 entm

1813 836 2041 906 loquetur
2066 861 2096 898 a
2122 851 2408 919 semetipso,
2437 856 2527 908 sed
2553 869 2880 936 quiet-umque
2928 836 3118 935 audiet,
3147 836 3400 949 loquetur,

1813 935 2102 990 secundum
2133 937 2403 999 hominem
2424 947 2508 1002 vel
2537 954 2828 1010 secundum
2857 935 3277 1032 assumptionem
3300 935 3396 1024 eti:

1806 1023 2054 1096 jusquam
2081 1042 2341 1090 creatum
2360 1037 2559 1096 dictum
2578 1057 2698 1101 esse
2716 1049 3030 1108 audebimus
3042 1023 3248 1126 opinari
3265 1063 3288 1114 ἲ
3303 1059 3401 1117 8οο

1813 1115 1895 1171 lus
1925 1123 2120 1191 quippe
2148 1123 2198 1179 in
2230 1126 2486 1186 'l‘rinitate
2522 1133 2686 1192 Filius
2716 1137 2943 1196 formam
2987 1115 3126 1202 serit
3169 1115 3393 1222 accepit,

1810 1221 1926 1277 qua».
1952 1209 2118 1268 forma
2143 1217 2215 1272 illi
2235 1218 2299 1274 ad
2320 1223 2571 1280 unitatem
2591 1241 2832 1296 persona!
2847 1245 3088 1305 cooptata
3100 1250 3201 1308 est,
3222 1244 3272 1298 id
3292 1209 3394 1316 est,

1811 1309 1862 1354 ut
1882 1300 2046 1357 Filius
2063 1305 2156 1360 Dei
2167 1317 2222 1362 et
2236 1310 2374 1367 illius
2391 1312 2618 1372 hominis
2633 1331 2768 1377 unus
2785 1325 2850 1378 sit
2867 1300 3021 1383 lesus
3038 1300 3306 1405 Christus;
3328 1300 3397 1396 ut;

1809 1409 1914 1448 non
1936 1396 2186 1464 Trinitas,
2205 1405 2300 1458 sed
2317 1412 2642 1475 quaternitas
2661 1417 2980 1484 pnedlcetur
3006 1427 3215 1491 anubis,
3251 1396 3395 1501 quod

1808 1486 1945 1540 absit
1967 1504 1996 1542 a
2012 1491 2163 1545 nobis
2201 1494 2423 1566 Propter
2438 1517 2596 1570 quam
2619 1517 2898 1574 personam
2915 1525 3079 1570 unum
3096 1529 3161 1573 ex
3187 1486 3395 1581 duabus

1809 1577 2117 1636 substantiis
2148 1583 2323 1641 divina
2356 1589 2691 1664 humanaque
2719 1609 3073 1668 constantem,
3103 1610 3386 1680 aliquath

1807 1672 2098 1727 secundum
2119 1676 2326 1748 idquod
2354 1682 2497 1738 Deus
2517 1695 2594 1741 est
2625 1689 2878 1759 loquitur,
2906 1705 2964 1750 ut
2984 1709 3064 1753 est
3094 1672 3221 1755 ιιιιιᾶι
3248 1707 3388 1775 quod

1805 1761 1897 1823 ait,
1919 1762 2030 1835 Ego
2047 1776 2094 1820 et
2115 1767 2265 1824 Pater
2290 1788 2446 1828 unum
2466 1790 2644 1834 suntut
2669 1781 2844 1852 (Joan.
2871 1803 2925 1852 ι,
2956 1789 3048 1859 50)
3073 1810 3085 1844 :
3109 1761 3392 1865 aliquando

1804 1857 2093 1914 secundum
2125 1861 2178 1914 id
2203 1865 2341 1931 quod
2372 1866 2536 1925 homo
2562 1881 2662 1935 est,
2696 1876 2848 1932 sicuti
2866 1890 2947 1934 est
2968 1857 3389 1952 illum-Quoniam

1805 1943 1963 2050 Pater
1985 1953 2150 2019 major
2183 1971 2262 2009 me
2289 1968 2360 2012 est
2397 1961 2506 2029 (Id.
2535 1979 2637 2032 κη,
2671 1967 2794 2038 28);
2821 1943 3112 2031 secundum
3135 1943 3274 2050 quod

1801 2038 2040 2106 cepimus
2063 2058 2183 2100 esse
2206 2048 2273 2101 ab
2297 2064 2363 2104 eo
2382 2051 2578 2108 dictum
2601 2064 2653 2110 et
2693 2059 2792 2115 hoc
2825 2064 2964 2120 unde
2992 2083 3132 2124 nunc
3152 2038 3387 2142 disputo,

1803 2125 1924 2183 Non
1954 2150 2157 2200 possunt
2178 2155 2210 2190 a
2230 2141 2418 2211 meipso
2439 2148 2604 2214 facere
2626 2151 2901 2222 quidquam
2920 2171 2937 2209 .'
2957 2158 3085 2213 sicut
3105 2125 3279 2229 auditi,

1800 2221 1932 2276 dico.
1978 2223 2033 2279 ln
2067 2243 2288 2295 persona
2319 2249 2448 2289 vero
2472 2236 2702 2307 Spiritus
2730 2247 2898 2302 sancti
2937 2255 3206 2319 quomodo
3243 2261 3386 2314 acci-

1799 2316 2006 2384 piamus
2031 2322 2170 2389 quod
2200 2325 2292 2389 ait,
2327 2325 2448 2381 Non
2471 2332 2604 2384 enim
2645 2335 2874 2406 loquetur
2912 2316 3253 2418 a—semetlpso,
3298 2353 3387 2406 sed

1797 2425 2119 2482 quascumque
2141 2417 2329 2482 audiet,
2355 2421 2606 2488 loquetur;
2627 2440 2746 2480 cum
2781 2429 2830 2483 in
2862 2447 2922 2485 ea
2954 2449 3059 2488 non
3077 2438 3144 2491 sit
3169 2441 3272 2493 alia
3299 2442 3384 2496 di-

1797 2504 2048 2569 vinitatis,
2082 2508 2180 2564 alia
2213 2511 2576 2583 humanitatis,
2609 2519 2692 2574 vel
2741 2523 2958 2579 alterius
2998 2541 3258 2587 creaturae
3283 2549 3382 2590 cu-

1789 2597 2106 2670 juscumque
2128 2603 2443 2671 substantia,
2473 2622 2658 2680 magna
2689 2615 2926 2670 exuritur
2952 2618 3251 2677 difﬁcultas.

1864 2689 1916 2746 Ξ.
1960 2691 2091 2747 illud
2131 2696 2273 2750 enim
2300 2700 2440 2767 quod
2481 2701 2617 2757 sicut
2644 2707 2884 2762 colutuba
2912 2709 3138 2778 Spiritus
3165 2728 3381 2774 sanctus

1792 2787 2036 2852 apparuit
2065 2789 2240 2855 specie
2267 2794 2529 2860 corporali
2554 2795 2767 2863 (Matth.
2801 2815 2877 2866 ιιι,
2907 2801 3012 2872 ili),
3040 2805 3172 2858 visio
3197 2805 3378 2865 luitad

1791 2874 1974 2930 horam
2015 2877 2152 2934 facta
2177 2889 2334 2950 atque
2373 2891 2637 2942 transacta
2659 2905 2674 2943 :
2696 2890 2831 2945 sicut
2858 2894 3016 2949 etiam
3044 2899 3258 2966 quando
3283 2917 3375 2956 su-

1791 2983 1885 3038 per
1912 2969 2204 3039 discipulos
2231 2976 2393 3040 venit,
2427 2978 2556 3033 vis:c
2577 2993 2701 3037 sunt
2730 2984 2832 3039 illis
2859 2986 3050 3057 linguae
3075 2990 3258 3048 divisas
3287 3006 3377 3050 ve-

1789 3061 1866 3118 lut
1905 3066 2062 3134 ignis,
2093 3070 2183 3137 qui
2207 3079 2260 3124 et
2303 3072 2495 3128 insedit
2522 3091 2686 3145 super
2727 3095 3158 3155 unumquemque
3187 3102 3375 3146 eorum

1789 3155 1923 3228 (Act.
1951 3175 2006 3224 ιι,
2032 3162 2112 3230 ὅ).
2134 3164 2232 3230 Qui
2249 3181 2378 3231 ergo
2396 3167 2526 3223 dicit
2548 3170 2848 3227 columbam
2877 3174 2943 3230 ad
2971 3179 3229 3234 unitatem
3256 3195 3376 3250 per-

1785 3262 1930 3304 sonu:
1959 3251 2178 3321 Spiritui
2209 3267 2394 3313 sancto
2421 3259 2588 3316 fuisse
2625 3264 2991 3333 coniunctam,
3025 3278 3080 3324 ut
3105 3287 3169 3326 ex
3202 3273 3288 3327 illa
3320 3283 3377 3332 et

1783 3339 1897 3395 Deo
1921 3342 2064 3411 (quia
2088 3345 2316 3413 Spiritus
2345 3360 2562 3406 satietas
2592 3353 2731 3409 Deus
2761 3357 2870 3425 est)
2893 3375 2992 3411 una
3008 3359 3238 3428 Spiritus
3252 3377 3376 3418 sane

1781 3435 1854 3494 eti
1885 3451 2108 3504 persona
2137 3451 2443 3509 constaret;
2471 3446 2569 3501 hoc
2595 3451 2757 3502 etiam
2782 3450 2849 3505 de
2872 3452 2966 3505 illo
2989 3454 3109 3522 igne
3137 3458 3374 3526 compel-

1780 3524 1907 3587 lilur
1920 3528 2117 3588 dicere.
2141 3541 2196 3586 ut
2220 3534 2482 3605 intelligat
2502 3538 2632 3592 nihil
2661 3539 2848 3595 horum
2876 3543 3072 3599 debere
3091 3561 3147 3600 se
3167 3524 3365 3604 dicere.

1777 3615 1883 3672 Ista
1909 3622 2050 3675 enim
2072 3639 2190 3693 qum
2211 3625 2277 3680 de
2303 3627 2594 3684 substantia
2623 3631 2722 3686 Dei
2737 3649 2948 3702 quoquo
2974 3637 3132 3691 modo
3159 3647 3212 3692 ut
3232 3655 3366 3708 opus

1777 3721 1892 3768 erat
1935 3713 2300 3782 signiﬁcanda,
2345 3723 2619 3788 corporeis
2650 3724 2922 3779 hominum
2954 3729 3197 3784 sensibus
3241 3746 3364 3788 sese

1777 3801 2066 3858 intulerunt
2094 3816 2252 3874 atque
2283 3812 2628 3880 transierunt,
2655 3814 2721 3871 ad
2749 3816 2933 3871 horam
2953 3817 3206 3874 divinitus
3226 3822 3362 3877 facta

1774 3906 1895 3974 sunt
1923 3897 1990 3951 de
2017 3909 2258 3954 creatura
2292 3904 2575 3969 serviente,
2629 3923 2736 3962 non
2786 3910 2852 3964 de
2893 3911 3004 3980 ipsa
3051 3914 3362 3972 dominante

1773 3971 1982 4053 natura,
2027 4007 2146 4058 qua:
2177 3993 2227 4046 in
2253 4009 2312 4046 se
2340 4009 2564 4050 manens
2589 4000 2730 4065 quod
2760 4002 2875 4054 vult
2900 4012 3094 4063 movet.
3137 4015 3191 4059 et
3217 4008 3358 4075 quod

1770 4081 1881 4134 vult
1909 4081 2252 4142 immutabilis
2295 4095 2480 4141 mutat.
2518 4088 2667 4145 Sicut
2689 4093 2848 4146 etiam
2881 4109 2981 4149 Vox
3009 4096 3098 4150 illa
3125 4098 3190 4152 de
3217 4101 3355 4153 nube

1767 4187 1924 4232 aures
1951 4175 2129 4243 utique
2169 4177 2341 4244 attigit
2376 4181 2700 4248 corporales,
2733 4197 2963 4252 eumque
2993 4201 3206 4241 sensum
3236 4204 3327 4244 eor

1767 4265 1911 4332 poris
1927 4265 2018 4334 qui
2040 4276 2257 4322 vocatur
2279 4268 2488 4323 auditos
2506 4270 2655 4341 (Luc.
2686 4289 2764 4338 Ix,
2784 4275 2907 4346 55);
2937 4292 3033 4331 nec
3053 4286 3226 4332 tamen
3247 4281 3352 4334 ullo

1764 4356 1925 4411 modo
1957 4358 2282 4413 credendum
2311 4361 2650 4419 cst‘Verbum
2678 4365 2794 4431 Dei,
2827 4369 2968 4437 quod
2995 4379 3073 4424 est
3105 4373 3346 4441 unigeni-

1764 4457 1845 4504 ius
1875 4448 2057 4512 Filius,
2085 4454 2336 4519 quoniam
2364 4454 2592 4512 Verbum
2615 4457 2825 4526 dicitur,
2858 4463 3075 4533 syllabis
3097 4468 3349 4537 sonisque

1761 4539 1933 4595 tlniri:
1963 4544 2085 4612 quia
2114 4559 2211 4599 nec
2235 4561 2422 4602 omnes
2451 4549 2603 4605 simul
2627 4565 2817 4608 sonare
2848 4566 3068 4623 possunt
3089 4574 3210 4613 cum
3236 4576 3348 4616 ser-

1759 4648 1848 4685 mo
1877 4634 1952 4698 lit,
1982 4635 2074 4690 sed
2103 4646 2350 4707 tanquam
2380 4652 2658 4698 nascentes
2680 4645 3030 4703 nutrientibus
3043 4651 3229 4706 ordine
3249 4670 3350 4709 suo

1759 4726 1873 4780 soni
1914 4727 2233 4796 quicumque
2259 4731 2566 4796 succedunt,
2601 4743 2656 4789 ut
2683 4745 2849 4790 totum
2895 4741 3036 4808 quod
3083 4742 3345 4810 loquimur

1757 4817 2044 4872 novissima
2073 4821 2275 4890 syllaba
2303 4825 2653 4893 compleatur.
2689 4829 2840 4884 Absit
2891 4840 2948 4885 ut
2993 4835 3069 4886 sic
3100 4834 3344 4905 loquatur

1754 4907 1912 4964 Pater
1927 4910 1991 4963 ad
2012 4910 2218 4977 Filium,
2243 4914 2342 4970 hoc
2356 4927 2457 4981 est,
2483 4916 2624 4972 Deus
2639 4919 2704 4972 ad
2727 4919 2958 4975 Verbum
2976 4937 3127 4977 suum
3149 4925 3336 4980 Deum.

1753 5000 1856 5055 Sed
1900 5001 2001 5056 hoc
2025 5017 2210 5058 eorum
2235 5013 2316 5059 est
2360 5021 2570 5074 capere,
2599 5021 2854 5077 quantum
2883 5014 2950 5067 ab
2978 5013 3192 5069 homine
3220 5020 3336 5088 capi

1753 5104 1946 5163 potest,
1978 5094 2043 5148 ad
2073 5112 2206 5164 quos
2237 5114 2338 5152 non
2386 5099 2464 5154 lac
2510 5103 2756 5168 pertinet,
2801 5103 2894 5158 sed
2927 5106 3129 5160 solidus
3159 5110 3332 5166 cibus.

1751 5186 1883 5241 Cum
1910 5187 2066 5256 igitur
2087 5188 2314 5258 Spiritus
2334 5199 2546 5246 sanctus
2575 5194 2716 5247 nulla
2742 5199 3079 5267 susceptione
3109 5200 3338 5259 hominis

1751 5279 1820 5332 sit
1851 5280 2009 5334 homo
2035 5279 2222 5342 lactus,
2254 5281 2395 5335 nulla
2424 5288 2760 5355 susceptione
2783 5289 2956 5357 angeli
3001 5292 3071 5346 sit
3112 5295 3332 5363 angelus

1749 5368 1936 5435 lactus,
1969 5372 2108 5426 nulla
2140 5374 2474 5442 susceptione
2504 5377 2813 5448 cujusquam
2868 5392 3130 5438 creatum
3179 5401 3330 5438 crea-

1749 5470 1866 5516 tura
1895 5463 1964 5516 sit
2005 5462 2205 5530 iactus;
2239 5469 2505 5534 quomodo
2551 5469 2617 5526 de
2664 5472 2757 5527 illo
2801 5474 3193 5544 intelligendum
3247 5487 3329 5531 est

1746 5553 1887 5622 quod
1918 5554 2175 5611 Dominus
2203 5557 2294 5621 ait,
2326 5556 2447 5612 Non
2477 5561 2607 5614 enim
2633 5563 2860 5634 loquetur
2883 5583 2914 5618 a
2934 5567 3217 5633 semetipso,
3239 5569 3328 5620 sed

1742 5659 2066 5715 quaecumque
2085 5647 2272 5716 audiet,
2298 5647 2751 5720 loquetur?Ardua
2778 5655 3020 5722 qmestio,
3051 5656 3208 5710 nin'iis
3235 5673 3328 5712 ar-

1743 5736 1864 5793 dua.
1901 5737 2016 5809 Ipse
2052 5740 2188 5795 adsit
2216 5741 2460 5812 Spiritus,
2492 5755 2547 5798 ut
2572 5747 2758 5801 saltem
2787 5746 2921 5803 sicut
2943 5763 3062 5804 eam
3092 5751 3327 5822 cogitare

1742 5847 2046 5906 possumus,
2075 5837 2153 5893 sic
2177 5837 2356 5911 eloqui
2391 5839 2678 5912 pessimus,
2705 5855 2769 5897 ac
2793 5841 2874 5900 sic
2912 5842 2981 5900 ad
3023 5844 3323 5920 intelligen-
