3926 6370
627 474 756 531 tiam
785 476 1015 528 vestram
1047 479 1144 537 pro
1165 462 1271 520 mei
1301 460 1501 518 moduli
1532 457 1780 515 facultate
1808 454 2098 527 perveniat.

700 570 753 625 ὃ.
783 565 937 622 l’rius
962 561 1142 632 itaque
1169 573 1329 614 nosse
1353 554 1588 616 debetis,
1616 562 1672 608 et
1695 549 1992 620 intelligere
2017 547 2105 616 qui
2130 561 2223 616 po-

629 662 813 725 testis,
839 653 1062 712 credere
1082 660 1260 708 autem
1286 650 1375 721 qui
1398 647 1690 717 intelligere
1719 642 1953 698 nondum
1978 640 2220 712 potestis,

629 756 682 811 in
705 769 768 810 ea
794 747 1088 808 substantia
1117 760 1236 816 qua:
1265 745 1404 799 Deus
1427 751 1541 804 est,
1573 755 1677 794 non
1727 737 1878 809 quasi
1909 752 2004 807 per
2027 749 2223 804 corpo-

631 847 706 902 ris
733 845 929 900 molem
966 854 1156 898 sensus
1194 837 1325 892 locis
1354 834 1582 906 propriis
1607 830 1920 888 distributos
1942 872 1956 895 ,
2004 829 2142 882 sicut
2169 825 2224 881 in

631 952 793 994 carne
823 933 1030 990 mortali
1053 943 1386 1003 quorumque
1412 925 1720 981 animalium
1772 922 1894 977 alibi
1940 930 2024 976 cst
2042 920 2186 973 visus
2205 960 2222 985 ,

632 1032 758 1088 alibi
789 1029 1029 1092 auditus,
1065 1025 1188 1082 alibi
1235 1031 1418 1094 gustus
1438 1063 1452 1088 ,
1483 1020 1607 1074 alibi
1638 1019 1861 1073 olfactus
1885 1058 1900 1082 ,
1933 1031 2026 1086 per
2055 1021 2226 1068 totum

633 1134 811 1180 autem
841 1132 1027 1177 tactus.
1052 1117 1205 1174 Absit
1222 1118 1320 1171 hoc
1346 1113 1566 1170 credere
1593 1113 1643 1166 in
1673 1110 1760 1166 illa
1789 1111 2102 1180 incorporea
2128 1107 2226 1162 im-

635 1213 978 1284 mutabilique
1030 1220 1237 1266 natura.
1281 1205 1482 1262 Audire
1525 1221 1652 1274 ergo
1705 1203 1775 1257 ibi
1797 1211 1851 1257 et
1891 1201 2107 1267 videre,
2146 1199 2227 1254 id-

636 1309 809 1380 ipsum
839 1317 940 1362 est.
963 1304 1170 1360 Dicitur
1193 1309 1248 1356 et
1266 1299 1491 1354 olfactus
1522 1298 1573 1352 in
1603 1297 1712 1352 Deo
1739 1314 1750 1350 :
1785 1295 1924 1350 unde
1937 1294 2063 1348 dicit
2085 1294 2230 1363 Apo-

634 1401 821 1464 stolus,
865 1398 1012 1454 Sicut
1048 1405 1096 1451 et
1141 1393 1371 1451 Christus
1415 1390 1593 1445 dilexit
1643 1406 1770 1453 nos,
1821 1397 1870 1442 et
1907 1386 2116 1440 tradidit
2150 1402 2227 1441 se-

634 1495 900 1562 metipsum
920 1507 1012 1562 pro
1035 1489 1176 1545 nobis
1194 1487 1497 1542 oblationem
1526 1493 1572 1538 et
1599 1483 1812 1538 hostium
1855 1481 1965 1535 Deo
2007 1482 2060 1534 in
2097 1479 2227 1534 odo-

633 1602 737 1642 rem
756 1583 1017 1640 suavitatis
1042 1580 1256 1653 (Ephes.
1287 1595 1340 1645 v,
1370 1575 1449 1651 2).
1475 1578 1541 1632 Et
1568 1586 1753 1649 gustus
1781 1574 1997 1644 intelligi
2032 1581 2227 1644 potest,

633 1677 925 1735 secundum
972 1689 1132 1744 quem
1183 1672 1322 1726 Deus
1364 1679 1419 1725 et
1459 1669 1574 1724 odit
1610 1669 2000 1732 amaricantes,
2049 1674 2230 1721 etnec

634 1770 856 1842 frigidos
899 1782 997 1822 nec
1025 1764 1229 1821 calidos
1252 1804 1268 1830 ,
1318 1761 1414 1818 sed
1445 1760 1651 1832 tepidos
1690 1760 1888 1816 evomit
1916 1773 1981 1813 ex
2009 1773 2106 1814 ore
2133 1771 2231 1812 suo

637 1862 818 1936 (Apoc.
848 1875 924 1924 ιιι,
953 1858 1039 1927 16)
1065 1872 1078 1907 :
1104 1865 1158 1910 et
1182 1855 1322 1910 Deus
1345 1853 1588 1909 Christus
1613 1851 1775 1916 dicit,
1805 1850 1950 1906 Meus
1988 1850 2126 1905 cibus
2161 1856 2234 1904 est

635 1965 690 2008 ut
721 1953 907 2025 faciam
938 1951 1243 2005 voluntatem
1273 1950 1382 2020 ejus
1409 1948 1495 2018 qui
1535 1963 1617 2000 me
1645 1946 1776 2000 misit
1803 1945 1982 2016 (Joan.
2010 1961 2082 2009 tv,
2113 1944 2228 2016 54).

636 2046 735 2102 Est
779 2046 941 2100 etiam
992 2052 1162 2098 tactus
1213 2041 1301 2096 ille
1354 2039 1596 2104 divinus,
1626 2036 1766 2093 unde
1796 2037 1926 2092 dicit
1949 2052 2142 2108 sponsa
2164 2036 2232 2092 de

637 2152 835 2208 sponso
862 2153 874 2186 :
908 2135 1129 2190 Sinistra
1156 2134 1263 2203 ejus
1307 2133 1399 2188 sub
1435 2133 1597 2203 capite
1622 2147 1729 2184 meo
1753 2173 1766 2196 ,
1805 2139 1851 2185 et
1891 2130 2097 2185 dextera
2123 2130 2233 2198 ejus

636 2227 993 2299 complectetur
1018 2243 1096 2280 me
1116 2224 1287 2296 (Cant.
1312 2224 1451 2295 n,6).
1482 2223 1596 2279 Non
1628 2232 1752 2276 sunt
1776 2222 1891 2276 hare
1917 2221 1970 2276 in
2003 2223 2113 2276 Deo
2138 2235 2233 2290 per

636 2322 852 2378 diversa
875 2321 1116 2391 corporis
1141 2321 1276 2376 loca.
1297 2319 1430 2374 Cum
1456 2319 1598 2374 enim
1627 2317 1819 2372 dicitur
1838 2316 1996 2382 scire,
2016 2315 2087 2370 ibi
2109 2321 2234 2370 sunt

636 2417 850 2482 omnia;
879 2424 935 2471 et
954 2414 1167 2478 videre,
1197 2423 1252 2470 et
1277 2413 1482 2478 audire,
1515 2421 1570 2468 et
1603 2411 1857 2476 olfacere,
1903 2419 1958 2466 et
1995 2418 2227 2481 gustare,

636 2517 691 2566 et
729 2517 976 2578 tangere;
1017 2506 1135 2563 sine
1161 2507 1264 2560 ulla
1291 2506 1406 2577 ejus
1432 2505 1726 2561 mutatione
1754 2503 2085 2570 substantia),
2116 2503 2232 2559 sine

634 2601 741 2658 ulla
773 2600 914 2656 mole
957 2615 1075 2671 qua:
1125 2600 1176 2655 in
1195 2600 1298 2654 alia
1342 2607 1491 2670 parte
1536 2598 1725 2668 major,
1759 2599 1812 2652 in
1851 2598 1955 2652 alia
2008 2597 2228 2652 minor:

635 2694 880 2750 etiamin
916 2692 1136 2748 senibus
1183 2691 1372 2763 puerili
1416 2700 1636 2762 pectore
1690 2691 1970 2760 cogitatur,
2020 2689 2232 2762 quando

635 2786 780 2844 Deus
799 2786 879 2843 sic
905 2787 1183 2858 cogitatur.

708 2880 762 2936 4.
793 2879 904 2935 Nec
949 2879 1164 2935 mireris
1208 2878 1351 2950 quod
1392 2878 1674 2935 ineliabilis
1720 2878 1812 2934 Dei
1853 2880 2095 2946 scientia,
2125 2894 2231 2951 qua

640 2974 789 3031 novit
831 2974 1011 3029 omnia
1036 3015 1050 3040 ,
1080 2987 1178 3043 per
1205 2972 1382 3028 varios
1413 2973 1661 3028 humana:
1689 2973 1972 3028 locutionis
2001 2972 2192 3028 modos
2211 3015 2227 3041 ,

639 3068 878 3126 omnium
946 3067 1171 3122 istorum
1228 3066 1585 3136 corporalium
1632 3080 1885 3122 sensuum
1928 3065 2231 3120 nominibus

641 3168 973 3232 nuncupatur
1002 3180 1014 3215 :
1039 3176 1161 3216 cum
1195 3168 1249 3216 et
1274 3161 1387 3231 ipsa
1414 3175 1568 3216 mens
1593 3169 1795 3225 nostra,
1828 3160 1932 3216 hoc
1955 3168 2040 3216 est
2068 3159 2231 3215 homo

637 3254 879 3319 interior,
901 3254 985 3310 cui
1007 3253 1340 3309 uniformiter
1365 3252 1551 3308 scienti
1568 3267 1667 3324 per
1687 3253 1785 3307 bos
1809 3252 2044 3322 quinque
2068 3253 2232 3308 veluti

637 3347 855 3404 nuntios
871 3347 1112 3416 corporis
1140 3345 1348 3402 diversa
1377 3345 1707 3411 nuntiantur,
1737 3344 1952 3415 quando
1980 3345 2232 3399 immuta-

639 3441 800 3495 bilem
857 3439 1136 3493 veritatem
1183 3437 1446 3508 intelligit,
1497 3436 1665 3507 eligit,
1716 3436 1904 3507 diligit,
1951 3445 2006 3491 et
2049 3436 2232 3492 lumen

638 3533 786 3588 videt
837 3532 906 3588 de
959 3546 1065 3602 quo
1101 3530 1316 3597 dicitur,
1350 3529 1477 3584 Erat
1501 3530 1894 3595 lumeuverum;
1917 3539 1971 3584 et
2011 3529 2231 3584 verbum

636 3627 784 3682 audit
819 3625 887 3680 de
911 3640 1018 3696 quo
1040 3623 1252 3688 dicitur,
1280 3622 1611 3694 Inpriucipio
1652 3631 1758 3677 erat
1798 3622 2008 3677 Verbum
2051 3621 2229 3686 (Joan.

639 3737 679 3785 ι,
702 3719 759 3785 9,
791 3718 882 3790 l);
928 3727 982 3772 et
1010 3717 1229 3772 odorem
1257 3717 1400 3786 capit
1419 3716 1485 3771 de
1505 3731 1611 3786 quo
1633 3715 1846 3780 dicitur,
1878 3714 2004 3770 Post
2024 3715 2232 3770 odorem

635 3819 1006 3880 unguentorum
1027 3820 1228 3863 tuorum
1255 3825 1514 3864 currentus
1537 3807 1707 3881 (Cant.
1735 3825 1772 3874 ι,
1801 3809 1854 3879 5)
1879 3824 1895 3873 ;
1935 3817 1988 3862 et
2029 3808 2232 3864 fontem

638 3901 791 3964 bibit.
830 3900 898 3956 de
940 3915 1049 3972 quo
1093 3898 1308 3965 dicitur,
1362 3900 1513 3966 Apud
1560 3910 1607 3954 te
1624 3911 1695 3954 est
1743 3901 1857 3970 {ous
1890 3900 2004 3954 vitm
2053 3897 2228 3964 (Psal.

640 4011 807 4060 xxxv,
839 3994 933 4066 10)
960 4011 974 4058 ;
1001 4003 1056 4050 et
1083 4002 1222 4050 tactu
1253 3993 1463 4060 fruitur,
1493 3993 1560 4049 de
1588 4010 1696 4064 quo
1717 3993 1934 4058 dicitur,
1966 3991 2100 4046 Mihi
2132 4009 2229 4046 au-

639 4099 736 4145 tem
763 4087 1022 4142 adhaerere
1070 4085 1180 4140 Deo
1229 4086 1415 4141 bonum
1466 4098 1536 4140 est
1562 4083 1733 4158 (Psal.
1773 4101 1937 4149 Lxxn,
1962 4083 2055 4154 ‘28)
2091 4098 2232 4139 :nec

635 4179 778 4236 aliud
806 4189 968 4251 atque
995 4177 1160 4243 aliud,
1213 4177 1306 4234 sed
1356 4193 1459 4233 una
1497 4176 1842 4247 intelligentia
1873 4185 1948 4231 tot
1977 4189 2230 4231 sensuum

636 4273 943 4331 nominibus
971 4281 1331 4343 nuncupatur.
1382 4270 1518 4326 Cum
1571 4285 1700 4340 ergo
1738 4268 1806 4324 de
1825 4268 2024 4338 Spiritu
2045 4276 2232 4324 sancto

636 4366 854 4430 dicitur,
889 4363 943 4418 Ν
946 4380 1011 4417 οη
1034 4365 1166 4418 enim
1188 4364 1418 4432 loquetur
1435 4379 1468 4415 a
1487 4363 1774 4432 semtipso,
1796 4361 1885 4415 sed
1907 4377 2229 4432 quaecumque

639 4456 830 4516 audiet,
861 4455 1092 4523 loquetur
1114 4471 1133 4518 ;
1155 4455 1322 4508 nmlto
1351 4454 1520 4522 magis
1546 4453 1614 4507 ibi
1645 4453 1870 4522 simplex
1901 4463 2109 4519 natura,
2136 4454 2226 4508 ubi

639 4547 917 4602 verissime
937 4547 1160 4616 simplex
1188 4556 1290 4611 est,
1315 4547 1395 4602 vel
1427 4546 1763 4616 intelligenda
1788 4556 1872 4602 est
1898 4547 1980 4600 vel
2007 4546 2230 4603 creden-

637 4638 727 4702 da,
757 4654 876 4708 quae
905 4638 1061 4706 longe
1090 4639 1303 4707 alteque
1345 4644 1586 4692 naturam
1629 4646 1822 4692 nostra:
1842 4638 2036 4693 mentis
2075 4653 2233 4694 exce-

638 4727 736 4784 dit.
767 4727 1034 4784 Mutabilis
1079 4729 1273 4799 quippe
1302 4740 1385 4784 est
1433 4743 1584 4784 mens
1611 4739 1812 4794 nostra,
1858 4744 1977 4799 qua:
2008 4729 2232 4799 percipit

637 4817 897 4875 discendo
923 4818 1064 4890 quod
1118 4819 1408 4886 nesciebat,
1429 4828 1483 4876 et
1506 4819 1702 4874 amittit
1740 4819 2066 4876 dediscendo
2089 4818 2230 4891 quod

639 4911 876 4973 sciebat;
907 4920 961 4966 ct
1006 4911 1119 4968 veri
1144 4909 1489 4966 similitudine
1513 4911 1724 4978 fallitur,
1758 4919 1815 4966 ut
1856 4927 1952 4982 pro
1980 4926 2108 4967 vero
2133 4926 2228 4981 ap-

640 5004 832 5074 probet
859 5005 1068 5069 falsum,
1111 5014 1166 5061 ct
1205 5004 1531 5062 obscuritate
1583 5020 1679 5060 sua
1725 5005 1874 5076 quasi
1915 5005 2231 5076 quibusdam

642 5097 878 5150 tenebris
922 5098 1228 5166 impeditur,
1277 5114 1345 5155 ne
1375 5099 1647 5170 perveniat
1675 5098 1740 5154 ad
1791 5115 1992 5155 verum.
2020 5099 2087 5154 Et
2114 5098 2232 5154 ideo

645 5201 752 5241 non
783 5197 865 5239 est
891 5187 986 5241 ista
1012 5189 1306 5244 substantia
1325 5190 1602 5246 verissime
1625 5190 1867 5261 simplex,
1890 5190 1972 5244 cui
1997 5205 2100 5244 non
2131 5188 2232 5245 hoc

642 5287 728 5333 est
756 5291 876 5333 esse
900 5279 1040 5350 quod
1071 5295 1230 5334 nosse
1262 5299 1274 5332 :
1306 5290 1478 5350 potest
1503 5282 1644 5338 enim
1672 5297 1811 5347 esse,
1840 5298 1937 5337 nec
1958 5296 2135 5336 nosse.
2164 5281 2233 5336 At

645 5371 735 5428 illa
764 5371 943 5428 divina
971 5389 1076 5428 non
1109 5381 1302 5443 potest,
1330 5375 1451 5442 quia
1476 5374 1526 5428 id
1553 5375 1691 5444 quod
1722 5373 1879 5428 habet
1905 5382 2003 5429 est.
2037 5376 2113 5428 Ac
2140 5389 2234 5443 per

647 5469 750 5523 hoc
780 5484 882 5522 non
909 5467 988 5522 sic
1017 5465 1178 5521 liabet
1225 5466 1522 5532 scientiam,
1551 5477 1608 5522 ut
1632 5468 1773 5524 aliud
1807 5469 1877 5523 illi
1904 5469 1972 5523 sit
2011 5469 2231 5525 scientia

645 5579 749 5635 qua
776 5564 896 5628 scit,
925 5563 1067 5618 aliud
1089 5561 1318 5617 essentia
1342 5579 1445 5634 qua
1475 5573 1593 5628 est;
1622 5565 1713 5620 sed
1742 5576 2021 5638 utrumque
2047 5581 2229 5620 unum.

646 5655 756 5712 Nec
787 5666 1069 5727 utrumque
1093 5655 1372 5713 dicendum
1399 5667 1499 5722 est,
1545 5657 1684 5729 quod
1713 5659 2021 5730 simpliciter
2068 5673 2233 5714 unum

648 5756 753 5802 est.
780 5747 927 5802 Sicut
946 5747 1093 5804 habet
1122 5747 1279 5804 Pater
1306 5749 1458 5804 vitam
1481 5750 1535 5804 in
1563 5752 1844 5823 semetipso,
1870 5767 1967 5807 nec
1986 5750 2130 5806 aliud
2153 5758 2235 5806 est

662 5838 780 5906 ipse
807 5853 966 5908 quam
997 5840 1101 5896 vita
1131 5856 1251 5912 qua:
1281 5842 1332 5900 in
1364 5843 1480 5914 ipso
1499 5851 1611 5913 est;
1652 5854 1699 5900 et
1739 5843 1876 5899 dedit
1895 5843 2033 5898 Filio
2058 5844 2238 5901 habere

1574 340 1641 400 IN
1676 334 1956 397 JOANNiS
1997 329 2464 396 EYANGELIUBI,
2506 331 2565 386 S.
2607 331 2975 391 AUGUSTINI

2330 447 2484 500 vitam
2501 447 2551 500 in
2575 450 2838 518 semetipso
2860 448 3041 520 (loqu.
3065 465 3117 518 v,
3137 450 3256 523 28),
3276 453 3375 512 hoc
3389 466 3481 522 est,
3499 464 3647 532 genuit
3659 465 3792 530 Filium

2329 541 2419 610 qui
2471 552 2523 597 et
2566 540 2680 611 ipse
2721 543 2825 597 vita
2869 554 3032 600 esset.
3064 544 3154 603 Sic
3191 547 3360 620 itaque
3379 551 3602 613 debemus
3622 562 3791 634 accipere

2331 634 2474 704 quod
2499 635 2566 689 de
2589 635 2789 705 Spiritu
2817 647 3004 693 sancto
3022 638 3218 694 dictum
3247 652 3345 706 est,
3370 643 3481 699 Non
3514 651 3624 704 enim
3638 655 3795 726 loquetur

2332 743 2364 780 a
2387 729 2672 798 semetipso,
2707 730 2796 784 sed
2819 747 3144 803 quaecumque
3171 735 3360 803 audiet,
3387 738 3608 811 loquetur,
3629 757 3673 802 ut
3688 749 3794 807 intel-

2333 821 2557 892 ligamus
2585 837 2688 876 non
2711 838 2834 877 eum
2859 838 2981 880 esse
3005 841 3034 879 a
3052 828 3509 898 semetipso.Pater
3531 837 3684 908 quippe
3698 843 3794 901 solus

2334 914 2402 969 de
2425 915 2532 969 alio
2580 931 2687 970 non
2716 924 2817 972 est.
2849 917 2981 973 Nam
3003 929 3056 975 et
3085 919 3248 978 Filius
3268 923 3334 979 de
3358 924 3502 981 Patre.
3529 940 3654 986 natus
3671 945 3794 1001 est,et

2334 1005 2564 1076 Spiritus
2602 1017 2818 1064 sanctus
2847 1009 2914 1066 de
2935 1009 3090 1067 Patre
3110 1015 3344 1083 procedit
3369 1033 3382 1068 :
3413 1017 3554 1074 Pater
3573 1031 3707 1080 autem
3727 1042 3791 1084 nec

2335 1111 2494 1156 natus
2515 1109 2598 1156 est
2624 1101 2691 1156 de
2718 1102 2846 1169 alio,
2877 1117 2976 1159 nec
3004 1105 3258 1176 procedit.
3287 1106 3391 1163 Nec
3414 1108 3523 1165 ideo
3554 1127 3656 1168 sane
3685 1117 3798 1190 aliqua

2333 1192 2656 1263 disparilitas
2703 1197 2755 1251 in
2804 1211 3011 1253 summa
3040 1199 3124 1255 illa
3165 1199 3418 1259 Trinitate
3463 1207 3708 1277 cogitationi
3737 1229 3798 1271 oc-

2336 1296 2517 1342 currat
2545 1287 2791 1343 bumanae
2821 1307 2835 1343 :
2868 1305 2990 1344 nam
3019 1300 3074 1347 et
3124 1290 3288 1349 Filius
3324 1294 3372 1349 ei
3400 1295 3464 1352 de
3489 1314 3581 1368 quo
3601 1311 3713 1358 natus
3729 1317 3795 1372 est,

2336 1391 2390 1436 et
2418 1383 2646 1453 Spiritus
2679 1393 2894 1439 sanctus
2931 1385 2980 1440 ei
3032 1385 3102 1441 de
3146 1402 3254 1458 quo
3279 1389 3520 1459 procedit,
3548 1397 3715 1466 :cqualis
3733 1411 3798 1456 est.

2337 1475 2476 1544 Quid
2518 1488 2698 1533 autem
2736 1479 2847 1533 illic
2875 1479 3089 1536 intersit
3122 1481 3262 1536 inter
3285 1485 3556 1554 procedere
3572 1497 3616 1542 et
3635 1492 3749 1557 nasci,
3766 1503 3799 1548 et

2335 1567 2550 1638 longum
2595 1578 2679 1624 est
2707 1570 2998 1640 qumrendo
3023 1572 3308 1639 disserere,
3340 1583 3393 1630 et
3437 1579 3711 1634 temerarium
3726 1597 3800 1638 cum

2335 1659 2655 1715 disserueris
2672 1660 2897 1719 definire
2920 1679 2934 1716 :
2957 1665 3079 1734 quia
3101 1663 3203 1720 hoc
3222 1675 3275 1721 et
3291 1670 3446 1722 menti
3463 1677 3695 1742 utcumque
3710 1688 3802 1728 com-

2337 1753 2690 1822 prehendere,
2740 1763 2797 1810 et
2824 1757 2870 1810 si
2897 1757 3025 1827 quid
3056 1757 3193 1815 forte
3218 1775 3367 1816 mens
3414 1762 3526 1818 inde
3549 1769 3800 1835 comprehen—

2337 1845 2496 1912 derit,
2528 1846 2720 1916 lingua:
2748 1847 3118 1904 difficillimum
3150 1860 3234 1906 est
3257 1854 3526 1923 eXplicare,
3546 1859 3800 1926 quantuslibet

2338 1936 2521 2007 prmsit
2557 1937 2780 2006 doctor,
2813 1942 3175 2010 quantuslibet
3203 1943 3341 2000 adsit
3365 1945 3574 2001 auditor.
3617 1947 3800 2019 Nonergo

2341 2031 2571 2102 loquetur
2614 2049 2646 2085 a
2676 2035 2939 2104 semetipso
2964 2052 2982 2089 :
3005 2037 3128 2107 quia
3171 2052 3276 2093 non
3313 2049 3393 2094 est
3419 2055 3446 2093 a
3467 2043 3712 2112 semetipso.
3735 2043 3800 2097 Sed

2337 2137 2660 2193 qua'cumque
2683 2123 2873 2190 audiet,
2893 2126 3124 2196 loquetur
3150 2145 3169 2182 :
3193 2129 3259 2183 ab
3285 2129 3372 2184 illo
3395 2129 3558 2186 audiet
3582 2147 3607 2186 a
3635 2147 3712 2201 quo
3728 2149 3801 2202 pro-
3840 2195 3841 2208 χ

2338 2213 2499 2268 cedit.
2529 2214 2731 2272 Audire
2754 2216 2828 2270 illi
2847 2217 2989 2274 scire
3011 2227 3122 2284 est;
3152 2220 3289 2276 scire
3314 2235 3437 2276 vero
3469 2237 3590 2287 esse,
3627 2224 3725 2278 sicut
3748 2240 3802 2279 su-

2339 2307 2518 2377 perius
2537 2308 2862 2378 disputatum
2891 2317 2991 2366 est.
3015 2310 3151 2379 Quia
3181 2327 3307 2382 ergo
3331 2329 3431 2368 non
3459 2323 3572 2368 esta
3591 2315 3798 2385 semetipso,

2338 2398 2433 2454 sed
2463 2399 2532 2454 ab
2557 2399 2650 2455 illo
2690 2415 2720 2454 a
2747 2416 2853 2472 quo
2879 2402 3152 2471 procedit;
3179 2419 3209 2458 a
3239 2419 3345 2474 quo
3364 2404 3434 2459 illi
3461 2415 3535 2461 est
3557 2407 3742 2474 essentia,
3762 2408 3801 2462 ab

2337 2490 2431 2544 illo
2455 2490 2676 2545 scientia
2707 2509 2720 2544 :
2749 2491 2817 2546 ab
2848 2493 2940 2548 illo
2970 2493 3134 2563 igitur
3161 2493 3442 2562 audientia,
3479 2495 3602 2566 quod
3631 2496 3726 2552 nihil
3753 2508 3801 2551 εςι

2335 2582 2479 2638 aliud
2507 2598 2666 2653 quam
2693 2583 2934 2640 scientia.

2409 2676 2463 2731 5.
2492 2674 2603 2731 Nec
2632 2686 2843 2732 moveat
2870 2677 3009 2748 quod
3054 2680 3279 2736 verbum
3303 2679 3454 2736 futuri
3480 2681 3687 2751 temporis
3715 2681 3802 2750 posi-

2338 2777 2450 2825 tum
2481 2777 2581 2824 est.
2625 2767 2742 2824 Non
2771 2768 2915 2824 enim
2956 2769 3160 2826 dictum
3188 2779 3290 2838 est,
3317 2787 3627 2843 quaecumque
3661 2771 3800 2832 audiu't,

2336 2873 2447 2931 aut,
2476 2880 2824 2938 quaecumque
2847 2864 3024 2931 audit;
3056 2865 3176 2934 sed,
3207 2883 3516 2939 quacumque
3530 2866 3683 2931 audiet,
3701 2865 3800 2932 [aqua

2338 2969 2438 3014 tur.
2472 2959 2565 3014 Illa
2607 2960 2802 3031 quippe
2828 2959 3101 3016 audientia
3126 2962 3445 3032 sempiterna
3490 2968 3578 3029 est,
3604 2958 3697 3030 quia
3715 2971 3800 3013 seu

2337 3052 2542 3124 piterna
2573 3051 2815 3107 scicntia.
2844 3050 2902 3106 In
2926 3067 2993 3108 eo
3015 3062 3196 3110 autem
3239 3055 3378 3127 quod
3401 3054 3716 3126 sempiternum
3740 3059 3798 3112 est.

2339 3145 2456 3200 sine
2499 3144 2648 3199 initio
2697 3153 2752 3200 et
2793 3144 2910 3200 sine
2963 3144 3090 3214 line,
3119 3147 3399 3218 cujuslibet
3418 3147 3636 3218 temporis
3656 3144 3801 3198 verbum

2303 3263 2310 3270 ο
2341 3246 2568 3308 ponatur
2589 3280 2604 3302 ,
2639 3236 2752 3292 sive
2779 3238 3030 3307 prmteriti
3048 3280 3064 3304 ,
3099 3240 3216 3296 sive
3237 3240 3530 3312 praesentis,
3556 3240 3646 3294 sive
3671 3235 3799 3298 futuri,

2339 3344 2445 3384 non
2487 3328 2818 3385 mendaciter
2857 3331 3090 3402 ponitur.
3138 3332 3388 3401 Quamvis
3427 3332 3554 3388 enim
3581 3339 3720 3385 natura
3750 3325 3801 3378 illa

2339 3421 2681 3477 immutabilis
2706 3430 2762 3477 et
2783 3421 3066 3478 inetlabilis
3089 3439 3197 3479 non
3225 3425 3436 3496 recipiat
3455 3423 3621 3479 Fuitet
3634 3420 3728 3482 Erit,
3747 3412 3802 3470 scd

2339 3521 2543 3568 tantum
2575 3514 2669 3570 Est
2701 3533 2714 3569 :
2747 3516 2856 3586 ipsa
2886 3516 3027 3571 enim
3049 3517 3311 3572 veraciter
3337 3525 3434 3583 est,
3459 3515 3565 3586 quia
3580 3509 3720 3568 mutari
3738 3521 3802 3568 non

2339 3614 2545 3675 potest;
2565 3614 2619 3661 et
2643 3604 2762 3661 ideo
2791 3606 2866 3661 illi
2898 3615 3098 3661 tantum
3116 3606 3620 3670 conveneratdicere,
3645 3601 3803 3672 Egon!»

2337 3701 2424 3769 qui
2448 3717 2559 3753 sum
2581 3718 2600 3768 ;
2627 3709 2703 3768 et,
2732 3699 2882 3755 Dices
2899 3701 3020 3770 ﬁliis
3039 3699 3226 3768 Israel,
3254 3701 3351 3770 Qui
3391 3711 3478 3767 est,
3500 3701 3614 3754 misit
3632 3693 3743 3750 mead
3752 3705 3802 3742 tot

2342 3791 2533 3866 (Exod.
2567 3809 2644 3858 ιιι,
2679 3792 2800 3861 H):
2833 3802 3007 3848 tamen
3047 3805 3269 3866 propter
3295 3792 3653 3848 mutabilitatem
3672 3795 3802 3850 ιεωροσ

2339 3901 2456 3941 rum
2491 3885 2542 3940 in
2587 3886 2780 3957 quibus
2825 3895 3069 3942 versatur
3101 3897 3286 3944 nostra
3328 3885 3594 3943 mortalitas
3625 3889 3668 3937 et
3688 3885 3802 3933 nostr1

2340 3976 2682 4040 mutabilitas,
2716 3991 2821 4032 non
2850 3977 3180 4035 mendaciter
3206 3979 3445 4044 dicimus,
3482 3985 3531 4033 et
3560 3975 3650 4036 luit,
3671 3965 3800 4026 eterit.

2339 4080 2392 4126 et
2418 4080 2521 4126 est.
2549 4070 2697 4133 Fuit,
2729 4071 2782 4126 in
2814 4071 3095 4141 praeteritis
3123 4073 3349 4134 smculis,
3367 4080 3445 4128 est
3472 4071 3518 4124 in
3536 4059 3799 4138 prmsentibus.

2337 4166 2443 4222 erit
2471 4167 2522 4221 in
2550 4167 2760 4221 futuris.
2786 4165 2925 4230 Fuit,
2957 4166 3080 4238 quia
3108 4182 3376 4237 nunquam
3402 4162 3580 4225 deluit;
3601 4157 3701 4219 erit,
3723 4148 3802 4222 quiit

2337 4274 2604 4330 nunquam
2632 4257 2832 4323 deerit;
2863 4267 2966 4322 est,
3016 4258 3139 4329 quia
3182 4273 3390 4329 semper
3415 4265 3505 4312 est.
3532 4252 3679 4320 Neque
3697 4241 3800 4300 enim.

2320 4351 2479 4407 ‘velut
2506 4351 2594 4422 qui
2614 4350 2724 4420 jam
2750 4367 2852 4404 non
2881 4349 2968 4417 sit,
2995 4365 3116 4406 cum
3147 4350 3417 4422 prmteritis
3444 4344 3638 4409 occidit;
3655 4344 3801 4393 autcum

2335 4445 2714 4518 prtesentilms,
2747 4444 2890 4499 velut
2918 4444 3006 4514 qui
3035 4461 3138 4499 non
3165 4451 3390 4503 maneat,
3423 4440 3620 4500 labitur;
3643 4439 3710 4484 aut
3726 4437 3801 4480 cum

2337 4537 2549 4604 futuris,
2598 4537 2741 4592 velut
2766 4537 2854 4607 qui
2888 4553 2991 4591 non
3035 4535 3228 4604 fuerat,
3278 4536 3486 4591 orietur.
3512 4522 3698 4586 Proinde
3726 4527 3800 4571 cum

2337 4631 2630 4687 secundum
2676 4631 2949 4688 volumina
2980 4641 3274 4702 temporum
3306 4626 3490 4684 locutio
3528 4622 3711 4678 hutnaua
3746 4621 3801 4659 ιπ-

2340 4725 2527 4792 riatur,
2554 4725 2642 4795 qui
2667 4739 2760 4794 per
2784 4723 2924 4779 nulla
2952 4723 3138 4780 deesse
3165 4721 3333 4794 potuit
3355 4727 3440 4775 aut
3467 4716 3695 4788 potestaut
3714 4707 3800 4797 ροιὲ

2338 4817 2408 4872 rit
2437 4827 2696 4888 tempora,
2723 4832 2844 4871 vera
2871 4815 2937 4871 de
2966 4817 3055 4871 illo
3080 4815 3325 4872 dicuntur
3349 4809 3600 4880 cujuslibet
3629 4802 3800 4891 tempﬂrls

2337 4909 2521 4964 verba.
2570 4907 2794 4980 Semper
2838 4909 3012 4980 itaque
3055 4907 3203 4963 audit
3249 4905 3464 4978 Spiritus
3504 4904 3692 4957 sanctus,
3724 4898 3799 4954 qui-1

2339 5017 2552 5072 semper
2579 5003 2716 5057 scit:
2743 5018 2870 5073 ergo
2915 5010 2968 5056 ct
2995 5001 3166 5064 scivit,
3195 5011 3249 5056 et
3293 5000 3405 5064 scit,
3436 5004 3484 5052 et
3507 4992 3638 5050 sciet;
3673 4996 3717 5035 ac
3744 4987 3800 5074 lf’

2339 5067 2521 5149 hoc-et
2545 5094 2764 5161 audivit,
2794 5067 2847 5150 et
2873 5095 3038 5160 audit,
3068 5103 3123 5150 et
3141 5094 3316 5149 audiet
3338 5110 3351 5145 :
3373 5089 3485 5162 quia
3514 5085 3627 5142 sicut
3643 5077 3722 5146 jam
3746 5067 3796 5119 di-

2339 5188 2534 5254 ximus,
2570 5186 2670 5243 boc
2699 5196 2782 5243 est
2810 5188 2882 5243 illi
2906 5188 3091 5244 audire
3117 5187 3257 5259 quod
3287 5185 3434 5249 scire,
3461 5188 3510 5235 et
3531 5176 3640 5232 scire
3661 5164 3712 5221 illi
3734 5162 3794 5259 tot

2340 5293 2424 5339 est
2453 5281 2596 5352 quod
2622 5296 2760 5337 esse.
2802 5281 2885 5336 Ab
2914 5281 3002 5336 illo
3031 5249 3186 5352 igitur
3215 5277 3425 5342 audivit,
3453 5267 3594 5332 audit,
3615 5269 3657 5318 et
3677 5249 3795 5310 audiet

2339 5391 2371 5430 a
2400 5390 2505 5445 quo
2529 5384 2611 5429 est
2642 5393 2654 5429 :
2685 5373 2753 5429 ab
2784 5374 2873 5428 illo
2903 5383 2983 5429 est
3007 5389 3037 5429 a
3067 5390 3168 5445 quo
3199 5369 3440 5444 procedit.

2412 5442 2464 5523 ii.
2493 5467 2586 5522 llic
2614 5467 2803 5537 aliquis
2825 5468 3041 5521 forsitan
3071 5442 3267 5537 quaarat
3297 5473 3456 5519 utrum
3488 5462 3533 5512 et
3555 5467 3577 5504 a
3597 5442 3697 5542 Filie

2340 5561 2496 5617 cedat
2517 5527 2747 5631 Spiritus
2785 5568 3020 5615 sanctus.
3054 5527 3216 5616 Filius
3256 5556 3388 5614 enim
3428 5548 3568 5606 solius
3589 5527 3791 5631 Patris-'31:l

2341 5654 2529 5722 Filius,
2556 5625 2612 5710 et
2637 5653 2793 5709 Pater
2823 5653 2988 5708 solius
3019 5653 3137 5709 Filii
3161 5659 3242 5708 est
3267 5651 3413 5706 Pater
3431 5661 3450 5698 :
3467 5634 3653 5722 Spiritus
3669 5625 3786 5722 antra!

2342 5758 2559 5806 sanctus
2579 5763 2687 5804 non
2703 5757 2783 5803 est
2814 5747 2968 5803 unius
2997 5761 3180 5804 eorum
3222 5741 3448 5814 Spiritus,
3472 5729 3552 5788 sed
3574 5719 3781 5814 τπηδοτθίξς

2351 5843 2526 5902 llabes
2570 5844 2743 5912 ipsum
2780 5841 3063 5898 Dominum
3093 5839 3361 5901 dicentem,
3391 5827 3494 5886 Non
3514 5806 3784 5878 cuium!!!"
