3926 6376
213 310 320 380 1889

208 436 271 508 qui
291 425 560 497 loquimini,
584 423 676 484 sed
715 427 940 500 Spiritus
963 423 1136 484 Patris
1179 429 1325 485 vestri
1349 431 1435 500 qui
1455 429 1681 499 loquitur
1700 428 1756 482 in

208 527 312 581 vobis
330 521 536 594 (Matth.
571 536 628 584 Χ,
650 519 743 588 ‘20)
773 539 785 574 :
811 521 845 575 h
866 521 975 575 tbes
1003 531 1058 575 et
1073 520 1416 589 Apostolunt,
1452 517 1593 573 Misit
1620 516 1755 571 Deus

208 599 422 686 Spiritum
453 613 575 668 Filii
598 615 679 668 sui
709 615 760 668 in
787 615 943 668 corda
959 624 1119 668 vestra
1147 611 1342 682 (Galat.
1368 629 1438 677 tv,
1482 611 1558 683 6).
1589 611 1758 666 Num-

203 709 302 782 quid
329 708 428 762 duo
455 716 611 769 sunt,
640 706 777 760 alius
805 705 994 768 Patris,
1036 704 1171 759 alius
1193 704 1352 758 Filii?
1385 704 1554 758 Absit.
1589 702 1758 758 Unum

205 802 318 858 enim
341 816 540 870 corpus,
569 799 663 864 ait,
689 813 812 852 cum
833 797 1153 869 signiﬁcaret
1179 797 1504 862 Ecclesiam;
1531 810 1758 866 moxque

207 892 390 958 addidit,
407 900 452 945 et
476 908 608 946 unus
630 889 876 962 Spiritus.
905 889 971 944 Et
991 888 1110 943 vide
1135 887 1400 959 quomodo
1419 888 1522 942 illic
1543 886 1760 957 impleat

209 987 500 1043 Trinitatem.
541 985 686 1040 Sicut
712 985 872 1039 vocati
909 983 1046 1045 estis,
1071 982 1255 1054 inquit,
1293 983 1345 1036 iu
1374 999 1476 1035 una
1498 997 1586 1051 spe
1609 995 1757 1034 voca-

207 1082 326 1137 tionis
343 1090 527 1135 vestris.
556 1078 704 1133 Unus
745 1077 1026 1144 Dominus;
1055 1075 1143 1130 hic
1164 1077 1342 1146 utique
1371 1074 1640 1130 Christum
1670 1073 1755 1127 in-

208 1174 337 1243 telligi
363 1172 519 1227 voluit
553 1189 565 1225 :
594 1179 761 1226 restat
804 1179 864 1225 ut
899 1168 1060 1225 etiam
1102 1167 1314 1222 Patrem
1363 1166 1604 1222 nominet
1631 1183 1643 1219 :
1669 1179 1757 1220 sc-

208 1268 351 1337 qnitur
369 1279 510 1335 ergo,
539 1262 657 1319 Una
679 1263 828 1334 ﬁdes,
858 1278 1018 1317 unum
1043 1261 1310 1333 Baptisma
1332 1278 1351 1315 :
1376 1277 1507 1314 unus
1541 1259 1680 1313 Deus
1705 1269 1753 1312 et

209 1356 335 1412 Pater
354 1355 573 1411 omnium
591 1397 608 1420 ,
650 1354 740 1424 qui
761 1370 913 1424 super
933 1370 1104 1408 omnes
1127 1395 1142 1420 ,
1173 1362 1220 1406 et
1249 1370 1339 1424 per
1359 1367 1531 1406 omnes
1563 1350 1602 1413 ί,
1632 1357 1676 1402 et
1702 1351 1755 1404 in

207 1450 397 1506 erunibus
425 1448 566 1502 uobis
595 1445 819 1520 (Epltes.
860 1461 933 1514 tv,
959 1445 1053 1502 4-6
1071 1445 1110 1514 ).
1137 1444 1271 1500 Cum
1297 1460 1426 1516 ergo
1453 1446 1589 1501 sicut
1619 1457 1754 1498 unus

206 1545 361 1610 Pater,
385 1551 438 1598 et
457 1557 593 1598 uitus
619 1541 894 1605 Dominus,
927 1539 978 1595 id
1009 1549 1090 1595 est
1118 1538 1305 1604 Filius,
1329 1539 1402 1594 ita
1449 1538 1519 1593 sit
1542 1545 1596 1592 et
1617 1552 1754 1591 unus

206 1637 431 1708 Spiritus;
462 1632 698 1705 profecto
724 1633 1000 1688 amborum
1023 1643 1142 1688 est:
1174 1629 1604 1702 quandoquidem
1627 1629 1756 1684 dicit

207 1730 298 1800 ipse
321 1726 552 1784 Christus
574 1725 748 1788 Iesus,
777 1725 1001 1794 Spiritus
1031 1723 1203 1779 Patris
1234 1724 1382 1777 vestri
1411 1723 1498 1795 qui
1532 1722 1754 1790 loquitur

205 1823 247 1876 in
271 1822 422 1887 vobis;
448 1831 500 1876 et
525 1819 653 1874 dicit
681 1819 984 1887 Apostolus,
1015 1815 1159 1871 Misit
1188 1816 1321 1870 Deus
1348 1816 1599 1886 Spiritum
1632 1814 1756 1870 Filii

205 1915 266 1969 sui
287 1914 334 1968 in
350 1912 495 1968 corda
521 1924 700 1966 vestra.
728 1910 902 1967 Habes
918 1910 1022 1964 alio
1048 1910 1165 1966 loco
1185 1908 1431 1964 eumdem
1457 1908 1754 1978 apostolum

203 2007 454 2074 dicentem,
500 2003 560 2062 Si
587 2013 753 2059 autem
785 2001 1011 2075 Spiritus
1035 2002 1147 2073 ejus
1171 2001 1258 2072 qui
1301 2000 1556 2056 suscitavit
1580 1998 1758 2054 .Iesvm

203 2120 254 2158 er
278 2103 493 2168 mortuis,
523 2101 713 2156 habitat
738 2100 792 2155 in
818 2098 995 2162 vobis;
1026 2095 1113 2152 hic
1156 2096 1336 2166 utique
1372 2094 1627 2164 Spiritum
1659 2094 1758 2148 Pa-
1785 2119 1828 2124 ~

203 2195 284 2250 tris
323 2193 529 2264 intelligi
580 2192 783 2247 voluit:
814 2190 884 2246 de
925 2204 1033 2261 quo
1081 2198 1256 2244 tamen
1313 2189 1419 2243 alio
1460 2187 1578 2241 loco
1597 2185 1754 2253 dicit,

205 2285 414 2355 Quisquis
433 2295 599 2340 autem
629 2283 878 2355 Spiritum
905 2280 1093 2337 Christi
1122 2298 1221 2334 non
1240 2278 1385 2335 habet
1410 2321 1424 2345 ,
1457 2278 1538 2332 hic
1562 2295 1661 2332 non
1688 2285 1759 2333 est

200 2378 293 2448 ejus
315 2377 478 2447 (Rom.
511 2391 624 2441 vut,
651 2376 738 2439 11,
768 2375 850 2444 9).
889 2373 956 2428 Et
988 2374 1151 2428 multa
1179 2372 1280 2426 alia
1307 2379 1432 2426 sunt
1457 2370 1759 2426 testimonia

199 2469 369 2540 quibus
417 2468 519 2524 huc
563 2465 838 2522 evidenter
878 2465 1210 2530 ostenditur,
1258 2471 1311 2519 et
1341 2461 1513 2518 Patris
1538 2470 1591 2517 et
1641 2459 1758 2514 Filii

198 2576 303 2618 esse
325 2561 569 2631 Spiritum
582 2559 672 2630 qui
699 2560 751 2613 in
773 2557 1032 2613 Triuitate
1053 2556 1244 2612 dicitur
1263 2555 1496 2624 Spiritus
1524 2557 1756 2608 sanctns‘.

260 2655 310 2709 7.
335 2653 437 2710 Nec
461 2654 530 2710 ob
563 2651 704 2708 aliud
726 2649 974 2707 existimo
1005 2651 1174 2720 ipsum
1202 2648 1377 2703 vocari
1400 2646 1612 2718 proprie
1637 2646 1758 2716 Spi-

197 2748 382 2802 ritum:
412 2762 531 2804 cum
581 2745 790 2802 etiamsi
825 2744 892 2800 de
934 2743 1158 2815 singulis
1185 2742 1606 2812 interrogentur,
1653 2755 1761 2795 non

198 2839 445 2909 possimus
470 2838 568 2894 nisi
614 2847 668 2894 et
700 2837 911 2892 Patrem
955 2844 1009 2890 et
1050 2833 1242 2888 Filium
1274 2832 1516 2903 spiritum
1543 2831 1758 2897 dicere;

200 2932 426 3002 quoniam
453 2931 669 3001 Spiritus
695 2939 776 2985 est
807 2929 948 2985 Deus
983 2926 1161 2999 (Joan.
1191 2943 1264 2992 tv,
1291 2925 1415 2996 ‘34),
1446 2925 1497 2980 id
1523 2935 1624 2990 est,
1654 2940 1763 2980 non

200 3038 376 3094 corpus
399 3033 475 3079 est
501 3023 660 3088 Deus,
689 3019 783 3076 sed
810 3020 1048 3092 spiritus.
1075 3017 1227 3086 Quod
1257 3032 1384 3088 ergo
1410 3017 1764 3072 communiter

201 3126 433 3170 vocantur
493 3125 548 3170 et
597 3112 825 3184 singuli,
876 3111 978 3166 hoc
1021 3112 1239 3182 proprie
1285 3109 1463 3164 vocari
1529 3108 1764 3179 oportuit

201 3221 313 3261 eum
337 3208 419 3278 qui
448 3221 551 3261 non
579 3215 661 3262 est
684 3219 819 3260 unus
843 3217 1051 3269 eorum,
1083 3201 1173 3256 sed
1199 3201 1252 3255 in
1279 3216 1386 3272 quo
1411 3200 1764 3255 communitas

199 3312 399 3372 apparet
416 3299 713 3355 amborum.
739 3299 844 3352 Cur
859 3311 986 3367 ergo
1007 3309 1111 3350 non
1137 3294 1417 3350 credanms
1443 3292 1584 3364 quod
1605 3294 1765 3347 etiam

198 3393 260 3448 de
288 3393 408 3450 Filio
438 3393 687 3464 procedat
711 3391 938 3462 Spiritus
961 3398 1199 3453 sanctus,
1244 3401 1365 3443 cum
1393 3387 1511 3442 Filii
1557 3401 1767 3456 quoque

197 3485 307 3556 ipse
323 3487 384 3542 sit
405 3484 668 3556 Spiritus?
695 3482 752 3540 Si
784 3483 928 3538 enim
960 3498 1064 3535 non
1085 3480 1154 3536 ab
1189 3494 1256 3536 eo
1283 3478 1630 3550 procederet,
1660 3494 1764 3533 non

196 3587 311 3648 post
381 3575 822 3635 resurrectionem
890 3587 949 3629 se
1034 3579 1422 3643 repraesentans
1490 3568 1765 3639 discipulis

195 3671 303 3724 suis
351 3671 664 3727 iusul'ﬂasset
715 3665 944 3722 dicens:
976 3663 1201 3734 Accipite
1238 3661 1488 3732 Spiritum
1542 3670 1770 3714 sanctum

198 3758 305 3832 (Id.
325 3777 416 3829 xx,
471 3760 589 3833 22).
632 3759 769 3826 Quid
808 3756 952 3812 enim
1011 3755 1152 3810 aliud
1193 3752 1510 3824 signiﬁcavit
1551 3751 1642 3806 illa
1685 3751 1768 3805 in-

197 3853 443 3922 sulllatio,
493 3852 597 3908 nisi
635 3849 776 3922 quod
825 3847 1076 3920 procedat
1108 3845 1336 3916 Spiritus
1387 3853 1602 3900 sanctus
1627 3841 1771 3896 etde

197 3946 352 4018 ipso?
377 3947 455 4002 Ad
503 3946 606 4001 hoc
650 3944 876 4016 pertinet
915 3942 1074 3997 etiam
1123 3938 1252 3994 illud
1286 3938 1426 4009 quod
1454 3937 1520 3992 de
1550 3936 1771 3991 muliere

200 4055 314 4111 qua:
337 4041 526 4096 llnxnm
549 4037 821 4110 sanguinis
850 4034 1168 4108 patiebatur,
1199 4034 1274 4086 ait
1302 4049 1316 4085 :
1352 4030 1533 4101 Tetigit
1564 4047 1641 4082 me
1668 4029 1767 4082 ali-

198 4135 305 4205 quis
319 4152 337 4200 ;
352 4151 437 4208 ego
456 4134 587 4188 enim
598 4131 731 4187 sensi
747 4131 810 4184 de
822 4146 899 4183 me
920 4129 1148 4183 virtutem
1164 4127 1343 4182 exiisse
1359 4124 1509 4196 (Luc.
1525 4140 1638 4189 vui,
1658 4121 1768 4195 tu).

199 4223 326 4282 Nam
373 4227 578 4282 virtutis
631 4224 846 4280 nomine
888 4221 1142 4292 appellari
1179 4220 1338 4276 etiam
1368 4217 1620 4289 Spiritum
1645 4232 1770 4271 san-

201 4329 358 4387 ctum,
387 4331 520 4376 eteo
543 4319 658 4376 loco
685 4317 885 4373 clarum
910 4324 1025 4374 est,
1068 4315 1152 4368 ubi
1183 4313 1401 4382 angelus
1435 4311 1629 4366 dicenti
1662 4310 1772 4364 Ma-

202 4415 311 4478 ri:e,
336 4413 592 4481 Quomodo
623 4412 706 4480 ﬁet
723 4410 878 4472 istud,
903 4408 1140 4480 quoniam
1165 4407 1325 4461 virum
1359 4423 1458 4460 non
1489 4403 1775 4475 cognosco?

204 4509 482 4576 restzmtdit,
511 4508 736 4570 δμὶγίιιη
773 4516 975 4560 sanctus
997 4521 1120 4575 supe
1148 4503 1304 4556 veniet
1353 4503 1403 4556 iu
1451 4513 1513 4566 te,
1538 4510 1582 4555 et
1621 4501 1776 4556 virtus

207 4598 760 4656 Altissimiobnmbrobit
788 4599 875 4654 tibi
904 4597 1012 4670 (Id.
1044 4615 1082 4663 ι,
1105 4599 1190 4663 54,
1224 4598 1314 4666 55)
1345 4606 1432 4651 :ct
1459 4598 1570 4665 ipse
1603 4595 1780 4649 Domi-

207 4710 300 4749 nus
347 4700 651 4766 promitti-ns
684 4711 806 4749 eum
837 4691 1131 4760 discipulis,
1165 4690 1257 4754 ait,
1294 4687 1391 4744 Vos
1423 4699 1586 4742 autem
1616 4687 1780 4741 sedete

208 4787 257 4841 in
286 4789 474 4845 civitate
499 4805 755 4861 quousque
779 4783 1062 4840 induamini
1087 4782 1266 4835 virtute
1290 4797 1351 4835 ea:
1370 4780 1474 4834 alto
1490 4779 1600 4847 (Id.
1624 4793 1776 4844 xxw,

211 4887 326 4954 £9);
365 4899 414 4945 et
455 4891 668 4953 iterum,
717 4884 1002 4956 Acripietis,
1052 4881 1236 4951 inquit,
1279 4879 1510 4933 virtutem
1557 4875 1780 4947 Spiritus

211 4983 360 5037 sancti
413 4981 838 5052 superrenientem
885 4977 938 5030 in
995 4989 1116 5037 vos,
1167 4982 1212 5026 et
1272 4971 1408 5025 eritis
1463 4968 1583 5022 mihi
1638 4975 1783 5021 testes

217 5073 335 5141 (Art.
363 5074 470 5144 t,8)
526 5075 600 5129 De
629 5074 727 5128 hac
753 5071 946 5125 virtute
971 5065 1266 5120 credendus
1307 5073 1384 5116 est
1416 5059 1594 5115 dicere
1619 5073 1783 5114 evan-

215 5165 418 5234 gelista,
484 5164 654 5220 Virtus
715 5163 778 5217 de
836 5159 928 5216 illo
991 5158 1186 5221 exibat,
1242 5163 1289 5207 et
1342 5153 1553 5208 sanabat
1609 5164 1782 5204 omnes

219 5256 350 5326 (Luc.
376 5275 448 5321 VI,
484 5260 598 5323 l9).

282 5351 328 5406 8.
358 5352 410 5409 Si
431 5369 561 5423 ergo
582 5359 635 5404 et
658 5348 724 5404 de
755 5348 908 5402 Patre
933 5353 986 5401 et
1013 5344 1078 5397 de
1105 5341 1240 5395 Filio
1267 5337 1504 5410 procedit
1544 5335 1784 5406 Spiritus

221 5456 453 5511 sanctus;
484 5459 582 5498 cur
635 5441 799 5497 Filius
852 5437 1002 5502 dixi,
1053 5434 1129 5488 De
1164 5432 1316 5486 Putre
1354 5427 1782 5502 proceditldoan.

275 5586 442 5641 ‘l’dill,
483 5596 571 5641 per
610 5592 785 5632 omnia.
829 5586 884 5628 At
925 5585 1047 5641 vss,
1073 5586 1158 5637 per
1180 5583 1341 5641 omnes
1369 5582 1385 5619 :
1412 5581 1502 5618 nec
1540 5567 1630 5641 nisi
1655 5567 1790 5641 rauci

221 5633 573 5708 “dona—nobis,
617 5646 663 5693 in
697 5633 1093 5708 llaeqversiculi;
1111 5643 1252 5708 Porro
1289 5633 1793 5708 iti_gr:ecp.est,g‘dia

419 5691 876 5776 iine'ectilrgeueris;
898 5709 962 5776 et
983 5702 1041 5774 ad
1066 5699 1210 5776 linem
1234 5691 1418 5776 Immin,
1442 5691 1589 5776 Epit-1:3,:
1597 5691 1793 5776 1(ιιιίειῃιζιι

746 5756 943 5832 Vulgata
979 5764 1030 5815 in
1072 5761 1282 5824 antiquis
1315 5756 1684 5809 Oorneiensibus
1720 5756 1794 5803 Bi-

1367 304 1775 372 TRACTATUS
1813 309 1875 372 ϐ.
1915 311 2140 378 CAPUT
2176 311 2317 372 XVI.

3327 323 3451 388 189(

1872 443 1966 485 xv.
1995 425 2068 481 26
2092 428 2149 499 )1
2171 428 2281 483 Cur
2307 438 2483 500 putas,
2512 428 2613 486 nisi
2644 429 3094 504 quemadmodum
3126 437 3194 495 ad
3219 456 3344 496 eum
3371 460 3458 497 so-

1868 520 1943 575 let
1965 521 2162 576 referre
2181 532 2236 576 et
2263 523 2402 593 quod
2436 524 2598 594 ipsius
2618 536 2720 592 est,
2748 527 2815 583 de
2841 545 2950 598 quo
2971 542 3022 586 et
3051 531 3164 601 ipse
3193 535 3317 589 est?
3349 534 3457 591 Un-

1868 610 1936 667 de
1963 612 2086 668 illud
2110 622 2192 669 cst
2231 615 2371 684 quod
2398 615 2492 682 ait,
2527 615 2644 671 Mea
2669 618 2898 674 doctrina
2945 637 3043 676 non
3084 632 3156 677 est
3189 641 3321 689 mea,
3367 626 3459 681 sed

1867 706 1975 776 ejus
2001 707 2086 778 qui
2110 723 2190 760 me
2214 708 2347 762 misit
2366 708 2386 780 (
2403 707 2558 764 Ioau.
2587 726 2677 778 vn,
2703 711 2825 784 16).
2869 713 2924 769 Si
2967 716 3128 786 igitur
3153 701 3460 790 intelligitur

1866 794 1956 852 hic
1996 798 2113 868 ejus
2145 799 2404 867 doctrina,
2453 818 2610 872 quam
2638 812 2816 860 tamen
2852 805 2986 861 dixit
3014 823 3118 863 non
3145 822 3318 878 suam,
3350 811 3446 866 sed

1866 887 2082 956 Patris;
2113 900 2313 960 quanto
2362 893 2530 963 magis
2569 893 2677 948 illic
2717 896 3091 968 intelligendus
3139 901 3310 958 estde
3338 903 3456 974 ipso

1864 980 2154 1051 procedere
2181 983 2410 1054 Spiritus
2449 995 2685 1053 sanctus,
2718 989 2804 1043 ubi
2823 990 2900 1045 sic
2925 991 3018 1058 ait,
3052 990 3127 1046 De
3155 991 3312 1050 Patre
3329 1013 3454 1067 pro-

1864 1074 2030 1140 cedit,
2059 1085 2117 1130 ut
2143 1090 2246 1130 non
2288 1076 2510 1146 diceret,
2554 1078 2630 1133 De
2681 1095 2767 1136 me
2816 1097 2922 1137 non
2970 1084 3250 1153 procedit?
3278 1088 3320 1142 A
3350 1104 3456 1159 quo

1862 1175 2040 1222 autem
2065 1167 2225 1223 habet
2240 1169 2406 1224 Filius
2423 1181 2479 1226 ut
2498 1171 2567 1226 sit
2589 1171 2728 1226 Deus
2745 1172 2857 1247 (est
2877 1176 3016 1231 enim
3039 1175 3107 1233 de
3129 1178 3240 1234 Deo
3263 1178 3452 1254 Deus),

1862 1259 1928 1313 ab
1959 1259 2047 1314 illo
2073 1259 2233 1316 habet
2260 1262 2439 1331 utique
2481 1272 2534 1317 ut
2565 1265 2723 1318 etiam
2774 1264 2838 1320 de
2887 1267 2978 1323 illo
3009 1270 3259 1338 procedat
3282 1271 3455 1342 Spiri-

1865 1361 1947 1408 tus
1975 1363 2190 1408 sanctus
2215 1372 2226 1407 :
2258 1371 2319 1410 ac
2341 1371 2434 1425 per
2466 1354 2565 1412 hoc
2591 1356 2820 1427 Spiritus
2859 1369 3078 1416 sanctus
3109 1363 3350 1419 utetiam
3379 1365 3450 1422 de

1861 1444 1996 1500 Filio
2023 1446 2297 1518 procedat,
2329 1446 2467 1503 sicut
2485 1449 2723 1519 procedit
2757 1449 2823 1506 de
2849 1450 3023 1518 Patre,
3053 1453 3121 1509 ab
3142 1453 3259 1526 ipso
3288 1454 3452 1514 habet

1859 1536 2039 1595 Patre.
3446 1567 3455 1602 ς

1933 1632 1986 1686 9.
2017 1630 2112 1686 Hic
2139 1640 2424 1704 utcumque
2450 1633 2609 1689 etiam
2635 1634 2764 1689 illud
2787 1636 3112 1707 intelligitur,
3146 1648 3398 1708 quantum
3421 1657 3449 1696 a

1863 1723 2054 1777 talibus
2075 1724 2260 1794 quales
2296 1739 2394 1779 nos
2417 1740 2620 1788 sumus,
2654 1727 2878 1797 intelligi
2902 1737 3093 1795 potest,
3119 1745 3217 1784 cur
3241 1747 3344 1786 non
3366 1733 3450 1787 di-

1862 1823 2014 1869 catur
2043 1824 2200 1870 natus
2220 1830 2359 1880 esse,
2386 1815 2478 1871 sed
2506 1817 2681 1886 potius
2733 1817 3024 1886 procedere
3071 1818 3301 1890 Spiritus
3329 1839 3454 1878 sane

1861 1915 1997 1960 etus.
2021 1904 2281 1972 Quoniam
2311 1907 2356 1961 si
2395 1917 2448 1960 ct
2483 1907 2596 1978 ipse
2626 1907 2792 1962 Filius
2836 1907 3128 1974 diceretur,
3172 1911 3449 1968 amborum

1862 1997 2044 2066 utique
2073 1996 2240 2052 Filius
2262 1996 2549 2064 diceretur,
2591 1999 2732 2069 quod
2767 1999 3203 2056 absurdissimum
3232 2013 3331 2058 est.
3363 2002 3454 2059 Fi-

1863 2087 1967 2142 lius
2009 2088 2204 2158 quippe
2249 2087 2423 2142 nullus
2467 2096 2547 2143 est
2575 2087 2825 2153 duorum,
2859 2090 2959 2145 nisi
2985 2090 3148 2162 patris
3171 2102 3225 2147 et
3249 2095 3452 2150 matris.

1863 2178 2232 2246 Absitautem,
2260 2187 2318 2232 ut
2342 2179 2478 2234 inter
2505 2179 2670 2234 Deum
2701 2179 2912 2234 Patrem
2943 2193 2997 2236 et
3044 2183 3210 2240 Deum
3257 2184 3451 2242 Filium

1865 2268 1969 2323 tale
1999 2268 2196 2339 aliquid
2229 2268 2582 2340 suSpicemur.
2615 2270 2747 2338 Quia
2779 2287 2879 2326 nec
2907 2271 3048 2328 ﬁlius
3083 2273 3356 2331 hominum
3380 2278 3456 2333 si-

1863 2361 1972 2415 mul
2002 2371 2056 2416 et
2079 2377 2144 2415 ex
2176 2371 2323 2431 patre
2343 2372 2396 2416 et
2415 2378 2480 2418 ex
2511 2371 2679 2418 matre
2699 2363 2971 2433 procedit:
2997 2365 3088 2420 sed
3119 2382 3239 2422 cum
3266 2369 3318 2422 in
3347 2385 3459 2424 ma-

1867 2462 2000 2508 trem
2034 2452 2270 2521 procedit
2307 2470 2371 2509 ex
2425 2464 2593 2524 patre,
2620 2469 2724 2510 uon
2749 2466 2874 2511 tunc
2903 2458 3138 2526 procedit
3163 2475 3228 2515 ex
3251 2472 3455 2528 matre;

1865 2553 1920 2598 et
1965 2559 2084 2598 cum
2116 2545 2167 2598 in
2201 2545 2337 2600 hanc
2382 2545 2555 2600 lucem
2605 2547 2844 2616 procedit
2888 2564 2950 2603 ex
2982 2559 3167 2614 matre,
3201 2566 3302 2605 non
3336 2563 3460 2608 tunc

1867 2639 2104 2710 procedit
2128 2654 2191 2693 ex
2225 2649 2394 2710 patre.
2420 2639 2648 2709 Spiritus
2688 2651 2863 2696 autem
2903 2652 3118 2697 sanctus
3145 2659 3251 2698 non
3271 2643 3340 2699 de
3359 2643 3461 2700 Pa-

1868 2739 1949 2784 tre
1993 2729 2231 2800 procedit
2281 2731 2332 2784 in
2361 2730 2577 2797 Filium,
2604 2732 2752 2788 etde
2784 2733 2922 2787 Filio
2955 2733 3197 2803 procedit
3240 2735 3305 2789 ad
3331 2751 3458 2791 sau-

1869 2822 2202 2878 ctilieandam
2239 2832 2568 2888 creaturam;
2603 2824 2696 2878 sed
2741 2825 2898 2880 simul
2925 2824 2991 2880 de
3020 2837 3244 2896 utroque
3271 2842 3461 2896 proce-

1869 2915 1946 2971 dit
1979 2935 1991 2970 :
2019 2917 2260 2987 quamvis
2284 2917 2384 2971 hoc
2415 2917 2547 2972 Filio
2581 2917 2741 2972 Pater
2759 2917 2988 2982 dederit,
3019 2927 3080 2973 ut
3108 2919 3460 2989 qttemadmo-

1870 3005 1995 3061 dum
2022 3008 2090 3062 de
2111 3023 2190 3073 se,
2227 3008 2294 3062 ita
2324 3008 2390 3063 de
2417 3009 2508 3063 illo
2531 3024 2742 3079 quoque
2793 3008 3062 3078 procedat.
3109 3009 3291 3081 Neque
3318 3011 3460 3068 enim

1869 3113 2154 3168 possumus
2197 3099 2377 3155 dicere
2420 3100 2558 3170 quod
2586 3116 2690 3154 non
2718 3101 2789 3156 sit
2819 3102 2924 3155 vita
2957 3101 3185 3171 Spiritus
3211 3112 3425 3158 sanctus

1871 3205 1992 3246 cum
2020 3191 2124 3245 vita
2157 3191 2332 3258 Pater,
2374 3193 2480 3246 vita
2511 3192 2576 3247 sit
2626 3193 2811 3248 Filius.
2839 3197 2916 3248 Ac
2943 3209 3038 3264 per
3069 3194 3169 3251 hoc
3195 3195 3332 3250 sicut
3361 3196 3464 3251 Pa-

1874 3292 1954 3338 ter
1973 3299 2092 3338 cum
2118 3283 2309 3338 habeat
2335 3285 2494 3339 vitam
2527 3286 2577 3339 in
2607 3288 2919 3356 semetipso,
2951 3286 3098 3342 dedit
3123 3298 3177 3343 et
3204 3288 3338 3343 Filio
3368 3288 3468 3344 ha-

1873 3375 1998 3432 bere
2027 3376 2183 3430 vitam
2219 3376 2269 3428 in
2299 3376 2616 3447 semetipso;
2646 3379 2723 3431 sic
2743 3379 2790 3431 ci
2814 3377 2959 3432 dedit
2985 3379 3144 3433 vitam
3173 3379 3468 3449 procedere

1873 3469 1940 3525 de
1968 3470 2077 3534 illo,
2105 3469 2236 3524 sicut
2265 3485 2338 3534 pr-
2362 3470 2504 3524 cedit
2531 3479 2582 3524 et
2608 3468 2675 3524 de
2695 3470 2810 3536 ipso
2842 3469 2940 3541 (a).
2966 3469 3272 3540 Sequuntur
3290 3482 3470 3527 autem

1873 3561 2034 3616 verba
2067 3562 2272 3615 Domini
2296 3562 2523 3616 dicentis
2555 3578 2566 3611 τ
2607 3561 2801 3628 thme
2853 3574 3062 3615 rentum
3100 3573 3236 3628 sunt,
3264 3579 3469 3618 annuu-

1876 3650 2016 3705 tiabit
2038 3651 2193 3705 vobis.
2237 3650 2335 3705 Ille
2360 3653 2778 3720 nu-clariﬁrabit,
2825 3654 2943 3720 quia
2985 3653 3047 3705 de
3087 3669 3198 3706 meo
3236 3653 3466 3722 accipiet,

1876 3752 1924 3797 et
1957 3743 2271 3796 anntmtiabit
2323 3743 2475 3798 vobis.
2525 3744 2712 3796 Omnia
2756 3759 3078 3814 quaecumque
3107 3744 3252 3799 liabet
3291 3744 3467 3814 Pater,

1876 3853 1985 3890 mea
2005 3846 2118 3889 sunt
2149 3851 2168 3890 :
2201 3847 2462 3906 prapterea
2484 3837 2591 3890 dixi
2611 3837 2729 3902 quia
2745 3838 2806 3890 de
2827 3855 2934 3892 meo
2955 3839 3182 3908 accipiet,
3204 3848 3249 3891 et
3269 3854 3472 3893 annun-

1877 3926 2017 3981 tiabit
2060 3927 2213 3981 vobis.
2240 3927 2346 3981 Sed
2375 3928 2496 3996 quia
2547 3929 2645 3982 iste
2669 3928 2779 3998 jam
2833 3930 3070 3999 prolixus
3099 3940 3199 3996 est,
3229 3931 3280 3984 iu
3307 3932 3470 3986 alium

1877 4032 2002 4076 sunt
2039 4020 2332 4076 dill'crenda
2358 4035 2684 4077 sermonem.

2414 4155 2821 4214 TRACTA'I'US
2857 4157 2916 4213 C.

1951 4270 2016 4327 In
2067 4270 2293 4344 ejusdem
2326 4272 2551 4327 lectionis
2592 4271 2738 4325 verba
2784 4280 3052 4341 postrema.
3107 4271 3231 4342 ευρ.
3285 4286 3396 4340 xvi,

2497 4361 2779 4434 7.13.15.

1956 4497 2166 4555 1.Cum
2197 4499 2531 4568 promitteret
2583 4497 2837 4552 Dominus
2885 4507 3162 4552 \'(‘ll|llt'lllll
3218 4499 3373 4566 Spit-Et
3423 4517 3473 4552 ιιι

1881 4603 2142 4654 sanctum,
2186 4591 2394 4647 Docebit
2443 4608 2548 4657 vos,
2587 4592 2775 4662 inquit,
2804 4609 2998 4644 ontncm
3029 4603 3201 4644 rerum
3223 4611 3282 4645 .m
3311 4610 3330 4656 ;
3359 4596 3440 4644 νοιὸ

1882 4687 2021 4758 quod
2041 4688 2090 4741 in
2115 4686 2381 4740 nonnullis
2399 4686 2895 4755 emlicilmslcgitnr,
2925 4683 3134 4738 Itrdn-e.
3163 4703 3242 4738 vos
3268 4688 3312 4733 ἰιι
3340 4708 3366 4734 ι,
3431 4713 3438 4722 -

1884 4780 2109 4834 veritate.
2145 4777 2196 4831 Ν
2201 4795 2265 4832 ou
2295 4779 2427 4832 enim
2453 4777 2681 4842 loquetur
2697 4793 2727 4829 a
2743 4777 3133 4845 semetipso,srd
3153 4794 3247 4844 qm

1887 4872 2079 4936 audiet,
2121 4871 2367 4936 loquetur.
2424 4869 2496 4922 De
2547 4869 2740 4939 quibus
2794 4867 3114 4936 evangelii-is
3144 4871 3319 4918 vin-his
3367 4885 3435 4931 μ

1887 4964 2024 5034 quod
2053 4961 2269 5017 donarit
2317 4961 2568 5016 Dominus
2612 4959 2999 5028 dispntwimus
3033 4974 3048 5012 :
3080 4974 3217 5012 nunc
3267 4975 3326 5010 ca
3365 4977 3478 5022 «μμ

1887 5065 2180 5126 sequuntur
2226 5053 2502 5108 attendite.
2565 5051 2626 5106 Et
2681 5067 2795 5122 qua:
2847 5061 3054 5104 ventura
3099 5060 3236 5111 sunt,
3293 5051 3478 5122 inquit.

1889 5146 2202 5201 aunuutiabit
2226 5143 2382 5199 vobis.
2413 5143 2594 5213 Neque
2626 5143 2709 5196 hic
2740 5153 2840 5200 est.
2871 5142 3118 5212 quoniam
3142 5143 3356 5213 planum
3381 5157 3479 5209 est,

1891 5238 2279 5295 immorandum
2316 5255 2329 5290 :
2360 5235 2490 5290 nihil
2533 5236 2676 5291 enim
2725 5234 2883 5290 habet
2912 5235 3243 5304 qtucstionis,
3276 5236 3425 5305 cujus
3454 5252 3483 5288 a

1892 5333 2045 5388 nobis
2077 5331 2340 5397 expositio
2365 5331 2660 5400 ﬂagitetur.
2689 5328 2793 5383 Sed
2825 5328 2968 5397 quod
2994 5329 3255 5400 adjungit,
3285 5326 3384 5380 llte
3407 5343 3486 5380 me

1893 5425 2210 5497 clariﬁrabit.
2243 5425 2365 5495 quia
2392 5425 2454 5478 de
2501 5439 2608 5477 meo
2653 5423 2884 5494 accipiet,
2914 5432 2958 5476 tt
2982 5420 3297 5476 anmmtiabit
3327 5418 3484 5483 vobis,

1897 5539 1999 5576 non
2024 5521 2351 5590 negligenter
2371 5525 2454 5572 est
2492 5515 2897 5571 transeundum.
2926 5513 3075 5579 Quod
3107 5513 3247 5564 enim
3277 5510 3370 5575 ait,
3393 5509 3489 5562 Ille

1898 5631 1974 5668 me
2016 5611 2337 5681 clariﬁcalu't,
2387 5617 2560 5681 potest
2609 5608 2852 5677 intelligi,
2906 5604 3025 5674 quia
3055 5601 3400 5657 dill‘uudcndo
3436 5603 3484 5655 in

1960 5751 2033 5812 (a)
2065 5757 2198 5801 Hunc
2231 5747 2392 5812 locum
2415 5760 2444 5797 a
2478 5760 2529 5797 n.
2562 5744 2594 5795 8
2615 5740 2860 5797 transtulit
2897 5746 3098 5806 August.
3131 5744 3184 5791 tu
3222 5738 3283 5792 i5
3309 5736 3394 5791 lib.
3421 5737 3486 5791 de

1961 5809 2150 5879 initate,
2171 5824 2278 5879 cap.
2303 5809 2382 5863 27.
