3926 6366
578 369 835 431 cordibus
848 363 1179 429 credentium
1195 358 1531 422 charitatem,
1554 355 1961 428 spiritualesque
1982 351 2175 407 facien-

578 460 674 533 do,
698 456 982 518 declaravit
1012 457 1090 512 cis
1115 452 1381 526 quomodo
1409 450 1572 505 Filius
1594 448 1735 504 Patri
1768 455 1912 501 chct
1933 444 2173 517 mqualls,

580 572 741 633 quem
769 547 1061 610 secundum
1088 561 1302 602 carnem
1327 545 1470 613 prius
1498 539 1863 596 tantummodo
1892 547 2173 633 noverant,

578 628 637 707 ἐι
662 644 931 707 hominem
962 640 1100 695 sicut
1129 636 1370 693 homines
1390 632 1718 704 Cogitallant.
1748 631 1837 685 Vel
1864 641 2031 695 certe,
2052 628 2176 699 quia

578 753 675 813 per
701 737 867 808 ipsam
891 730 1203 789 charitatem
1219 727 1404 781 ﬁducia
1434 725 1616 794 r«-pleti
1639 726 1680 787 ί,
1701 734 1751 779 et
1778 723 1968 777 timore
1988 720 2177 790 depul-

576 834 662 897 so,
688 826 1137 887 annuntiavrrunt
1190 820 1489 875 hominibus
1517 816 1814 881 Christum;
1842 832 1905 870 ac
1935 816 2011 869 sic
2040 813 2176 868 fama

578 920 697 1001 eius
722 918 911 977 dilIuSa
937 925 1021 974 est
1050 925 1160 970 toto
1187 913 1316 968 orbe
1338 919 1620 966 terrarum.
1652 908 1717 965 Ut
1742 910 1819 962 sic
1846 907 2056 1001 dixi-rit,
2079 905 2180 962 Ille

579 999 1000 1085 molari/itaut,
1029 1016 1278 1077 tanquam
1312 1004 1514 1059 diceret
1543 1020 1555 1057 :
1588 1002 1681 1058 Ille
1705 1002 1855 1055 vobis
1880 999 2086 1055 auferet
2108 1000 2178 1053 ti-

580 1112 813 1178 inoretn,
839 1113 892 1162 et
919 1102 1066 1161 dabit
1116 1114 1375 1162 amorem,
1406 1112 1514 1169 quo
1558 1111 1643 1151 me
1681 1094 1954 1148 ardentius
1981 1090 2177 1163 praedi-

578 1200 785 1265 éantes.
803 1198 983 1275 glorim
1005 1210 1137 1251 mere
1160 1208 1253 1263 per
1271 1199 1437 1246 totum
1460 1187 1713 1244 mundum
1732 1184 2175 1275 dabitisudorem,

583 1274 1027 1353 commendabitis
1068 1285 1347 1341 honorem.
1392 1279 1543 1350 Quod
1570 1280 1710 1333 enim
1757 1275 1941 1329 facturi
1969 1274 2181 1329 fuerant

579 1385 636 1444 in
658 1383 856 1457 Spiritu
877 1387 1083 1445 sancto,
1118 1377 1217 1431 hoc
1237 1373 1482 1431 eumdem
1507 1371 1763 1441 Spiritum
1787 1366 1920 1421 dixit
1948 1379 2069 1420 esse
2097 1363 2177 1457 fa-f

581 1455 789 1533 cturum
820 1492 835 1529 :
861 1470 1017 1542 quale
1040 1477 1122 1524 est
1149 1468 1309 1522 etiam
1340 1460 1490 1523 illud,
1523 1459 1641 1515 Non
1666 1460 1797 1513 enim
1823 1473 1910 1511 vos
1946 1456 2063 1511 uti:
2089 1455 2180 1525 qui

579 1563 864 1639 loquimini,
894 1559 982 1616 sed
1012 1558 1237 1629 Spiritus
1280 1553 1451 1607 Patria
1472 1550 1621 1605 uestri
1655 1549 1743 1620 qui
1773 1546 1996 1621 loquitur
2015 1546 2068 1639 in
2092 1560 2180 1601 vo-

578 1637 685 1729 bii(
711 1648 898 1709 Matth.
927 1667 982 1716 ι,
1004 1648 1134 1717 20).
1159 1646 1391 1700 Verbum
1432 1643 1629 1713 quippe
1674 1655 1902 1710 grarcum
1930 1637 2070 1709 quod
2097 1646 2180 1694 est

581 1728 785 1819 se...
816 1745 950 1801 alius
972 1736 1291 1811 clariﬁcabit,
1320 1736 1454 1790 alius
1480 1731 1804 1806 gloriﬁcabit,
1831 1730 1980 1785 latini
2007 1728 2176 1785 inter-

578 1851 759 1916 pretes
812 1838 865 1892 in
895 1849 991 1891 sua
1028 1832 1253 1902 quisque
1291 1826 1642 1883 translatione
1684 1831 2016 1916 posuerunt:
2049 1837 2180 1893 quo.

578 1914 722 1989 niam
768 1929 880 1998 ipsa
922 1939 1044 1996 quae
1084 1935 1257 1995 graece
1285 1919 1479 1975 dicitur
1508 1923 1643 1984 atra,
1672 1916 1813 1971 unde
1854 1914 2050 1970 dictum
2096 1924 2181 1972 est

576 2021 799 2078 verbum
823 2023 1030 2085 acres“,
1051 2023 1104 2071 et
1119 2012 1333 2069 claritas
1355 2011 1734 2081 interpretatur
1748 2017 1801 2062 et
1830 2006 2023 2078 gloria.
2046 2004 2178 2063 Glo-

576 2117 656 2172 ria
683 2127 912 2182 namque
937 2106 994 2163 ﬁt
1017 2106 1243 2177 quisque
1264 2103 1461 2167 clarus,
1507 2109 1561 2156 et
1603 2098 1843 2156 claritate
1871 2098 2135 2169 gloriosus
2159 2116 2173 2164 ;

576 2220 640 2261 ac
666 2217 761 2275 per
790 2202 891 2256 hoc
913 2195 1053 2271 quod
1085 2204 1311 2259 utroque
1355 2193 1521 2248 verbo
1561 2189 1912 2262 signiﬁcatur,
1945 2189 2175 2260 idipsum

575 2304 680 2355 est.
703 2292 852 2352 Sicut
876 2301 1051 2347 autem
1074 2286 1395 2344 dellulerunt
1416 2285 1618 2356 antiqui
1643 2284 1817 2338 latina}
1843 2284 2035 2353 lingua:
2064 2281 2175 2337 cla-

576 2387 774 2447 rissimi
816 2392 1081 2448 auctores,
1126 2377 1291 2449 gloria
1319 2385 1402 2433 est
1443 2375 1690 2448 frequens
1717 2373 1783 2429 de
1828 2375 2004 2445 aliquo
2039 2374 2175 2430 fama

577 2496 698 2537 cum
724 2474 899 2533 laude.
931 2474 1060 2543 Qute
1081 2487 1200 2529 cum
1222 2478 1306 2527 est
1338 2471 1389 2525 In
1419 2470 1519 2524 hoc
1546 2466 1745 2524 mundo
1773 2465 1907 2522 facta
1931 2465 1999 2522 de
2026 2466 2178 2523 Chri-

578 2580 683 2635 sto,
712 2583 816 2623 non
847 2563 1062 2623 Christo
1075 2560 1339 2619 credenda
1363 2570 1715 2628 estmagnum
1761 2556 1960 2629 aliquid
1989 2566 2177 2613 contu-

575 2659 725 2728 llsse,
752 2656 846 2716 sed
874 2654 1091 2711 mundo.
1120 2653 1328 2708 Bonum
1351 2652 1492 2708 enim
1530 2650 1767 2717 laudare,
1799 2664 1906 2705 non
1936 2648 2171 2717 laudato,

578 2751 672 2808 sed
698 2746 1036 2806 laudantibus
1063 2744 1298 2816 prodest.

646 2838 704 2895 2.
749 2839 843 2894 Est
870 2848 1049 2893 autem
1084 2835 1242 2889 etiam
1271 2830 1401 2888 falsa
1429 2831 1617 2904 gloria,
1646 2830 1860 2903 quando
1896 2830 2174 2886 laudantes

581 2942 765 2992 errore
792 2930 1065 2991 falluntur,
1092 2927 1203 2982 sive
1224 2927 1276 2981 in
1309 2925 1488 2989 rebus,
1521 2925 1632 2979 sive
1658 2924 1709 2978 in
1741 2923 2066 2988 hominibus,
2101 2924 2175 2978 si-

576 3026 719 3085 vein
750 3024 1004 3095 utrisque.
1024 3019 1155 3076 Nam
1181 3020 1233 3074 in
1255 3018 1415 3074 rebus
1441 3016 1712 3081 falluntur,
1744 3015 1960 3087 quando
1989 3024 2176 3085 putant

575 3112 631 3178 id
658 3118 854 3175 bonum
877 3129 997 3171 esse
1024 3112 1165 3185 quod
1192 3111 1386 3166 malum
1413 3119 1494 3165 est
1525 3127 1537 3164 :
1571 3109 1623 3164 in
1648 3108 1948 3163 hominibus
1973 3118 2171 3175 autem,

572 3209 787 3284 quando
844 3214 1033 3279 putant
1069 3220 1191 3259 eum
1243 3202 1438 3257 bonum
1488 3215 1608 3255 esse
1633 3200 1721 3271 qui
1751 3200 1921 3254 malus
1947 3208 2068 3254 est:
2119 3198 2173 3253 in

578 3302 817 3372 utrisque
843 3313 997 3364 vero,
1025 3294 1237 3367 quando
1261 3302 1313 3349 et
1338 3292 1387 3347 id
1414 3291 1553 3363 quod
1568 3299 1649 3346 est
1662 3292 1861 3355 vitium,
1882 3292 2048 3345 virtus
2076 3307 2174 3361 pu-

573 3403 751 3451 tatur:
781 3398 834 3447 et
864 3391 977 3460 ipse
1019 3387 1107 3459 qui
1147 3394 1365 3456 propter
1403 3383 1505 3439 hoc
1547 3382 1810 3447 laudatur,
1867 3397 1970 3436 non
2016 3381 2174 3437 habet

575 3483 718 3557 quod
747 3490 983 3554 putatur,
1013 3479 1126 3534 sive
1147 3477 1215 3531 sit
1245 3477 1440 3540 bonus,
1470 3474 1583 3529 sive
1632 3474 1701 3528 sit
1749 3473 1937 3527 malus.
1964 3472 2172 3529 Donare

577 3578 773 3650 quippe
797 3589 886 3631 res
915 3587 1039 3630 suas
1066 3568 1434 3634 histrionibus,
1473 3565 1658 3621 vitium
1679 3576 1759 3620 est
1787 3565 2036 3629 immane,
2064 3579 2171 3619 non

575 3669 747 3724 virtus
778 3686 791 3722 :
834 3675 887 3723 et
915 3666 1063 3721 scitis
1113 3663 1180 3718 de
1206 3660 1401 3716 talibus
1438 3674 1596 3731 quam
1631 3659 1699 3715 sit
1745 3657 1995 3729 frequens
2032 3656 2169 3713 fama

577 3774 699 3814 cum
722 3755 914 3818 laude;
944 3754 1088 3825 quia,
1115 3752 1252 3807 sicut
1280 3750 1535 3819 scriptum
1564 3754 1666 3815 est,
1698 3748 1962 3803 Laudatur
1988 3765 2169 3819 pecca-

578 3848 658 3905 lor
680 3851 733 3903 in
758 3846 1019 3902 desideriis
1047 3845 1231 3899 animm
1253 3856 1377 3905 suat,
1405 3850 1451 3896 et
1472 3842 1557 3913 qui
1597 3842 1768 3913 iniqua
1794 3842 1940 3914 gerit,
1968 3841 2171 3896 benedi-

577 3934 710 3999 citur
728 3930 899 4013 (Paul.
927 3953 1001 4004 ts,
1027 3936 1122 4010 5).
1152 3930 1249 3990 Hic
1272 3933 1570 3990 laudatores
1594 3949 1697 3990 non
1716 3933 2037 3990 fallunturin
2070 3935 2167 3989 ho-

576 4033 828 4098 minibus,
858 4030 952 4088 sed
981 4031 1032 4084 in
1057 4029 1219 4084 rebus
1245 4046 1258 4081 :
1300 4027 1496 4082 malum
1523 4036 1603 4082 est
1624 4027 1765 4082 enim
1802 4027 1943 4097 quod
1970 4029 2168 4082 bonum

575 4142 697 4185 esse
715 4123 958 4182 credunt.
980 4120 1057 4176 llli
1083 4129 1260 4176 autem
1288 4119 1377 4191 qui
1407 4120 1507 4174 hoc
1524 4118 1666 4173 malo
1692 4118 1989 4188 largitionis
2010 4118 2168 4173 vitio-

573 4222 621 4278 si
658 4229 797 4285 sunt,
832 4218 967 4275 tales
1000 4218 1180 4285 utique
1227 4220 1371 4275 sunt,
1400 4211 1585 4283 quales
1632 4226 1726 4267 eos
1757 4210 1808 4264 lti
1837 4211 1924 4282 qui
1955 4210 2169 4266 laudant

575 4328 682 4370 non
712 4310 1051 4379 suspicantur
1073 4321 1215 4370 esse,
1243 4303 1337 4359 sed
1365 4311 1612 4361 cernunt.
1648 4301 1813 4358 Porro
1840 4304 1883 4358 si
1924 4319 1982 4358 sc
2019 4303 2169 4374 quis-

575 4417 737 4474 quam
776 4400 977 4471 justum
1008 4397 1188 4466 ﬁngat,
1228 4405 1282 4449 et
1308 4409 1414 4448 non
1451 4393 1539 4460 sit,
1584 4393 1677 4445 sed
1713 4403 1878 4447 totum
1912 4394 2166 4466 quidquid

578 4506 759 4549 coram
789 4488 1091 4544 hominibus
1117 4483 1456 4540 laudabiliter
1476 4498 1635 4553 agere
1662 4485 1885 4549 videtur,
1919 4500 2023 4540 non
2045 4494 2169 4557 agat

581 4593 800 4659 propter
826 4583 1012 4645 Deum,
1044 4578 1145 4632 hoc
1167 4587 1251 4630 est
1276 4584 1491 4645 propter
1531 4589 1711 4629 veram
1751 4575 2031 4645 justitiam,
2070 4577 2164 4633 sed

584 4675 753 4734 solam
780 4678 983 4743 quierat
1012 4677 1068 4724 et
1112 4667 1292 4738 diligat
1343 4666 1412 4721 ab
1453 4665 1757 4722 hominibus
1801 4668 2060 4740 gloriam;
2091 4671 2167 4726 illi

579 4778 757 4827 autem
784 4764 923 4837 apud
965 4778 1099 4835 quos
1141 4759 1395 4832 frequens
1428 4771 1510 4815 est
1529 4760 1645 4830 ejus
1688 4760 1820 4814 fama
1841 4774 1961 4815 cum
1988 4762 2162 4833 laude,

577 4876 687 4920 non
710 4874 830 4915 cum
855 4862 1040 4929 putent
1080 4852 1182 4912 nisi
1210 4862 1424 4925 promer
1448 4850 1615 4907 Deum
1659 4851 1991 4909 laudabiliter
2019 4855 2165 4910 vive-

582 4970 663 5018 re,
691 4969 794 5008 non
813 4951 1067 5008 falluntur
1088 4950 1139 5005 itt
1171 4962 1250 5013 re,
1273 4946 1366 5003 sed
1396 4943 1646 5001 falluntur
1674 4946 1725 5001 in
1749 4946 1981 5003 nemine.
2011 4947 2165 5018 Quod

582 5045 729 5101 enim
759 5045 952 5099 bonum
978 5057 1097 5099 esse
1120 5040 1362 5101 credunt,
1395 5049 1476 5095 est
1505 5038 1700 5093 bonum
1726 5053 1742 5106 ;
1768 5040 1862 5094 sed
1883 5055 2040 5110 quem
2071 5041 2169 5097 bo-

583 5149 710 5191 num
761 5148 881 5187 esse
921 5131 1163 5198 credunt,
1213 5145 1317 5186 non
1343 5139 1427 5186 est
1462 5131 1653 5186 bonus.
1682 5130 1835 5199 Quod
1863 5133 1907 5186 si
1932 5143 2164 5202 putetur,

580 5224 725 5283 verbi
743 5222 929 5295 gratia.
952 5221 1149 5277 bonum
1176 5223 1368 5278 artium
1396 5223 1580 5292 peritia
1595 5224 1941 5294 magicarum,
1969 5233 2023 5280 et
2041 5224 2167 5279 dum

579 5319 805 5393 quisque
833 5310 1054 5388 patriam
1078 5314 1330 5369 liberasse
1357 5314 1558 5370 eisdem
1591 5332 1722 5385 quas
1750 5317 1968 5371 omnino
1998 5317 2168 5372 nescit

579 5413 785 5471 artibus
808 5408 1066 5475 creditur,
1117 5406 1446 5476 frequentem
1468 5422 1589 5462 cum
1617 5408 1769 5463 laude
1800 5408 2015 5476 famam,
2045 5425 2164 5479 quae

583 5507 749 5582 gloria
772 5504 988 5561 deﬁnita
1011 5509 1111 5567 est,
1143 5498 1281 5571 apud
1299 5498 1538 5555 homines
1564 5500 1754 5571 impios
1774 5511 2162 5572 consequatur;

578 5646 890 5770 lmia-Quatuor
913 5647 1285 5703 uss.,qtnaper
1324 5646 1485 5701 ipsum
1519 5631 1752 5686 alacritate
1789 5648 1847 5688 ac
1881 5630 2071 5703 ﬁducia
2090 5648 2170 5689 ro-

1528 241 1602 301 m
1618 237 1914 315 somnis
1948 234 2420 321 evasurum,
2457 236 2524 295 s.
2562 234 2931 299 AUGUSTINI

3678 254 3790 317 1892

2286 363 2468 439 errant
2500 353 2552 408 in
2594 363 2819 426 utroque
2844 357 2932 428 qui
2955 353 3172 415 laudant
3198 378 3212 414 :
3238 368 3294 416 et
3316 360 3366 415 in
3392 377 3450 417 re
3474 364 3673 434 scilicet,
3694 371 3786 439 quia

2287 433 2339 499 id
2366 444 2504 516 quod
2533 447 2728 501 malum
2745 457 2849 507 est.
2874 448 3068 504 bonum
3094 458 3314 520 putant;
3344 433 3677 522 etinhntuiue,
3699 433 3789 530 quia

2286 550 2391 591 non
2419 547 2503 593 est
2547 539 2685 609 quod
2719 549 2920 612 putant.
2960 543 3290 613 Quapropter
3315 545 3439 600 falsa
3465 554 3541 601 est
3563 549 3607 603 in
3631 548 3696 605 his
3717 554 3788 611 tri-

2285 627 2385 684 bus
2410 633 2696 701 generibus
2719 633 2907 703 gloria.
2930 633 3063 690 Cutn
3093 650 3265 692 autem
3292 635 3360 692 de
3382 637 3551 708 aliqua
3570 656 3650 709 per
3666 642 3790 702 Deum

2285 730 2340 777 et
2367 734 2581 793 propter
2610 724 2962 794 Deumjusto,
2994 727 3095 783 hoc
3123 739 3202 782 est
3235 730 3488 783 veraciter
3508 730 3647 799 justo,
3670 749 3788 793 ('illlSI

2286 816 2454 888 ipsius
2481 816 2700 888 justitia:
2742 818 2994 889 frequens
3040 830 3123 876 est
3164 819 3299 875 fama
3346 836 3462 877 cum
3504 822 3670 890 laude;
3702 843 3789 884 vera
3870 806 3871 895 l

2283 907 2494 979 quidem
2517 909 2681 978 gloria
2707 918 2789 963 est
2816 927 2831 974 ;
2865 927 2972 966 non
3004 921 3176 967 tamen
3198 928 3257 969 ea
3283 914 3591 970 credendum
3616 928 3682 973 eat
3705 919 3781 976 lica
3870 940 3871 985 ξ

2284 998 2706 1069 illlearijustum,
2740 1001 2832 1057 sed
2865 1001 3201 1058 laudantibus
3224 1004 3583 1075 gratulandum
3607 1014 3789 1081 διαβῇ»
3870 1002 3871 1073 Ῑ

2282 1100 2428 1147 recte
2447 1090 2707 1163 judicant,
2729 1100 2785 1149 et
2808 1091 3035 1167 diligunt
3072 1095 3294 1165 justum.
3320 1096 3525 1165 Quanto
3544 1103 3684 1171 magis
3703 1120 3792 1177 ergo

2284 1178 2821 1247 Dominusllhristus,
2849 1197 2953 1238 non
2981 1182 3103 1253 sibi,
3133 1182 3228 1243 sed
3241 1187 3320 1243 eis
3346 1188 3535 1258 profuit
3557 1191 3786 1261 gloriasua,

2281 1274 2476 1344 quibus
2503 1273 2695 1344 profuit
2725 1285 2894 1332 morte
2924 1290 3017 1332 sua
3041 1279 3065 1331 l

2354 1364 2406 1419 ὅ.
2434 1364 2537 1420 Sed
2588 1381 2691 1420 non
2723 1377 2809 1421 est
2851 1382 2973 1422 vera
3024 1370 3140 1441 ejus
3174 1368 3312 1441 apud
3365 1370 3625 1429 hmretlcos
3657 1375 3790 1448 gloria,

2282 1458 2421 1528 apud
2472 1474 2605 1529 quos
2636 1468 2811 1515 tamen
2844 1460 3177 1533 frequentem
3206 1462 3403 1519 ftuuam
3447 1464 3635 1523 videtur
3655 1462 3795 1527 haben

2281 1565 2402 1604 cum
2431 1550 2601 1605 laude.
2634 1550 2749 1607 Non
2777 1562 2858 1608 est
2889 1553 3001 1609 lucc
3033 1571 3156 1610 vera
3198 1557 3390 1628 gloria,
3422 1559 3535 1631 quia
3560 1561 3607 1615 in
3631 1573 3795 1633 utroque

2284 1636 2537 1696 falluntur
2569 1660 2581 1695 :
2612 1656 2733 1696 nam
2784 1652 2838 1698 et
2886 1643 3082 1699 bonum
3134 1654 3323 1717 putant
3350 1660 3468 1703 esse
3498 1651 3625 1719 quod
3653 1651 3794 1708 bonum

2285 1747 2387 1788 non
2415 1742 2516 1799 est,
2545 1742 2600 1788 et
2635 1734 2905 1790 Christum
2961 1745 3143 1803 putant
3170 1752 3294 1793 ease
3316 1738 3459 1799 uuud
3496 1738 3702 1796 Christus
3723 1759 3794 1799 non

2282 1831 2381 1878 est.
2408 1822 2744 1895 Unigenitum
2772 1827 2912 1880 enim
2953 1825 3143 1883 Filium
3191 1831 3451 1900 aqualv-m
3500 1844 3593 1887 non
3617 1848 3713 1889 me
3743 1835 3796 1905 gi-

2280 1917 2483 1986 gnenti,
2508 1931 2613 1971 non
2641 1926 2723 1972 est
2750 1917 2946 1973 bonum
2972 1937 2985 1974 :
3015 1920 3347 1990 unigenitum
3378 1922 3468 1979 Dei
3490 1921 3656 1979 Filium
3675 1924 3796 1981 homi-

2282 2022 2404 2062 nem
2420 2013 2621 2063 tantum
2638 2023 2778 2075 esse,
2802 2024 2906 2065 non
2935 2011 3128 2077 Deum,
3154 2028 3263 2068 non
3290 2024 3374 2070 est
3404 2014 3587 2071 bonum
3612 2034 3623 2069 :
3653 2016 3797 2073 Verita-

2281 2099 2348 2154 tis
2378 2115 2592 2156 caruem
2625 2116 2730 2157 non
2771 2117 2890 2158 esse
2918 2114 3096 2158 verant
3136 2118 3385 2173 carnem,
3416 2122 3518 2161 non
3544 2118 3617 2163 est
3635 2106 3795 2166 bonum.

2281 2189 2479 2246 Horum
2509 2193 2665 2246 trium
2694 2210 2812 2262 quae
2827 2193 3189 2264 dixi,primutn
3205 2198 3797 2266 setttlttttthtiani,seeIa-

2279 2280 2404 2337 dum
2426 2283 2748 2351 Pltotittiani,
2767 2287 2978 2342 tertium
3011 2287 3312 2347 Matlichzcl.
3336 2291 3438 2346 Sed
3463 2292 3577 2362 quia
3593 2303 3640 2349 et
3661 2308 3792 2349 eorum

2280 2373 2409 2428 nihil
2439 2385 2516 2430 est
2557 2373 2775 2443 bonum,
2806 2387 2859 2432 et
2883 2376 3129 2435 Christus
3156 2378 3288 2434 nihil
3312 2389 3395 2436 est
3422 2392 3610 2447 eurum,
3631 2383 3673 2437 in
3696 2390 3797 2436 utro-

2279 2482 2382 2547 que
2406 2468 2657 2523 falluntur
2682 2489 2694 2523 :
2719 2485 2816 2525 nec
2839 2470 2970 2526 dant
2998 2487 3174 2527 veram
3187 2474 3417 2544 gloriam
3440 2476 3648 2540 Christo,
3666 2492 3797 2547 quam-

2278 2543 2359 2615 vis
2400 2561 2536 2630 apud
2588 2577 2681 2616 eos
2715 2577 2836 2617 esse
2880 2563 3119 2618 videatur
3168 2543 3299 2620 eum
3354 2568 3502 2623 laude
3528 2543 3797 2638 frequenti:-

2279 2667 2365 2707 ma
2394 2653 2461 2707 de
2486 2653 2723 2708 Christo.
2747 2654 2812 2708 Et
2831 2669 3019 2712 oumrs
3043 2670 3270 2727 prorsus
3292 2658 3539 2722 heretici,
3568 2668 3796 2732 quoscum-

2278 2758 2576 2800 metnorare
2626 2744 2782 2800 nimis
2824 2746 3038 2815 longum
3061 2758 3161 2812 est,
3213 2751 3311 2819 qui
3339 2750 3406 2805 de
3431 2750 3623 2806 Christo
3646 2766 3726 2806 non
3745 2765 3799 2804 re-

2278 2847 2364 2893 cte
2384 2836 2636 2901 sentiunt,
2654 2837 2772 2892 ideo
2784 2849 2981 2903 errant,
2997 2841 3116 2909 quia
3139 2849 3192 2895 et
3211 2840 3289 2897 de
3306 2843 3456 2898 bonis
3475 2845 3617 2900 rebus
3630 2858 3680 2899 ac
3693 2842 3798 2899 malit

2278 2941 2384 2983 non
2412 2944 2596 2982 verum
2618 2931 2868 2983 sentiunt.
2890 2930 3082 3000 Pagani
3104 2932 3273 2987 etiam
3300 2937 3542 3004 quoniam
3562 2945 3667 2990 sunt
3683 2935 3793 2989 Citri-

2278 3020 2343 3075 sti
2378 3022 2587 3091 plurimi
2630 3021 2952 3085 laudatores,
2985 3034 3039 3077 et
3067 3024 3166 3093 ipsi
3221 3027 3282 3081 in
3338 3039 3550 3100 utroque
3595 3029 3796 3090 falluntur,

2278 3112 2367 3182 qui
2398 3111 2807 3166 nousecundum
2830 3113 3104 3168 veritatem
3131 3110 3251 3182 Dei,
3271 3117 3543 3187 sedpotius
3576 3119 3797 3175 sectuth

2279 3219 2429 3258 suam
2461 3204 2816 3274 suspicionem
2834 3203 3017 3260 dicunt
3033 3222 3152 3261 eum
3168 3207 3341 3264 fuisse
3363 3211 3611 3266 hominem
3624 3224 3794 3282 magian.

2278 3295 2607 3351 Christianos
2634 3299 2830 3369 quippe
2866 3299 3009 3353 velut
3055 3300 3338 3370 imperitos
3359 3305 3652 3375 vituperant,
3689 3302 3795 3357 Chri-

2277 3394 2418 3441 stum
2447 3396 2624 3442 autem
2678 3388 2822 3442 velut
2872 3402 3084 3459 magum
3149 3390 3399 3459 laudant,
3427 3409 3487 3449 ac
3525 3396 3595 3450 sic
3630 3392 3797 3464 produnt

2276 3477 2419 3548 quod
2472 3485 2655 3532 amant
2687 3478 2997 3534 :Christum
3043 3496 3170 3535 vero
3220 3496 3338 3539 non
3383 3485 3794 3555 amant;quoaian

2275 3568 2417 3639 quod
2467 3584 2572 3623 non
2618 3577 2734 3625 erat
2786 3570 3055 3638 Christus,
3110 3573 3213 3628 hoc
3266 3586 3465 3631 amant.
3495 3576 3607 3633 Ideo
3628 3589 3726 3647 ergo
3756 3575 3792 3629 'lt

2277 3668 2505 3731 utroque
2549 3660 2832 3725 falluntur,
2859 3664 2981 3734 quia
3030 3672 3084 3719 et
3137 3680 3356 3737 magum
3381 3684 3500 3725 esse
3527 3670 3690 3724 malum
3709 3676 3791 3730 est;

2276 3757 2330 3807 et
2358 3765 2544 3822 magus
2586 3766 2690 3807 nou
2722 3752 2821 3809 fuit
2856 3754 3126 3815 Christus.
3154 3758 3284 3826 quia
3313 3760 3480 3814 bonus
3506 3770 3597 3815 est.
3618 3760 3795 3827 Quapro-

2274 3852 2394 3915 pter
2412 3845 2664 3915 quonlam
2692 3846 2761 3901 de
2800 3846 2885 3901 his
2917 3848 3043 3903 nihil
3066 3849 3166 3904 hoc
3193 3850 3318 3907 loco
3338 3852 3604 3908 dicendum
3628 3859 3709 3916 est,
3728 3848 3791 3918 qui

2273 3934 2542 3992 Christum
2570 3939 2873 4009 vituperant
2899 3950 3057 4011 atque
3077 3940 3451 4011 blaSphemant
3477 3961 3491 4011 ;
3520 3943 3627 4014 quia
3650 3941 3703 3997 de
3719 3941 3793 4010 giae

2273 4028 2351 4084 ria
2384 4028 2497 4099 ejus
2544 4028 2831 4099 loquimur,
2879 4046 2981 4099 qua
3032 4041 3117 4087 est
3165 4034 3494 4104 gloriﬁcatus
3533 4036 3578 4090 in
3606 4030 3788 4088 mundo:

2273 4136 2379 4176 non
2405 4133 2526 4175 eum
2545 4122 2855 4191 glurilicavit
2882 4122 3108 4193 Spiritus
3132 4136 3351 4181 sanctus
3376 4143 3497 4183 vera
3519 4127 3687 4199 gloria,
3709 4122 3779 4177 nisi

2272 4212 2327 4267 in
2358 4212 2595 4267 Ecclesia
2636 4224 2814 4268 sancta
2858 4215 3137 4271 catholica.
3184 4219 3323 4274 Alibi
3351 4221 3508 4287 enim,
3561 4219 3607 4274 id
3632 4212 3789 4280 θάμβει

2271 4304 2410 4376 apud
2448 4305 2747 4373 haereticos,
2803 4308 2885 4363 vel
2936 4309 3074 4378 apud
3124 4313 3386 4381 quosdam
3437 4328 3662 4385 paganos,
3700 4322 3787 4361 vera

2271 4400 2388 4469 ejus
2412 4399 2465 4455 in
2507 4400 2661 4454 terris
2704 4400 2870 4471 gloria
2921 4416 3027 4456 non
3072 4412 3247 4473 potest
3295 4422 3435 4469 esse,
3467 4416 3518 4460 et
3535 4406 3614 4460 ubi
3637 4403 3787 4458 videtur

2273 4506 2394 4547 esse
2416 4491 2665 4562 frequens
2693 4493 2760 4548 de
2785 4494 2875 4548 illo
2890 4493 3027 4549 fama
3052 4511 3174 4551 cum
3196 4498 3374 4554 laude.
3396 4498 3528 4554 Vera
3565 4513 3675 4567 ergo
3706 4493 3786 4562 ejus

2270 4583 2438 4653 gloria
2480 4584 2530 4637 iu
2565 4583 2799 4639 Ecclesia
2823 4586 3083 4640 catholica
3127 4588 3206 4642 sic
3229 4604 3256 4640 a
3286 4588 3537 4660 propheta
3564 4593 3785 4642 cantatur:

2272 4672 2515 4730 Exultat-2
2533 4692 2683 4746 super
2709 4676 2877 4741 cales,
2910 4674 3068 4742 Dm,
3091 4688 3138 4732 et
3157 4695 3308 4747 super
3327 4697 3519 4735 omnem
3537 4690 3692 4734 terram
3707 4674 3786 4745 σιο-

2269 4765 2349 4819 ria
2373 4775 2459 4819 tua
2484 4766 2502 4833 (
2532 4763 2677 4820 Paul.
2710 4780 2836 4833 cvu,
2864 4766 2897 4821 6
2925 4770 2968 4836 ).
3007 4768 3141 4834 Quia
3167 4768 3346 4839 itaque
3377 4780 3489 4841 post
3510 4768 3613 4839 ejus
3633 4765 3784 4822 exalta-

2272 4857 2469 4913 tionem
2516 4867 2770 4914 venturus
2816 4867 2929 4913 erat
2963 4857 3193 4928 Spiritus
3217 4868 3451 4929 sanctus,
3480 4869 3649 4915 etcum
3670 4852 3783 4928 glori»

2272 4949 2541 5012 licaturus,
2591 4948 2691 5005 hoc
2731 4962 2882 5005 sacer
2931 4948 3194 5018 Psalmus,
3239 4949 3341 5009 hoc
3381 4954 3488 5024 ipse
3538 4945 3784 5019 Unigettiius

2273 5040 2513 5109 promisit
2542 5039 2800 5105 futurum,
2823 5041 2966 5112 quod
2997 5042 3236 5100 videmus
3264 5045 3552 5113 impletum.

2340 5134 2395 5189 ιο
2435 5132 2583 5200 Quod
2606 5142 2780 5191 autem
2806 5135 2915 5198 ait,
2948 5134 3025 5190 De
3046 5152 3156 5191 meo
3179 5138 3384 5207 accipiet
3407 5175 3421 5201 .
3448 5148 3494 5192 et
3512 5125 3774 5189 anautiabit

2271 5226 2407 5282 vobis
2428 5268 2442 5292 ,
2474 5226 2753 5281 catholicis
2790 5226 2967 5282 audite
3005 5229 3251 5292 auribus,
3289 5226 3551 5285 catholicis
3578 5218 3779 5296 percipi“!

2272 5318 2557 5374 mentibus.
2579 5317 2695 5374 Non
2722 5319 2863 5377 enim
2893 5328 3189 5388 propterea.
3214 5320 3352 5375 sicut
3375 5319 3570 5390 quidam
3597 5304 3774 5369 haeretici

2272 5418 2589 5480 putaverunt
2615 5451 2628 5472 ,
2666 5409 2842 5465 minor
2871 5419 2955 5465 est
2990 5410 3124 5465 Filio
3148 5410 3373 5481 Spiritus
3395 5420 3628 5465 sanctus:
3663 5395 3775 5472 quasi
3870 5395 3871 5461 Ὺ

2272 5500 2438 5557 Filius
2468 5502 2691 5572 accipiat
2728 5518 2756 5556 a
2790 5502 2977 5570 Patre,
3016 5513 3071 5558 et
3112 5493 3337 5574 Spiritus
3378 5510 3575 5558 sanctus
3616 5512 3641 5551 ι
3672 5489 3771 5548 Filio
3870 5506 3871 5574 ἢ

2271 5595 2588 5667 quibusdam
2614 5595 2867 5667 gradibus
2894 5604 3223 5655 naturarum.
3268 5596 3414 5655 Absit
3454 5597 3546 5657 hoc
3578 5587 3770 5661 mion-

2269 5685 3772 5756 absilhoedicemahaitaehrist'nliscordibuw
