3926 6396
100 290 275 368 ιιι-ει

99 414 363 486 [ignique
385 413 645 471 continuo
678 412 838 470 solvit
861 412 976 486 ipse
993 410 1344 484 qumstionem
1363 447 1381 476 ,
1417 416 1475 464 et
1494 422 1593 464 cur
1614 409 1716 463 hoc

100 507 321 574 ﬁ-erlt
337 546 353 572 ,
376 505 705 576 explanavit.
735 501 922 560 Omnia
938 545 956 570 ,
982 504 1187 575 inquit,
1214 513 1543 574 quiscumque
1566 498 1717 555 habet

100 604 306 665 f—lrr,
345 613 456 653 mea
478 607 598 653 sunt
617 613 639 652 :
664 600 932 668 propterea
957 594 1065 651 dixi
1094 595 1218 665 quia
1244 593 1308 649 de
1331 608 1442 647 meo
1467 591 1680 664 accipiet
1697 631 1714 660 ,

101 706 135 760 ιι
231 690 533 748 mutabit
568 690 728 747 vobis.
774 689 913 757 Quid
953 689 1113 744 vultis
1153 687 1421 757 amplius?
1464 686 1604 756 Ergo
1648 684 1719 742 de

101 791 199 853 ιι.
216 786 293 841 ιη
324 785 515 855 accipit
554 782 787 853 Spiritus
816 792 1037 838 sanctus
1059 823 1074 849 ,
1117 779 1263 837 unde
1288 779 1484 850 accipit
1510 778 1714 845 Filius;

102 880 261 959 quia
295 878 345 935 lu
392 876 493 933 hac
530 876 792 932 Trinitate
820 876 887 931 de
928 876 1088 931 Patro
1117 883 1278 930 natus
1304 883 1386 929 est
1416 872 1610 938 Filius,
1650 868 1720 926 de

104 978 290 1039 huc
312 969 549 1042 procedit
573 967 805 1041 Spiritus
830 977 1065 1025 sanctus.
1093 967 1197 1034 Qui
1241 974 1420 1022 autem
1464 965 1532 1020 de
1572 962 1720 1019 nullo

106 1082 158 1127 ns
178 1070 289 1119 ‘us
310 1061 411 1126 sit,
455 1061 524 1117 de
550 1061 698 1116 nullo
725 1060 1006 1132 procedat,
1063 1060 1221 1114 Pater
1240 1058 1391 1114 solus
1426 1065 1529 1112 est.
1569 1053 1719 1124 Quo.-

112 1154 294 1218 ntcxlo
315 1163 490 1210 autem
511 1153 704 1209 dixerit
731 1153 1031 1221 unigenitus
1061 1150 1248 1215 Filius,
1281 1147 1469 1207 Omnia
1494 1162 1607 1219 qua
1626 1146 1720 1202 Ita-

119 1253 224 1307 is!
245 1245 390 1302 Pater
407 1285 425 1314 ,
468 1262 577 1301 mea
596 1253 714 1300 sunt
744 1244 890 1316 (quia
917 1245 1100 1314 utique
1130 1257 1234 1297 non
1262 1243 1339 1297 sic
1366 1239 1716 1312 quemadmo-

124 1340 265 1402 dum
285 1338 477 1395 dictum
493 1348 577 1394 est
594 1339 667 1393 illi
687 1338 823 1393 Filio
848 1351 953 1392 non
983 1336 1274 1407 unigenito,
1299 1334 1391 1389 sed
1420 1349 1486 1389 ex
1509 1333 1723 1389 duobus

128 1422 341 1502 injuri,
367 1427 446 1484 Tu
471 1445 664 1485 meeum
686 1445 736 1484 es
763 1444 995 1500 semper,
1042 1437 1088 1482 et
1127 1427 1301 1481 onmia
1330 1442 1442 1481 mea
1477 1435 1569 1483 tua
1603 1432 1720 1479 sunt

137 1523 406 1599 [1.1347,
431 1518 524 1593 51]
546 1522 683 1591 );eo
705 1519 843 1583 loco,
861 1519 906 1573 si
933 1517 1187 1574 Dominus
1206 1517 1449 1583 voluerit,
1475 1514 1717 1585 diligenti

141 1612 557 1671 consideratione
586 1612 923 1677 tractabitur,
952 1611 1039 1665 ubi
1064 1609 1196 1666 dicit
1224 1608 1536 1680 Unigcnitus
1552 1606 1716 1671 Patri,

146 1701 217 1760 ιι
237 1718 334 1758 tua
351 1704 516 1759 omnia
537 1714 624 1757 tua
646 1711 780 1770 sunt,
796 1714 843 1759 et
860 1712 950 1756 tua
971 1718 1082 1757 mea
1099 1710 1218 1756 sunt
1239 1698 1418 1773 (Joan.
1436 1714 1564 1766 imi,
1591 1697 1681 1773 10)
1700 1717 1713 1753 :

149 1802 205 1852 tit
237 1794 315 1852 hic
332 1797 426 1851 iste
450 1810 629 1852 sermo
653 1794 934 1849 claudatur
952 1809 968 1859 ;
984 1794 1236 1865 quoniam
1256 1808 1374 1863 quae
1399 1800 1715 1862 sequuntur,

40 1906 49 1923 ι
152 1888 284 1947 Illud
305 1897 536 1960 possunt,
558 1903 666 1961 quo
687 1887 1040 1953 disseruntur,
1071 1884 1367 1942 exordium.

648 1998 1060 2060 TRACTATUS
1102 1998 1191 2057 Cl.

50 2104 65 2223 i
170 2136 238 2201 δε
256 2155 308 2201 ⁸⁸
328 2138 457 2211 σασα
477 2137 731 2199 Dominus
748 2140 890 2205 dicit.
906 2138 1172 2199 Modicum
1206 2147 1264 2197 et
1282 2137 1393 2209 jam
1420 2152 1527 2199 non
1555 2137 1716 2197 vide.

44 2226 69 2399 1
228 2229 334 2285 ltitis
353 2247 460 2299 me;
490 2246 648 2300 usque
667 2230 735 2287 ad
763 2232 836 2299 id,
868 2230 934 2286 Et
958 2229 1011 2287 in
1040 2231 1129 2287 illo
1152 2229 1241 2289 die
1268 2243 1355 2287 me
1380 2244 1486 2287 non
1510 2230 1720 2303 rogabi-

44 2362 45 2369 η
230 2322 286 2381 tit
308 2324 605 2397 quidquam.
627 2322 755 2395 Cap.
780 2338 888 2390 ut,
934 2323 968 2393 Ῡ
995 2361 1009 2377 .
1033 2322 1217 2387 iii-25.

230 2322 286 2381 tit
308 2324 605 2397 quidquam.
627 2322 755 2395 Cap.
780 2338 888 2390 ut,
934 2323 968 2393 Ῡ
995 2361 1009 2377 .
1033 2322 1217 2387 iii-25.

227 2435 269 2490 Ι.
299 2435 414 2492 ilmc
439 2436 645 2493 Domini
668 2436 829 2492 verba
854 2436 941 2491 ulti
968 2437 1080 2500 ait,
1110 2435 1371 2491 Modicum
1414 2444 1462 2492 et
1492 2438 1597 2504 iam
1616 2453 1718 2494 non

161 2526 361 2587 videbitis
388 2546 466 2584 nte
484 2572 499 2593 ,
545 2538 592 2585 et
628 2531 813 2584 iterum
839 2528 1093 2583 modicum
1123 2539 1172 2584 et
1197 2530 1424 2585 uidebitis
1450 2546 1530 2585 me
1550 2571 1563 2593 ,
1599 2531 1720 2600 quia

148 2619 269 2674 udo
286 2621 349 2674 ad
375 2619 597 2684 Patrem.
622 2620 693 2675 ita
710 2620 935 2675 obscura
957 2628 1109 2679 erant
1126 2620 1415 2690 discipulis,
1434 2628 1718 2691 antequam

138 2707 354 2782 ilqood
380 2711 508 2768 dicit
545 2712 825 2783 impletum
855 2722 1034 2779 esset,
1064 2720 1120 2766 ιιι
1147 2723 1450 2782 quaerentes
1478 2713 1617 2767 inter
1658 2728 1718 2769 se

149 2804 269 2875 quid
284 2813 419 2861 esset
436 2805 579 2876 quod
596 2798 817 2871 diceret,
839 2804 1060 2859 omnino
1084 2820 1144 2859 se
1172 2804 1463 2861 faterentur
1485 2805 1713 2861 nescire.

158 2892 383 2967 Sequitur
398 2897 540 2952 enim
570 2896 914 2968 Evangeliom
939 2913 953 2950 :
986 2895 1238 2951 Dixerunt
1263 2912 1383 2966 ergo
1406 2911 1468 2952 ea:
1491 2895 1716 2966 discipu-

162 2985 218 3041 lis
237 2988 336 3058 ejus
355 2988 422 3043 ad
440 2989 653 3043 inuicem
671 3029 685 3055 ,
714 2987 850 3053 Quid
869 2997 942 3043 est
969 2989 1065 3042 hoc
1088 2988 1224 3058 quod
1248 2988 1373 3043 dicit
1395 2987 1537 3043 nobis
1552 3028 1565 3052 ,
1603 2987 1721 3044 Ho-

160 3075 309 3134 Mm
329 3089 373 3134 et
390 3096 491 3136 non
511 3081 739 3135 uidebitis
764 3097 864 3144 me,
880 3090 931 3135 et
951 3080 1130 3135 iterum
1146 3080 1398 3135 modicum
1423 3090 1469 3135 et
1494 3081 1719 3137 videbitis

159 3184 258 3238 II,
276 3182 321 3227 et
341 3172 458 3243 quia
476 3173 607 3226 uado
625 3172 695 3226 ad
721 3169 930 3226 Patrem
946 3171 973 3225 2
1013 3169 1260 3227 Dicebant
1281 3188 1399 3243 ergo
1421 3210 1436 3237 ι
1481 3169 1621 3237 Quid
1647 3181 1719 3228 est

159 3257 379 3333 “quod
400 3264 542 3329 dicit,
568 3263 827 3318 Modicum
845 3264 870 3316 ?
898 3261 1169 3319 Nescimus
1194 3264 1317 3336 quid
1340 3266 1581 3333 loquitur.
1608 3265 1721 3322 Hoc

157 3354 283 3410 enim
303 3365 382 3411 est
406 3355 551 3427 quod
583 3370 679 3411 eos
703 3355 984 3422 movebat,
1024 3356 1146 3424 quia
1172 3354 1339 3419 dixit.
1372 3354 1635 3413 Modicum
1672 3366 1720 3413 et

158 3459 245 3501 usa
264 3449 481 3504 uidebitis
499 3465 599 3513 me,
622 3457 667 3502 et
682 3449 863 3504 iterum
884 3447 1141 3503 modicum
1158 3458 1203 3504 et
1223 3447 1449 3505 videbitis
1467 3466 1563 3505 me.
1586 3449 1720 3506 Nam

159 3533 209 3591 ὴ
247 3539 661 3609 prmeedentibus
699 3540 821 3610 quia
860 3554 965 3594 non
1007 3538 1248 3607 dixerat,
1282 3538 1543 3596 Modicum
1566 3582 1582 3609 ,
1627 3543 1719 3598 sed

154 3623 360 3694 diuersi,
385 3630 467 3685 Ad
494 3628 703 3685 Patrem
722 3630 875 3695 uado,
891 3639 937 3685 et
953 3631 1065 3702 jam
1086 3647 1185 3685 non
1197 3631 1423 3691 uidebitis
1447 3632 1718 3702 me(.loan.

154 3731 249 3785 su,
275 3722 360 3792 i0)
387 3737 404 3786 ;
435 3731 688 3791 tanquam
718 3731 901 3791 aperte
926 3720 1031 3776 illis
1057 3720 1205 3777 visus
1228 3730 1313 3777 est
1348 3722 1555 3778 locutus
1574 3765 1589 3788 ,
1622 3738 1723 3783 nec

154 3806 276 3867 inter
302 3828 364 3869 se
400 3812 472 3868 de
521 3815 623 3868 hoc
651 3811 847 3882 aliquid
872 3812 1217 3885 quaesierunt.
1249 3810 1399 3871 Nunc
1425 3829 1554 3884 ergo
1577 3814 1722 3885 quod

154 3900 247 3957 illis
269 3915 390 3961 tunc
410 3906 698 3960 obscurum
736 3902 869 3969 fuit,
916 3913 971 3959 et
1000 3918 1124 3959 mox
1166 3904 1562 3961 manifestatum
1603 3914 1719 3974 est,

152 3993 245 4066 iam
264 4001 411 4055 nobis
427 3999 610 4070 utique
626 3996 965 4055 manifestum
986 4006 1070 4057 est
1099 4014 1114 4052 :
1143 4005 1265 4068 post
1286 3997 1553 4067 paululum
1579 3999 1722 4053 enim

152 4100 323 4158 nasus
345 4102 450 4161 est,
480 4100 537 4149 et
552 4106 662 4147 non
684 4091 928 4147 viderunt
948 4104 1105 4154 eum;
1134 4104 1322 4147 rursus
1344 4134 1359 4155 ,
1389 4098 1511 4160 post
1537 4091 1721 4160 paulu-

155 4180 251 4241 lum
280 4187 605 4251 resurrexit,
645 4194 700 4241 et
727 4184 977 4241 viderunt
1000 4199 1145 4239 eum.
1193 4182 1326 4239 Illud
1364 4193 1540 4239 autem
1582 4182 1723 4254 quod

155 4274 235 4345 ait,
261 4279 378 4335 Jan:
398 4296 499 4334 non
524 4278 748 4333 uidebitis
766 4294 865 4343 tne,
896 4277 1017 4348 quia
1045 4277 1148 4333 isto
1169 4277 1351 4340 verbo,
1386 4276 1438 4331 id
1465 4285 1566 4341 est,
1583 4279 1721 4348 jam,

156 4363 246 4425 hoc
276 4372 495 4443 intelligi
526 4373 689 4427 voluit
720 4370 862 4441 quod
887 4384 1010 4427 eum
1051 4369 1275 4425 ulterius
1304 4384 1411 4425 non
1441 4369 1721 4436 viderent,

157 4457 221 4516 ιω
242 4467 584 4533 exposuimus
611 4462 881 4534 quomodo
913 4459 1282 4532 accipiendum
1312 4461 1408 4526 sit,
1450 4461 1537 4516 ubi
1560 4461 1722 4527 dixit,

161 4550 228 4608 De
242 4559 434 4626 justitia
462 4568 639 4629 arguet
667 4556 912 4611 mundum
941 4554 1174 4624 Spiritus
1203 4562 1422 4610 sanctus
1446 4596 1460 4620 ,
1508 4556 1630 4624 quia
1657 4554 1726 4611 ad

163 4640 350 4703 Patrem
377 4649 505 4704 vado
524 4689 540 4712 .
581 4658 630 4703 et
650 4651 762 4720 jam
791 4666 890 4702 non
915 4648 1144 4703 videbitis
1178 4663 1258 4702 me
1297 4646 1494 4719 (Supra
1511 4687 1527 4714 ,
1550 4646 1723 4705 Tract.

164 4732 287 4806 95):
324 4756 443 4812 qma
468 4741 672 4797 scilicet
716 4740 993 4795 mortalem
1024 4739 1294 4795 Christum
1341 4740 1569 4795 ulterius
1617 4755 1724 4797 non

164 4826 398 4888 ﬁderent.

225 4923 276 4983 ἰ.
313 4924 551 5000 Cognovit
576 4934 742 4980 autem
760 4924 934 4988 lesus.
959 4924 1098 4979 sicut
1124 4937 1359 4994 sequens
1391 4922 1727 4994 Evangelista

169 5011 294 5083 dcit.
319 5021 434 5091 quia
460 5018 688 5075 solebant
716 5033 831 5072 eum
848 5017 1193 5089 interrogare,
1234 5026 1281 5072 et
1317 5016 1446 5073 dixit
1491 5017 1562 5072 eis
1591 5032 1612 5072 :
1654 5015 1730 5073 De

175 5104 474 5180 humi-itis
498 5112 629 5165 inter
647 5126 751 5172 eos,
773 5112 890 5181 quia
907 5110 1038 5176 dixi,
1064 5108 1323 5165 Modicum
1342 5120 1389 5165 et
1410 5127 1510 5165 non
1538 5110 1727 5167 videbi-

178 5195 331 5266 ειη,
351 5212 396 5257 et
422 5203 602 5257 iterum
632 5201 886 5259 modicum
922 5211 968 5256 et
998 5199 1225 5257 videbitis
1250 5217 1347 5257 me.
1371 5200 1551 5268 Amen,
1584 5218 1731 5259 amen

178 5283 268 5347 ‘to
283 5292 433 5362 vobis,
462 5293 582 5362 quia
605 5291 867 5364 plorabitis
885 5301 933 5347 et
956 5291 1142 5362 ﬂebitis
1171 5307 1293 5358 res;
1318 5289 1537 5349 mundus
1562 5304 1730 5349 autem

182 5385 423 5449 ﬂebit:
454 5403 541 5444 ros
557 5397 725 5441 autem
749 5385 1196 5449 ceatristabimini.
1230 5385 1319 5443 sed
1339 5386 1540 5441 tristitia
1573 5396 1731 5444 uestra

182 5469 221 5529 il
237 5482 473 5551 gaudium
491 5482 586 5537 erit
604 5482 644 5535 ³.
684 5480 749 5536 Et
777 5480 879 5537 hoc
911 5481 989 5536 sic
1007 5480 1174 5549 arcipi
1202 5488 1406 5551 potest,
1449 5481 1573 5552 quia
1598 5496 1730 5536 eon-

182 5568 345 5633 ‘lstati
381 5583 509 5629 sunt
533 5572 780 5644 discipuli
808 5572 877 5629 de
899 5583 1072 5629 morte
1096 5572 1334 5642 Domini,
1378 5582 1433 5630 et
1451 5571 1730 5629 confestim

176 5658 628 5729 hrssurl'ectione
649 5670 812 5726 lattati
841 5687 854 5724 :
885 5669 1114 5725 mundus
1142 5677 1323 5727 autem
1344 5709 1364 5739 ,
1383 5683 1493 5741 quo
1519 5670 1734 5729 nomine

217 5772 1255 5844 incutiens.“qu

1279 287 1695 350 ‘I‘RACTATUS
1728 284 1816 350 Cl.
1854 287 2085 351 CAPUT
2121 288 2264 351 XVI.

1823 407 2103 478 slgnllicati
2132 418 2257 466 sunt
2284 408 2486 466 inimici
2507 424 2539 468 a
2562 411 2756 483 quibus
2772 411 3019 473 Christus
3037 418 3253 477 custos
3286 430 3371 480 est
3386 463 3406 494 ,

1821 509 1952 557 tunc
1978 503 2161 575 otique
2187 502 2349 558 lil‘lilli
2378 514 2502 559 sunt
2547 506 2725 563 occiso
2742 507 2960 565 Christo
2980 551 2996 576 ,
3040 513 3256 583 quando
3285 526 3413 576 sunt

1822 592 2065 668 discipuli
2108 597 2428 654 contristati.
2470 598 2649 655 Mundi
2686 602 2881 673 quippe
2915 605 3167 675 nomine,
3211 611 3412 668 malitia

1823 696 1996 758 potest
2029 689 2210 744 mundi
2238 690 2397 759 hujus
2424 691 2645 763 intelligi
2667 734 2682 755 ,
2729 693 2782 748 id
2805 707 2888 749 est
2909 694 3187 756 hominum
3226 703 3410 761 tunndi

1824 777 1984 849 huius
2007 781 2321 837 amicorum.
2351 781 2504 838 Unde
2530 783 2758 845 lacubus
2797 789 3071 856 apostolus
3100 791 3152 846 in
3175 790 3411 865 Epistula

1824 882 1918 925 sua
1947 869 2094 937 dicit,
2128 871 2443 941 Quicumque
2469 870 2683 929 solath
2705 878 2898 932 anticus
2916 894 3022 935 esse
3043 884 3195 953 hujus
3215 889 3412 957 seaculi,

1823 957 2057 1015 inimicus
2087 960 2180 1015 Dei
2208 964 2533 1021 constituitur
2557 964 2759 1039 (Jacobi
2777 982 2853 1031 Iv,
2886 971 2943 1039 4)
2970 989 2983 1025 :
3011 972 3205 1042 quibus
3232 976 3414 1033 inimi-

1823 1050 1967 1109 citiis
1992 1052 2082 1108 Dei
2110 1054 2304 1110 factum
2332 1065 2492 1113 est-ut
2511 1074 2611 1119 neu
2635 1059 2751 1129 ejus
2774 1060 3053 1133 Unigenito
3080 1079 3414 1137 percontor.

1897 1144 1949 1200 ii.
1994 1145 2195 1202 Deinde
2234 1148 2535 1220 subjttngit,
2575 1160 2631 1206 et
2654 1152 2783 1211 dicit
2817 1170 2833 1210 t
2865 1153 3055 1212 Mulier
3078 1172 3191 1214 cum
3231 1164 3366 1233 parit
3396 1193 3415 1230 -,

1826 1235 2080 1291 tristitiam
2099 1236 2245 1295 habet
2264 1276 2279 1302 ,
2304 1241 2422 1311 quia
2451 1243 2579 1296 venit
2617 1243 2744 1297 hora
2762 1246 2909 1316 ejus:
2933 1264 3049 1303 cum
3069 1260 3235 1310 autem
3256 1264 3413 1326 pepe-

1824 1327 1945 1385 rerit
1978 1344 2219 1397 puerum,
2252 1332 2365 1401 jam
2395 1348 2495 1388 non
2520 1335 2749 1390 meminit
2770 1350 3022 1408 pressive:
3055 1353 3260 1412 propter
3281 1358 3416 1415 gr..-

1825 1417 2001 1486 dium,
2040 1420 2159 1491 quia
2187 1431 2339 1477 natus
2377 1434 2448 1485 est
2482 1425 2632 1481 homo
2662 1427 2715 1481 in
2753 1429 2998 1484 mundum
3030 1445 3053 1487 :
3073 1444 3122 1489 et
3150 1437 3413 1507 ’σύθην

1824 1526 1960 1565 nunc
1984 1511 2187 1581 quidem
2223 1513 2478 1570 tristitiam
2521 1516 2748 1586 habetis;
2796 1521 2979 1577 iterum
3021 1534 3189 1581 musta
3234 1528 3411 1589 uidebo

1824 1614 1934 1666 uos,
1957 1612 2005 1657 et
2022 1603 2265 1674 gaudebit
2292 1622 2381 1660 cor
2398 1618 2613 1662 uestrum
2633 1651 2648 1675 ,
2676 1618 2723 1665 et
2746 1614 2990 1682 gaudium
3015 1626 3233 1674 uestrum
3262 1635 3410 1678 nemo

1825 1692 1963 1749 tollet
1990 1704 2023 1749 ο
2044 1694 2196 1751 vobis.
2227 1695 2338 1751 Nec
2366 1698 2464 1754 ista
2491 1700 2783 1758 similitudo
2805 1704 2872 1760 ad
2900 1705 3300 1780 intelligendum
3321 1715 3400 1770 vl-

1826 1785 1984 1843 dctur
2024 1802 2146 1845 esse
2205 1788 2467 1857 difﬁcilis;
2517 1796 2769 1863 quoniam
2821 1804 3151 1871 comparatio
3193 1805 3312 1877 ejus
3352 1809 3410 1865 in

1822 1888 2072 1949 prompto
2093 1890 2196 1946 est,
2218 1881 2407 1937 eodem
2436 1884 2550 1955 ipso
2569 1898 2871 1957 exponente
2896 1905 2993 1946 cur
3011 1892 3152 1949 dicta
3173 1896 3261 1953 sit.
3286 1898 3418 1955 Par-

1824 1970 2007 2025 turitio
2031 1972 2226 2041 quippe
2259 1974 2519 2040 tristitim,
2553 1988 2738 2047 partus
2766 1989 2947 2038 autem
2974 1984 3170 2055 gaudio
3196 2002 3419 2061 europa.

1822 2068 2001 2127 ratur;
2042 2062 2186 2132 quod
2218 2073 2345 2123 tunc
2372 2068 2548 2136 majus
2574 2084 2696 2126 esse
2722 2075 3003 2130 consuevit
3022 2117 3039 2143 .
3066 2079 3281 2148 quando
3307 2098 3414 2141 non

1824 2154 2033 2225 puella,
2080 2156 2175 2212 sed
2221 2174 2352 2227 puer
2389 2162 2643 2217 nascitur.
2674 2164 2826 2232 Quod
2852 2180 2981 2225 vero
3005 2170 3079 2225 ait
3101 2204 3117 2237 ο
3154 2171 3418 2235 Gaudium

1822 2256 2041 2309 uestrum
2069 2266 2212 2305 nemo
2243 2253 2382 2313 tollet
2406 2271 2438 2308 a
2471 2256 2635 2319 vobis,
2668 2262 2789 2329 quia
2817 2262 3073 2331 gaudium
3111 2280 3298 2325 eorum
3327 2280 3415 2328 est

1822 2339 1938 2411 ipse
1962 2340 2136 2404 Jesus,
2164 2344 2516 2413 signiﬁcatum
2545 2358 2629 2404 est
2651 2351 2794 2419 quod
2823 2354 2899 2408 ait
2923 2356 3230 2425 Apostolus,
3263 2361 3416 2416 Clu-is

1822 2441 1929 2488 atus
1947 2451 2157 2504 surgens
2183 2454 2214 2488 α
2235 2440 2446 2492 mortuis
2458 2440 2571 2511 jam
2598 2456 2698 2495 non
2725 2445 2958 2510 moritur,
2989 2455 3036 2501 et
3054 2463 3192 2505 mors
3212 2453 3258 2506 ei
3278 2454 3419 2509 ultra

1823 2539 1925 2579 non
1951 2526 2291 2582 dominabitur
2316 2529 2491 2601 (llam.
2518 2548 2593 2596 νι,
2625 2532 2704 2605 9).

1892 2618 1947 2673 4.
1989 2618 2272 2690 [lucusque
2302 2622 2352 2676 in
2377 2622 2478 2676 isto
2509 2623 2778 2695 Evangelii
2807 2627 3061 2697 capitulo.
3092 2633 3233 2689 unde
3252 2633 3416 2697 hodie

1821 2706 2177 2778 disputamus,
2201 2712 2343 2766 velut
2365 2713 2502 2769 facili
2525 2715 2796 2773 intellectu
2823 2721 3001 2775 omnia
3027 2734 3411 2784 cucurrerunt:

1822 2800 1997 2857 acrior
2022 2803 2322 2859 necessaria
2362 2812 2446 2861 est
2487 2806 2543 2861 in
2585 2806 2667 2863 itis
2697 2823 2817 2878 quas
2836 2821 3131 2880 sequuntur
3158 2814 3411 2876 intentio.

1822 2890 1959 2960 Quid
1985 2902 2067 2948 est
2087 2895 2228 2948 enim
2251 2894 2392 2964 quod
2418 2896 2521 2964 ait,
2550 2895 2622 2952 Et
2641 2899 2696 2953 in
2723 2900 2813 2954 illo
2832 2902 2916 2956 die
2940 2920 3018 2958 nte
3040 2922 3141 2961 non
3169 2910 3415 2979 regabitis

1821 2984 2095 3056 quidquam
2114 2986 2140 3039 .9
2177 2985 2291 3041 Hoc
2312 2987 2528 3042 veritum
2555 2991 2698 3060 quod
2730 3002 2813 3047 est
2835 3008 3055 3064 mgnre,
3090 3012 3196 3053 non
3236 3000 3413 3057 solum

1822 3085 2026 3145 petere.
2056 3092 2238 3131 verum
2261 3079 2419 3133 etiam
2438 3081 2763 3152 intermgare
2790 3084 3050 3154 signiﬁcat
3069 3103 3085 3155 ς
3107 3098 3161 3144 et
3180 3104 3413 3159 granum

1824 3165 2188 3239 Evangelinm,
2223 3169 2364 3226 unde
2383 3170 2487 3226 hoc
2513 3174 2824 3230 translatum
2846 3186 2950 3244 est,
2974 3178 3079 3234 tale
3105 3182 3263 3239 habet
3290 3198 3418 3242 ver-

1823 3255 1949 3313 bum
1979 3259 2121 3329 quod
2152 3270 2436 3331 utrumque
2463 3265 2629 3334 possit
2650 3265 2866 3338 intelligi
2888 3304 2902 3332 ,
2928 3276 2988 3324 ttt
3009 3271 3124 3328 haec
3141 3275 3412 3348 ambigui-

1824 3357 1907 3406 tas
1936 3366 2034 3409 nec
2060 3353 2184 3407 inde
2218 3353 2456 3410 solvatur
2475 3352 2556 3429 (a)
2585 3373 2925 3430 :quanquam
2950 3363 3054 3418 etsi
3079 3365 3412 3440 solveretur,

1824 3458 1932 3498 non
1959 3443 2079 3501 ideo
2114 3446 2255 3503 nulla
2290 3448 2518 3518 quaestio
2554 3461 2874 3510 remaneret.
2907 3450 3190 3514 Dominum
3215 3462 3416 3518 etenim

1825 3534 2092 3592 Christum
2112 3580 2126 3604 ,
2164 3547 2441 3609 postquam
2471 3544 2810 3611 resurrexit,
2838 3553 2894 3600 et
2918 3546 3309 3625 interrogatum
3332 3553 3415 3609 le-

1824 3629 1998 3700 gimus
2026 3641 2079 3685 et
2103 3642 2368 3702 rogatum.
2399 3631 2531 3688 Nam
2561 3634 2919 3707 interrogatos
2947 3646 3030 3695 est
3069 3655 3098 3694 a
3136 3640 3419 3714 discipulis

1825 3733 2148 3777 ascensurus
2199 3723 2254 3777 in
2310 3724 2534 3791 omium,
2589 3726 2803 3795 quando
2851 3740 3296 3803 pnesentaretur,
3361 3741 3419 3792 et

1824 3811 2039 3881 quando
2058 3826 2278 3881 regnum
2305 3822 2449 3868 esset
2475 3813 2633 3871 Israel
2655 3816 2790 3886 (Aet.
2814 3835 2851 3885 ι,
2878 3817 2937 3892 ti)
2964 3838 2978 3876 ε
3007 3836 3129 3878 cum
3156 3839 3282 3881 vero
3302 3825 3415 3896 jam

1827 3912 1969 3959 esset
1990 3902 2043 3956 in
2072 3904 2229 3970 emis,
2261 3913 2475 3974 rogatus
2494 3915 2576 3960 est
2598 3921 2628 3960 a
2655 3918 2840 3964 sancto
2866 3909 3155 3982 Stephano,
3182 3925 3238 3971 ut
3258 3918 3420 3988 spiri-

1827 4003 1939 4050 tum
1971 3996 2087 4064 ejus
2118 3995 2386 4066 acciperet
2414 3994 2523 4065 (Id.
2573 4011 2679 4064 vn,
2713 3999 2828 4069 58).
2876 4002 2941 4056 Et
2967 4006 3087 4073 quis
3110 4008 3305 4064 audeat
3328 4011 3417 4066 vel

1828 4087 2066 4159 cogitare
2091 4088 2172 4143 vel
2219 4088 2434 4155 dicere,
2465 4088 2519 4144 in
2540 4091 2680 4147 cmlo
2724 4093 2999 4150 sedentem
3023 4097 3295 4155 Christum
3327 4117 3417 4158 ro-

1827 4179 2058 4251 gandum
2098 4195 2204 4234 non
2250 4194 2408 4247 esse,
2456 4190 2512 4235 et
2556 4181 2608 4236 in
2649 4192 2788 4237 terra
2824 4195 3127 4242 manentem
3172 4200 3414 4262 rogatum

1829 4270 2029 4325 fuisse?
2073 4269 2367 4340 rogandum
2398 4285 2503 4326 non
2532 4285 2653 4327 esse
2680 4273 3069 4339 immortalem,
3115 4282 3289 4351 rogari
3317 4282 3417 4338 de-

1829 4362 2012 4418 buisse
2035 4363 2357 4419 mortalem?
2386 4363 2517 4430 lmo,
2541 4366 2860 4433 eltarissimi,
2894 4384 3145 4439 rogemus
3168 4388 3290 4428 eum
3315 4415 3331 4444 ,
3360 4384 3418 4434 ut

1829 4455 2028 4511 nodum
2049 4455 2361 4526 qumstionis
2383 4456 2540 4526 hujus
2560 4457 2673 4528 ipse
2691 4459 2967 4528 dissolvat,
2983 4463 3209 4522 lucendo
3230 4467 3283 4522 in
3305 4482 3419 4525 cor-

1830 4543 1990 4600 dibus
2015 4547 2214 4601 nostris
2237 4546 2305 4601 ad
2337 4546 2565 4602 videnda
2592 4565 2711 4618 qua:
2734 4550 2883 4606 dicit.

1902 4638 1958 4695 5.
2000 4639 2134 4694 Puto
2154 4640 2294 4694 enim
2322 4640 2463 4710 quod
2487 4642 2594 4705 ait,
2627 4640 2821 4697 lterum
2841 4653 3009 4701 autem
3027 4647 3203 4703 ridebo
3226 4664 3314 4707 sos
3330 4692 3346 4718 ,
3366 4661 3422 4710 et

1831 4732 2068 4804 gaudebit
2091 4749 2178 4787 cor
2199 4742 2414 4787 vestrum
2434 4774 2448 4799 ,
2470 4742 2517 4787 et
2537 4734 2778 4805 gaudium
2800 4746 3019 4794 uestrum
3042 4756 3187 4796 nemo
3217 4743 3356 4800 tollet
3385 4762 3421 4801 a

1832 4821 1997 4889 vobis,
2034 4839 2138 4877 non
2171 4824 2237 4878 ad
2268 4824 2395 4878 illud
2424 4831 2635 4895 tempus
2661 4841 2781 4882 esse
2815 4827 3159 4889 referendum
3189 4849 3295 4902 quo
3327 4850 3418 4891 reo

1833 4914 2079 4978 surrexit,
2101 4916 2287 4985 eisque
2312 4929 2463 4969 suam
2489 4930 2702 4977 carnem
2723 4919 3047 4975 cernendam
3066 4923 3419 4992 iungendam.

1832 5021 1938 5076 que
1982 5007 2297 5061 monstravit
2334 5005 2513 5077 (Joan.
2552 5022 2619 5061 ιι
2643 5049 2658 5072 ,
2696 5008 2789 5081 ΥΙ)
2831 5027 2844 5065 :
2879 5011 2971 5066 sed
2996 5014 3171 5082 potius
3203 5016 3270 5071 ad
3293 5018 3425 5076 illud

1833 5100 1975 5157 unde
1992 5101 2101 5172 jam
2129 5100 2371 5164 dixerat,
2421 5099 2527 5167 Qui
2570 5101 2736 5173 diligit
2761 5119 2840 5159 me
2860 5144 2876 5171 ,
2931 5105 3176 5178 diligetur
3202 5124 3236 5164 ι
3266 5109 3426 5169 Patre

1835 5210 1983 5261 meo;
2012 5206 2059 5249 et
2083 5210 2174 5265 ego
2198 5194 2406 5265 diligam
2429 5210 2546 5248 eum
2567 5234 2584 5260 ,
2636 5205 2686 5249 et
2711 5197 3047 5266 manifestabo
3075 5201 3323 5273 meipsunt
3346 5205 3426 5261 illi

1840 5285 1951 5362 (Id.
1982 5303 2091 5355 xiv,
2113 5286 2225 5358 ει).
2251 5286 2367 5341 iam
2392 5287 2591 5358 quippe
2613 5300 3001 5357 resurreaerat.
3027 5294 3220 5363 jamse
3247 5296 3352 5351 illis
3368 5295 3423 5351 in

1835 5395 1997 5439 carne
2022 5388 2428 5445 monstraverat,
2455 5380 2566 5451 jam
2593 5380 2812 5438 sedebat
2834 5384 2901 5439 ad
2928 5384 3202 5441 dexteram
3227 5386 3422 5455 Patris,

1836 5469 2052 5546 quando
2085 5475 2293 5534 dicebat
2332 5474 2472 5531 idem
2514 5474 2629 5545 ipse
2653 5477 2930 5546 apostolus
2953 5477 3223 5545 Joannes,
3270 5479 3425 5549 cujus

1836 5579 1921 5628 est
1954 5572 2055 5626 hoc
2090 5570 2432 5641 Evangelium
2454 5610 2470 5637 ,
2517 5570 2570 5625 itt
2601 5570 2838 5639 Epistola
2882 5584 2977 5627 sua
3014 5586 3032 5626 :
3064 5569 3419 5642 Dilectissimi,

1837 5672 1975 5721 nunc
1993 5665 2089 5734 ﬁlii
2114 5664 2209 5720 Dei
2232 5682 2408 5720 sumus
2426 5704 2442 5732 ,
2484 5670 2532 5720 ei
2559 5662 2784 5721 nondum
2808 5663 3186 5736 manifestatum
3203 5672 3279 5723 αι
3298 5664 3430 5737 βία

1903 5780 1981 5845 (a)
1999 5787 2167 5843 (st-asc,
2188 5778 2429 5835 erdtessts.
