3926 6370
559 299 699 362 1895

555 421 747 472 erimus
774 426 793 464 .'
827 408 1016 462 scimus
1045 403 1166 475 quia
1187 415 1303 455 cum
1336 398 1716 469 manifestatum
1743 394 1931 466 fuerit,
1958 390 2145 445 similes

558 511 604 566 ei
624 509 832 572 erimus,
856 500 1096 572 quoniam
1112 494 1388 551 uidebimus
1407 507 1522 548 eum
1545 489 1693 545 sicuti
1717 496 1788 543 est
1817 486 1862 556 (l
1887 482 2043 539 Joan.
2066 497 2148 550 ιιι,

557 605 639 676 2).
671 603 773 657 Ista
811 596 949 653 visio
993 608 1100 648 non
1142 590 1265 646 vita:
1296 587 1453 656 hujus
1478 593 1594 653 est,
1637 580 1733 638 sed
1759 581 1987 643 futurae;
2040 590 2148 632 non

561 674 870 765 temporalis
887 731 903 755 ,
934 685 1030 742 sed
1054 692 1252 739 aeterna
1277 682 1316 735 ¹.
1349 677 1472 734 Haec
1499 685 1572 732 est
1597 684 1765 730 autent
1793 674 1894 727 uita
1919 679 2110 726 (eterna
2132 709 2147 733 ,

558 789 772 845 dicente
801 783 916 852 ipsa
939 778 1069 844 vita,
1089 786 1146 830 ut
1173 779 1472 845 cognoscant
1489 778 1557 836 te,
1581 767 1772 837 inquit,
1798 778 1955 818 unum
1979 774 2151 814 uerunt

563 881 749 945 Deum,
777 851 996 945 atquein
1018 869 1197 925 misisti
1221 865 1396 921 Iesum
1423 860 1680 918 Christum
1713 856 1890 928 (Joan.
1916 868 2051 945 xvii,
2073 851 2150 921 5).

564 975 639 1030 De
678 941 776 1026 hac
804 941 1011 1021 visione
1051 970 1106 1018 et
1133 957 1434 1028 cognitione
1463 952 1593 1008 dicit
1620 947 1908 1021 Apostolus
1943 962 1957 999 :
1994 941 2150 997 Vide-

563 1080 674 1120 mus
697 1077 826 1116 tuine
858 1074 945 1130 per
968 1054 1230 1127 speculum
1249 1051 1303 1104 in
1331 1048 1631 1118 aenigmate,
1669 1053 1788 1097 tunc
1829 1049 1996 1095 autem
2023 1036 2154 1108 facie

564 1157 632 1212 ad
659 1154 842 1225 [aciem
875 1166 893 1204 :
918 1164 1051 1204 nunc
1082 1146 1186 1201 scio
1215 1160 1278 1198 ea;
1307 1151 1484 1212 parte,
1515 1149 1634 1192 tunc
1666 1146 1833 1190 autem
1858 1145 2154 1204 cognoscam

566 1223 695 1306 sicut
721 1256 766 1301 et
790 1243 1018 1315 cognitus
1049 1255 1158 1294 sunt
1185 1237 1225 1308 (I
1249 1235 1367 1291 Cor.
1386 1249 1481 1288 xm
1499 1273 1514 1299 ,
1547 1230 1612 1285 ιε
1627 1240 1673 1284 et
1693 1229 1802 1301 i3).
1825 1227 1975 1282 llunc
1997 1223 2157 1279 totius

569 1340 770 1398 laboris
785 1337 864 1394 sui
879 1336 1108 1392 fructum
1128 1330 1365 1386 Ecclesia
1383 1342 1521 1383 nunc
1536 1324 1759 1396 parturit
1778 1317 2153 1385 desiderando,

569 1443 698 1489 tunc
721 1439 806 1488 est
827 1429 1062 1501 paritura
1087 1421 1395 1485 cernendo;
1434 1431 1575 1472 nunc
1607 1413 1837 1486 parturit
1859 1409 2151 1482 gemendo,

569 1538 698 1585 tunc
724 1526 958 1598 paritura
1005 1517 1271 1580 laetanda;
1325 1526 1467 1568 nunc
1514 1508 1739 1580 parturit
1777 1503 2001 1569 orando,
2032 1513 2159 1558 tunc

570 1592 803 1694 paritura
831 1612 1122 1673 laudando.
1171 1607 1241 1663 Et
1285 1605 1406 1660 ideo
1433 1600 1768 1663 masculum;
1813 1596 2063 1668 quoniam
2091 1592 2158 1648 ad

571 1686 732 1769 istum
759 1709 988 1764 fructum
1010 1694 1476 1769 contemplationis
1505 1701 1694 1748 cuncta
1719 1689 1890 1744 ofﬁcia
1921 1686 2162 1744 referun-

572 1813 661 1860 tur
688 1799 931 1856 actionis.
951 1794 1111 1850 Solus
1130 1800 1213 1846 est
1235 1789 1378 1844 enim
1403 1786 1569 1850 liber;
1595 1783 1717 1854 quia
1744 1789 1962 1853 propter
1988 1794 2048 1834 sc
2067 1793 2161 1848 ap.

575 1895 792 1967 petitur,
819 1897 875 1944 et
914 1901 1020 1942 non
1050 1883 1280 1939 refertur
1306 1879 1372 1933 ad
1402 1875 1566 1932 aliud.
1596 1873 1728 1930 lluic
1769 1872 1936 1928 servit
1973 1869 2112 1924 actio
2143 1885 2158 1924 :

575 1963 645 2045 ad
691 1987 833 2041 hunc
879 1981 1022 2037 enim
1068 1976 1300 2032 refertur
1322 1968 1578 2042 quidquid
1616 1968 1753 2023 bene
1779 1965 1990 2036 agitur,
2035 1963 2161 2032 quia

577 2088 798 2154 pr0ptcr
831 2076 973 2130 hunc
995 2070 1200 2142 agitur;
1232 2067 1345 2136 ipse
1381 2073 1559 2119 autem
1601 2077 1705 2116 non
1735 2067 1951 2129 pr0pter
1983 2054 2128 2111 aliud
2148 2095 2163 2121 ,

581 2149 924 2240 sedﬁpropter
950 2163 1297 2232 semetipsum
1325 2165 1537 2213 tenetur
1559 2164 1616 2209 et
1651 2153 1895 2207 habetur.
1940 2149 2013 2204 lbi
2039 2163 2168 2219 ergo

582 2264 706 2320 linis
733 2259 825 2333 qui
873 2255 1068 2312 sullicit
1111 2251 1290 2307 nobis.
1344 2247 1600 2304 Eternus
1639 2243 1798 2313 igitur
1821 2241 1962 2297 erit:
1996 2254 2171 2310 neque

582 2358 728 2417 enim
770 2352 925 2410 nobis
971 2346 1169 2405 sullicit
1214 2343 1366 2409 linis,
1400 2341 1503 2395 nisi
1539 2339 1692 2409 cujus
1721 2337 1897 2391 nullus
1925 2344 2008 2390 est
2028 2333 2168 2388 linis.

587 2449 701 2506 Hoc
725 2444 1040 2514 inspiratum
1067 2446 1184 2494 erat
1223 2433 1473 2504 Philippo
1507 2428 1720 2501 quando
1741 2427 1875 2483 dixit
1903 2444 1916 2480 :
1953 2425 2176 2480 Ostende

586 2540 728 2596 nobis
758 2536 1001 2596 Patrem,
1031 2541 1077 2585 et
1107 2527 1287 2600 sufficit
1329 2526 1488 2580 nobis.
1524 2524 1578 2579 In
1620 2538 1723 2582 uua
1771 2519 2077 2576 ostensione
2116 2533 2175 2574 se

591 2630 832 2706 promisit
857 2636 910 2683 et
935 2625 1104 2682 Filius
1124 2621 1313 2676 dicens
1342 2637 1356 2673 :
1386 2616 1508 2673 Non
1537 2617 1700 2671 credis
1728 2617 1845 2688 quia
1877 2631 1968 2685 ego
1996 2614 2049 2667 in
2073 2611 2178 2666 Pa-

591 2736 685 2792 tre,
712 2733 758 2778 et
793 2720 944 2774 Pater
967 2718 1020 2772 in
1048 2732 1127 2770 me
1147 2725 1218 2770 est
1243 2712 1424 2782 (Joan.
1450 2725 1567 2776 xiv,
1590 2709 1645 2775 8,
1673 2709 1761 2778 10)
1784 2708 1808 2762 ‘I
1838 2707 1915 2763 Dc
1947 2707 2048 2761 hoc
2075 2707 2175 2760 ita-

593 2833 698 2889 que
721 2812 862 2886 quod
884 2809 1078 2865 sullicit
1107 2806 1280 2872 nobis,
1305 2802 1604 2861 rectissime
1628 2799 1894 2866 audimus,
1927 2797 2181 2853 Caudium

593 2918 810 2963 vestrum
839 2918 983 2957 nemo
1012 2897 1153 2954 tollet
1183 2914 1215 2950 a
1245 2895 1399 2950 vobis.

665 2993 720 3049 6.
767 2991 841 3045 De
880 2988 982 3042 hoc
1004 2967 1165 3041 etiam
1202 2998 1323 3053 quae
1358 2978 1602 3050 superius
1631 2977 1774 3033 dicta
1801 2986 1955 3043 sunt,
1993 2977 2185 3032 melius

597 3084 846 3144 cxiStimo
879 3078 1134 3148 intelligi,
1179 3072 1440 3128 Modicum
1468 3081 1516 3125 et
1537 3072 1652 3143 jam
1680 3085 1780 3123 non
1812 3068 2040 3123 uidebitis
2071 3084 2148 3121 me
2167 3109 2183 3135 ,

600 3191 647 3237 et
667 3180 846 3233 iterum
874 3173 1126 3227 modicum
1148 3179 1196 3223 et
1223 3166 1451 3221 uidebitis
1477 3180 1574 3218 me.
1617 3161 1882 3217 Modicum
1919 3170 2003 3215 est
2043 3160 2185 3215 enim

600 3271 704 3327 hoc
741 3276 909 3324 totum
940 3264 1168 3334 spatium
1207 3273 1312 3329 quo
1354 3270 1592 3327 parseris
1620 3253 1859 3325 pervolat
1883 3252 2136 3306 smenluni
2169 3267 2182 3303 :

602 3362 742 3421 unde
762 3359 892 3415 dicit
920 3357 1060 3410 idem
1089 3354 1205 3423 ipse
1230 3349 1552 3420 evangelista
1578 3347 1628 3400 in
1664 3342 1896 3415 Epistola
1925 3359 2041 3404 sua,
2068 3340 2183 3395 No-

602 3455 807 3512 uissima
829 3451 952 3504 liora
975 3456 1044 3503 est
1077 3443 1118 3514 (I
1147 3443 1302 3497 Joan.
1331 3457 1384 3503 II,
1414 3441 1522 3510 18).
1550 3437 1672 3492 Ideo
1697 3449 1926 3504 namque
1960 3433 2187 3500 addidit,

603 3540 719 3611 quia
746 3535 874 3590 uado
905 3533 971 3586 ad
1000 3529 1208 3584 Patrem
1241 3541 1258 3580 :
1298 3524 1438 3596 quod
1485 3523 1550 3576 ad
1589 3521 1821 3593 priorem
1872 3521 2190 3574 sententiam

604 3610 942 3688 referendum
970 3633 1073 3689 est,
1103 3620 1188 3676 ubi
1211 3620 1284 3674 ait
1305 3658 1320 3683 ,
1353 3614 1614 3670 Modicum
1640 3625 1684 3667 et
1701 3613 1814 3683 jam
1842 3627 1941 3665 non
1969 3610 2192 3664 videbitis

604 3740 714 3784 me;
749 3734 852 3774 non
875 3718 940 3771 ad
965 3714 1314 3786 posteriorem
1341 3710 1430 3765 tibi
1453 3709 1528 3762 ait
1546 3749 1562 3773 ,
1591 3717 1637 3759 et
1664 3707 1841 3760 iterum
1867 3705 2120 3758 modicum
2147 3713 2194 3757 et

606 3812 839 3870 videbitis
871 3825 970 3862 me.
1001 3807 1190 3862 Eundo
1218 3805 1416 3875 quippe
1442 3801 1507 3856 ad
1538 3801 1779 3864 Patrem,
1818 3798 2051 3852 facturus
2077 3804 2196 3851 erat

607 3917 658 3962 ut
687 3917 807 3959 eum
839 3917 946 3956 non
969 3898 1228 3954 viderent.
1257 3897 1334 3951 Ac
1358 3909 1451 3965 per
1473 3893 1572 3946 hoc
1599 3908 1704 3946 non
1729 3889 1847 3944 ideo
1873 3890 2071 3944 dictum
2089 3896 2192 3951 est,

605 4001 727 4071 quia
753 3996 921 4051 fuerat
944 3992 1258 4056 moriturus,
1286 3998 1341 4046 et
1368 3987 1537 4042 donec
1567 3994 1888 4056 resurgeret,
1918 3985 1986 4039 ab
2005 3998 2194 4039 eorum

603 4089 908 4162 aspectibus
953 4098 1290 4145 recessurus;
1321 4080 1415 4136 sed
1445 4077 1588 4150 quod
1615 4089 1759 4133 esset
1796 4078 1968 4132 iturus
1989 4074 2057 4130 ad
2092 4075 2195 4129 Pa-

607 4198 774 4249 trem,
809 4180 951 4252 quod
979 4177 1103 4234 fecit
1146 4187 1491 4246 posteaquam
1531 4170 1863 4234 resurrexit,
1893 4178 2088 4225 etcum
2119 4167 2198 4222 eis

605 4293 702 4350 per
734 4272 1086 4347 quadraginta
1117 4267 1231 4322 dies
1269 4272 1618 4321 conversatus
1648 4259 1895 4316 ascendit
1920 4259 1972 4313 in
2001 4259 2195 4313 coelum

610 4370 744 4442 (Act.
771 4382 807 4431 t,
837 4366 892 4431 ὅ,
919 4361 999 4434 9).
1031 4359 1138 4414 Illis
1164 4371 1294 4426 ergo
1317 4357 1412 4418 ait,
1445 4352 1704 4407 Modicum
1732 4361 1778 4405 et
1790 4353 1904 4421 jam
1933 4367 2033 4404 non
2062 4350 2200 4403 vide-

617 4460 722 4515 Fitis
749 4475 826 4511 me
851 4497 864 4516 .
917 4455 1007 4524 qui
1057 4466 1179 4506 eum
1220 4447 1573 4517 corporaliter
1605 4455 1734 4499 tunc
1761 4445 2046 4508 videbant,
2075 4443 2198 4512 quia

612 4563 786 4609 ilurtts
803 4556 915 4601 erat
946 4545 1013 4598 ad
1037 4543 1283 4606 Patrem,
1311 4547 1512 4593 etcum
1534 4536 1784 4604 deinceps
1806 4535 2083 4589 mortalem
2115 4534 2197 4588 vi-

612 4643 723 4701 suri
748 4657 854 4696 non
884 4644 1058 4700 erant,
1085 4634 1294 4704 qualem
1324 4645 1444 4685 cum
1469 4629 1566 4684 ista
1595 4628 1905 4697 loqueretur
1931 4625 2196 4682 videbant.

613 4733 765 4804 Quod
797 4745 922 4785 vero
946 4724 1168 4785 addidit.
1195 4732 1242 4776 et
1271 4723 1455 4776 iterum
1481 4718 1732 4773 modicum
1760 4727 1807 4771 et
1834 4717 2060 4772 videbitis
2083 4733 2159 4772 me
2179 4761 2196 4784 ,

616 4828 877 4886 ttnivcrsm
903 4819 1148 4894 promisit
1171 4814 1423 4873 Ecclesia:
1452 4813 1622 4868 :sicut
1649 4811 1909 4866 univcrsze
1937 4810 2198 4880 promisit,

616 4926 746 4982 Ecce
772 4937 862 4995 ego
890 4916 1140 4974 vobiscum
1163 4928 1274 4969 sum
1301 4925 1454 4983 usque
1495 4909 1548 4964 in
1589 4906 2068 4962 consummationem
2107 4921 2205 4960 sa:-

615 5019 714 5074 culi
744 5012 955 5084 (Matth.
986 5023 1156 5065 xxvm
1185 5048 1200 5074 ,
1253 5004 1371 5075 ‘20).
1415 5001 1530 5058 Non
1563 5005 1729 5055 tardat
1780 4999 2041 5055 Dominus
2079 5013 2203 5070 pro-

615 5109 838 5166 missum
868 5122 881 5157 :
915 5101 1214 5164 modicum,
1245 5109 1300 5155 et
1322 5096 1622 5152 videbimus
1641 5109 1787 5160 cum,
1819 5093 1906 5148 ubi
1928 5093 2037 5162 jam
2071 5092 2203 5147 nihil

619 5212 900 5271 :ogeutus,
943 5194 1077 5249 nihil
1112 5194 1529 5262 interrogemus;
1579 5189 1702 5260 quia
1736 5187 1867 5242 nihil
1893 5185 2204 5242 desideran-

615 5296 744 5353 dnm
790 5287 1117 5353 remanebit,
1169 5287 1299 5341 nihil
1325 5284 1672 5355 quaerendum
1710 5281 1914 5337 latebit.
1945 5281 2058 5336 Hoc
2085 5294 2202 5336 mo-

617 5391 796 5447 dieum
811 5385 1028 5455 longum
1059 5380 1214 5436 nobis
1235 5379 1443 5435 videtur
1464 5422 1479 5447 ,
1505 5379 1754 5450 quoniam
1781 5377 1955 5432 adhuc
1983 5377 2157 5446 agitur
2184 5393 2202 5432 :

618 5501 739 5542 eum
784 5482 988 5538 linitum
1027 5475 1217 5541 fuerit,
1254 5484 1378 5530 tunc
1407 5473 1698 5528 sentiemus
1742 5487 1899 5542 quam
1935 5469 2202 5524 modicum

621 5577 795 5636 fuerit.
846 5572 960 5630 Non
1000 5585 1127 5642 ergo
1169 5568 1239 5625 sit
1279 5566 1526 5638 gaudium
1557 5575 1794 5619 nostrum
1843 5563 1998 5634 quale
2046 5561 2206 5616 habet

621 5670 872 5737 mundus,
893 5667 962 5724 de
981 5683 1088 5738 quo
1106 5664 1303 5722 dictum
1331 5673 1441 5728 est,
1474 5659 1700 5715 Mundus
1728 5670 1895 5713 autem
1923 5655 2157 5731 gaudebit
2187 5672 2206 5711 :

685 5784 706 5817 ³
728 5788 850 5836 Tres
869 5789 996 5847 3153.,
1018 5793 1112 5834 non
1132 5776 1426 5847 temporalis,
1449 5775 1535 5830 sed
1559 5779 1774 5830 (sternte.

1483 278 1551 340 ΙΝ
1587 277 1866 337 ιοΑΝΝιε
1901 269 2369 339 ΕνΑΝοειιυιι,
2399 267 2457 327 3.
2497 263 2867 326 AUGUSTINI

2260 401 2361 442 nec
2390 393 2565 439 tamen
2594 384 2647 438 in
2677 381 2838 451 hujus
2864 374 3117 434 desiderii
3144 373 3475 446 parturitione
3491 377 3592 435 sine
3609 385 3750 453 gaudio

2258 477 2438 533 tristes
2465 476 2654 540 simus,
2685 471 2780 528 sed
2810 469 2949 525 sicut
2971 468 3046 522 ait
3075 465 3374 537 Apostolus,
3405 467 3500 538 Spe
3522 472 3748 541 gaudentes,

2257 573 2309 626 in
2333 569 2654 624 tribulatione
2692 567 2936 636 patientes
2965 561 3142 633 (Rom.
3170 576 3247 615 -χιι
3269 601 3285 628 ,
3326 558 3443 633 12);
3485 562 3590 632 quia
3612 573 3654 619 et
3670 567 3753 637 ipsa
3783 607 3793 618 .

2258 663 2579 736 parturiens,
2602 663 2689 716 cui
2712 657 3006 729 comparati
3033 669 3235 723 sumus,
3263 653 3380 724 plus
3401 653 3574 724 gaudet
3594 655 3646 711 de
3664 673 3752 714 mox
3792 709 3796 714 .

2258 758 2432 814 futura
2459 755 2630 826 prole,
2661 766 2822 823 quam
2844 750 3011 807 tristis
3030 757 3114 805 est
3135 747 3202 803 de
3227 746 3467 817 przesenti
3489 744 3658 802 dolore.
3674 747 3750 805 Sed
3790 776 3797 824 έ

2259 848 2416 920 hujus
2440 821 2706 905 sermonis
2729 845 2829 900 iste
2852 841 2923 898 sit
2943 842 3064 897 linis
3085 859 3098 894 :
3123 838 3466 896 habentenim
3488 839 3756 908 quastionetn
3791 821 3794 824 ’

2261 939 2694 998 molestissimam
2738 951 2862 1008 quas
2889 940 3201 1004 sequuntur,
3251 943 3351 986 nec
3393 928 3624 984 brevitate
3652 944 3759 986 coar-

2261 1034 2452 1092 ctanda
2477 1041 2633 1099 sunt,
2664 1028 2960 1102 ut'possint
2985 1023 3320 1084 commodius
3343 1065 3360 1094 ,
3389 1022 3434 1079 si
3457 1021 3672 1080 Dominus
3694 1039 3759 1079 vo-

2261 1127 2441 1194 luerit,
2466 1125 2746 1197 explicari.

2780 1213 3189 1274 TRACTATUS
3228 1211 3335 1269 Cll.

2263 1317 2343 1373 De
2370 1333 2428 1372 eo
2458 1317 2594 1388 quod
2619 1312 2871 1368 Dominus
2905 1311 3006 1377 ait,
3042 1310 3212 1365 Amen
3231 1348 3247 1373 ,
3276 1320 3427 1361 amen
3461 1305 3568 1362 dico
3587 1304 3763 1370 vobis,tl

2335 1408 2461 1481 quid
2491 1407 2752 1480 petieritis
2781 1404 2991 1460 Patrem
3020 1402 3071 1457 in
3101 1400 3318 1456 nomine
3343 1412 3476 1465 tneo,
3501 1397 3625 1452 dabit
3637 1395 3762 1460 vobis;

2336 1517 2495 1570 usque
2525 1498 2595 1553 ad
2629 1499 2713 1564 id,
2747 1497 2940 1553 Iterum
2968 1493 3208 1564 relinquo
3243 1488 3510 1558 mundum,
3539 1487 3766 1545 ειηάοιά

2339 1595 2574 1651 Patrem.
2604 1590 2733 1662 Cap.
2766 1604 2874 1654 xvt,
2921 1588 2996 1659 ᾗ.
3019 1583 3216 1642 23-28.

2341 1689 2393 1742 1.
2435 1684 2644 1742 Domini
2681 1683 2841 1738 verba
2874 1693 3014 1735 nunc
3049 1678 3148 1733 ista
3176 1674 3446 1732 tractanda
3473 1681 3605 1738 sunt,
3631 1674 3766 1735 Amen,

2269 1796 2418 1834 amen
2437 1777 2551 1832 dico
2567 1775 2725 1842 vobis,
2744 1773 2787 1828 si
2807 1771 2930 1845 quid
2952 1769 3193 1842 petieritis
3217 1765 3419 1822 Patrem
3438 1766 3486 1819 in
3503 1763 3666 1818 nomine
3680 1779 3767 1826 atto,

2270 1871 2408 1926 dabit
2433 1869 2591 1926 vobis.
2612 1867 2731 1924 lam
2754 1865 2955 1920 dictum
2990 1871 3072 1919 est
3105 1861 3158 1917 in
3190 1857 3542 1931 superioribus
3564 1854 3772 1924 hujusdo-

2271 1964 2451 2022 minici
2479 1961 2740 2018 sermonis
2763 1957 3019 2030 partibus,
3037 1963 3262 2027 propter
3281 1967 3374 2009 eos
3392 1952 3476 2023 qui
3497 1949 3698 2005 nonnulla
3711 1962 3771 2017 pe-

2273 2065 2391 2113 tunt
2413 2071 2444 2111 a
2467 2055 2626 2111 Patre
2649 2053 2700 2108 in
2721 2051 2915 2108 Christi
2938 2049 3178 2115 nomine,
3208 2060 3311 2101 nec
3331 2043 3590 2113 accipiunt,
3609 2055 3686 2094 non
3701 2039 3773 2109 peti

2274 2147 2328 2203 in
2357 2145 2572 2202 nomine
2600 2141 2895 2198 Salvatoris
2911 2137 3166 2211 quidquid
3191 2137 3387 2209 petitur
3407 2143 3573 2190 contra
3589 2133 3773 2186 rationem

2274 2239 2461 2295 salutis
2491 2237 2722 2310 (Supra,
2757 2234 2927 2289 Tract.
2962 2233 3087 2303 73).
3119 2230 3238 2286 Non
3267 2229 3405 2286 enim
3447 2242 3609 2282 sonum
3635 2225 3774 2278 littera-

2276 2347 2394 2387 rum
2417 2345 2479 2386 ac
2501 2328 2848 2401 syllabarum,
2878 2323 2975 2380 sed
3009 2322 3149 2394 quod
3181 2337 3347 2377 sonus
3375 2321 3484 2391 ipsc
3502 2317 3721 2388 signiﬁcat,
3741 2323 3775 2367 et

2277 2425 2418 2498 quod
2447 2439 2513 2480 eo
2540 2438 2672 2478 sono
2700 2429 2847 2476 recte
2867 2435 2931 2474 ac
2958 2417 3224 2474 veraciter
3251 2413 3563 2484 intelligitur,
3591 2410 3670 2464 hoc
3687 2408 3778 2460 acci-

2281 2496 2506 2588 piendas
2529 2523 2613 2570 est
2630 2511 2810 2567 dicere
2838 2525 2960 2564 cum
2983 2508 3132 2572 dicit,
3157 2507 3214 2560 in
3242 2507 3437 2560 nomine
3460 2518 3574 2556 meo.
3593 2496 3706 2555 Unde
3721 2497 3778 2565 qui

2283 2587 2384 2664 hoc
2404 2607 2566 2662 sentit
2593 2605 2659 2661 de
2684 2603 2898 2660 Christo
2926 2601 3067 2673 quod
3100 2615 3211 2654 non
3241 2609 3323 2654 est
3347 2596 3414 2652 de
3437 2595 3577 2650 unico
3600 2591 3674 2646 Dei
3695 2587 3778 2642 Filio

2283 2699 2645 2763 sentiendum,
2671 2713 2778 2752 non
2801 2695 2932 2766 petit
2957 2694 3008 2748 itt
3030 2692 3148 2764 ejus
3175 2691 3408 2755 nomine,
3431 2685 3614 2742 etiamsi
3639 2698 3713 2736 non
3733 2690 3781 2731 ta-

2285 2802 2401 2849 ceat
2433 2791 2623 2846 litteris
2647 2805 2710 2844 ac
2729 2787 2948 2860 syllabis
2969 2784 3243 2840 Christum
3267 2800 3280 2846 ;
3303 2780 3534 2852 quoniam
3555 2779 3598 2831 in
3619 2774 3706 2844 ejus
3721 2786 3782 2824 no-

2287 2890 2430 2944 mine
2463 2887 2613 2957 petit.
2635 2899 2795 2955 quem
2818 2880 3017 2952 cogitat
3041 2896 3163 2934 cum
3194 2879 3347 2949 petit.
3371 2875 3463 2941 Qui
3484 2887 3594 2926 vero
3611 2864 3715 2938 quod
3731 2871 3784 2917 est

2288 2981 2356 3036 de
2387 2956 2478 3034 illo
2508 2975 2846 3034 sentiendum
2889 2974 3076 3037 sentit,
3106 2971 3223 3040 ipse
3251 2971 3302 3024 in
3338 2968 3447 3036 ejus
3471 2961 3650 3018 nomine
3671 2956 3780 3027 petit;

2290 3084 2343 3128 et
2365 3073 2557 3142 accipit
2576 3068 2718 3140 quod
2742 3067 2890 3139 petit,
2921 3066 2964 3120 si
2989 3080 3093 3119 non
3117 3071 3306 3118 contra
3327 3073 3472 3115 suam
3491 3055 3676 3111 salutem
3693 3059 3784 3102 seu

2293 3140 2554 3236 piternam
2588 3162 2737 3232 petit.
2761 3159 2964 3228 Accipit
2989 3155 3166 3210 autem
3200 3152 3411 3223 quando
3434 3148 3576 3202 debet
3597 3140 3783 3208 accipere-

2293 3256 2546 3327 Qtizrdant
2576 3253 2718 3308 enim
2757 3266 2863 3305 non
2895 3257 3153 3318 negantur
3178 3288 3195 3313 ,
3235 3244 3327 3300 sed
3355 3251 3410 3297 ut
3435 3255 3475 3295 ει
3497 3249 3638 3306 ngruo
3657 3230 3785 3285 dentur

2297 3317 2534 3420 ὧιιψιηέ
2562 3347 2896 3402 differuntur.
2941 3317 3012 3396 Ita
3056 3355 3188 3394 sane
3219 3331 3591 3406 intelligendum
3615 3335 3677 3380 est
3693 3317 3785 3390 quod

2295 3447 2390 3507 ait,
2421 3443 2560 3496 dabit
2581 3440 2737 3502 vobis,
2760 3445 2817 3491 ut
2841 3451 2905 3490 ea
2925 3432 3190 3508 beneﬁcia
3223 3430 3507 3501 signiﬁcata
3534 3421 3717 3477 sciantur
3735 3412 3787 3464 his

2297 3537 2500 3597 verbis,
2532 3549 2650 3604 qua:
2679 3530 2745 3586 ad
2775 3544 2869 3585 eos
2897 3505 2986 3598 qui
3019 3534 3206 3596 petunt
3238 3521 3445 3594 proprie
3472 3515 3704 3587 pertinent.
3725 3502 3789 3556 Ex-

2297 3630 2584 3685 audiuntnr
2609 3626 2804 3697 quippe
2843 3635 3030 3676 omnes
3068 3618 3239 3672 sancti
3269 3631 3363 3686 pro
3397 3609 3597 3681 scipsis,
3622 3616 3702 3659 non
3725 3611 3786 3649 au-

2301 3732 2406 3778 tem
2451 3736 2548 3790 pro
2573 3717 2826 3772 omnibus
2852 3711 3210 3770 esandinntur
3236 3709 3319 3763 vel
3344 3704 3517 3761 amicis
3542 3699 3611 3754 vel
3635 3687 3789 3748 inimicis

2299 3815 2432 3879 suis,
2453 3785 2548 3865 Ivt'l
2575 3807 2897 3881 quibuslibet
2918 3803 3035 3858 aliis
3059 3821 3074 3858 :
3097 3802 3221 3873 quia
3252 3815 3355 3856 non
3384 3805 3638 3862 utcumque
3656 3785 3788 3839 ditium

2301 3917 2403 3972 est,
2431 3903 2606 3966 dabit;
2634 3901 2726 3956 sed
2755 3900 2789 3953 d
2823 3899 2891 3952 bit
2916 3896 3072 3950 vobis.

2371 3967 2425 4051 Ξ.
2457 3994 2627 4066 Usque
2656 3992 2802 4046 modo
2823 4032 2837 4056 ,
2863 3989 3050 4059 inquit,
3078 4002 3179 4039 non
3208 3983 3400 4056 petistis
3418 3977 3654 4052 quidquam
3674 3967 3711 4020 in
3729 3977 3790 4066 tto:

2302 4091 2436 4145 ntine
2459 4105 2589 4142 meo.
2621 4084 2818 4150 Petite,
2852 4091 2898 4136 et
2929 4053 3219 4150 accipietis,
3238 4088 3294 4132 ut
3321 4073 3546 4147 gaudium
3569 4075 3733 4121 mtrem
3751 4053 3791 4106 εἰ(

2304 4185 2527 4256 plenum.
2555 4180 2664 4235 lloc
2689 4177 2826 4249 quod
2849 4175 2976 4230 dicit
2995 4172 3246 4243 gaudium
3268 4171 3498 4242 plenum,
3519 4159 3709 4256 pmlcclo
3723 4161 3790 4204 n0"

2304 4275 2519 4332 cnrnale
2539 4314 2552 4338 ,
2586 4270 2678 4326 sed
2706 4268 2980 4340 Spiritualc
3020 4264 3270 4336 gaudium
3301 4271 3380 4317 est
3411 4277 3424 4314 :
3451 4267 3500 4314 et
3523 4249 3694 4325 quando
3714 4254 3790 4340 Ian:

2307 4329 2417 4425 tum
2445 4329 2568 4432 erit,
2600 4373 2656 4418 ut
2684 4329 2881 4432 aliquid
2917 4359 2968 4415 ei
2993 4329 3101 4430 jam
3132 4373 3239 4412 non
3267 4356 3338 4410 sit
3361 4347 3648 4408 addendum,
3669 4329 3790 4432 procul

2305 4419 2625 4518 dubiotuiic
2655 4457 2757 4512 erit
2777 4419 3025 4524 'plenum'.
3057 4447 3321 4519 Quidquid
3363 4459 3482 4514 ergo
3518 4437 3680 4508 potitur
3699 4419 3790 4522 ιιιιξά

2305 4555 2569 4626 pertineat
2598 4549 2663 4604 ad
2706 4547 2807 4601 hoc
2834 4543 3084 4616 gaudium
3116 4533 3552 4609 consequendum,
3579 4527 3662 4581 hoc
3683 4525 3739 4574 est
3759 4525 3790 4564 tn

2307 4647 2522 4703 nomine
2547 4641 2744 4697 Christi
2772 4637 3078 4709 petendum,
3102 4634 3147 4688 si
3166 4632 3393 4686 divinam
3415 4618 3703 4689 intelligimus
3716 4617 3792 4676 gr?

2308 4740 2456 4804 tiam,
2485 4736 2529 4792 si
2557 4749 2682 4790 vere
2710 4704 2916 4786 beatam
2941 4727 3206 4798 poscimus
3230 4722 3409 4777 vitam.
3430 4704 3658 4783 Quidquid
3673 4707 3791 4799 autem

2308 4830 2450 4886 aliud
2492 4828 2719 4899 petitur,
2751 4821 2882 4876 nihil
2913 4820 3108 4892 petitur
3150 4835 3162 4871 :
3209 4830 3312 4870 non
3351 4809 3468 4882 quia
3497 4803 3618 4860 nulla
3641 4791 3793 4899 opinio?

2308 4940 2396 4980 res
2420 4874 2506 4978 est!
2521 4961 2536 4987 ,
2566 4918 2657 4973 sed
2687 4915 2808 4987 qttia
2835 4913 2887 4968 in
2913 4874 3076 4966 lauta:
3110 4907 3188 4964 rei
3214 4899 3589 4975 comparatione
3611 4874 3791 4987 quid‘lm‘l

2309 5014 2450 5072 aliud
2490 4980 2914 5078 concupiscitur,
2956 5001 3087 5058 nihil
3128 5007 3228 5055 est.
3274 4995 3450 5064 Neque
3487 4980 3793 5078 cuitu-prof?

2311 5109 2450 5164 nulla
2478 5119 2564 5160 res
2586 5065 2677 5158 est.
2694 5101 2874 5168 homo,
2903 5095 2970 5152 de
2991 5110 3097 5166 quo
3121 5094 3193 5146 ait
3217 5086 3492 5160 Apostolus
3515 5097 3526 5133 :
3549 5074 3631 5142 Qui
3642 5085 3684 5125 se
3696 5065 3792 5136 ραιατ

2311 5199 2502 5271 aliquid
2531 5213 2654 5261 esse,
2679 5211 2792 5249 cum
2822 5191 2950 5247 nihil
2973 5189 3036 5244 sit
3075 5185 3280 5259 (Galat.
3307 5197 3378 5248 γι,
3407 5179 3439 5234 3
3457 5176 3492 5246 )·
3519 5172 3566 5225 ¹¹¹

2313 5245 2500 5271 “’··“ιν-·ν-
2532 5245 2654 5261 ""v
2824 5245 2847 5247 η
3080 5245 3093 5259 ι
3365 5245 3371 5248 _
3458 5245 3463 5246 γ
3784 5245 3789 5247 η

2313 5297 2455 5352 tione
2493 5293 2688 5365 quippe
2728 5284 3022 5359 spir'uttalis
3051 5277 3305 5343 hominis,
3339 5273 3423 5345 qui
3459 5268 3549 5325 scit
3731 5245 3792 5365 of"

2315 5342 2454 5352 "'"'
2497 5342 2684 5365 “Ι’”Ἰ⁷Ι”“
2733 5342 2800 5359 ’l'
2849 5342 2872 5359 V
3295 5342 3298 5343 '
3358 5342 3368 5345 '
3675 5345 3684 5356 ι

2312 5405 2370 5446 se
2399 5403 2516 5444 esse
2545 5383 2686 5457 quod
2716 5393 2818 5444 est,
2863 5377 3104 5451 quisquis
3132 5388 3263 5428 vana
3295 5361 3562 5439 prmsumit,
3599 5342 3787 5457 nillil-:5:

2313 5483 2483 5538 Etiam
2513 5438 2590 5534 sic
2628 5491 2756 5547 ergo
2803 5482 2945 5528 recte
2986 5466 3202 5537 intelligi
3244 5469 3439 5534 potest,
3487 5451 3648 5506 Amen.

2514 5518 2590 5534 ο...
2629 5518 2754 5547 -.ου
2804 5518 2945 5528 η---
2987 5518 3200 5537 --.ηηη
3245 5518 3260 5534 _
3428 5518 3435 5522 _

2313 5575 2425 5629 dico
2455 5572 2608 5637 vobis,
2631 5569 2674 5623 si
2697 5565 2819 5639 quid
2845 5562 3083 5637 petieritis
3113 5558 3318 5614 Patrem
3341 5554 3391 5606 in
3415 5543 3707 5639 nominefo

2312 5621 2681 5728 ἰιι
2707 5621 2809 5714 ltoc
2833 5621 2973 5728 quod
3003 5653 3095 5720 ait,
3128 5653 3172 5706 si
3195 5647 3330 5721 quid,
3363 5654 3458 5697 non

2597 5795 2614 5827 ,
2757 5710 2978 5824 aliquid
3006 5710 3148 5821 quod
3185 5710 3285 5802 non
3310 5710 3374 5810 in
3398 5731 3545 5792 beatae
3570 5715 3667 5777 vita:
3683 5710 3786 5764 ωσι-
