3926 6366
248 320 373 379 ,89⁷
1382 311 1764 369 ΤιιΑεΤΑι-ιιε

1874 313 1928 370 ll.
1969 313 2195 378 CAPUT
2234 316 2370 382 XVI.
3278 355 3280 357 ’
3337 340 3496 408 ’1898

243 429 502 501 paratione
531 425 602 480 sit
624 422 770 479 nihil.
795 421 861 478 Et
879 423 1020 494 quod
1043 422 1304 495 sequitur,
1336 423 1506 495 Usque
1531 426 1682 532 modo
1703 443 1804 532 non
1922 434 2141 501 coeperit
2167 438 2341 492 omnia
2364 438 2670 512 dijudicare,
2716 446 2827 517 ipse
2851 459 3026 506 autem
3052 467 3082 507 a
3121 458 3329 514 nomine
3352 462 3494 532 diju-

242 521 420 593 petistis
447 518 718 589 quidquam
743 518 796 570 in
825 517 1026 572 nomine
1051 533 1184 586 meo,
1215 517 1422 573 duobus
1447 517 1621 573 modis
1646 518 1806 612 intel-
1918 522 2082 581 dicari
2104 526 2125 599 (
2141 526 2156 580 I
2178 526 2365 597 Cor.n,
2389 532 2605 606 12-15),
2625 539 2829 594 etiamsi
2857 542 2910 597 in
2937 542 3036 600 hac
3049 547 3338 607 vitaadliuc
3350 517 3492 612 velut

242 612 319 681 ligi
363 618 534 681 potest
565 627 580 661 :
611 609 690 666 vel
732 610 853 680 quia
898 624 1002 664 non
1032 609 1086 664 in
1129 611 1348 666 nomine
1389 625 1512 666 meo
1556 611 1762 682 petistis
1791 654 1808 678 ,
1916 629 2014 684 per
2039 621 2310 689 speculum
2335 638 2400 679 ex
2428 637 2593 695 parte,
2626 633 2878 701 perspicit
2906 643 3080 692 tamen
3104 656 3208 695 non
3238 644 3349 700 ullo

239 703 366 773 quod
391 717 584 757 nomen
613 715 715 757 non
737 701 878 756 sicut
895 702 1321 773 cognoscendum
1345 711 1429 758 est
1451 704 1802 774 cognovistis;
1915 710 2060 777 poris
2079 724 2258 779 sensu,
2287 729 2391 768 non
2420 717 2522 772 ulla
2553 719 2860 791 imaginaria
2880 729 3194 797 cogitatione
3215 750 3335 804 qure
3358 739 3375 770 ⁸
3403 756 3491 796 ca-

243 794 318 850 vcl
345 809 444 848 non
472 794 677 864 petistis
704 791 1012 863 quidquam,
1042 793 1297 863 quoniam
1326 793 1379 848 in
1407 795 1806 864 comparatione
1913 796 1990 865 pit
2016 809 2107 854 aut
2130 799 2274 871 lingit
2299 805 2755 880 qualiumcumque
2780 791 3154 876 similitudines
3181 791 3485 897 corporum,

237 887 303 940 rei
330 900 484 956 quam
526 893 708 955 petere
745 883 1004 939 debuistis
1026 924 1040 950 ,
1068 899 1164 954 pro
1203 885 1371 939 nihilo
1401 885 1697 941 habendum
1723 898 1806 946 est
1910 886 2004 941 sed
2033 892 2228 947 mentis
2253 895 2546 952 certissima
2577 900 2944 973 intelligentia,
2975 907 3142 966 Deum
3163 929 3267 969 non
3279 883 3488 989 .corpus,

233 977 358 1048 quod
395 975 620 1047 petistis.
645 974 714 1031 Ut
742 975 900 1046 igitur
925 975 978 1030 in
1006 975 1122 1045 ejus
1148 976 1362 1030 nomine
1388 990 1493 1030 non
1525 976 1676 1041 nihil,
1708 976 1801 1031 sed
1909 989 2049 1066 esse,
2069 979 2161 1034 sed
2191 983 2431 1051 spiritum
2466 1003 2478 1039 :
2523 988 2593 1042 ita
2623 991 2795 1060 palam
2837 995 2906 1050 de
2934 997 3091 1055 Patre
3136 974 3484 1066 annuntiante

231 1067 460 1138 gaudium
491 1067 704 1139 plenum
728 1076 909 1138 petant
935 1068 952 1137 (
976 1068 1225 1137 quoniam
1254 1068 1298 1121 si
1323 1067 1519 1138 aliquid
1547 1067 1686 1123 aliud
1710 1083 1774 1138 pe
1908 1063 2061 1133 Filio,
2098 1080 2152 1170 ut
2177 1072 2414 1140 ejusdem
2440 1077 2749 1137 substantia:
2775 1091 3130 1156 conspiciatur
3157 1104 3212 1150 et
3239 1096 3351 1166 ipse

233 1169 355 1224 tant,
384 1159 521 1215 idem
550 1159 750 1232 aliquid
780 1158 912 1214 nihil
947 1159 1082 1229 est),
1110 1158 1424 1215 exhortatur
1459 1159 1662 1225 dicens,
1690 1158 1796 1214 Pe-
1904 1161 2200 1260 annuntiat.
2251 1165 2398 1260 Tunc
2437 1169 2490 1222 in
2519 1172 2635 1241 ejus
2661 1177 2875 1233 nomine
2915 1191 3100 1250 petunt
3128 1188 3218 1256 qui
3257 1158 3480 1260 petum;

229 1251 332 1318 rite,
361 1263 409 1305 et
439 1252 695 1322 accipietis
713 1293 727 1318 ,
760 1261 816 1305 ut
842 1251 1082 1322 gaudium
1110 1261 1329 1306 oestrum
1361 1254 1426 1306 sit
1466 1253 1671 1323 plenum
1695 1270 1713 1306 :
1743 1253 1794 1308 id
1902 1249 2024 1317 quia
2049 1251 2102 1305 in
2128 1267 2262 1309 sono
2283 1256 2400 1326 ejus
2426 1262 2652 1318 nominis
2673 1281 2776 1322 non
2803 1249 2942 1325 aliud
2969 1249 3234 1343 quam
3257 1249 3373 1350 ipsa
3399 1249 3483 1339 εει

228 1349 328 1406 est,
355 1339 452 1395 hoc
480 1340 533 1394 in
562 1341 779 1396 nomine
808 1356 929 1396 meo
965 1342 1159 1412 petite,
1189 1351 1248 1397 ut
1270 1341 1520 1412 gaudium
1559 1352 1793 1399 vestrum

226 1432 286 1487 sit
309 1431 542 1501 plenum,
580 1441 634 1488 et
659 1433 953 1503 accipietis.
982 1433 1091 1490 Isto
1118 1435 1260 1490 enim
1301 1435 1445 1492 bono
1468 1437 1522 1492 in
1564 1438 1792 1508 petendo

224 1533 616 1597 perseverantes
649 1535 859 1582 sanctos
896 1541 1024 1582 suos
1059 1543 1391 1600 nequaquam
1427 1529 1788 1586 misericordia

225 1613 380 1669 divina
408 1614 692 1672 lraudabit.

281 1706 331 1760 5.
359 1703 502 1771 Ηιεε,
527 1707 717 1777 inquit,
739 1708 792 1760 in
812 1709 1082 1779 proverbiis
1101 1711 1298 1764 locutus
1313 1727 1430 1764 sum
1453 1711 1589 1765 vobis
1613 1725 1631 1765 :
1656 1712 1788 1766 venit

223 1798 332 1851 liora
357 1813 467 1851 cum
487 1799 604 1868 jam
635 1799 807 1853 nonin
833 1800 1105 1869 proverbiis
1130 1800 1306 1872 loquar
1323 1801 1479 1866 vobis,
1501 1801 1590 1856 sed
1616 1802 1785 1872 palam

221 1888 276 1942 de
294 1887 441 1944 Patre
463 1905 573 1944 meo
592 1890 905 1944 annuntiabo
925 1890 1079 1946 vobis.
1105 1889 1326 1946 Possem
1348 1890 1528 1948 dieere
1557 1892 1693 1948 hanc
1715 1891 1784 1948 de

219 1994 308 2049 qua
335 1981 562 2051 loquitur
595 1982 808 2049 horam,
859 1982 1092 2038 futurum
1118 1992 1366 2052 oportere
1417 1985 1668 2040 mulum
1697 1985 1780 2040 in-

219 2071 379 2141 telligi,
427 2072 512 2126 ubi
539 2073 840 2128 videbimus
865 2072 1063 2144 palam,
1089 2072 1230 2144 quod
1269 2074 1454 2130 beatus
1478 2073 1672 2130 Paulus
1696 2075 1779 2130 di-

217 2162 295 2227 cit,
321 2164 442 2234 facie
465 2164 534 2217 ad
563 2164 783 2233 faciem,-
810 2165 1028 2235 utquod
1055 2166 1150 2232 ait,
1185 2164 1311 2220 Htec
1327 2166 1382 2220 in
1407 2167 1678 2238 proverbiis
1703 2168 1778 2223 lo-

216 2263 344 2307 cutus
364 2270 472 2308 sum
500 2255 664 2321 vobis,
710 2256 812 2312 hoc
849 2257 920 2311 sit
945 2257 1087 2328 quod
1124 2259 1194 2314 ab
1217 2258 1404 2313 eodem
1433 2261 1674 2330 apostolo
1698 2261 1780 2316 di-

217 2352 339 2398 ctum
375 2354 482 2411 est,
535 2345 777 2402 Videmus
814 2364 945 2402 nunc
983 2365 1072 2418 per
1121 2351 1382 2418 speculum
1423 2354 1474 2405 in
1516 2353 1780 2423 aenigmate

219 2431 263 2503 (Ι
290 2431 400 2488 Cor.
425 2450 534 2500 xm,
562 2435 677 2507 ii)
712 2456 724 2491 :
759 2437 1066 2492 annuntiabo
1107 2450 1282 2494 autem
1320 2442 1489 2506 vobis,
1535 2442 1656 2513 quia
1683 2458 1780 2513 per

215 2519 382 2577 Filium
415 2525 567 2580 Pater
601 2526 885 2594 videbitur,
913 2529 1063 2598 juxta
1091 2530 1218 2585 illud
1246 2533 1384 2601 quod
1410 2533 1534 2588 alibi
1559 2534 1652 2600 ait,
1678 2533 1778 2589 Ne-

212 2629 295 2684 que
327 2613 524 2672 Patrem
552 2620 675 2690 quis
713 2621 993 2691 cognouit,
1036 2623 1134 2678 nisi
1156 2621 1344 2688 Filius,
1385 2635 1430 2680 et
1458 2627 1541 2681 cui
1564 2627 1776 2683 voluerit

213 2703 362 2762 Filius
403 2711 632 2765 revelare
661 2711 886 2783 (Matth.
920 2729 1012 2781 ιι,
1041 2712 1166 2785 27).
1209 2715 1314 2771 Sed
1359 2717 1515 2773 istum
1559 2735 1773 2776 sensum

213 2796 394 2852 videtur
433 2800 700 2871 impedire
745 2803 886 2872 quod
930 2805 1210 2875 sequitur:
1241 2805 1345 2862 Illo
1382 2809 1464 2863 die
1499 2811 1552 2865 in
1577 2813 1775 2869 nomine

212 2903 304 2941 meo
320 2892 502 2958 petens.
532 2890 596 2946 In
631 2891 803 2947 futuro
831 2897 975 2950 enim
1004 2897 1201 2951 sacculo
1229 2913 1349 2954 cum
1381 2903 1773 2970 pervenerimus

211 2976 266 3030 ad
291 2994 515 3048 regnum,
540 2981 638 3048 ubi
664 2983 864 3039 similes
890 2985 938 3040 ei
963 2985 1183 3053 erimus,
1207 2991 1454 3058 quoniam
1479 2991 1773 3050 videbimus

212 3083 312 3122 eum
344 3072 489 3127 sicuti
527 3085 620 3130 est
662 3073 876 3146 (lloan.
915 3093 992 3143 ιιι,
1022 3077 1111 3148 2),
1154 3079 1280 3150 quid
1310 3083 1522 3150 petituri
1555 3099 1768 3153 sumus,

210 3163 393 3230 quando
419 3166 704 3221 satiabitur
723 3167 776 3221 in
800 3166 956 3224 bonis
980 3170 1303 3226 desiderium
1330 3182 1572 3230 nostrum
1597 3175 1764 3249 (Psal.

209 3269 285 3320 cu,
309 3255 408 3328 5)?
434 3257 596 3316 Unde
615 3267 670 3314 et
697 3259 751 3314 in
771 3259 878 3315 alio
903 3262 1106 3331 psalmo
1131 3263 1326 3319 dicitur
1354 3283 1366 3318 :
1398 3266 1636 3323 Satiabor
1654 3286 1768 3324 cum

209 3350 590 3420 manifestabitur
605 3352 768 3422 gloria
789 3362 878 3406 tua
907 3351 1091 3424 (Psal.
1120 3369 1230 3422 χιιι,
1263 3356 1330 3411 l5
1349 3357 1388 3426 ).
1418 3357 1608 3414 Petilio
1628 3375 1768 3415 nam-

209 3451 294 3506 que
315 3441 526 3512 alicujus
549 3452 646 3498 est
670 3442 993 3514 indigentiae,
1014 3459 1134 3514 qua:
1154 3446 1226 3502 ibi
1248 3447 1390 3502 nulla
1411 3449 1515 3505 erit
1541 3451 1626 3507 ubi
1653 3452 1767 3511 hmo

208 3529 396 3584 satietas
418 3533 534 3587 erit.

265 3622 312 3675 4.
352 3625 692 3696 Relinquitur
722 3626 898 3697 itaque
921 3669 936 3694 ,
983 3639 1237 3698 quantum
1273 3645 1460 3702 sapere
1489 3635 1639 3690 valeo
1661 3678 1677 3703 ,
1708 3645 1767 3691 ut

209 3707 497 3784 intelligatur
535 3717 703 3773 Jesus
745 3717 1034 3788 discipulos
1075 3733 1200 3776 suos
1241 3721 1308 3777 de
1353 3725 1652 3780 carnalibus
1679 3728 1764 3782 vel

207 3802 486 3862 animalibus
510 3822 582 3862 se
605 3807 904 3877 spiritualcs
931 3810 1238 3878 promisisse
1264 3812 1545 3879 facturum,
1574 3831 1762 3885 quam-

206 3891 273 3946 vis
309 3895 527 3951 nondum
585 3896 717 3954 tales
755 3898 938 3968 quales
976 3900 1208 3968 erimus,
1249 3904 1462 3973 quando
1489 3905 1762 3976 spirituale

205 3983 340 4039 etiam
359 4000 545 4059 corpus
583 3987 892 4044 habebimus
917 4007 932 4055 ;
959 3991 1054 4045 sed
1079 3993 1249 4062 qualis
1271 4004 1385 4050 erat
1412 3997 1501 4066 qui
1529 3997 1756 4068 dicebat,

211 4072 548 4146 «Sapientiam
587 4079 851 4150 loquimur
871 4081 1011 4137 inter
1030 4082 1292 4153 perfectos
1319 4105 1338 4138 ι
1371 4084 1570 4160 (lCor.
1591 4105 1648 4155 ιι,
1670 4091 1754 4162 6);

205 4172 265 4232 et,
296 4186 313 4218 ι
337 4167 443 4226 Νοιι
482 4171 639 4244 potui
684 4172 834 4228 vobis
860 4172 1002 4240 loqui
1031 4175 1181 4242 quasi
1226 4176 1618 4245 spiritualibus,
1661 4182 1757 4238 sed

205 4259 330 4323 quasi
350 4262 656 4318 carnalibus
683 4283 703 4315 ι
736 4261 852 4337 (Id.
882 4280 958 4332 ιιι,
989 4265 1085 4338 l);
1114 4274 1188 4332 et,
1224 4285 1242 4318 ι
1271 4267 1384 4324 Non
1404 4269 1646 4339 spiritum
1667 4271 1758 4328 liu-

203 4342 273 4413 jus
293 4354 460 4409 mundi
489 4355 834 4424 accepimus,
876 4356 968 4410 sed
1000 4355 1253 4426 Spiritum
1279 4360 1372 4430 qui
1401 4375 1467 4416 ex
1492 4361 1604 4418 Deo
1637 4374 1751 4432 est,

207 4447 252 4490 ut
273 4443 482 4500 sciamus
508 4461 635 4516 quae
662 4461 693 4500 a
724 4446 837 4500 Deo
861 4446 1055 4501 donata
1083 4459 1209 4504 sunt
1235 4450 1418 4517 nobis;
1447 4468 1566 4523 quae
1591 4463 1645 4509 et
1670 4455 1752 4510 lo-

204 4529 401 4600 (ιιιὶιιιιιιι,
429 4551 529 4590 non
578 4536 631 4590 in
659 4536 931 4606 sapientia:
959 4536 1205 4594 humanae
1235 4540 1407 4596 doctis
1433 4544 1628 4613 verbis,
1658 4547 1751 4602 sed

205 4616 349 4676 doctis
364 4623 588 4694 Spiritus
611 4628 651 4694 ‘,
674 4628 1031 4698 spiritualibus
1050 4631 1340 4700 spiritualia
1360 4645 1749 4706 comparantes.

207 4710 434 4798 bllimalis
459 4726 638 4773 autem
667 4717 827 4773 homo
851 4734 956 4774 non
984 4721 1206 4791 percipit
1231 4737 1351 4794 quae
1379 4734 1502 4780 sunt
1524 4727 1751 4798 Spiritus

208 4795 304 4853 Dei.
332 4822 350 4854 ι
391 4804 502 4860 Non
547 4809 723 4877 itaque
770 4810 1066 4879 percipiens
1093 4826 1211 4882 qua:
1249 4823 1373 4870 sunt
1399 4795 1627 4885 Spiritus
1654 4818 1750 4874 Dei

207 4886 340 4948 lio-ito
356 4897 613 4965 animalis,
643 4899 720 4953 sic
737 4899 882 4954 audit
910 4915 1253 4973 quaecumque
1275 4905 1420 4960 audit
1441 4906 1508 4962 de
1535 4907 1631 4963 Dei
1656 4924 1750 4964 na-

207 4986 320 5069 tura,
345 4996 394 5040 ut
412 4989 548 5044 aliud
573 5004 732 5060 quam
756 5005 950 5060 corpus
968 4993 1200 5063 cogitare
1224 5010 1328 5051 non
1349 4997 1536 5068 possit,
1559 5015 1745 5069 quam-

206 5064 313 5125 libet
330 5078 698 5146 amplissimum
726 5083 811 5137 vel
839 5081 1182 5152 immensum,
1209 5064 1496 5156 quamlibet
1517 5064 1745 5147 lucidum

207 5171 257 5213 ac
272 5169 571 5237 speciosum,
596 5186 789 5242 corpus
820 5183 993 5229 tamen
1017 5191 1034 5229 :
1060 5174 1179 5230 ideo
1206 5178 1484 5245 proverbia
1518 5180 1594 5236 illi
1621 5193 1747 5239 sunt

207 5263 517 5329 quaecumque
537 5262 671 5318 dicta
697 5264 973 5335 sapientia:
1001 5265 1069 5322 de
1084 5266 1395 5338 incorporea
1413 5270 1746 5328 immutabili-

209 5351 293 5405 ιιιιε
314 5346 625 5418 substantia;
654 5369 760 5409 non
784 5354 926 5426 quod
961 5370 1025 5411 ea
1065 5366 1312 5428 tanquam
1341 5363 1621 5431 proverbia
1645 5363 1741 5420 de-

207 5440 348 5524 ιιιιιιι,
375 5440 464 5496 scd
500 5445 616 5514 quia
659 5447 737 5502 sic
774 5448 1005 5519 cogitat,
1035 5453 1304 5522 quomodo
1335 5454 1426 5524 qui
1465 5457 1740 5524 proverbia

208 5521 355 5581 solent
384 5532 560 5590 audire
595 5552 768 5608 neque
795 5521 1109 5611 intelligere.
1137 5539 1268 5598 Cum
1299 5521 1426 5600 vero
1452 5521 1740 5617 spiritualis

258 5655 1115 5755 Lg"?
1147 5678 1295 5743 Lugd.
1336 5687 1388 5732 et
1431 5687 1570 5755 Verg,
1609 5681 1740 5735 docti

717 5712 858 5786 'ii'w
872 5712 1115 5729 ”’“”’””’
1148 5712 1295 5743 ““’⁹“’
1336 5712 1388 5732 “
1440 5712 1449 5730 ’

527 5811 1045 5886 δικετώυειιετ.
1078 5822 1189 5887 IlI.

1899 1357 2017 1411 quae
2042 1344 2143 1401 hoc
2166 1350 2378 1405 nomine
2400 1365 2636 1420 vocatur,
2668 1358 2984 1432 intelligunt,
3018 1382 3117 1424 nec
3141 1344 3305 1427 animi
3337 1376 3482 1430 sani-

1899 1439 2005 1487 tate
2047 1435 2130 1490 vel
2171 1437 2474 1498 inlirmitate
2501 1447 2810 1519 contingunt
2837 1462 3086 1526 tanquam
3130 1462 3184 1516 in
3223 1464 3330 1519 alio
3357 1467 3477 1523 loco

1896 1521 2129 1593 Patrem,
2161 1527 2212 1581 in
2245 1530 2350 1584 alio
2385 1530 2575 1589 Filium
2613 1547 2735 1593 ante
2770 1521 2978 1600 Patrem
3008 1556 3269 1618 stantem,
3299 1564 3353 1610 et
3380 1521 3478 1626 pro

1895 1611 2053 1704 nobis
2073 1627 2348 1686 rogantem
2369 1661 2384 1687 ,
2423 1627 2589 1691 spatia
2629 1642 2722 1682 sua
2751 1647 2974 1704 qumque
3013 1611 3291 1698 amborum
3317 1611 3478 1702 occu-

1892 1703 2142 1801 pantibus
2169 1709 2418 1778 molibus,
2446 1722 2502 1768 et
2533 1714 2761 1775 Verbum
2799 1722 2866 1777 ad
2890 1703 3014 1780 eum
3039 1730 3190 1801 cujus
3227 1743 3310 1790 est
3335 1735 3473 1794 Ver—

1890 1791 2018 1850 bum
2042 1796 2218 1854 lacere
2239 1802 2400 1857 verba
2421 1820 2519 1874 pro
2544 1807 2697 1864 nobis
2715 1851 2730 1876 ,
2757 1811 3034 1872 intervallo
3057 1791 3369 1893 idterposito
3392 1791 3475 1884 in-

1888 1892 1972 1940 ter
1989 1901 2052 1942 os
2074 1888 2341 1960 loquentis
2361 1904 2417 1949 et
2434 1897 2697 1954 auriculas
2714 1903 3003 1973 audientis;
3021 1917 3074 1963 et
3092 1888 3338 1970 alia-talia
3353 1933 3473 1988 quae

1886 1975 1988 2031 sibi
2009 1979 2286 2052 animales,
2318 1985 2585 2058 iidemque
2606 1995 2847 2051 carnales
2871 1998 2922 2052 in
2943 2001 3191 2059 cordibus
3210 1975 3444 2066 fabricari
3471 2044 3475 2049 μ

1888 2072 1996 2170 tur.
2027 2067 2295 2142 Quidquid
2319 2076 2465 2131 enim
2490 2080 2594 2135 tale
2619 2084 2981 2151 spiritualibus
3004 2093 3072 2147 de
3097 2092 3211 2150 Deo
3233 2101 3470 2170 cogitan-

1886 2155 2027 2214 tibus
2064 2174 2129 2214 ει
2174 2176 2457 2234 corporum
2501 2175 2887 2232 consuetudine
2921 2184 3185 2249 occurrit,
3228 2155 3471 2261 negando

1883 2256 2046 2319 atque
2074 2257 2396 2325 respuendo,
2421 2269 2668 2332 tanquam
2690 2267 3015 2338 importunas
3039 2290 3270 2347 muscas,
3297 2256 3366 2337 ab
3389 2285 3469 2340 in-

1885 2340 2171 2400 terioribus
2226 2349 2393 2404 oculis
2437 2353 2688 2423 abigunt;
2740 2369 2795 2414 et
2832 2363 3120 2423 sinceritati
3167 2340 3283 2442 ejus
3335 2376 3467 2434 locis

1881 2433 2258 2505 acquiescant,
2286 2455 2390 2509 qua
2423 2451 2558 2500 teste
2583 2461 2645 2501 ac
2682 2449 2861 2518 judice
2897 2454 2996 2510 has
3040 2459 3180 2528 ipsas
3194 2433 3467 2536 imagines

1881 2535 2162 2593 corporum
2206 2531 2316 2584 suis
2356 2534 2575 2590 internis
2618 2542 2924 2609 aspectibus
2965 2548 3258 2620 irruentes,
3303 2531 3464 2616 lillsas

1879 2617 2097 2672 omnino
2125 2634 2244 2676 esse
2268 2626 2607 2683 convincunt.
2657 2631 2718 2685 lli
2735 2647 2970 2702 possunt
3006 2617 3290 2714 utcumque
3313 2652 3462 2719 cogi-

1880 2713 1994 2806 tare
2024 2708 2305 2767 Dominum
2335 2726 2575 2774 nostrum
2604 2721 2784 2778 Jesum
2819 2724 3084 2786 Christum
3123 2734 3177 2788 in
3203 2708 3460 2806 quantum

1879 2794 2040 2854 homo
2065 2811 2165 2868 est,
2197 2817 2292 2873 pro
2318 2806 2472 2862 nobis
2501 2809 2841 2882 interpellare
2863 2817 3101 2888 Patrem;
3134 2824 3184 2878 in
3207 2794 3462 2896 quantum

1875 2899 2054 2946 autem
2079 2892 2221 2949 Deus
2258 2908 2360 2964 est,
2390 2915 2489 2956 nos
2519 2905 2770 2962 exaudire
2802 2925 2921 2964 cum
2951 2911 3124 2970 Patrc.
3156 2892 3307 2984 Quod
3336 2939 3459 2981 eum

1875 2982 2200 3052 signiﬁcasse
2227 2990 2458 3048 arbitror
2480 2995 2571 3050 ubi
2598 2998 2695 3065 ait,
2719 2997 2787 3054 Et
2807 3018 2907 3056 non
2930 3005 3042 3060 dico
3067 2982 3202 3066 robii
3223 3016 3341 3083 quia
3367 3033 3459 3089 ego

1875 3077 2061 3147 ragabo
2092 3078 2304 3136 Patrem
2347 3086 2410 3140 de
2449 3087 2602 3144 vobis.
2646 3091 2728 3146 Ad
2769 3091 2872 3150 hoc
2908 3099 3103 3169 quippe
3147 3077 3456 3165 intuendum

1874 3170 2142 3237 quomodo
2169 3188 2275 3230 non
2321 3187 2473 3247 rogat
2504 3179 2714 3237 Patrem
2741 3182 2926 3251 Filius,
2972 3190 3068 3245 sed
3112 3194 3270 3250 simul
3296 3214 3458 3256 exau-

1872 3257 2027 3353 diunt
2045 3277 2293 3353 rogantes
2312 3268 2471 3326 Pater
2492 3280 2546 3328 et
2568 3273 2756 3344 Filius,
2784 3280 2993 3336 nonnisi
3019 3283 3303 3353 spiritualis
3328 3306 3456 3349 oce-

1874 3349 1958 3406 lus
1986 3349 2176 3412 mentis
2204 3360 2462 3416 ascendit.

1941 3447 1994 3500 5.
2035 3446 2156 3516 Ipse
2180 3453 2310 3505 enim
2351 3452 2526 3522 Pater,
2575 3458 2764 3529 inquit,
2804 3476 2940 3518 amat
2967 3483 3071 3536 vos,
3107 3473 3229 3542 quia
3256 3491 3342 3530 vos
3367 3495 3446 3533 me

1869 3539 2096 3592 amastis.
2125 3539 2248 3596 ideo
2277 3555 2415 3600 amat
2437 3547 2542 3615 ille,
2571 3550 2691 3618 quia
2719 3567 2817 3609 nos
2845 3570 3085 3614 amamus
3106 3539 3128 3627 ;'
3151 3578 3218 3617 an
3245 3570 3444 3638 potius,

1869 3627 1989 3696 quia
2029 3629 2117 3684 ille
2158 3642 2319 3700 amat,
2353 3635 2472 3692 ideo
2511 3654 2611 3694 nos
2652 3646 2929 3699 amamus?
2959 3648 3037 3702 Ex
3081 3627 3310 3720 Epistula
3350 3627 3447 3714 sua

1867 3719 2186 3812 evangelista
2221 3723 2358 3779 idem
2389 3726 2502 3796 ipse
2524 3732 2880 3800 respondeat:
2915 3736 3026 3792 Nos
3062 3719 3333 3812 diligimus,
3358 3747 3443 3804 in-

1825 3835 1829 3844 α
1866 3806 1999 3875 quit,
2023 3811 2143 3906 quia
2181 3813 2320 3882 prior
2352 3817 2460 3887 ipse
2495 3819 2672 3876 dilexit
2699 3840 2789 3879 nos
2819 3825 2863 3898 (Ι
2889 3806 3278 3906 Joan.tv,l0).
3311 3806 3445 3897 llinc

1864 3909 1992 3966 ergo
2020 3899 2212 3955 factum
2241 3914 2321 3959 est
2366 3915 2421 3960 ut
2464 3907 2824 3983 diligeremus,
2868 3919 2989 3988 quia
3018 3921 3196 3979 dilecti
3234 3899 3438 3988 sumus.

1864 3985 2088 4044 Prorsus
2110 3990 2304 4048 donum
2335 3995 2425 4051 Dei
2451 4009 2532 4053 est
2553 4001 2773 4071 diligere
2802 3985 2989 4063 Deum.
3022 4011 3138 4081 Ipse
3165 4026 3218 4071 ut
3246 3985 3440 4091 dilige-

1863 4089 2010 4136 retur
2049 4081 2213 4150 dedit,
2263 4086 2354 4156 qui
2399 4103 2503 4144 non
2551 4090 2779 4148 dilectus
2826 4095 3030 4154 dilexit.
3089 4081 3438 4174 Displicenvtes

1862 4172 2021 4226 amati
2046 4187 2248 4242 sumus,
2273 4186 2330 4231 ut
2353 4188 2491 4235 esset
2519 4181 2571 4235 in
2596 4182 2748 4238 nobis
2777 4186 2916 4242 unde
2942 4172 3289 4258 placerenius.
3317 4199 3434 4257 Non

1861 4263 2001 4317 enim
2027 4279 2327 4322 amaremus
2370 4267 2582 4337 Filittm,
2625 4274 2726 4329 nisi
2774 4291 3072 4336 amaremus
3116 4295 3169 4340 et
3198 4287 3431 4348 Patrem.

1858 4354 2018 4411 Amat
2057 4372 2154 4412 nos
2192 4359 2369 4429 Pater,
2413 4365 2535 4433 quia
2574 4381 2672 4421 nos
2710 4384 2951 4428 amamus
2996 4375 3218 4446 Filium;
3249 4398 3371 4440 cum
3400 4405 3432 4444 a

1858 4448 2015 4506 Patre
2052 4462 2105 4507 et
2131 4452 2265 4508 Filio
2291 4458 2650 4527 acceperimus
2689 4470 2746 4516 ut
2780 4472 2833 4518 et
2858 4465 3082 4534 .Patrem
3116 4486 3353 4534 amemus
3377 4491 3433 4536 et

1859 4539 2046 4598 Filium
2079 4563 2091 4598 :
2123 4545 2366 4603 diffundit
2413 4552 2552 4606 enim
2597 4552 2908 4612 charitatcm
2959 4560 3011 4615 in
3040 4565 3285 4625 cordibus
3326 4588 3429 4628 no-

1856 4633 1980 4688 stris
2005 4635 2281 4692 amborum
2320 4639 2547 4710 Spiritus
2585 4643 2761 4712 (Rom.
2791 4664 2843 4714 v,
2873 4650 2952 4720 5),
3001 4668 3096 4723 per
3121 4674 3278 4728 quem
3308 4662 3431 4734 Spi-

1856 4724 2016 4781 ritum
2039 4737 2092 4782 et
2111 4727 2318 4785 Patrem
2339 4746 2580 4789 amamus
2604 4746 2656 4790 et
2683 4736 2894 4808 Filium,
2921 4752 2974 4797 ct
2995 4724 3152 4815 quem
3170 4724 3426 4820 Spiritum

1855 4828 1974 4869 cum
2003 4816 2160 4873 Patre
2179 4833 2418 4876 amamus
2441 4831 2494 4877 et
2512 4822 2666 4879 Filio.
2698 4827 2947 4885 Amorem
2985 4833 3158 4905 itaque
3183 4816 3425 4901 nostrum

1853 4906 1997 4978 pium
2026 4922 2131 4978 quo
2152 4909 2376 4965 colimus
2400 4911 2586 4980 Deum,
2617 4916 2740 4970 fecit
2767 4919 2922 4986 Deus,
2955 4932 3009 4977 et
3031 4927 3159 4981 vidit
3180 4932 3299 4999 quia
3328 4933 3429 4990 bo-

1853 5014 1980 5053 num
2006 5009 2109 5067 est,
2168 5000 2286 5056 ideo
2314 5003 2507 5073 quippe
2529 5007 2724 5061 amavit
2763 5009 2874 5079 ipse
2897 5015 3036 5081 quod
3069 5016 3212 5075 fecit.
3241 5023 3344 5081 Sed
3370 5029 3426 5085 in

1852 5088 2005 5144 nobis
2030 5104 2135 5145 non
2160 5089 2357 5147 laceret
2383 5093 2523 5164 quod
2561 5107 2784 5164 amaret,
2815 5101 2914 5156 nisi
2937 5116 3218 5180 antequam
3263 5116 3315 5173 id
3345 5119 3425 5175 la-

1833 5189 2015 5247 ceret,
2047 5196 2144 5237 nos
2169 5193 2389 5238 amaret.

1920 5272 1973 5328 6.
2012 5272 2080 5327 Et
2107 5274 2408 5342 credidistis,
2438 5276 2628 5348 inquit,
2661 5284 2780 5354 quia
2816 5301 2847 5338 a
2869 5285 2979 5343 Deo
3017 5295 3163 5349 exivi.
3204 5298 3352 5354 Exim
3387 5319 3422 5357 a

1849 5363 2008 5420 Patre
2030 5375 2076 5420 et
2104 5366 2215 5421 veni
2249 5366 2303 5420 in
2329 5367 2573 5424 mundum
2594 5386 2614 5424 :
2636 5373 2817 5430 iterum
2839 5379 3065 5451 relinquo
3085 5388 3345 5458 mundum,
3369 5405 3421 5448 et

1847 5457 1974 5510 uado
1999 5456 2068 5510 ad
2097 5455 2320 5512 Patrem.
2353 5458 2515 5515 Plane
2541 5463 2881 5523 credidimus.
2927 5470 3106 5543 Neque
3127 5478 3264 5532 enim
3295 5455 3418 5550 pro-

1847 5556 2027 5618 pterca
2067 5547 2221 5603 debet
2247 5549 2553 5607 incredibile
2590 5555 2775 5625 videri,
2806 5562 2925 5629 quia
2950 5564 3025 5618 sic
3048 5567 3113 5619 ad
3157 5547 3413 5632 mundum

1908 5684 1926 5716 ι
1960 5689 2069 5764 L0}.
2091 5695 2206 5764 Anon
2245 5683 2936 5764 habentﬂj‘1artlculam,rqute;
2963 5708 3087 5764 cum
3108 5699 3213 5750 haec
3249 5711 3415 5764 mea

1843 5759 1938 5798 vox
1980 5745 2038 5796 ad
2057 5757 2257 5798 sensum
2277 5745 2570 5811 requiratur,
2593 5756 2646 5800 et
2666 5745 2938 5814 reperiatur
2960 5756 3011 5806 in
3034 5745 3135 5810 uss:

2735 5834 3132 5924 (’Soia‘antc.j
