3926 6366
468 318 609 381 1899

456 432 683 493 .veniens
702 423 832 484 exiit
851 437 882 481 a
901 423 1076 487 Patre,
1100 426 1157 475 ut
1177 431 1284 475 non
1307 414 1583 472 desereret
1608 411 1851 473 Patrem;
1880 416 1937 464 et
1965 406 2045 462 sic

464 524 608 589 vadit
634 519 703 577 ad
731 519 941 576 Patrem
970 513 1156 571 relicto
1182 508 1411 604 mundo,
1447 515 1512 604 ut
1528 518 1636 563 non
1658 501 1871 604 deserat
1888 514 2044 557 mun-

456 618 612 685 dum.
640 611 787 669 Exiit
818 608 963 666 enim
983 623 1015 663 a
1040 605 1217 670 Patre,
1236 601 1360 672 quia
1377 598 1449 655 de
1476 597 1633 653 Patre
1655 600 1780 653 est:
1812 597 1868 646 in
1892 605 2048 685 mna:

460 681 592 773 dum
633 705 799 772 venit,
827 702 952 774 quia
986 697 1187 757 mundo
1224 707 1379 753 suum
1416 705 1610 760 corpus
1633 685 1867 744 ostendit
1903 681 2047 774 quod

464 803 533 867 de
556 798 775 872 Virgine
794 773 1099 862 assumpsit.
1120 785 1360 856 Reliquit
1377 780 1632 877 mundum
1650 775 1915 877 corporali
1939 773 2049 830 dia-

463 869 732 957 cessione,
777 883 1011 959 perrexit
1053 878 1121 937 ad
1160 878 1370 939 Patrem
1422 869 1658 931 hominis
1697 869 2046 932 ascensione,

466 998 569 1042 nec
592 978 847 1039 mundum
869 971 1103 1033 deseruit
1132 966 1427 1041 praesentia
1465 961 1869 1036 gubernatione.

971 1079 1381 1141 TRACTATUS
1413 1075 1546 1134 οιιι.

468 1204 548 1262 De
583 1220 642 1260 eo
676 1198 815 1276 quod
841 1197 1083 1271 sequitur,
1126 1193 1319 1248 Dicunt
1353 1189 1405 1246 ei
1438 1186 1682 1258 discipuli
1725 1184 1841 1256 ejus
1868 1202 1882 1237 :
1915 1182 2053 1276 Ecce

539 1275 879 1366 nuncpalam
922 1288 1181 1360 loqueris;
1220 1300 1376 1354 usque
1403 1280 1569 1347 adid,
1613 1277 1718 1336 Sed
1759 1275 2047 1340 conﬁdite,

540 1404 640 1469 ego
664 1385 763 1441 vici
790 1382 1066 1439 mundum.
1098 1377 1224 1448 Cap.
1247 1391 1356 1441 χιιι,
1401 1374 1438 1443 γ
1463 1414 1477 1429 .
1505 1371 1694 1427 29-33.

540 1502 593 1565 1.
612 1499 806 1573 Quales
822 1504 971 1559 erant
985 1491 1231 1563 discipuli
1243 1487 1459 1553 Christi,
1479 1483 1689 1559 quando
1701 1496 1823 1537 cum
1837 1479 1915 1537 eis
1931 1487 2054 1545 ante

469 1596 771 1673 passionem
810 1589 1123 1673 loquebatur
1162 1597 1352 1653 magna
1392 1594 1514 1647 cum
1559 1576 1756 1673 parvis,
1788 1574 1881 1673 sed
1915 1574 2055 1631 sicut

469 1662 748 1771 oportebat
785 1691 841 1743 ιιι
867 1662 1056 1751 magna
1090 1677 1393 1737 dicerentur
1420 1679 1476 1729 et
1516 1669 1714 1771 parvis,
1757 1667 1880 1738 quia
1915 1681 2053 1771 noni

470 1752 598 1851 illum
625 1782 841 1851 accepto
867 1771 1066 1842 Spiritu
1087 1775 1291 1830 sancto,
1314 1762 1764 1836 quemadmodum
1787 1776 1909 1817 eum
1934 1769 2057 1831 post

470 1838 587 1938 eius
628 1838 1070 1931 resurrectionem
1092 1856 1180 1917 vel
1215 1856 1331 1928 ipso
1361 1852 1687 1923 insumante,
1718 1852 1803 1919 vel
1828 1852 2058 1921 desuper

470 1960 811 2029 acceperunt,
855 1950 1081 2027 bumana
1122 1947 1292 2018 magis
1328 1960 1486 2017 quam
1527 1945 1701 2019 divina
1737 1944 2054 2014 sapiebaut,

470 2032 653 2109 multis
693 2040 908 2115 judiciis
951 2054 1047 2109 per
1103 2044 1273 2097 totum
1318 2035 1661 2109 Evangelium
1705 2034 2055 2105 declaratur:

471 2120 615 2215 unde
654 2143 710 2203 et
748 2132 849 2203 hoc
886 2138 971 2199 est
1010 2129 1151 2200 quod
1194 2129 1247 2184 in
1274 2127 1371 2187 ista
1416 2127 1646 2191 lectione
1667 2126 1937 2189 dixerunt.
1970 2123 2062 2187 Ait

471 2204 615 2291 enim
654 2220 984 2297 Evangelista
1023 2238 1038 2275 :
1072 2238 1092 2277 ι
1128 2220 1320 2277 Dicunt
1361 2218 1411 2279 ei
1452 2217 1697 2288 discipuli
1727 2215 1842 2289 ejus
1873 2233 1885 2269 :
1919 2215 2060 2285 Ecce

474 2333 615 2383 nunc
652 2317 826 2388 palam
866 2312 1119 2387 loqueris,
1165 2320 1219 2366 et
1262 2309 1598 2380 proverbium
1647 2306 1847 2375 nullum
1886 2305 2057 2365 dicis:

471 2389 616 2477 nunc
640 2392 837 2462 scimus
862 2404 985 2475 quia
1012 2402 1150 2460 nosti
1188 2402 1385 2466 omnia,
1414 2408 1596 2455 etnon
1620 2414 1755 2468 opus
1780 2408 1862 2465 est
1889 2397 1983 2459 tibi
2005 2406 2061 2463 ut

473 2484 592 2587 quis
609 2507 661 2555 te
682 2498 1000 2577 interroget;
1023 2495 1075 2549 in
1096 2493 1201 2555 hoc
1220 2492 1489 2549 credimus
1504 2490 1623 2587 quia
1645 2506 1675 2543 a
1697 2490 1807 2587 beo
1823 2488 2053 2587 existing

472 2572 592 2667 ipse
611 2589 864 2646 Dominus
890 2572 1062 2658 paulo
1089 2592 1214 2655 ante
1241 2584 1467 2651 dixerat,
1501 2599 1523 2647 ι
1556 2582 1681 2638 Haec
1699 2581 1749 2643 in
1768 2578 2062 2653 proverbiis

472 2670 682 2759 locutus
694 2699 812 2753 sum
826 2683 1003 2749 vobis:
1019 2680 1165 2747 venit
1176 2678 1304 2743 hora
1315 2694 1437 2733 cum
1445 2677 1557 2748 jam
1575 2690 1680 2735 non
1699 2677 1751 2731 in
1770 2674 2062 2745 proverbiis

473 2779 660 2849 loquar
681 2776 883 2841 vobis;
901 2772 1178 2842 Quomodo
1189 2785 1316 2843 ergo
1331 2771 1418 2841 isti
1441 2770 1643 2837 dicunt,
1670 2768 1799 2823 Ecce
1815 2784 1947 2823 nunc
1972 2783 2066 2836 pa-

475 2871 577 2939 lam
599 2868 835 2941 loqueris,
853 2875 901 2922 et
921 2862 1237 2938 proverbium
1252 2861 1451 2931 nullum
1465 2860 1591 2914 dicis
1608 2860 1633 2913 7
1650 2859 1914 2928 Numquid
1933 2860 2062 2919 liora

470 2960 581 3047 jam
609 2968 845 3027 venerat,
874 2972 977 3031 qua
1007 2972 1112 3019 non
1133 2955 1243 3024 jam
1265 2955 1317 3009 in
1347 2952 1641 3029 proverbiis
1665 2966 1725 3009 se
1746 2950 2065 3047 promiserat

475 3043 819 3131 locuturum?
855 3050 1079 3105 Prorsus
1105 3046 1246 3118 quod
1272 3044 1507 3111 nondum
1534 3044 1623 3099 illa
1652 3043 1782 3103 hora
1808 3043 2058 3107 venisset,

475 3127 804 3223 continuatio
829 3143 1113 3201 verborum
1139 3141 1256 3217 ejus
1279 3138 1533 3207 ostendit,
1559 3152 1679 3207 qua;
1710 3137 1782 3195 ita
1820 3151 1941 3195 sese
1963 3135 2059 3190 ha-

475 3239 568 3323 bet
595 3256 610 3294 :
645 3256 664 3290 ι
698 3238 844 3309 Hec,
874 3234 1063 3307 inquit,
1090 3234 1146 3289 in
1180 3230 1476 3315 proverbiis
1502 3229 1708 3285 locutus
1734 3243 1850 3282 sum
1876 3228 2060 3323 vobis:

475 3311 622 3385 venit
661 3330 788 3383 hora
817 3341 937 3380 cum
979 3324 1089 3394 jam
1119 3311 1226 3378 non
1253 3323 1305 3376 in
1333 3319 1625 3391 proverbiis
1659 3320 1844 3389 loquar
1872 3317 2023 3377 vobis
2046 3356 2061 3384 ,

594 3422 764 3505 palam
790 3420 857 3477 de
882 3419 1040 3477 Patre
1068 3430 1188 3487 meo
1215 3413 1539 3479 annuntiabo
1575 3413 1742 3471 vobis.
1776 3412 1871 3466 lllo
1898 3412 1985 3467 die
2008 3411 2064 3465 in

475 3492 693 3581 nomine
723 3528 839 3589 meo
867 3511 1056 3589 petetis
1087 3527 1099 3565 :
1132 3517 1185 3575 et
1212 3522 1317 3569 non
1347 3507 1468 3563 dico
1497 3506 1650 3563 vobis
1693 3506 1815 3577 quia
1842 3521 1942 3576 ego
1971 3522 2063 3563 ro-

476 3608 614 3680 gabo
633 3584 841 3673 Patrem
861 3584 929 3661 de
955 3603 1135 3668 vobis;
1160 3602 1275 3673 ipse
1298 3602 1439 3667 enim
1463 3601 1620 3665 Pater
1643 3610 1786 3661 amat
1802 3616 1918 3664 vos,
1941 3600 2064 3671 quia

476 3684 574 3767 vos
604 3715 687 3757 mc
725 3698 963 3761 amastis,
1002 3707 1058 3750 et
1082 3693 1383 3755 credidistis
1408 3693 1528 3762 quia
1568 3706 1668 3762 ego
1694 3708 1725 3748 a
1756 3693 1865 3748 Deo
1891 3693 2058 3749 exivi.

477 3791 633 3857 Exivi
672 3805 701 3843 a
729 3791 903 3863 Patre,
936 3796 991 3842 et
1013 3787 1130 3853 veni
1161 3787 1215 3841 in
1255 3784 1509 3847 mundum
1543 3801 1556 3837 :
1588 3785 1777 3845 iterum
1824 3784 2066 3854 relinquo

476 3874 757 3955 mundum,
800 3888 856 3949 et
900 3878 1038 3947 vado
1079 3876 1147 3951 ad
1185 3876 1395 3943 Patrem
1425 3894 1445 3930 ι
1479 3873 1665 3947 (Joan.
1699 3891 1805 3940 xvi,
1834 3874 2060 3945 25.38).

477 3955 613 4028 Cum
646 3985 739 4042 per
766 3970 879 4029 haec
901 3968 1077 4043 omnia
1102 3968 1261 4025 verba
1287 3966 1463 4027 adhuc
1491 3967 1634 4025 illam
1663 3966 1934 4036 promittat
1960 3966 2063 4025 bov

476 4078 593 4133 ram
621 4076 724 4133 qua
769 4076 877 4127 non
901 4060 1009 4131 jam
1042 4060 1094 4117 in
1136 4058 1427 4129 proverbiis
1457 4057 1721 4128 loquetur,
1767 4057 1863 4114 sed
1893 4058 2065 4127 palam

476 4156 547 4231 de
577 4158 734 4225 Patre
758 4154 1092 4219 annuntiabit
1115 4153 1226 4219 eis;
1256 4153 1309 4211 in
1338 4167 1440 4223 qua
1467 4150 1595 4209 hora
1620 4142 1749 4207 dicit
1777 4166 1869 4209 eos
1890 4152 1943 4207 in
1965 4167 2065 4207 suo
2117 4201 2129 4214 ,

476 4248 695 4307 nomine
724 4248 999 4316 petituros,
1042 4259 1141 4300 nec
1166 4260 1225 4300 se
1255 4244 1465 4309 Patrem
1486 4244 1554 4305 de
1582 4243 1683 4303 illis
1709 4254 2019 4315 rogaturum
2045 4287 2062 4309 ,

477 4352 545 4403 φ
570 4336 712 4407 quod
742 4337 854 4406 ipse
880 4338 1037 4390 Pater
1066 4343 1209 4389 amet
1234 4349 1347 4396 eos.
1380 4334 1500 4402 quia
1540 4343 1595 4388 et
1625 4334 1722 4403 ipsi
1750 4346 2063 4392 amaverunt

478 4426 773 4497 Christum,
801 4435 855 4482 et
879 4425 1220 4481 crediderunt
1247 4424 1386 4492 quod
1412 4439 1443 4477 a
1485 4425 1643 4481 Patre
1678 4426 1865 4481 exierit
1892 4440 1947 4481 et
1976 4444 2066 4484 ve.

479 4520 621 4574 nerit
646 4520 698 4573 in
722 4514 996 4584 mundum,
1027 4515 1219 4569 iterum
1245 4515 1525 4577 relicturus
1547 4515 1800 4569 mundum
1821 4527 1875 4571 et
1894 4517 2066 4573 iturus

479 4589 550 4664 ad
577 4608 787 4673 Patrem
819 4622 832 4659 :
858 4619 978 4658 cum
1005 4619 1131 4674 ergo
1158 4602 1332 4659 adhuc
1362 4607 1698 4671 promittatur
1728 4605 1856 4660 hora
1898 4608 1983 4661 illa
2008 4608 2063 4665 in

479 4715 583 4773 qua
606 4699 721 4752 sine
747 4694 1038 4767 proverbiis
1059 4694 1332 4748 locuturus
1349 4703 1448 4759 est,
1479 4708 1574 4757 cur
1595 4695 1678 4748 isti
1700 4694 1904 4763 dicunt,
1933 4698 2065 4754 Ecce

478 4808 616 4859 nunc
644 4787 815 4860 palam
844 4786 1079 4857 loqueris,
1116 4793 1161 4840 et
1187 4784 1500 4854 proverbium
1544 4786 1741 4849 nullum
1767 4788 1931 4854 dicit;
1961 4791 2062 4847 nisi

479 4886 600 4961 quia
634 4884 720 4959 illa
751 4896 868 4952 quae
917 4878 1018 4934 scit
1047 4878 1159 4948 ipse
1196 4891 1302 4935 non
1332 4876 1745 4947 intelligentibus
1772 4895 1892 4938 esse
1939 4898 2062 4949 ρι-ο-

481 4955 682 5053 verbia,
714 4955 790 5031 illi
819 4989 986 5046 usque
1016 4971 1151 5028 adeo
1177 4986 1283 5026 non
1312 4971 1628 5045 intelligunt,
1659 4982 1718 5031 ut
1746 4990 1844 5037 nec
1873 4976 2063 5033 saltem

417 5044 430 5106 ἕ
480 5044 590 5133 ιιοῂ
621 5084 678 5121 se
708 5044 1002 5136 intelligere
1031 5065 1356 5137 intelligant?
1395 5044 1606 5127 Parvuli
1634 5067 1774 5125 enim
1807 5076 1978 5133 erant,
2009 5078 2065 5125 et

478 5158 719 5215 nondum
745 5157 1085 5226 Spiritualiter
1111 5156 1469 5225 dijudicabant
1491 5198 1505 5223 ,
1537 5172 1656 5226 qua:
1684 5156 1751 5212 de
1777 5159 1936 5217 rebus
1958 5176 2062 5215 non

479 5251 550 5323 ad
573 5263 787 5319 corpus,
808 5247 901 5303 sed
921 5247 989 5303 ad
1011 5248 1250 5317 spiritum
1277 5249 1662 5318 pertinentibus
1685 5250 1991 5312 audiebant.

524 5324 607 5399 ’2.
650 5341 888 5417 Denique
912 5339 978 5394 de
1012 5339 1128 5408 ipsa
1154 5353 1341 5395 eorum
1383 5348 1539 5403 aetate
1566 5341 1743 5399 adhuc
1766 5345 2059 5402 secundum

478 5436 790 5505 interiorem
818 5430 1085 5491 hominem
1112 5445 1274 5498 parva
1300 5440 1353 5486 et
1376 5431 1583 5493 iniirma
1626 5449 1722 5491 eos
1746 5435 2056 5503 admonens,

486 5546 511 5583 e
561 5525 855 5600 ReSpondit
894 5525 975 5581 eis
1013 5522 1168 5579 Jesus
1201 5521 1397 5581 :Modo
1440 5524 1698 5581 creditis?
1741 5526 1881 5583 Ecce
1918 5530 2063 5584 venit

478 5621 635 5687 hora,
681 5629 735 5676 et
771 5619 881 5691 jam
919 5618 1085 5685 venit,
1117 5624 1177 5672 ut
1204 5616 1579 5695 diSpergamini
1611 5622 1971 5694 unusquisque
2007 5624 2060 5685 in

478 5713 720 5785 propria,
747 5719 804 5767 et
825 5727 911 5781 me
932 5710 1105 5771 solum
1128 5709 1462 5784 retiaquatis.
1492 5708 1565 5769 Et
1590 5727 1698 5770 non
1722 5715 2062 5790 summitas,

1401 301 1469 358 ΙΝ
1504 293 1783 358 JOANNIS
1819 292 2292 363 EVANGELIUM,
2335 294 2394 352 S.
2434 293 2803 354 AUGUSTINI

3573 308 3690 369 1900

2148 406 2275 477 quia
2304 407 2462 465 Pater
2485 414 2692 469 mecum
2737 420 2838 466 est.
2878 428 2899 465 ι
2943 410 3108 466 Paulo
3140 421 3265 468 ante
3300 413 3519 483 dixerat,
3551 437 3571 474 ι
3604 422 3694 479 Re-

2151 496 2336 570 linquo
2377 500 2655 568 mundum,
2682 511 2739 558 et
2773 502 2907 557 vado
2950 503 3017 557 ad
3058 503 3301 571 Patrem;
3341 524 3363 560 ι
3394 523 3529 567 nunc
3550 511 3692 581 dicit,

2157 606 2179 643 ι
2211 591 2369 647 Pater
2391 608 2602 649 mecum
2625 603 2728 650 est.
2756 613 2780 649 ι
2810 596 2941 665 Quis
2963 596 3109 652 vadit
3135 587 3202 654 ad
3226 614 3354 655 eum
3376 603 3467 673 qui
3494 620 3600 662 cum
3623 610 3695 666 illo

2152 684 2274 741 est?
2295 684 2399 741 Sed
2430 685 2533 742 hoc
2558 687 2871 759 bitelligenti
2897 699 2981 746 est
3007 690 3247 758 verbum,
3280 708 3387 750 non
3423 697 3699 770 intelligenti

2150 778 2491 847 proverbium
2523 798 2537 834 :
2568 781 2650 836 sic
2692 791 2872 838 tam
2917 784 3060 853 quod
3102 786 3261 843 modo
3290 802 3322 843 a
3351 792 3575 859 parvulis
3613 810 3700 853 non

2152 866 2485 939 intelligitur,
2528 883 2813 945 utcumque
2851 876 3092 947 angitur;
3134 888 3191 935 et
3231 881 3313 937 eis
3349 884 3504 939 etiam
3538 887 3581 941 si
3617 903 3701 944 non

2154 960 2376 1030 praebet,
2405 963 2527 1032 quia
2557 966 2792 1020 nondum
2823 982 2945 1023 eum
2983 970 3216 1040 capiunt,
3246 974 3474 1031 solidum
3516 978 3700 1049 cibum,

2156 1052 2344 1111 saltem
2372 1053 2601 1115 lacteum
2638 1072 2743 1113 non
2767 1059 2995 1132 denegat
3028 1064 3364 1120 alimentum.
3406 1064 3480 1123 Et
3508 1070 3599 1125 hoc
3622 1073 3702 1127 alio

2152 1153 2339 1198 metite
2360 1154 2466 1211 est,
2495 1146 2636 1216 quod
2662 1150 2900 1205 sciebant
2922 1166 3047 1207 eum
3074 1167 3231 1209 nosse
3260 1156 3459 1220 munia.
3490 1174 3579 1215 nec
3596 1177 3704 1231 opus

2154 1233 2208 1291 ei
2234 1249 2355 1290 eam
2381 1245 2442 1291 ut
2464 1251 2589 1292 eum
2619 1240 2739 1308 quis
2763 1240 3056 1315 interroget
3082 1262 3098 1298 :
3127 1246 3271 1316 quod
3300 1248 3508 1318 quidem
3538 1266 3622 1306 cur
3643 1253 3706 1308 di-

2156 1326 2354 1394 xerint,
2387 1330 2553 1397 qumri
2592 1339 2788 1400 potest.
2827 1331 3052 1391 Videor
3087 1337 3230 1392 enim
3263 1340 3438 1409 potius
3464 1340 3611 1399 fuisse
3643 1345 3706 1399 dl-

2154 1420 2410 1488 cendum,
2442 1421 2558 1477 Non
2578 1437 2717 1494 opus
2753 1426 2952 1481 esttibi
2983 1438 3039 1482 ut
3061 1444 3385 1500 quemquam
3415 1433 3704 1503 interreges;

2158 1524 2289 1577 noli,
2332 1520 2388 1567 ut
2422 1513 2537 1583 quis
2573 1524 2623 1569 te
2647 1514 2937 1587 inten'ogct.
2984 1517 3242 1574 Dixerunt
3287 1522 3499 1592 quippe,
3540 1524 3707 1583 Scimus

2160 1602 2278 1671 quia
2305 1605 2438 1657 nosti
2480 1607 2650 1659 omnia
2677 1622 2697 1661 :
2725 1617 2780 1662 et
2806 1610 2987 1680 utique
3032 1613 3121 1681 qui
3164 1614 3317 1668 novit
3343 1617 3536 1682 omnia,
3573 1620 3708 1689 magis

2160 1702 2192 1749 a
2223 1697 2583 1752 nescientibus
2611 1700 2923 1771 interrogari
2952 1703 3108 1769 solet,
3144 1713 3202 1759 ut
3231 1706 3606 1778 interrogantes
3629 1724 3704 1764 au-

2160 1786 2309 1843 diant
2334 1790 2475 1860 quod
2498 1791 2703 1856 volunt,
2746 1794 2815 1849 ab
2838 1809 2904 1848 eo
2932 1796 3021 1865 qui
3062 1797 3213 1852 novit
3250 1800 3427 1853 omnia
3454 1818 3471 1864 ;
3498 1817 3593 1855 non
3620 1805 3709 1871 ipse

2161 1882 2515 1953 interrogare,
2545 1895 2791 1956 tanquam
2831 1888 3016 1943 volens
3043 1890 3244 1961 aliquid
3285 1895 3443 1959 scire,
3480 1895 3560 1965 qui
3594 1897 3709 1951 novit

2163 1978 2362 2032 munia.
2406 1978 2541 2045 Quid
2569 1980 2670 2034 sibi
2717 1994 2846 2052 ergo
2890 1982 3020 2043 vult.
3052 1984 3195 2053 quod
3227 1986 3278 2041 el
3317 2003 3474 2056 quem
3511 1990 3708 2044 sciebant

2165 2084 2325 2124 nosse
2340 2071 2539 2135 omnia,
2557 2087 2678 2127 cum
2700 2072 2877 2129 dicere
2891 2068 3144 2131 debbisse
3160 2077 3463 2144 videantur,
3482 2079 3586 2135 Non
3602 2096 3707 2150 opus

2164 2166 2252 2214 est
2290 2159 2384 2214 tibi
2415 2169 2486 2215 ut‘
2519 2178 2838 2234 quemquam
2888 2165 3204 2239 interroges,
3252 2169 3529 2225 dicendum
3570 2173 3710 2239 potius

2168 2262 2503 2323 putaverunt,
2538 2254 2659 2310 Non
2687 2272 2817 2326 opus
2853 2266 2925 2312 est
2969 2259 3057 2312 tibi
3100 2269 3153 2313 ut
3192 2263 3314 2329 quis
3357 2272 3405 2316 te
3447 2264 3711 2335 interrogat!

2166 2347 2305 2413 Quid
2330 2348 2469 2417 quod
2500 2358 2785 2420 utrumque
2822 2351 3046 2422 legimus
3072 2352 3298 2421 factum,
3326 2365 3380 2410 et
3403 2356 3710 2427 interrogasse

2169 2442 2365 2497 scilicet
2405 2442 2709 2509 Dominum,
2740 2453 2795 2500 et
2832 2445 3214 2517 interrogatum
3270 2447 3466 2504 fuisse?
3505 2451 3599 2506 Sed
3632 2449 3710 2506 hoc

2166 2532 2274 2586 cito
2299 2532 2525 2588 solvitur
2553 2551 2566 2587 :
2595 2534 2715 2605 quia
2748 2535 2850 2592 hoc
2885 2552 2988 2591 non
3033 2539 3106 2604 ei,
3150 2539 3254 2594 sed
3286 2541 3388 2595 illis
3424 2542 3584 2610 potius
3606 2554 3711 2609 cpus

2168 2633 2287 2680 erat
2327 2640 2461 2696 quos
2492 2627 2866 2699 interrogabat,
2898 2630 2979 2685 vel
3010 2645 3039 2684 a
3066 2631 3267 2701 quibus
3308 2632 3707 2704 interrogabatur.

2170 2717 2354 2788 Neque
2375 2720 2517 2774 enim
2543 2721 2747 2790 aliquos
2770 2723 2856 2777 ille
2882 2722 3269 2794 interrogabat,
3296 2735 3353 2781 ut
3375 2728 3439 2782 ab
3458 2727 3530 2781 eis
3552 2726 3710 2797 aliquid

2170 2810 2421 2878 disceret,
2455 2813 2548 2868 sed
2574 2828 2667 2869 eos
2696 2816 2870 2884 potius
2898 2825 2955 2871 ut
2978 2815 3216 2873 doceret.
3258 2817 3327 2874 Et
3352 2821 3438 2891 qui
3468 2821 3713 2891 interroga-

2170 2901 2299 2957 bant
2316 2918 2457 2969 eum,
2480 2905 2721 2960 volentes
2747 2908 2812 2960 ab
2837 2922 2901 2961 co
2919 2908 3112 2979 aliquid
3134 2908 3375 2979 discere,
3401 2913 3499 2967 illis
3519 2913 3712 2982 profecto

2170 2993 2224 3049 id
2266 3008 2399 3063 opus
2427 3006 2561 3062 erat,
2610 3005 2666 3051 ut
2706 2998 2905 3053 scirent
2940 3000 3112 3071 aliqua
3154 3000 3366 3071 abillo
3411 3003 3496 3074 qui
3537 3010 3714 3058 noverat

2170 3086 2368 3141 οιιιιιίιι.
2400 3086 2656 3143 Nimirum
2682 3104 2808 3160 ergo
2836 3100 3113 3161 propterea
3141 3107 3256 3148 non
3274 3110 3407 3165 opus
3426 3105 3531 3151 erat
3553 3105 3711 3150 uteum

2171 3179 2290 3249 quis
2316 3180 2685 3251 interrogaret.
2711 3184 2970 3250 Quoniam
3001 3199 3099 3240 nos
3127 3187 3351 3257 quando
3380 3188 3712 3259 interrogamur

2171 3273 2240 3329 ab
2262 3275 2339 3330 eis
2368 3276 2457 3345 qui
2486 3276 2674 3331 volunt
2700 3276 2897 3348 aliquid
2918 3294 2946 3332 a
2975 3280 3129 3334 nobis
3157 3266 3324 3348 scire,
3354 3296 3418 3337 ex
3443 3282 3559 3353 ipsis
3583 3281 3711 3335 inter-

2171 3367 2533 3436 rogationibus
2561 3383 2741 3423 eorum
2766 3372 3135 3439 cognoscimus
3155 3372 3290 3442 quid
3330 3372 3490 3427 velint
3514 3371 3708 3434 discere;

2172 3471 2307 3527 opus
2344 3467 2425 3512 est
2450 3474 2577 3529 ergo
2614 3459 2767 3514 nobis
2811 3460 2879 3515 ab
2916 3463 2994 3516 eis
3022 3464 3364 3534 interrogari,
3396 3478 3523 3535 quos
3558 3462 3710 3518 decem

2171 3550 2366 3621 aliquid
2405 3553 2669 3617 volumus,
2710 3564 2767 3608 ut
2806 3554 3175 3624 inquisitiones
3221 3574 3412 3613 eorum
3438 3559 3608 3630 quibus
3643 3570 3707 3610 re-

2172 3642 2539 3714 spondendum
2570 3652 2654 3700 est
2681 3646 2989 3701 noverimus
3018 3666 3030 3701 :
3064 3648 3137 3702 illi
3164 3661 3347 3705 autem
3375 3667 3440 3715 ne
3465 3649 3511 3705 id
3537 3647 3707 3720 quidem

2172 3750 2307 3807 Opus
2329 3745 2464 3804 erat,
2492 3738 2580 3807 qui
2607 3743 2783 3792 omnia
2807 3750 3024 3795 noverat
3047 3758 3062 3806 ;
3090 3758 3188 3797 nec
3207 3759 3348 3814 opus
3374 3743 3579 3799 habebat
3600 3738 3709 3813 quod

2173 3830 2240 3886 ab
2266 3846 2330 3886 eo
2368 3834 2591 3902 quisque
2630 3832 2767 3887 scire
2798 3832 2971 3898 vellet,
3007 3849 3100 3904 per
3139 3835 3265 3905 ejus
3294 3834 3707 3907 interrogationem

2173 3938 2512 3994 cognoscere,
2545 3925 2666 3996 quia
2698 3926 2842 3997 prius
2878 3942 3036 3999 quam
3064 3927 3500 4000 interrOgaretur,
3529 3928 3710 3981 intenu-

2173 4016 2341 4088 gaturi
2367 4026 2590 4071 noverat
2613 4017 2955 4071 voluntatem.
2982 4018 3086 4075 Sed
3118 4019 3244 4078 ideo
3273 4037 3331 4075 se
3360 4020 3627 4092 patiebatur
3647 4016 3708 4071 ia-

2173 4108 2453 4179 terrogari,
2498 4116 2557 4163 ut
2597 4109 2682 4164 vel
2725 4111 2803 4165 eis
2844 4111 2934 4181 qui
2965 4119 3087 4173 tunc
3129 4113 3373 4191 aderant,
3406 4114 3485 4189 vel
3512 4113 3589 4189 qui
3620 4111 3709 4171 haec

2173 4200 2285 4256 sive
2313 4201 2451 4256 dicta
2480 4200 2686 4256 fuerant
2712 4202 2960 4268 audituri,
2989 4204 3100 4259 sive
3121 4205 3320 4289 scripta
3349 4206 3544 4275 lecturi,
3566 4202 3707 4271 quales

2173 4304 2372 4361 essent,
2415 4308 2444 4348 a
2470 4294 2659 4362 quibus
2689 4294 3129 4363 interrogabatur,
3184 4297 3529 4361 ostenderet;
3572 4305 3705 4362 eoque

2173 4389 2331 4441 modo
2360 4403 2636 4443 nossomus
2657 4389 2741 4443 vel
2765 4389 2956 4460 quibus
2981 4407 3084 4446 non
3112 4393 3574 4455 circumveniretur
3596 4391 3706 4444 frau-

2172 4478 2345 4549 dibus,
2384 4481 2467 4535 vel
2496 4482 2686 4551 quilms
2710 4483 2846 4559 apud
2878 4500 2999 4539 eum
3042 4487 3386 4555 proﬁceretur
3426 4483 3700 4541 accessibus.

2173 4569 2469 4645 Prmvidcre
2499 4584 2674 4628 autem
2720 4575 3065 4645 cogitationes
3095 4577 3389 4644 hominum,
3419 4587 3469 4633 et
3496 4576 3599 4635 ideo
3622 4585 3703 4628 non

2171 4678 2306 4745 opus
2333 4664 2529 4720 habere
2572 4675 2629 4720 ut
2662 4680 2783 4721 eum
2813 4666 2931 4736 quis
2968 4666 3337 4738 interrogaret,
3369 4682 3594 4738 magnum
3617 4663 3703 4719 Deo

2171 4773 2276 4817 non
2302 4766 2436 4825 erat,
2466 4760 2558 4813 sed
2585 4773 2830 4829 magnum
2860 4760 3090 4828 parvulis
3129 4771 3241 4816 erat
3269 4763 3358 4834 qui
3390 4764 3434 4816 ei
3463 4760 3701 4817 dicebant.

2172 4846 2237 4900 In
2262 4848 2355 4901 hoc
2376 4849 2624 4904 credimus
2648 4852 2764 4921 quia
2789 4866 2820 4902 a
2848 4849 2954 4906 Deo
2979 4852 3146 4907 existi.
3186 4852 3350 4913 Multo
3377 4864 3541 4909 autem
3568 4846 3702 4914 majus

2171 4949 2305 5009 erat,
2338 4942 2402 4996 ad
2446 4946 2585 5021 quod
2633 4944 3030 5017 intelligendum
3075 4960 3170 5011 eos
3197 4946 3405 5013 volebat
3444 4939 3630 5002 extendi
3660 4947 3703 4993 et

2171 5050 2435 5101 crescere,
2454 5037 2593 5107 quod
2611 5053 2731 5095 cum
2757 5038 2825 5093 illi
2849 5039 3128 5106 dixis-sient,
3156 5054 3444 5114 verumque
3467 5037 3696 5095 dixissent.

2169 5146 2202 5184 α
2234 5128 2345 5184 Deo
2368 5130 2531 5196 existi,
2563 5131 2636 5191 ait
2661 5132 2768 5197 ille,
2800 5130 2956 5201 Pater
2983 5149 3174 5205 mecum
3200 5143 3313 5198 est;
3341 5149 3406 5188 ne
3427 5133 3501 5205 sic
3526 5146 3551 5182 a
3574 5126 3699 5182 Patre

2168 5221 2361 5280 Filium
2405 5225 2696 5309 cogitarent
2735 5226 2929 5295 exisse,
2981 5234 3040 5285 ut
3076 5236 3324 5299 potinem
3361 5226 3510 5297 etiam
3550 5226 3695 5281 ιοοα·

2168 5333 2324 5376 81888.

2237 5439 2292 5496 Ξ.
2334 5436 2541 5495 Deinde
2580 5450 2885 5495 sermonem
2914 5436 3079 5491 iatum
3100 5447 3349 5506 magnum
3372 5427 3692 5501 prolixum"

2167 5529 2491 5588 concludens
2519 5546 2537 5586 :
2563 5526 2714 5593 Hice,
2743 5528 2931 5599 inquit,
2960 5527 3160 5584 locum
3178 5540 3298 5583 α
3324 5522 3469 5585 ηοω..
3495 5525 3544 5571 ιιι
3568 5514 3690 5599 ιιι-ς

2168 5640 2341 5697 pacem
2387 5624 2626 5681 habeatis.
2671 5620 2740 5679 In
2778 5593 2969 5683 mundo
3015 5633 3301 5695 parmai-ant
3338 5609 3589 5687 Wa};

2116 5787 2125 5791 α
2168 5693 2431 5787 conﬁdite,
2456 5733 2547 5789 ego
2573 5717 2669 5772 vici
2706 5715 2973 5773 modum.
3008 5703 3146 5772 illud
3392 5707 3547 5764 [licet
3563 5693 3693 5754 κδ’
