3926 6404
487 323 630 387 1905

491 443 688 514 elegit:
719 439 809 510 qui
839 436 998 493 etiam
1041 440 1250 502 tempus
1289 445 1395 502 quo
1431 430 1501 486 de
1529 430 1744 500 Virgine
1776 435 1930 482 natus
1957 435 2060 493 est,

489 549 611 591 cum
641 533 794 587 Patre
815 525 1108 591 constituit,
1135 523 1202 578 de
1225 537 1332 593 quo
1357 522 1473 576 sine
1501 530 1738 590 tempore
1775 525 1933 572 natus
1957 523 2058 570 est.

487 621 794 682 Secundum
828 632 986 689 quam
1013 629 1192 671 veram
1230 627 1522 682 sanamque
1559 608 1877 673 doctrinam,
1903 607 2064 662 etiam

485 716 685 772 Paulus
709 711 1000 783 apostolus.
1034 726 1053 760 ι
1075 705 1210 763 Cum
1243 714 1420 760 autem
1448 703 1624 768 venit,
1651 721 1671 754 ι
1696 700 1886 770 inquit,
1908 715 1927 748 ι
1953 696 2065 766 ple-

486 805 675 862 nitudo
695 802 968 872 temporis,
985 799 1130 855 misit
1151 796 1292 853 Deus
1315 795 1510 850 Filium
1534 807 1688 847 suum
1722 811 1740 843 ι
1768 789 1964 862 (Galat.
1988 802 2061 853 iV,

486 901 585 970 4);
613 909 666 953 et
706 897 849 952 Deus
889 907 981 964 per
1027 889 1365 960 Prophetam,
1400 905 1419 938 ι
1451 885 1736 954 Tempore,
1767 901 1787 935 ι
1811 881 2064 970 Νέας-

487 967 739 1060 ceptabili
766 983 1009 1041 exaudiri
1030 991 1101 1047 te,
1117 988 1170 1036 et
1193 981 1244 1033 in
1267 978 1355 1034 die
1380 977 1568 1032 salutis
1587 973 1763 1042 adjuvi
1791 982 1844 1026 te
1866 989 1884 1021 ι
1907 967 2061 1041 (Isai.

493 1095 640 1143 xux,
671 1077 776 1150 8);
804 1087 858 1133 et
891 1087 1075 1130 rursus
1114 1069 1416 1142 Apostolus,
1452 1087 1470 1120 ι
1498 1066 1639 1121 Ecce
1672 1079 1812 1118 nunc
1857 1072 2065 1130 tempus

489 1168 836 1240 acceptabile,
862 1180 988 1222 ecce
1028 1177 1168 1219 nunc
1207 1161 1323 1216 dies
1370 1159 1554 1213 salutis
1583 1177 1599 1208 ι
1629 1155 1706 1228 (11
1735 1154 1853 1211 Cor.
1880 1169 1953 1214 vi,
1980 1151 2061 1222 2).

489 1263 646 1318 Dicat
678 1275 826 1331 ergo,
859 1257 1033 1321 Pater,
1063 1256 1192 1309 venit
1221 1253 1367 1315 hora,
1392 1251 1485 1321 qui
1530 1263 1651 1306 eum
1690 1247 1848 1301 Patre
1875 1245 2064 1314 dispo-

487 1358 598 1412 suit
650 1368 837 1410 omnes
891 1351 1093 1406 horas:
1131 1357 1378 1417 tanquam
1420 1341 1637 1407 dicens,
1687 1339 1862 1404 Pater,
1906 1350 2065 1406 quam

492 1455 711 1516 propter
735 1443 978 1498 homines
1019 1449 1075 1495 et
1114 1438 1254 1508 apud
1286 1435 1531 1491 homines
1556 1431 1624 1487 ad
1653 1447 1739 1486 me
1767 1428 2064 1484 clariﬁcan-

487 1539 617 1594 dum
657 1537 814 1592 simul
862 1533 1252 1593 constituimus,
1282 1528 1412 1583 venit
1439 1527 1583 1589 hora,
1615 1521 1843 1591 clari/ica
1872 1517 2065 1573 Filium

489 1641 652 1696 tuum,
682 1637 737 1682 ut
763 1635 807 1682 et
830 1624 878 1678 Γ
878 1624 998 1678 ilius
1022 1633 1139 1676 tuus
1166 1620 1406 1686 clari/iret
1434 1627 1500 1671 te.

563 1721 616 1775 ’5.
649 1716 1004 1774 Clariﬁcatum
1028 1730 1059 1766 a
1088 1714 1243 1767 Patre
1280 1709 1471 1763 Filium
1507 1705 1748 1761 nonnulli
1777 1703 2060 1774 accipiunt,

490 1811 545 1864 in
573 1811 674 1864 hoc
699 1805 838 1877 quod
878 1806 928 1860 ei
967 1818 1070 1857 non
1114 1800 1371 1872 pepercit,
1403 1797 1494 1852 sed
1522 1811 1617 1867 pro
1643 1795 1794 1850 nobis
1819 1792 2066 1849 omnibus

493 1900 840 1955 tradiditeum
859 1894 1032 1963 (Rom.
1048 1908 1158 1955 vni,
1173 1889 1285 1962 32).
1305 1889 1408 1946 Sed
1428 1890 1472 1944 si
1491 1889 1734 1960 passione
1749 1887 2067 1943 clariﬁcatus

493 1991 705 2049 dicitur.
723 1994 920 2056 quanto
949 1984 1114 2054 magis
1140 1981 1556 2036 resurrectione?
1588 1977 1719 2034 Nam
1747 1979 1799 2032 in
1821 1977 2066 2046 passione

494 2079 664 2150 magis
675 2078 790 2148 ejus
802 2075 1068 2130 humilitas
1080 2087 1237 2143 quam
1252 2071 1463 2126 claritas
1479 2068 1903 2133 commendatur,
1932 2070 2067 2137 Apo-

492 2156 634 2227 stolo
660 2178 812 2232 teste,
837 2167 927 2238 qui
956 2165 1099 2229 dicit,
1130 2183 1148 2214 ι
1180 2161 1484 2217 Humiliavit
1508 2160 1872 2229 semetipsum,
1900 2157 2066 2213 lactus

493 2261 749 2317 obediens
770 2273 935 2328 usque
958 2256 1024 2310 ad
1063 2263 1308 2320 mortem,
1332 2261 1557 2308 mortem
1585 2260 1762 2306 autem
1787 2250 1962 2304 crucis
1997 2269 2016 2301 ι
2049 2267 2061 2304 :

493 2349 686 2407 deinde
724 2349 977 2418 sequitur,
1007 2355 1062 2400 et
1102 2345 1168 2399 de
1205 2345 1321 2413 ejus
1365 2341 1746 2397 elariﬁcatione
1779 2341 1888 2409 jam
1915 2339 2062 2405 dicit,

501 2465 521 2498 ι
552 2445 774 2514 Propter
801 2441 940 2512 quod
966 2449 1020 2494 et
1047 2439 1188 2494 Deus
1218 2437 1365 2491 illum
1396 2435 1665 2501 exultavit,
1696 2441 1750 2488 et
1772 2432 1988 2488 donavit
2018 2431 2067 2485 ei

494 2551 687 2590 nomen
715 2531 854 2603 quod
877 2540 959 2586 est
998 2543 1157 2598 super
1199 2541 1357 2581 omne
1400 2541 1614 2590 nomen,
1655 2533 1712 2578 ut
1754 2523 1808 2577 in
1855 2524 2068 2576 nomine

493 2629 620 2684 Jesu
654 2639 811 2680 omne
853 2637 990 2693 genu
1029 2619 1271 2674 ﬂectatur
1295 2616 1616 2682 cmlestium,
1640 2613 1988 2677 terrestrium,
2015 2620 2069 2666 et

495 2717 847 2779 infernorum,
871 2722 922 2768 et
945 2711 1118 2766 omnis
1139 2711 1314 2779 lingua
1337 2709 1648 2762 conﬁteatur
1663 2706 1786 2775 quia
1812 2704 2070 2759 Dominus

496 2810 651 2865 Jesus
677 2806 919 2860 Christus
949 2803 1002 2857 in
1023 2801 1188 2872 gloria
1215 2809 1295 2855 est
1316 2798 1412 2853 Dei
1435 2798 1625 2852 Patris.
1662 2815 1680 2847 ι
1717 2795 1841 2850 [huc
1859 2806 1941 2850 est
1961 2795 2070 2850 cla-

496 2900 721 2956 riﬁcatio
736 2896 946 2953 Domini
965 2894 1127 2948 nostri
1143 2893 1268 2948 Jesu
1285 2891 1502 2955 Christi,
1531 2905 1648 2960 quae
1663 2890 1731 2943 ab
1756 2889 1872 2958 ejus
1893 2903 2071 2944 resur-

495 2991 733 3046 rectione
753 2985 976 3056 sumpsit
1005 2982 1301 3040 exordium.
1335 2980 1616 3035 liumilitas
1643 2994 1772 3050 ergo
1793 2979 1910 3048 ejus
1937 2978 2068 3032 inci-

498 3082 574 3151 pit
603 3080 657 3135 in
683 3092 932 3134 sermone
957 3075 1220 3145 Apostoli,
1251 3073 1320 3127 ab
1352 3087 1416 3127 eo
1457 3073 1572 3127 loco
1617 3070 1703 3124 ubi
1749 3070 1842 3137 ait,
1876 3069 2071 3124 Semet-

497 3173 664 3242 ipsum
696 3168 967 3224 exinanivit
999 3170 1212 3238 formam
1251 3165 1376 3218 servi
1419 3164 1704 3233 accipiens;
1734 3171 1787 3216 ct
1829 3160 2070 3230 pervenit

502 3278 686 3331 usque,
717 3261 785 3314 ad
805 3267 1014 3313 mortem
1039 3256 1220 3311 crucis.
1250 3255 1474 3310 Claritas
1499 3269 1626 3310 vero
1650 3255 1766 3323 ejus
1796 3252 1975 3322 incipit
2003 3251 2071 3305 ab

498 3369 564 3408 eo
589 3353 708 3406 loco
727 3351 815 3406 ubi
831 3351 924 3415 ait,
956 3347 1173 3416 Propter
1199 3345 1331 3417 quod
1355 3355 1401 3399 et
1430 3343 1565 3398 Deus
1587 3343 1820 3396 exultavit
1841 3359 1952 3396 eum
1967 3359 1986 3406 ,'
2015 3350 2072 3396 et

499 3443 743 3513 pervenit
769 3455 954 3512 usque,
992 3440 1046 3493 in
1089 3438 1251 3510 gloria
1293 3446 1366 3492 est
1403 3436 1498 3490 Dei
1533 3434 1706 3489 Patris
1729 3431 1982 3506 (Philipp.
2009 3449 2066 3501 ιι,

499 3532 673 3607 7-11).
699 3531 832 3587 Nam
860 3541 915 3586 et
939 3532 1110 3600 ipsum
1136 3543 1350 3594 nomen,
1389 3527 1436 3582 si
1476 3525 1822 3596 inspiciantur
1859 3523 2071 3579 codices

499 3624 678 3695 grumi,
709 3638 774 3678 ex
819 3637 922 3692 qua
961 3621 1134 3690 lingua
1179 3617 1432 3686 Epistolze
1469 3614 1774 3686 apostolica:
1802 3614 2070 3670 translatae

499 3725 622 3769 sunt
671 3714 724 3768 in
765 3713 1004 3776 latinam,
1033 3708 1174 3780 quod
1219 3708 1304 3762 hic
1327 3708 1516 3779 legitur
1552 3706 1741 3777 gloria,
1780 3705 1853 3760 ibi
1879 3705 2072 3775 legitur

501 3808 617 3868 δόξα
640 3821 652 3854 :
678 3800 815 3856 unde
843 3799 1062 3855 verbum
1091 3799 1385 3853 derivatum
1425 3807 1506 3853 est
1542 3797 1594 3851 in
1636 3811 1810 3866 graeco
1841 3805 1897 3851 ut
1927 3795 2072 3852 dice-

500 3903 648 3951 retur
674 3898 882 3960 δόξασον,
914 3891 1053 3962 quod
1081 3891 1342 3960 interpres
1367 3891 1556 3945 latinus
1575 3889 1650 3944 ait
1668 3889 1917 3958 clari/ica,
1947 3904 2068 3944 cum

499 3993 682 4057 posset
707 3985 864 4040 etiam
892 3982 1120 4055 glori/ica
1149 3982 1346 4048 dicere,
1373 3981 1513 4052 quod
1552 3981 1881 4035 tantumdem
1908 3980 2067 4035 valet.

497 4079 568 4135 Et
610 4077 732 4134 ideo
773 4084 953 4147 posset
992 4075 1149 4131 etiam
1199 4075 1252 4128 in
1295 4073 1534 4144 Apostoli
1581 4072 1838 4142 Epistola,
1869 4071 1956 4126 ubi
1989 4081 2073 4126 est

495 4169 684 4242 gloria,
711 4167 922 4223 claritas
948 4166 1072 4237 poni
1093 4183 1106 4218 :
1125 4163 1268 4235 quod
1310 4163 1354 4218 si
1391 4163 1542 4219 ﬁeret
1568 4162 1893 4217 tantumdem
1921 4163 2068 4218 vale-

495 4269 598 4318 ret.
624 4259 696 4318 Ut
708 4267 884 4315 autem
910 4271 1015 4313 non
1035 4255 1313 4312 recedatur
1337 4271 1367 4308 a
1387 4255 1672 4311 verborum
1697 4255 1864 4320 sonis,
1884 4269 2070 4325 quem-

497 4352 783 4406 admodum
810 4365 841 4404 a
870 4348 1112 4404 claritate
1137 4346 1466 4412 clariﬁcatio,
1497 4346 1575 4401 sic
1602 4362 1633 4400 a
1668 4346 1838 4416 gloria
1867 4345 2067 4416 gloriﬁ-

497 4441 638 4496 catio
666 4439 952 4494 derivatur.
983 4437 1046 4492 Ut
1089 4451 1216 4505 ergo
1257 4435 1513 4490 mediator
1559 4436 1656 4490 Dei
1698 4445 1753 4491 et
1796 4435 2068 4490 hominum

498 4532 663 4586 homo
688 4529 930 4584 Christus
957 4526 1111 4582 Jesus
1148 4528 1537 4581 resurrectione
1580 4525 1960 4582 elariﬁcaretur
1985 4528 2070 4582 vel

497 4621 904 4694 gloriﬁcaretur,
952 4617 1098 4688 prius
1140 4616 1445 4672 humiliatus
1487 4626 1569 4672 est
1614 4618 1860 4687 passione
1901 4635 1914 4670 :
1963 4633 2069 4673 non

499 4713 643 4769 enim
671 4727 702 4766 a
726 4711 948 4768 mortuis
971 4709 1370 4775 resurrexisset,
1400 4709 1446 4763 si
1472 4717 1710 4764 mortuus
1732 4724 1836 4764 non
1863 4709 2065 4766 inisset.

422 4858 428 4864 .
499 4805 799 4873 Humilitas,
823 4803 1079 4860 claritatis
1116 4812 1198 4858 est
1237 4802 1515 4868 meritum;
1543 4803 1774 4869 claritas,
1807 4803 2070 4857 humilita-

497 4899 568 4954 tis
596 4905 679 4955 est
706 4895 1004 4968 praemium.
1034 4893 1139 4950 Sed
1169 4894 1270 4948 hoc
1291 4890 1486 4947 factum
1511 4901 1594 4949 est
1616 4895 1671 4947 in
1693 4892 1863 4948 forma
1888 4894 2064 4960 servi;

416 4981 426 5066 ’ς
497 4991 552 5043 in
573 4988 742 5043 forma
770 4999 898 5042 vero
926 4984 1018 5040 Dei
1045 4999 1258 5055 semper
1296 4982 1411 5049 fuit,
1449 4998 1659 5053 semper
1683 4984 1786 5038 erit
1809 4983 2022 5038 claritas
2049 5001 2062 5037 :

498 5082 607 5133 imo
633 5093 736 5134 non
777 5078 874 5133 fuit
904 5079 1055 5148 quasi
1092 5079 1199 5147 jam
1239 5093 1344 5134 non
1387 5078 1478 5143 sit,
1507 5093 1605 5133 nec
1627 5078 1728 5132 erit
1751 5079 1901 5148 quasi
1929 5094 2062 5134 non-

497 5170 624 5223 dnm
646 5168 750 5231 sit;
781 5166 876 5223 sed
894 5167 1008 5222 sine
1033 5168 1200 5232 initio,
1231 5168 1347 5223 sine
1369 5167 1474 5223 ﬁne
1497 5182 1708 5238 semper
1727 5177 1807 5223 est
1830 5169 2056 5223 claritas.

495 5259 650 5330 Quod
707 5272 834 5329 ergo
870 5258 964 5324 ait,
1016 5256 1190 5322 Pater,
1245 5259 1378 5314 venit
1415 5261 1560 5325 hora,
1607 5257 1832 5329 clari/ica
1872 5258 2066 5314 Filium

494 5365 675 5418 tuum;
701 5351 778 5407 sic
819 5349 1215 5419 intelligendum
1249 5358 1351 5415 est,
1381 5360 1628 5421 tanquam
1666 5350 1881 5416 dixerit,
1911 5351 2067 5408 Venit

493 5444 627 5499 hora
649 5437 974 5498 seminanda:
1000 5437 1325 5502 humilitatis,
1354 5437 1577 5493 fructum
1600 5454 1705 5494 non
1727 5439 1937 5495 dlll‘eras
1959 5442 2065 5494 cla-

492 5533 683 5588 ritatis.
713 5529 818 5587 Sed
854 5527 982 5599 quid
1018 5526 1118 5582 sibi
1154 5526 1271 5583 vult
1305 5528 1446 5596 quod
1494 5530 1751 5598 sequitur,
1786 5528 1855 5585 Ut
1897 5529 2063 5584 Filius

492 5633 607 5678 tuus
629 5619 869 5690 clariﬁcet
893 5620 976 5675 te?
1011 5618 1272 5690 Numquid
1302 5619 1462 5674 etiam
1493 5619 1635 5674 Deus
1659 5620 1817 5675 Pater
1847 5621 2064 5692 pertulit

493 5713 847 5771 humilitatem
865 5713 1040 5770 carnis
1067 5712 1179 5769 sive
1209 5711 1489 5784 passionis,
1520 5725 1585 5768 ex
1606 5727 1706 5780 qua
1735 5712 1880 5768 illum
1905 5713 2063 5772 clari-
2101 5769 2133 5789 ι

1420 316 1483 373 ΙΝ
1520 313 1798 373 JOANNIS
1835 305 2300 381 EVANGELIUM,
2332 311 2391 371 S.
2429 313 2790 372 AUGUSTINI

3563 327 3672 386 1904

2173 425 2318 482 ﬁcari
2347 433 2654 498 oporteret?
2680 433 2958 501 Quomodo
2996 435 3154 508 igitur
3188 451 3309 492 eum
3346 435 3675 496 clariﬁcaturus

2171 528 2287 574 erat
2327 520 2512 588 Filius,
2540 525 2691 595 cujus
2728 529 2941 584 claritas
2985 530 3299 600 sempiterna
3339 546 3433 586 nec
3465 532 3677 590 exiorma

2172 609 2401 667 humana
2429 616 2598 684 potuit
2621 616 2788 673 videri
2815 620 3009 687 minor,
3031 638 3132 678 nec
3151 623 3201 676 in
3220 622 3389 677 divina
3412 633 3679 693 possetesse

2171 702 2430 772 amplior?
2455 704 2560 761 Sed
2604 707 2758 763 istam
2791 712 3140 781 quaestionem
3180 713 3230 767 in
3262 713 3396 768 hunc
3429 728 3680 776 sermonem

2173 793 2299 850 nolo
2325 805 2552 867 arctare,
2580 807 2673 854 aut
2700 799 2823 856 hinc
2847 818 2968 857 eum
3002 803 3174 859 facere
3199 803 3495 874 longiorem.

2679 892 3090 952 TRACTATUS
3127 895 3234 950 CV.

2170 978 2248 1031 Ab
2279 994 2336 1033 eo
2359 980 2491 1049 quod
2518 981 2766 1038 Dominus
2789 985 2880 1050 ait,
2909 984 2978 1041 Ut
3009 985 3172 1041 Filius
3212 996 3330 1042 tuus
3369 986 3682 1056 clariﬁcettc;

2243 1087 2402 1142 usque
2426 1073 2495 1126 ad
2519 1073 2594 1140 id,
2611 1073 2862 1131 Claritate
2886 1092 3042 1148 quam
3065 1077 3244 1145 habui,
3270 1080 3552 1151 priusquam
3563 1097 3686 1136 mun-

2243 1161 2342 1216 dus
2365 1172 2529 1231 esset,
2560 1166 2698 1235 apud
2725 1175 2798 1223 te.
2823 1166 2951 1239 Cap.
2981 1185 3112 1236 ms,
3132 1171 3168 1239 ᾗ
3194 1209 3206 1222 .
3237 1170 3340 1225 1-5.

2244 1254 2293 1306 1.
2324 1251 2686 1312 Gloriﬁcatum
2725 1273 2756 1312 a
2795 1257 2952 1314 Patre
2981 1258 3170 1315 Filium
3195 1259 3477 1316 secundum
3504 1262 3686 1317 formam

2171 1343 2332 1408 servi,
2355 1359 2514 1413 quam
2545 1345 2702 1403 Pater
2729 1348 3005 1404 suscitavit
3047 1365 3078 1404 a
3120 1352 3362 1418 mortuis,
3388 1361 3440 1408 et
3472 1351 3532 1407 ad
3569 1367 3689 1408 suam

2171 1432 2443 1490 dexteram
2469 1437 2782 1505 collocavit,
2816 1455 2903 1496 res
2930 1441 3042 1512 ipsa
3070 1440 3286 1508 indicat,
3317 1454 3372 1498 et
3409 1444 3569 1499 nullus
3597 1459 3687 1499 am-

2170 1523 2304 1594 bigit
2330 1525 2670 1584 christianus.
2702 1530 2807 1586 Sed
2827 1533 3075 1603 quoniam
3104 1549 3211 1588 non
3242 1544 3438 1589 tantum
3463 1535 3593 1598 dixit,
3617 1534 3690 1590 Pa-

2172 1624 2267 1680 ter,
2289 1616 2514 1685 clari/ica
2543 1617 2738 1674 Filium
2766 1630 2926 1687 tuum,
2943 1623 3038 1678 sed
3067 1622 3271 1678 addidit
3292 1625 3468 1688 etiam,
3493 1635 3538 1678 ut
3558 1623 3690 1678 Filius

2173 1716 2288 1762 tuus
2331 1709 2572 1780 etariﬁcet
2613 1724 2691 1776 te;
2733 1716 2923 1770 merito
2950 1716 3206 1785 quaeritur
3230 1715 3488 1786 quomodo
3519 1715 3690 1771 Patrem

2171 1798 2539 1856 clariﬁcaverit
2579 1802 2764 1870 Filius,
2803 1819 2924 1860 eum
2962 1807 3288 1876 sempiterna
3321 1806 3521 1862 claritas
3557 1805 3692 1860 Patris

2157 1907 2272 1956 .nee
2297 1891 2554 1950 diminuta
2581 1896 2738 1951 fuerit
2761 1897 2814 1951 in
2839 1899 3006 1952 lorma
3037 1897 3292 1962 humana,
3321 1913 3416 1954 nec
3437 1898 3597 1969 augeri
3621 1913 3692 1968 po-

2174 1983 2332 2038 tuerit
2359 1985 2410 2039 in
2435 2001 2531 2041 sua
2558 1987 2878 2057 perfectione
2901 1988 3101 2044 divina.
3129 1989 3236 2046 Sed
3263 1990 3318 2045 in
3341 1991 3504 2061 seipsa
3522 1991 3694 2047 claritas

2173 2073 2346 2130 Patris
2366 2091 2466 2132 nec
2485 2077 2649 2132 minui
2676 2093 2774 2134 nec
2791 2081 2971 2150 augeri
2996 2091 3168 2151 potest
3188 2098 3206 2147 ;
3235 2082 3370 2152 apud
3391 2081 3609 2140 homines
3623 2098 3694 2138 au-

2173 2175 2281 2222 tem
2296 2170 2652 2242 proculjdubio
2666 2172 2841 2226 minor
2853 2182 2988 2236 erat,
3006 2173 3224 2243 quando
3243 2174 3295 2228 in
3315 2172 3486 2230 Indica
3506 2184 3694 2230 tantum.

2173 2257 2334 2313 modo
2376 2259 2516 2314 Deus
2556 2271 2712 2315 notus
2749 2275 2866 2318 erat
2904 2261 3072 2336 (Psal.
3115 2280 3286 2331 Lxxv,
3310 2265 3368 2336 2)
3403 2282 3414 2318 ;
3452 2264 3694 2320 nonduma

2173 2348 2302 2402 solis
2325 2360 2445 2403 ortu
2487 2365 2650 2419 usque
2686 2350 2754 2405 ad
2784 2367 3030 2407 occasum
3068 2353 3358 2410 laudabant
3382 2355 3521 2424 pueri
3540 2366 3694 2408 nomen

2173 2436 2383 2492 Domini
2415 2437 2582 2508 (Psal.
2611 2455 2740 2505 cm,
2771 2442 2824 2508 5,
2853 2441 2930 2513 1).
2963 2442 3073 2498 Hoc
3096 2454 3280 2500 autem
3305 2447 3422 2516 quia
3449 2460 3534 2516 per
3554 2443 3696 2499 Eran-

2171 2527 2368 2595 gelium
2389 2526 2582 2583 Christi
2605 2529 2802 2586 factum
2832 2541 2934 2598 est,
2962 2542 3020 2587 ut
3041 2549 3135 2602 per
3156 2534 3349 2589 Filium
3375 2534 3520 2590 Pater
3537 2534 3697 2588 innote-

2173 2626 2345 2672 sceret
2361 2619 2605 2688 gentibus
2625 2635 2640 2685 ;
2669 2621 2907 2689 proiecto
2930 2622 3140 2678 Patrem
3157 2624 3468 2679 clariﬁcavit
3483 2633 3531 2679 et
3547 2623 3695 2677 Filius.

2175 2705 2233 2762 Si
2258 2717 2434 2762 autem
2464 2711 2826 2766 tantummodo
2847 2720 3088 2769 mortuus
3115 2713 3307 2770 fuisset
3329 2713 3502 2781 Filius,
3527 2727 3612 2768 nec
3632 2727 3697 2767 rc-

2175 2801 2513 2867 surrexisset,
2545 2804 2726 2872 procul
2753 2804 2915 2860 dubio
2945 2821 3044 2861 nec
3069 2821 3100 2860 a
3130 2805 3292 2862 Patre
3319 2787 3610 2860 clariﬁcatus
3633 2818 3698 2859 es-

2173 2899 2274 2956 set,
2318 2905 2420 2946 nec
2460 2891 2672 2949 Patrem
2719 2895 3060 2952 clariﬁcasset
3084 2914 3096 2949 :
3121 2912 3267 2951 nunc
3300 2906 3470 2952 autem
3505 2909 3698 2952 resurre-

2175 2983 2352 3038 ctione
2377 2984 2694 3041 elariﬁcatus
2724 3001 2752 3040 a
2779 2985 2955 3049 Patre,
2983 2988 3390 3044 resurrectionis
3417 3002 3519 3042 suae
3544 2985 3695 3057 pradi-

2175 3073 2382 3130 catione
2422 3075 2678 3131 clariﬁcat
2715 3075 2944 3131 Patrem.
2976 3077 3088 3132 Hoc
3142 3079 3344 3148 quippe
3380 3079 3536 3149 aperit
3593 3073 3698 3131 ordo

2174 3164 2288 3234 ipse
2312 3165 2596 3221 verborum
2623 3185 2635 3221 :
2667 3165 2925 3236 Cleri/ica,
2958 3167 3146 3238 inquit,
3175 3167 3370 3224 Filium
3395 3179 3543 3234 tuum,
3567 3164 3696 3220 utFi-

2178 3254 2274 3310 tius
2293 3265 2406 3310 tuus
2431 3257 2669 3328 elariﬁeet
2695 3267 2774 3321 te;
2804 3267 3054 3328 tanquam
3080 3258 3311 3329 diceret,
3334 3258 3588 3316 Resuscita
3613 3270 3694 3320 me,

2175 3355 2235 3400 ut
2259 3347 2556 3403 innotescas
2582 3349 2677 3403 toti
2701 3349 2815 3404 orbi
2847 3365 2942 3417 per
2967 3365 3071 3405 me.

2245 3437 2298 3490 2.
2331 3438 2528 3493 Deinde
2549 3440 2715 3509 magis
2739 3441 3008 3510 magisque
3035 3439 3278 3510 pandens
3303 3440 3554 3513 quomodo
3578 3437 3695 3496 clari-

2176 3529 2298 3584 ﬁcet
2325 3527 2534 3583 Patrem
2559 3527 2724 3584 Filius
2756 3546 2768 3582 :
2794 3528 2938 3585 Sient
2970 3530 3148 3586 dedisti
3171 3573 3190 3598 ,
3234 3532 3432 3602 inquit,
3458 3533 3500 3586 ei
3524 3537 3698 3602 potesta-

2175 3629 2273 3674 tem
2311 3620 2473 3674 omnis
2503 3620 2671 3673 carnis
2689 3659 2705 3686 ,
2736 3629 2791 3673 ut
2818 3636 2963 3674 omne
2987 3620 3119 3690 quod
3142 3622 3331 3676 dedisti
3363 3623 3410 3678 ei
3425 3664 3439 3690 ,
3475 3623 3548 3675 det
3568 3620 3628 3675 eis
3645 3618 3697 3670 rio

2176 3719 2276 3764 tam
2294 3720 2548 3765 cateruam.
2572 3709 2796 3766 Omnem
2817 3726 3030 3767 carnem
3056 3711 3192 3767 dixit
3218 3729 3431 3769 omnem
3457 3713 3694 3772 hominem.

2174 3817 2203 3854 a
2246 3810 2393 3872 parte
2438 3811 2603 3857 totum
2642 3802 2977 3872 signiﬁcans;
3025 3804 3471 3873 quemadmodum
3506 3815 3659 3858 rursus
3675 3814 3712 3878 ai

2175 3901 2324 3965 parte
2352 3895 2624 3964 superiore
2649 3893 2973 3964 signiﬁcatus
3015 3903 3097 3949 est
3133 3895 3298 3950 homo
3336 3906 3498 3960 totus,
3541 3894 3614 3947 ubi
3644 3890 3697 3944 ait

2175 3985 2474 4052 Apostolus,
2503 3984 2679 4039 Omnis
2701 3986 2870 4038 animo
2898 3987 3223 4055 potestatibus
3242 3985 3589 4041 sublimioribus
3607 3980 3696 4035 subs

2175 4073 2281 4125 dita
2303 4074 2369 4126 sit
2399 4073 2568 4144 (Rom.
2598 4089 2724 4139 xui,
2759 4074 2832 4144 1).
2875 4073 3011 4140 Quid
3045 4075 3190 4129 enim
3227 4075 3392 4142 dixit,
3427 4073 3586 4128 Omnis
3612 4069 3696 4123 ani-

2172 4178 2286 4228 ma,
2324 4163 2451 4227 nisi,
2491 4165 2663 4219 omnis
2701 4164 2898 4219 homo?
2928 4165 2990 4219 Et
3015 4166 3114 4220 hoc
3142 4164 3480 4236 autemquod
3508 4169 3696 4234 potestas

2120 4307 2130 4342 ἲ
2173 4254 2386 4309 Christo
2410 4269 2441 4308 a
2467 4254 2622 4310 Patre
2645 4256 2766 4311 data
2795 4265 2879 4312 est
2903 4257 3075 4311 omnis
3098 4258 3300 4325 carnis,
3333 4256 3601 4313 secundum
3625 4253 3696 4305 bo-

2176 4345 2372 4400 minem
2401 4345 2793 4416 intelligendum
2815 4356 2895 4402 est
2928 4367 2940 4400 :
2973 4363 3092 4402 nam
3123 4349 3416 4403 secundum
3439 4348 3584 4401 Deum
3604 4356 3694 4398 om-

2175 4437 2260 4490 nia
2287 4437 2571 4507 peripsum
2603 4437 2736 4492 facta
2775 4448 2899 4493 sunt
2924 4438 3096 4510 (Joan.
3133 4455 3186 4505 ι,
3217 4439 3275 4512 5)
3295 4482 3311 4506 ,
3339 4441 3458 4494 etin
3482 4440 3583 4510 ipso
3599 4447 3696 4488 con-

2174 4525 2280 4606 dita
2311 4536 2435 4580 sunt
2457 4527 2632 4580 omnia
2658 4527 2710 4580 in
2739 4526 2877 4582 ctelo
2903 4537 2956 4581 et
2993 4528 3044 4581 in
3074 4537 3214 4582 terra
3235 4570 3249 4592 ,
3288 4528 3502 4583 visibilia
3522 4535 3567 4579 ct
3589 4522 3693 4576 invi-

2174 4616 2344 4670 sibilia
2372 4614 2586 4688 (Coloss.
2617 4633 2653 4682 ι,
2685 4616 2793 4688 16).
2824 4617 2968 4672 Sicut
2992 4632 3118 4688 ergo
3151 4620 3336 4674 dedisti
3358 4621 3402 4674 ei
3432 4625 3694 4689 potestatem,

2175 4706 2370 4775 inquit,
2405 4709 2564 4761 omnis
2587 4709 2782 4773 carnis,
2824 4708 2894 4762 ita
2927 4717 2976 4762 te
3017 4709 3279 4778 gloriﬁcet
3309 4711 3464 4764 Filius
3501 4717 3635 4768 tuus,
3658 4701 3694 4754 id

2173 4809 2273 4863 est,
2291 4808 2472 4853 notum
2491 4809 2541 4855 te
2554 4799 2708 4856 faciat
2720 4801 2860 4855 omni
2877 4800 3022 4855 carni
3036 4816 3194 4870 quam
3210 4801 3480 4875 dedistiei.
3499 4799 3574 4854 Sic
3583 4794 3693 4851 enim

2173 4888 2384 4956 dedisti,
2407 4898 2459 4942 ut
2489 4905 2632 4943 omne
2655 4889 2790 4961 quod
2818 4890 2998 4944 dedisti
3015 4889 3081 4956 ei,
3107 4892 3188 4945 det
3215 4891 3287 4946 eis
3317 4891 3462 4944 vitam
3479 4897 3690 4942 teterrima.

2243 4981 2296 5035 5.
2331 4979 2454 5034 Haec
2483 4989 2553 5034 est
2573 4991 2759 5046 autent,
2787 4980 2977 5050 inquit,
3004 4981 3104 5034 vita
3129 4990 3338 5044 aeterna,
3365 4991 3418 5034 ut
3441 4979 3694 5047 cognoscant

2173 5081 2220 5124 te
2237 5072 2398 5126 solum
2425 5086 2596 5124 verum
2623 5070 2786 5124 Deum
2803 5111 2818 5135 ,
2850 5080 2895 5124 et
2918 5087 3062 5140 quem
3081 5071 3259 5124 misisti
3274 5069 3448 5126 Iesum
3463 5066 3688 5124 Christum-

2171 5160 2314 5216 Ordo
2347 5162 2626 5217 verborum
2651 5170 2733 5217 est
2750 5201 2764 5225 ,
2800 5173 2855 5214 ut
2891 5172 2936 5216 te
2957 5171 3002 5216 et
3027 5179 3168 5234 quem
3196 5163 3378 5218 misisti
3398 5161 3556 5216 lesson
3577 5154 3691 5210 Chri-

2171 5265 2305 5309 stum
2346 5266 2646 5325 cognoscant
2694 5255 2858 5308 solum
2907 5270 3076 5309 verum
3119 5254 3303 5309 Deum.
3346 5254 3691 5319 Consequenter

2171 5347 2312 5401 enim
2343 5357 2396 5401 et
2419 5345 2644 5416 Spiritus
2664 5355 2877 5414 sanctus
2904 5345 3212 5416 intelligitur
3228 5387 3243 5412 ,
3266 5345 3388 5417 quia
3409 5342 3608 5413 Spiritus
3628 5343 3690 5388 cst

2171 5438 2341 5492 Patris
2361 5447 2416 5492 et
2443 5437 2592 5504 Filii,
2623 5447 2870 5507 tanquam
2897 5438 3128 5493 charitas
3147 5437 3496 5492 substantialis
3524 5441 3571 5488 et
3590 5442 3688 5482 con-

2171 5529 2525 5583 substantialis
2563 5529 2856 5582 amborum.
2887 5527 3146 5596 Quoniam
3191 5544 3297 5584 non
3335 5527 3438 5583 duo
3463 5524 3527 5578 dii
3565 5520 3687 5575 Pater

2170 5632 2223 5677 et
2252 5621 2414 5676 Filius
2433 5663 2447 5688 ,
2483 5637 2575 5675 nec
2608 5631 2712 5675 tres
2731 5621 2802 5675 dii
2835 5621 2989 5676 Pater
3015 5631 3070 5676 et
3094 5621 3256 5675 Filius
3284 5631 3337 5676 ct
3362 5619 3565 5689 Spiritus
3585 5624 3684 5663 sau-

2168 5724 2315 5780 ctus;
2361 5713 2451 5769 secl
2496 5715 2600 5784 ipsa
2638 5712 2869 5770 Trinitas
2900 5730 3032 5771 unus
3077 5716 3220 5772 solus
3259 5729 3409 5771 verus
3437 5711 3576 5767 Dens.
3600 5698 3683 5757 Nec
