3926 6380
254 514 381 573 1905

251 627 380 684 idem
417 631 587 679 tamen
625 620 780 675 Pater
815 617 908 687 qui
931 615 1096 672 Filius
1118 655 1134 682 ,
1184 627 1284 669 nec
1329 611 1470 668 idem
1499 609 1667 665 Filius
1712 607 1805 680 qui

250 721 418 779 Pater,
449 729 546 770 nec
571 713 708 769 idem
733 710 963 782 Spiritus
986 716 1202 763 sanctus
1219 706 1308 778 qui
1335 705 1493 760 Pater
1521 713 1574 758 et
1603 701 1802 766 Filius;

251 808 476 881 quoniam
508 815 613 860 tres
637 811 762 858 sunt
786 802 945 856 Pater
971 809 1026 855 et
1053 797 1218 854 Filius
1243 805 1296 852 et
1314 796 1544 864 Spiritus
1568 801 1805 857 sanctus;

251 901 336 957 sed
363 900 471 969 ipsa
497 896 728 953 Trinitas
755 907 894 948 unus
917 901 999 947 est
1039 892 1200 946 Deus.
1236 889 1292 946 Si
1316 904 1443 958 ergo
1481 902 1546 941 eo
1572 885 1730 940 modo
1755 892 1808 940 te

248 991 486 1062 gloriﬁcat
510 987 674 1044 Filius
699 987 826 1042 sicut
849 985 1032 1040 dedisti
1045 985 1091 1039 ei
1110 991 1400 1052 potestatem
1429 982 1590 1035 omnis
1604 978 1772 1034 carnis
1787 1019 1805 1045 ,

249 1097 297 1141 et
315 1084 386 1139 sic
399 1081 604 1145 dedisti,
628 1089 682 1134 ut
701 1095 849 1134 omne
864 1077 997 1149 quod
1015 1077 1194 1132 dedisti
1213 1076 1280 1142 ei,
1305 1075 1387 1129 det
1407 1075 1477 1128 eis
1497 1073 1646 1127 vitam
1664 1080 1810 1126 teter-

249 1191 384 1238 nam,
411 1182 494 1238 et,
523 1171 630 1226 lucc
662 1179 735 1225 est
767 1170 866 1224 vita
889 1177 1080 1223 veterna
1097 1208 1112 1233 ,
1141 1175 1196 1221 ut
1223 1174 1524 1236 cognoscant
1546 1174 1627 1227 te;
1651 1163 1729 1217 sic
1757 1169 1811 1217 te

248 1268 390 1338 igitur
410 1266 572 1321 Filius
594 1263 856 1336 glorificat
871 1300 889 1327 ,
912 1269 971 1316 ut
996 1260 1240 1314 omnibus
1260 1273 1394 1328 quos
1418 1255 1612 1312 dedisti
1645 1254 1694 1309 ei
1715 1295 1730 1318 ,
1757 1261 1812 1308 te

245 1358 496 1428 cognitum
525 1356 699 1410 iaciat.
726 1354 894 1408 Porro
920 1351 966 1405 si
986 1349 1220 1420 cognitio
1239 1348 1332 1403 Dei
1355 1346 1562 1403 estvita
1585 1352 1808 1410 :eterna,

247 1457 380 1504 tanto
419 1449 586 1520 magis
613 1447 795 1501 vivere
838 1443 1143 1508 tendimus,
1181 1449 1380 1512 quanto
1417 1439 1584 1510 magis
1614 1439 1666 1493 in
1712 1437 1812 1492 hac

246 1539 528 1610 cognitione
570 1535 900 1607 proﬁcimus.
928 1533 1048 1589 Non
1085 1540 1263 1587 autem
1300 1531 1593 1586 moriemur
1626 1530 1678 1584 in
1705 1528 1812 1583 vita

247 1641 429 1687 uterus
461 1646 476 1684 :
509 1637 634 1684 tunc
661 1641 790 1698 ergo
816 1626 911 1681 Dei
937 1624 1170 1695 cognitio
1192 1621 1427 1695 perfecta
1448 1622 1572 1686 erit,
1601 1620 1814 1690 quando

246 1721 374 1776 nulla
402 1733 547 1774 mors
573 1718 698 1774 erit.
741 1717 960 1773 Summa
1000 1723 1128 1770 tunc
1167 1713 1260 1768 Dei
1299 1711 1648 1776 elariﬂcatio;
1691 1709 1814 1780 quia

250 1825 440 1866 summa
469 1807 675 1880 gloria,
715 1821 836 1878 qua:
869 1819 1044 1877 grmee
1087 1803 1286 1859 dicitur
1347 1806 1480 1868 δόξα.
1527 1799 1679 1857 Unde
1727 1799 1813 1855 di-

251 1911 383 1957 ctum
432 1909 514 1955 est
582 1903 774 1965 δόξασον
798 1939 814 1962 ,
861 1896 1006 1968 quod
1048 1894 1198 1950 latini
1221 1893 1433 1965 quidam
1480 1891 1815 1962 interpretati

245 2001 387 2057 sunt,
414 1991 684 2054 clariﬁca;
712 1988 948 2059 quidam,
978 1985 1236 2056 gloriﬁca.
1267 1984 1313 2039 Α
1339 1983 1610 2038 veteribus
1638 1991 1814 2036 autem

245 2083 430 2153 gloria,
477 2096 584 2152 qua
612 2080 827 2151 gloriosi
873 2077 1118 2133 homines
1152 2075 1432 2140 dicuntur,
1465 2073 1536 2128 ita
1565 2080 1648 2128 est
1685 2071 1817 2126 dell-

245 2176 341 2230 nita
374 2193 386 2228 :
411 2173 593 2230 Gloria
621 2181 705 2228 est
731 2171 982 2241 frequens
1007 2170 1077 2224 de
1101 2168 1278 2238 aliquo
1307 2166 1441 2221 fama
1485 2181 1608 2220 cum
1638 2163 1814 2219 laude.

245 2251 309 2321 λι
330 2265 374 2319 si
417 2265 581 2320 homo
626 2261 873 2318 laudatur
912 2275 1031 2315 cum
1071 2259 1224 2314 fama:
1253 2259 1524 2322 creditur,
1553 2257 1818 2326 quomodo

247 2357 374 2411 Deus
396 2355 700 2410 laudabitur
723 2351 938 2424 quando
959 2353 1073 2422 ipse
1097 2349 1398 2406 videbitur?
1424 2349 1649 2419 Propter
1675 2349 1818 2419 quod

246 2446 483 2515 scriptum
511 2453 617 2508 est,
651 2444 795 2497 Beati
810 2444 898 2512 qui
924 2443 1148 2496 habitant
1168 2442 1221 2495 in
1248 2440 1398 2495 domo
1425 2450 1537 2504 tua;
1556 2439 1610 2498 in
1631 2439 1819 2494 saecula

245 2537 532 2592 seculorum
559 2534 836 2589 laudabunt
863 2543 911 2588 te
931 2532 1102 2603 (Psal.
1134 2547 1334 2587 Lxxxnt
1352 2572 1367 2597 ,
1390 2532 1466 2602 5).
1496 2531 1568 2586 lbi
1599 2531 1704 2586 erit
1725 2531 1818 2586 Dei

247 2629 350 2684 sine
373 2629 475 2684 line
499 2627 754 2692 laudatio,
779 2626 869 2681 ubi
898 2626 1000 2681 erit
1026 2625 1118 2680 Dei
1149 2625 1300 2694 plena
1325 2623 1585 2694 cognitio;
1615 2632 1669 2678 et
1696 2622 1818 2692 quia

247 2721 390 2788 plena
425 2718 664 2792 cognitio
685 2759 702 2785 ,
743 2717 866 2772 ideo
902 2731 1109 2772 summa
1147 2713 1456 2770 clariﬁcatio
1491 2715 1574 2769 vel
1619 2713 1818 2784 gloritl~

248 2811 390 2865 catio.

310 2902 358 2956 4.
379 2900 482 2957 Sed
504 2900 660 2972 prius
690 2899 777 2954 hic
799 2897 1121 2954 clarificatur
1142 2897 1308 2961 Deus,
1330 2896 1454 2950 dum
1480 2895 1821 2951 annuntiatus

251 2990 544 3048 hominibus
571 2991 876 3056 iunotescit,
898 2997 951 3043 et
971 3003 1066 3058 per
1091 2987 1249 3043 [idem
1273 2986 1598 3043 credentium
1624 2986 1822 3056 prmdi-

249 3093 404 3138 catur.
433 3085 665 3154 Propter
689 3081 830 3152 quod
856 3082 1019 3145 dicit,
1042 3080 1154 3153 Ego
1183 3091 1230 3135 te
1252 3080 1525 3147 clariﬁcavi
1549 3096 1701 3150 super
1723 3089 1825 3134 ter-

251 3191 350 3227 ram
368 3216 382 3241 ,
410 3191 545 3245 opus
583 3163 923 3227 consummavi
965 3173 1099 3240 quod
1137 3171 1318 3226 dedisti
1353 3171 1476 3224 mihi
1521 3181 1577 3224 ut
1615 3172 1820 3243 faciam.

251 3263 354 3319 Non
373 3266 475 3332 ait,
517 3264 759 3335 iussisti;
786 3262 902 3327 sed,
930 3262 1111 3317 dedisti
1133 3277 1152 3316 :
1177 3261 1265 3317 ubi
1285 3261 1686 3316 commendatur
1708 3262 1824 3317 evi-

253 3356 372 3413 dens
393 3358 585 3429 gratia.
616 3356 754 3425 Quid
777 3356 919 3411 enim
949 3355 1109 3410 habet
1125 3355 1266 3426 quod
1292 3370 1396 3410 non
1421 3356 1642 3426 accepit,
1665 3357 1825 3412 etiam

253 3451 299 3504 in
326 3450 609 3522 Unigenito
634 3449 864 3503 humana
884 3449 1106 3503 natura?
1132 3449 1212 3502 An
1236 3463 1338 3502 non
1364 3448 1587 3518 accepit,
1616 3457 1671 3502 ut
1693 3448 1826 3503 nihil

250 3541 398 3608 mali,
437 3541 539 3598 sed
562 3542 703 3596 bona
744 3538 944 3595 iaceret
983 3539 1158 3593 omnia
1181 3582 1198 3606 ,
1228 3539 1441 3610 quando
1470 3540 1522 3594 in
1565 3541 1824 3596 unitatem

251 3647 482 3702 persona:
507 3641 756 3698 suscepta
800 3639 883 3685 est
915 3647 946 3686 a
987 3630 1162 3685 Verbo
1185 3671 1199 3694 ,
1228 3645 1324 3700 per
1351 3631 1490 3701 quod
1521 3630 1657 3687 facta
1703 3640 1827 3688 sunt

251 3726 455 3780 omnia?
485 3724 594 3781 Sed
619 3722 885 3794 quomodo
907 3722 1293 3777 consummavit
1329 3738 1462 3792 opus
1487 3722 1628 3796 quod
1668 3739 1825 3779 acce-

252 3815 322 3885 pit
344 3824 401 3872 ut
443 3816 607 3870 faciat
629 3857 644 3880 ,
671 3829 790 3869 cum
814 3823 976 3867 restet
999 3813 1173 3868 adhuc
1198 3813 1456 3882 passionis
1490 3815 1824 3883 experimen-

253 3913 387 3972 tum,
416 3908 505 3963 ubi
533 3904 854 3977 martyribus
878 3904 988 3959 suis
1026 3904 1257 3960 maxime
1294 3905 1516 3972 praebuit
1557 3905 1697 3974 quod
1735 3921 1823 3961 se-

253 4008 538 4066 querentur
582 3997 927 4066 exemplum;
973 3995 1115 4051 unde
1159 3995 1234 4050 ait
1275 3996 1544 4065 apostolus
1598 3995 1821 4062 Petrus,

253 4088 474 4144 Christus
498 4105 675 4157 passus
700 4097 771 4141 est
792 4103 882 4155 pro
901 4087 1042 4141 nobis
1055 4088 1338 4152 relinquens
1353 4085 1493 4140 nobis
1515 4087 1822 4157 exemplum,

251 4189 301 4233 ut
327 4197 600 4251 sequamur
635 4179 839 4250 vestigia
885 4181 991 4249 ejus
1028 4177 1070 4245 (l
1099 4176 1240 4231 Petr.
1286 4193 1354 4243 ιι,
1381 4177 1476 4247 2i)
1508 4197 1520 4232 ε
1562 4179 1660 4232 nisi
1703 4179 1824 4249 quia

250 4285 648 4328 consummasse
676 4286 735 4326 se
775 4270 905 4325 dicit
943 4270 1084 4340 quod
1109 4284 1168 4324 se
1194 4278 1678 4325 consummaturum
1705 4285 1826 4327 esse

252 4362 544 4417 certissime
566 4361 750 4416 novit?
777 4361 922 4416 Sicut
961 4361 1116 4426 longe
1153 4369 1278 4415 ante
1304 4361 1354 4416 in
1383 4361 1656 4430 prophetia
1687 4377 1826 4431 prae-

252 4454 384 4508 teriti
408 4454 670 4524 temporis
701 4469 828 4508 usus
869 4463 950 4508 est
978 4453 1192 4520 verbis,
1237 4454 1450 4524 quando
1495 4464 1615 4524 post
1657 4470 1826 4511 annos

255 4541 507 4609 plurimos
549 4543 783 4599 futurum
823 4543 995 4600 fuerat
1036 4544 1176 4614 quod
1212 4544 1422 4600 dicebat
1469 4563 1481 4598 :
1531 4544 1823 4615 Foderunt,

255 4630 456 4703 inquit,
494 4649 673 4686 manus
708 4649 846 4688 meas
867 4643 916 4688 et
959 4634 1141 4704 pedes,
1183 4634 1621 4688 dinumeraverunt
1659 4639 1828 4691 omnia

258 4737 364 4776 ossa
389 4740 502 4778 mea
534 4722 704 4795 (Psal.
729 4739 844 4790 XXI,
869 4725 956 4786 ΓΙ,
990 4724 1109 4794 18);
1152 4739 1254 4779 non
1285 4725 1392 4792 ait,
1422 4725 1646 4781 Fodient
1669 4736 1723 4782 et
1747 4729 1829 4783 di-

258 4815 623 4870 numerabunt.
647 4815 713 4870 Et
732 4816 782 4868 in
810 4815 910 4870 hoc
936 4816 1050 4886 ipso
1072 4815 1378 4885 Evangelia,
1411 4815 1612 4881 Omnia,
1638 4819 1824 4889 inquit,

260 4919 364 4972 qua:
383 4906 549 4960 audivi
576 4923 607 4958 a
624 4905 781 4960 Patre
803 4923 930 4970 meo,
955 4915 1074 4960 nota
1099 4907 1192 4974 feci
1211 4907 1345 4962 vobis
1376 4908 1550 4978 (Joan.
1578 4926 1668 4975 xv,
1695 4909 1782 4982 15)
1810 4929 1823 4966 :

261 4997 442 5064 quibus
467 4999 537 5052 ait
553 5008 737 5069 postea
752 5039 767 5062 ,
799 4998 977 5052 Adhuc
1002 4998 1160 5052 multa
1179 4999 1335 5052 habeo
1359 5000 1494 5054 vobis
1517 5001 1714 5065 dicere;
1741 5003 1828 5056 sed

262 5101 358 5142 non
384 5091 581 5156 potestis
615 5090 706 5143 illa
744 5098 944 5159 portare
967 5089 1116 5143 modo
1137 5088 1244 5158 (Id.
1269 5106 1356 5144 xvi
1375 5133 1388 5156 ,
1422 5090 1532 5163 12).
1561 5092 1659 5160 Qui
1685 5093 1827 5147 enim

262 5178 415 5233 certis
438 5187 493 5235 et
518 5179 930 5235 immutabilibus
955 5180 1130 5234 causis
1149 5179 1324 5234 omnia
1355 5179 1531 5236 futura
1555 5182 1830 5252 praedesti-

263 5270 430 5335 navit,
473 5271 726 5342 quidquid
766 5271 999 5326 facturus
1022 5279 1120 5331 est,
1149 5269 1273 5325 fecit
1301 5289 1314 5325 :
1339 5287 1459 5325 nam
1489 5282 1543 5327 et
1569 5289 1662 5343 per
1707 5289 1832 5344 pro-

263 5359 464 5429 phetam
502 5365 701 5419 dictum
727 5363 793 5419 de
835 5364 926 5419 illo
949 5372 1029 5419 est
1049 5405 1065 5430 ,
1096 5362 1197 5430 Qui
1229 5365 1347 5435 fecit
1373 5380 1488 5435 quae
1514 5369 1690 5438 futura
1710 5378 1829 5424 sunt

264 5448 408 5516 (isai.
430 5469 559 5519 ην,
585 5455 673 5518 ll,
701 5470 800 5508 sec.
834 5451 1021 5525 LXX).

332 5545 384 5600 5ο
409 5548 706 5606 Secundum
759 5549 861 5604 hoc
891 5551 1052 5606 etiam
1098 5553 1238 5622 quod
1279 5555 1516 5624 sequitur
1557 5555 1687 5610 dicit
1716 5571 1730 5608 :
1760 5554 1828 5610 Et

266 5653 395 5692 me
413 5641 634 5711 sacriﬁca
655 5658 736 5696 me
754 5651 808 5696 tu
823 5685 838 5710 ,
864 5641 1038 5708 Pater,
1067 5645 1205 5713 apud
1226 5646 1536 5715 temetipsum
1557 5687 1572 5712 ,
1605 5647 1830 5702 claritate

267 5748 412 5800 quam
449 5737 636 5804 habui,
666 5738 958 5808 priusquam
986 5737 1200 5791 mundus
1222 5747 1347 5792 esset
1371 5780 1384 5803 ,
1429 5739 1570 5809 apud
1598 5749 1663 5793 te.
1698 5739 1827 5796 Nam

271 5836 423 5892 supra
440 5827 660 5892 dixerat,
685 5827 858 5895 Pater,
886 5830 1014 5882 venit
1033 5829 1177 5894 hora,
1203 5831 1428 5899 clari/ica
1454 5831 1646 5885 Filium
1667 5842 1825 5898 tuum,

276 5922 325 5964 ut
356 5913 512 5970 Filius
541 5928 648 5972 tuus
679 5919 917 5988 clari/ictu
947 5931 992 5975 te
1030 5937 1048 5974 :
1081 5921 1133 5977 in
1176 5937 1281 5991 quo
1324 5924 1604 5980 verborum
1643 5923 1831 5980 ordine

1357 492 1765 553 TRACTATUS
1804 489 1919 548 CV.
1958 493 2185 555 CAPUT
2226 498 2387 557 XVII.

3341 506 3482 564 {906

1912 611 2219 669 ostenderat
2237 615 2382 684 prius
2405 629 2436 670 a
2455 615 2613 672 Patre
2631 616 3026 674 clariﬁcandum
3044 618 3236 677 Filium
3257 659 3274 687 ,
3301 627 3359 675 ut
3383 621 3494 678 Pa-

1914 709 2047 758 trem
2073 704 2388 762 claritlcaret
2432 707 2616 763 Filius.
2655 708 2811 764 Modo
2851 718 3028 766 autem
3070 711 3240 777 dixit,
3283 711 3397 784 Ego
3445 723 3495 770 te

1913 795 2187 862 clariﬁcavi
2213 815 2363 868 super
2391 808 2576 854 terram
2599 843 2614 867 ,
2646 818 2774 872 opus
2795 803 3132 857 consummavi
3151 803 3285 870 quod
3307 804 3495 860 dedisti

1915 888 2038 941 mihi
2064 898 2119 942 ut
2154 889 2340 957 faciam
2369 907 2388 944 :
2409 901 2458 946 et
2482 908 2614 946 nunc
2654 891 2879 962 clari/ica
2919 911 3038 960 me;
3070 905 3316 964 tanquam
3346 895 3492 965 prior

1914 977 2030 1048 ipse
2053 979 2262 1036 Patrem
2288 982 2673 1050 clariﬁcaverit,
2697 999 2726 1038 a
2753 1000 2858 1054 quo
2877 983 3070 1041 deinde
3090 993 3149 1040 ut
3175 985 3493 1042 clariﬁcetur

1915 1072 2173 1141 exposcit.
2203 1073 2341 1143 Ergo
2369 1074 2766 1146 intelligendum
2793 1086 2874 1132 est
2898 1086 3122 1146 utroque
3149 1078 3312 1132 verbo
3329 1093 3492 1149 supe-

1915 1164 2030 1219 rius
2055 1179 2208 1220 usum
2236 1168 2526 1223 secundum
2552 1169 2602 1222 id
2633 1169 2772 1239 quod
2801 1170 3028 1226 futurum
3049 1179 3184 1236 erat,
3212 1187 3382 1243 eoque
3405 1187 3496 1228 or—

1915 1253 2040 1310 dine
2067 1270 2173 1324 quo
2202 1257 2432 1312 futurum
2459 1268 2574 1314 erat
2596 1301 2612 1324 ,
2638 1259 2877 1330 Ctari/ica
2901 1259 3096 1316 Filium
3113 1305 3128 1329 ,
3156 1273 3212 1317 ut
3228 1273 3275 1317 te
3301 1263 3494 1332 clari/io

1916 1354 1994 1397 cet
2033 1343 2200 1401 Filius
2230 1365 2248 1402 :
2275 1348 2433 1402 modo
2475 1365 2604 1404 vero
2649 1366 2800 1405 usum
2831 1352 2994 1408 fuisse
3037 1354 3200 1408 verbo
3242 1355 3496 1422 pmteriti

1918 1438 2174 1506 temporis
2193 1438 2259 1492 de
2279 1454 2338 1493 re
2369 1438 2562 1506 futura,
2595 1441 2681 1496 ubi
2709 1441 2803 1508 ait,
2832 1441 2944 1513 Ego
2970 1453 3016 1496 te
3039 1443 3314 1513 clariﬁcavi
3342 1460 3496 1515 super

1919 1535 2102 1580 terram
2124 1568 2139 1589 ,
2179 1543 2306 1596 opus
2329 1532 2669 1585 consummavi
2691 1533 2826 1602 quod
2851 1533 3032 1588 dedisti
3056 1534 3178 1587 mihi
3206 1544 3259 1588 ut
3286 1537 3494 1603 faciam.

1919 1616 2123 1674 Deinde
2149 1620 2373 1675 dicendo
2393 1662 2406 1686 ,
2435 1620 2503 1674 Et
2524 1640 2656 1676 nunc
2673 1626 2899 1694 clari/ica
2926 1643 3004 1680 me
3040 1636 3122 1692 tu,
3149 1625 3326 1694 Pater,
3355 1630 3496 1699 apud

1921 1711 2231 1780 temetipsum
2251 1752 2265 1776 ,
2293 1712 2443 1782 quasi
2474 1715 2735 1782 posterius
2764 1725 2906 1770 esset
2929 1717 3294 1773 elarilicandus
3316 1732 3347 1773 a
3391 1719 3496 1774 Pa-

1919 1808 2020 1864 tre,
2047 1817 2202 1870 quem
2231 1803 2378 1871 prins
2398 1803 2512 1872 ipse
2541 1804 2950 1869 elarilicaverat;
2973 1806 3096 1875 quid
3118 1808 3371 1874 ostendit,
3394 1807 3499 1863 nisi

1919 1893 2164 1960 superius
2207 1892 2292 1946 ubi
2332 1893 2442 1956 ait,
2475 1893 2588 1964 Ego
2615 1903 2661 1947 te
2692 1895 2969 1963 clariﬁcavi
2993 1913 3144 1966 super
3179 1889 3398 1965 terram,
3426 1899 3498 1953 ita

1919 1980 2150 2034 locutum
2177 1996 2235 2036 se
2263 1982 2451 2046 fuisse,
2483 1994 2730 2053 tanquam
2761 1984 2970 2042 iecisset
2994 1985 3134 2055 quod
3151 1986 3383 2044 facturus
3408 2005 3499 2045 es-

1920 2079 2022 2131 set;
2059 2070 2143 2124 lnic
2165 2081 2342 2126 autem
2366 2076 2674 2142 poposcisse
2714 2085 2771 2130 ut
2798 2076 2952 2131 Pater
2978 2076 3203 2144 iaceret,
3234 2093 3329 2149 per
3356 2079 3500 2151 quod

1920 2158 2048 2214 illud
2080 2159 2245 2215 Filius
2273 2161 2503 2218 facturus
2532 2174 2695 2230 esset,
2720 2165 2773 2218 id
2800 2175 2901 2231 est,
2926 2176 2980 2221 ut
3008 2167 3166 2223 Pater
3187 2169 3503 2226 clariﬁcaret

1921 2250 2113 2306 Filium
2137 2292 2151 2317 ,
2185 2267 2278 2322 per
2323 2269 2480 2323 quam
2525 2255 2645 2310 Filii
2690 2257 3118 2314 clariﬁcationem
3148 2260 3306 2314 etiam
3336 2260 3503 2316 Filius

1922 2343 2304 2399 clariﬁeaturus
2329 2354 2473 2400 esset
2494 2347 2729 2401 Patrem?
2756 2348 2995 2419 Denique
3018 2351 3062 2403 si
3091 2349 3157 2404 de
3186 2366 3244 2406 re
3271 2367 3393 2421 qua:
3420 2350 3502 2406 Ῑιιο

1924 2445 2039 2490 tura
2068 2444 2215 2501 erat,
2259 2451 2515 2506 ponamus
2554 2439 2716 2493 etiam
2755 2438 2914 2494 futuri
2957 2443 3208 2510 temporis
3237 2442 3456 2498 verbum
3481 2485 3497 2506 ,

1922 2528 2011 2582 ubi
2042 2544 2139 2599 pro
2165 2538 2405 2600 tempore
2432 2531 2610 2586 futuro
2636 2531 2812 2601 posuit
2839 2533 2953 2602 ipse
2979 2535 3300 2603 przeteritum
3317 2576 3334 2601 ,
3358 2536 3500 2590 nulla

1923 2622 2200 2676 sementim
2243 2623 2539 2678 remanebit
2580 2623 2876 2680 obscuritas
2925 2643 2938 2677 :
2985 2625 3148 2680 veluti
3175 2625 3220 2680 si
3246 2625 3501 2694 dixisset,

1922 2711 2038 2782 Ego
2067 2721 2118 2766 te
2154 2712 2457 2768 clarificabo
2498 2727 2659 2784 super
2684 2722 2882 2769 terram
2901 2757 2916 2779 ,
2944 2730 3078 2786 opus
3123 2716 3505 2774 consummabo

1923 2804 2064 2873 quod
2083 2803 2275 2859 dedisti
2302 2805 2432 2860 mihi
2452 2815 2509 2860 ut
2535 2803 2725 2861 faciam
2756 2824 2770 2860 :
2798 2815 2854 2862 et
2872 2822 3012 2862 nunc
3043 2807 3273 2862 clariﬁca
3301 2823 3388 2863 me
3411 2816 3466 2864 tu
3485 2849 3502 2875 ,

1924 2895 2102 2960 Pater,
2139 2895 2277 2964 apud
2309 2896 2666 2966 temetipsum.
2697 2895 2898 2967 Nempe
2917 2897 2988 2952 ita
3018 2897 3231 2966 planum
3257 2905 3369 2963 est,
3397 2898 3505 2953 sic-

1926 2997 1984 3042 ut
2029 2988 2156 3042 illud
2201 2989 2290 3044 ubi
2338 2990 2448 3055 ait,
2495 2989 2732 3058 Clari/ica
2777 2988 2972 3046 Filium
3015 2999 3194 3056 tuum,
3237 2999 3294 3044 ut
3339 2988 3508 3044 Filius

1927 3089 2043 3135 tuus
2071 3082 2312 3150 clarificet
2339 3089 2387 3136 te
2427 3098 2446 3136 :
2483 3091 2537 3137 et
2557 3082 2670 3152 ipsa
2713 3091 2794 3138 est
2819 3083 3038 3140 omnino
3064 3084 3328 3139 sententia
3349 3124 3365 3151 ,
3401 3082 3508 3140 nisi

1926 3171 2047 3241 quia
2078 3179 2133 3226 et
2156 3172 2242 3226 hic
2269 3171 2441 3226 dictus
2465 3180 2549 3227 est
2576 3172 2814 3242 ejusdem
2846 3172 3243 3229 clariﬁeationis
3273 3173 3466 3230 modus
3486 3215 3504 3242 ,

1926 3264 2000 3320 ibi
2024 3272 2198 3319 autem
2227 3264 2452 3329 tacitus;
2487 3272 2734 3336 tanquam
2775 3264 2904 3320 illud
2927 3265 3030 3320 isto
3049 3274 3406 3335 exponeretur
3428 3267 3510 3322 eis

1928 3368 2063 3424 quos
2086 3363 2294 3424 poterat
2319 3370 2662 3425 permovere,
2694 3355 2960 3428 quomodo
2985 3356 3145 3412 Pater
3183 3356 3406 3425 Filium,
3452 3365 3510 3413 et

1929 3447 2160 3502 maxime
2189 3448 2456 3518 quomodo
2478 3449 2689 3506 Patrem
2735 3450 3050 3506 clarificaret
3097 3459 3152 3506 et
3197 3450 3382 3507 Filius.
3411 3452 3508 3507 Di-

1928 3538 2098 3593 cendo
2128 3539 2270 3593 enim
2299 3539 2575 3594 clariﬁcari
2603 3555 2633 3594 a
2658 3555 2716 3595 se
2745 3540 2955 3596 Patrem
2981 3557 3141 3611 super
3167 3549 3362 3596 terram
3387 3582 3403 3606 ,
3447 3557 3510 3598 se

1927 3638 2102 3684 autem
2127 3644 2156 3681 a
2206 3630 2361 3685 Patre
2387 3629 2525 3700 apud
2553 3631 2798 3686 eumdem
2846 3631 3055 3686 Patrem
3075 3673 3090 3698 ,
3133 3630 3346 3686 modum
3377 3645 3506 3700 pro-

1929 3719 2066 3774 fecto
2104 3720 2380 3791 utriusque
2430 3721 2822 3777 clariﬁcationis
2864 3722 3112 3778 ostendit.
3154 3721 3270 3792 lpse
3313 3723 3509 3795 quippe

1927 3813 2137 3866 Patrem
2157 3813 2468 3869 clariﬁcavit
2503 3831 2663 3886 super
2693 3825 2889 3871 terram
2911 3857 2925 3883 ,
2948 3831 3068 3871 eum
3097 3815 3344 3887 gentibus
3371 3831 3510 3887 pra:-

1927 3904 2173 3969 dicando;
2197 3905 2354 3961 Pater
2377 3921 2504 3960 vero
2524 3908 2694 3977 ipsum
2716 3908 2856 3977 apud
2880 3909 3246 3979 semetipsum,
3266 3908 3334 3964 ad
3357 3922 3507 3963 suam

1929 3997 2199 4053 dexteram
2229 3999 2560 4054 collocando.
2589 3999 2693 4054 Sed
2719 3999 2839 4054 ideo
2863 4007 3046 4070 postea
3074 3999 3141 4055 de
3167 3999 3509 4056 elaritieando

1928 4089 2084 4144 Patre
2104 4089 2192 4144 ubi
2215 4089 2310 4156 ait,
2333 4089 2440 4160 Ego
2469 4098 2516 4143 te
2543 4089 2835 4158 clariﬁcaci,
2853 4090 3071 4143 verbum
3093 4089 3344 4158 praeteriti
3367 4097 3506 4144 tem-

1928 4181 2073 4250 poris
2098 4196 2296 4250 ponere
2316 4179 2518 4243 maluit,
2537 4187 2596 4233 ut
2614 4186 2936 4234 monstraret
2961 4178 3012 4232 in
3042 4177 3508 4249 prmdestinatione

1924 4271 2032 4342 jam
2063 4273 2254 4325 factum
2280 4313 2294 4337 ,
2328 4278 2383 4324 et
2406 4285 2502 4340 pro
2523 4270 2632 4340 jam
2659 4269 2798 4324 facto
2826 4268 3125 4323 habendum
3151 4267 3293 4337 quod
3319 4267 3508 4322 certis-

1929 4365 2062 4419 sime
2091 4364 2261 4418 fuerat
2295 4364 2524 4430 luturum
2548 4378 2562 4428 ;
2592 4362 2643 4417 id
2673 4371 2774 4428 est,
2805 4370 2864 4417 ut
2890 4377 2920 4416 a
2946 4362 3102 4416 Patre
3124 4359 3263 4432 apud
3295 4361 3504 4416 Patrem

1927 4455 2284 4524 gloriﬁcatus,
2343 4454 2552 4508 Patrem
2605 4467 2764 4523 super
2813 4461 3008 4508 terram
3068 4451 3388 4523 gloriﬁcaret
3455 4461 3510 4507 et

1930 4545 2113 4600 Filius.

2002 4636 2054 4690 6.
2083 4635 2186 4690 Sed
2217 4636 2350 4690 hanc
2376 4635 2889 4704 praedestinationem
2921 4636 2974 4690 in
3013 4649 3108 4690 sua
3131 4633 3508 4691 clariﬁcatione

1931 4727 2258 4801 manifestius
2284 4728 2512 4797 aperuit,
2544 4741 2644 4796 qua
2673 4742 2792 4782 eum
2820 4727 3128 4782 clariﬁcavit
3153 4726 3330 4793 Pater,
3357 4726 3411 4781 in
3439 4741 3508 4782 eo

1929 4818 2073 4888 quod
2099 4818 2339 4887 adjunxit
2361 4859 2377 4883 ,
2405 4816 2647 4872 Claritate
2676 4834 2827 4888 quam
2851 4817 3023 4883 habui,
3047 4818 3335 4886 priusquam
3356 4833 3506 4870 mun-

1931 4911 2025 4964 dus
2053 4920 2203 4978 esset,
2234 4911 2373 4980 apud
2401 4919 2464 4963 te.
2511 4908 2653 4964 Ordo
2696 4911 2976 4963 verborum
3019 4917 3140 4974 est,
3167 4924 3316 4977 quam
3356 4907 3511 4961 habui

1931 5004 2067 5071 apud
2098 5011 2144 5054 te
2163 5042 2177 5066 ,
2206 5002 2498 5070 priusquam
2517 4999 2734 5053 mundus
2761 5007 2904 5052 esset.
2931 4999 3011 5053 Ad
3042 4998 3146 5053 hoc
3183 4997 3324 5054 valet
3363 4997 3508 5068 quod

1931 5095 2042 5161 ait,
2083 5093 2151 5147 Et
2173 5110 2304 5146 nunc
2329 5092 2554 5162 clari/ica
2581 5106 2698 5154 me;
2721 5093 2821 5145 hoc
2845 5099 2947 5158 est,
2978 5091 3116 5145 sicut
3141 5099 3302 5157 tunc,
3342 5091 3414 5145 ita
3451 5099 3510 5145 et

1932 5199 2107 5249 nunc;
2136 5184 2273 5238 sicut
2302 5192 2425 5237 tunc
2451 5181 2912 5253 praedestinatione
2936 5223 2952 5248 ,
2984 5182 3055 5236 ita
3078 5190 3133 5237 et
3161 5196 3303 5237 nunc
3330 5180 3507 5252 perle-

1930 5279 2105 5333 ctione
2131 5295 2144 5329 :
2178 5277 2259 5331 {ac
2292 5277 2344 5330 in
2376 5275 2572 5330 mundo
2594 5317 2610 5341 ,
2641 5274 2783 5346 quod
2811 5275 2949 5345 apud
2975 5285 3027 5331 te
3051 5275 3160 5345 jam
3189 5277 3357 5329 fuerat
3383 5281 3508 5328 ante

1931 5369 2206 5431 mundum;
2238 5368 2320 5423 fac
2349 5369 2400 5422 in
2430 5382 2529 5422 suo
2560 5375 2826 5437 tempore,
2853 5366 2995 5438 quod
3021 5374 3143 5420 ante
3165 5363 3341 5418 omnia
3372 5371 3508 5416 tem-

1931 5477 2059 5533 pora
2086 5460 2336 5516 statuisti.
2364 5459 2477 5514 Hoc
2525 5458 2737 5530 quidam
2778 5459 2856 5513 sic
2903 5454 3301 5525 intelligendum
3348 5462 3504 5522 puta-

1931 5564 2088 5621 runt,
2127 5562 2373 5623 tanquam
2422 5561 2607 5607 natura
2651 5551 2879 5605 humana
2906 5563 3023 5618 quas
3067 5554 3309 5616 suscepta
3339 5553 3422 5599 est
3471 5561 3502 5600 a

1933 5647 2128 5712 Verbo,
2151 5653 2552 5700 converteretur
2579 5644 2632 5697 in
2659 5642 2887 5697 Verbum
2905 5679 2921 5703 ,
2949 5647 3002 5692 et
3026 5637 3187 5690 homo
3212 5643 3507 5690 mutaretur

1933 5739 1984 5794 in
2017 5737 2186 5792 Deum
2212 5754 2226 5802 ;
2253 5738 2360 5792 imo
2381 5777 2397 5801 ,
2421 5735 2465 5790 si
2493 5733 2795 5803 diligentius
2818 5727 2959 5800 quod
2983 5726 3182 5797 opinati
3210 5734 3335 5782 sunt
3361 5726 3509 5796 cogi-

1934 5839 2102 5883 temus
2124 5868 2139 5894 ,
2173 5829 2332 5882 homo
2357 5824 2554 5896 periret
2581 5823 2633 5875 in
2665 5820 2796 5876 Deo.
2825 5818 2936 5873 Non
2959 5815 3102 5871 enim
3129 5817 3406 5889 quisquam
3436 5832 3502 5872 ex

1938 5922 2036 5977 ista
2062 5919 2354 5974 mutatione
2377 5914 2605 5970 hominis
2630 5912 2713 5966 vel
2738 5907 2994 5980 duplicari
3020 5906 3118 5964 Dei
3146 5908 3376 5965 Verbum
3417 5907 3504 5962 di-
