3994 6362
477 437 618 498 ιοοτ

475 562 658 609 cturus
699 558 821 616 est,
868 548 952 606 vel
995 547 1214 619 augeri,
1246 555 1303 600 ut
1341 553 1430 601 aut
1459 544 1566 598 duo
1592 543 1698 597 sint
1726 539 1866 612 quod
1896 551 2058 592 unum

475 641 605 708 fuit,
628 649 718 696 aut
741 639 967 709 amplius
998 638 1066 693 sit
1094 636 1233 708 quod
1263 637 1438 691 minus
1460 634 1574 689 fuit.
1605 625 1773 688 Porro
1799 629 1842 684 si
1874 637 2060 684 natura

475 737 706 792 humana
736 736 786 789 in
817 733 1045 788 Verbum
1085 739 1283 786 mutata
1323 737 1483 800 atque
1509 743 1768 783 conversa
1788 767 1803 790 ,
1827 723 2061 779 Verbum

477 827 573 885 Dei
603 836 856 899 quanlum
885 831 1001 882 erat
1023 831 1079 881 et
1097 821 1240 896 quod
1269 829 1385 879 eral
1414 819 1514 876 hoc
1537 819 1660 886 erit,
1684 819 1771 874 ubi
1795 825 1878 874 est
1903 815 2064 871 homo

474 917 518 974 sl
550 934 656 974 non
694 915 865 989 perit?

547 1007 602 1066 7.
651 1007 757 1065 Sed
786 1006 852 1063 ad
881 1005 1014 1062 banc
1046 1004 1349 1075 opinionem
1375 1045 1391 1070 ,
1423 1016 1580 1072 quam
1612 997 1816 1055 veritati
1847 1011 2064 1068 prorsus

479 1116 585 1156 non
613 1099 768 1156 video
787 1099 1098 1162 convenire,
1123 1095 1257 1150 nihil
1281 1108 1378 1148 nos
1403 1100 1571 1162 urget,
1602 1091 1645 1144 si
1672 1087 1808 1143 Filio
1829 1087 2060 1151 dicente,

484 1193 550 1247 Et
570 1209 701 1247 nunc
719 1187 944 1258 clari/ica
963 1205 1040 1242 me
1058 1200 1139 1251 tu,
1177 1186 1350 1252 Pater,
1371 1183 1509 1254 apud
1533 1183 1843 1252 temetipsum
1867 1221 1881 1245 ,
1913 1179 2067 1233 clari-

483 1293 584 1338 tate
601 1300 752 1351 quam
781 1279 952 1347 habui,
977 1284 1267 1352 priusquam
1296 1275 1512 1330 mundus
1533 1284 1675 1339 esset,
1702 1272 1840 1344 apud
1871 1284 1916 1330 te
1940 1314 1953 1335 ,
1985 1271 2069 1326 in-

484 1375 784 1445 telligamus
816 1371 1330 1443 pratdestinalionem
1361 1367 1615 1422 claritatis
1664 1363 1909 1418 humanae
1947 1364 2066 1433 qure

484 1466 539 1522 in
569 1467 662 1521 illo
687 1476 766 1520 est
791 1475 1010 1526 naturae,
1035 1467 1101 1516 ex
1124 1460 1330 1515 mortali
1358 1457 1673 1513 immortalis
1693 1451 1828 1525 apud
1854 1455 2067 1509 Patrem

483 1556 693 1617 futurae;
725 1563 779 1610 et
810 1555 908 1609 boc
929 1555 1038 1624 jam
1064 1550 1489 1624 przedestinando
1521 1549 1714 1606 factum
1740 1547 1900 1601 fuisse
1921 1554 2069 1602 ante-

482 1661 640 1722 quam
681 1647 908 1702 mtmdus
935 1657 1114 1712 esset,
1141 1643 1283 1716 quod
1311 1645 1361 1698 in
1400 1643 1595 1697 mundo
1621 1641 1780 1696 etiam
1810 1654 1906 1693 suo
1937 1650 2069 1692 tem-

482 1757 614 1814 pore
643 1741 810 1796 fleret.
843 1739 898 1795 Si
929 1739 1069 1791 enim
1099 1737 1166 1792 de
1193 1735 1348 1791 nobis
1382 1733 1514 1788 dixit
1558 1731 1841 1801 Apostolus
1869 1772 1884 1796 ,
1924 1727 2071 1784 Sicut

484 1831 632 1904 elegit
661 1849 752 1885 nos
782 1833 832 1884 in
859 1831 968 1901 ipso
1003 1840 1118 1883 ante
1142 1827 1316 1881 mundi
1341 1825 1733 1881 constitutione»:
1762 1824 1974 1896 (Epltes.
2008 1840 2024 1878 1
2048 1865 2064 1890 ,

488 1919 570 1994 ι);
597 1937 694 1976 cur
720 1919 1011 1976 abhorrere
1043 1928 1252 1988 putatur
1276 1936 1304 1970 a
1334 1934 1480 1985 vero,
1513 1919 1555 1970 si
1589 1928 1709 1971 tunc
1732 1917 1888 1970 Pater
1913 1922 2074 1984 caput

488 2024 730 2070 nostrum
750 2011 1095 2082 glorificavit,
1125 2009 1335 2080 quando
1362 2024 1459 2065 nos
1489 2009 1542 2062 in
1570 2010 1718 2077 ipso,
1750 2018 1806 2062 ιιι
1833 2007 2071 2062 membra

485 2103 604 2178 ejus
628 2118 871 2158 essemus
895 2144 910 2168 ,
937 2101 1130 2172 elegit?
1160 2102 1249 2157 Sic
1277 2099 1416 2154 enim
1446 2114 1542 2153 nos
1567 2099 1720 2153 electi
1745 2140 1760 2165 ,
1805 2097 2072 2168 quomodo

488 2197 604 2268 ipse
631 2194 951 2250 clarificalus
975 2208 988 2256 ;
1016 2194 1136 2263 quia
1167 2191 1465 2261 priusquam
1494 2189 1722 2244 mundus
1752 2199 1927 2258 esset,
1974 2205 2076 2246 nec

489 2301 591 2341 nos
614 2299 845 2349 eramus,
869 2300 967 2340 nec
993 2284 1104 2352 ipse
1131 2281 1387 2336 mediator
1412 2282 1504 2337 Dei
1527 2292 1578 2336 et
1610 2279 1880 2334 hominum
1913 2280 2075 2336 homo

489 2375 732 2431 Christus
760 2373 914 2430 Jesus
954 2374 995 2445 (I
1026 2371 1158 2428 Tim.
1196 2390 1231 2429 ll
1251 2415 1264 2438 ,
1296 2374 1371 2444 5).
1401 2372 1504 2428 Sed
1545 2373 1630 2426 ille
1658 2373 1744 2443 qui
1775 2389 1872 2442 per
1902 2372 2074 2443 ipsum

491 2467 545 2522 ln
571 2477 824 2538 quantum
857 2461 1085 2520 Verbum
1115 2464 1229 2534 ejus
1260 2473 1371 2529 est,
1401 2464 1560 2519 etiam
1588 2480 1701 2535 qua:
1745 2468 1916 2535 futura
1960 2474 2076 2519 sunt

494 2556 610 2630 fecit
632 2599 648 2623 ,
691 2566 745 2613 et
788 2566 928 2612 vocat
954 2572 1013 2611 ea
1039 2571 1150 2623 quae
1177 2571 1274 2608 non
1304 2564 1459 2622 sunt,
1492 2564 1730 2626 tanquam
1772 2555 1869 2607 sint
1900 2551 2073 2627 (Rom.

493 2661 582 2717 tv,
613 2649 699 2720 l7)
726 2665 740 2713 ;
770 2647 1008 2720 profecto
1035 2646 1327 2701 secundum
1358 2645 1406 2700 id
1435 2646 1575 2718 quod
1611 2644 1870 2700 mediator
1900 2643 1995 2699 Dei
2026 2656 2079 2702 et

497 2739 770 2795 hominum
811 2737 970 2792 homo
999 2747 1080 2794 est
1103 2780 1116 2803 ,
1168 2747 1291 2792 ante
1321 2735 1500 2794 mundi
1527 2738 1958 2794 constitutionem
1985 2755 2079 2808 pro

499 2832 653 2887 nobis
683 2831 825 2887 Deus
865 2831 1021 2886 Pater
1056 2830 1370 2900 glorificavit
1421 2831 1591 2900 ipsum
1620 2872 1635 2897 ,
1675 2831 1719 2884 si
1770 2840 1893 2884 tunc
1921 2829 2084 2901 elegit

498 2925 656 2984 etiam
681 2943 778 2980 nos
818 2924 869 2979 in
899 2924 1033 2993 ipso.
1065 2919 1198 2992 Quid
1230 2923 1372 2978 enim
1400 2922 1525 2977 dicit
1564 2922 1881 2993 Apostolus?
1916 2942 1934 2975 ι
1967 2921 2082 2978 Sci-

499 3033 620 3075 mus
639 3025 814 3072 autem
841 3018 1089 3086 quoniam
1117 3013 1454 3086 diligentibus
1485 3013 1651 3071 Deum
1681 3016 1854 3070 omnia
1883 3031 2082 3087 coope-

501 3119 685 3165 rantur
723 3110 776 3162 in
802 3107 996 3162 bonum
1018 3149 1033 3173 ,
1067 3106 1148 3160 his
1179 3105 1268 3177 qui
1311 3105 1605 3160 secundum
1637 3106 1963 3178 propositum
1993 3122 2088 3162 vo.

503 3201 604 3258 cati
631 3209 774 3256 sunt.
793 3200 937 3270 Quos
962 3201 1101 3253 enim
1138 3197 1401 3268 praescivit
1421 3240 1434 3264 ,
1461 3206 1516 3252 et
1543 3198 1935 3268 praedestinavit
1956 3213 2086 3254 con-

504 3285 701 3350 formes
728 3292 842 3347 fleri
880 3291 1121 3361 imaginis
1153 3289 1271 3345 Filii
1300 3289 1414 3360 ejus
1437 3333 1450 3356 ,
1484 3300 1539 3344 ut
1567 3291 1636 3344 sit
1665 3290 1779 3359 ipse
1820 3290 2085 3362 primoge-

506 3387 651 3443 nitus
682 3387 732 3440 in
766 3388 946 3442 multis
975 3388 1224 3442 fratribus
1249 3407 1262 3440 :
1290 3403 1423 3456 quos
1453 3395 1627 3442 autem
1653 3386 2042 3459 praedestinavit
2067 3427 2083 3454 ,

506 3477 626 3534 illos
653 3487 705 3533 et
733 3480 936 3534 vocavit
969 3499 987 3532 ι
1015 3477 1124 3551 (Id.
1152 3495 1245 3534 vm
1265 3521 1278 3541 ,
1306 3475 1514 3551 28-50).

579 3567 774 3626 8.‘Nisi
805 3569 942 3626 forte
969 3571 1137 3641 ipsum
1168 3569 1597 3640 przndestinatum
1628 3567 1805 3624 dicere
1834 3567 2086 3624 formida-

508 3661 702 3723 bimus.
731 3663 850 3732 quia
889 3663 956 3719 de
984 3661 1134 3717 nobis
1162 3672 1364 3717 tantum
1393 3669 1450 3715 ut
1478 3659 1769 3715 efficiamur
1789 3661 2089 3717 conformes

511 3751 754 3823 imaginis
804 3751 917 3821 ejus
936 3795 950 3818 ,
995 3753 1094 3808 ltnc
1122 3754 1320 3808 dixisse
1360 3751 1572 3806 videtur
1601 3753 1899 3822 Apostolus.
1929 3752 2089 3819 Quasi

509 3860 636 3900 vero
667 3843 943 3914 quisquam
975 3845 1204 3914 regulam
1233 3844 1353 3898 fidei
1381 3843 1606 3899 fideliter
1636 3842 1864 3906 intuens,
1899 3843 2088 3898 Filium

513 3935 607 3993 Dei
651 3945 938 4006 negaturus
981 3944 1062 3990 est
1110 3936 1541 4010 praedestinatum
1567 3979 1580 4002 ,
1627 3937 1715 4007 qui
1744 3951 1866 3991 eum
1899 3951 2090 4005 negare

513 4021 781 4083 hominem
813 4041 917 4080 non
950 4036 1142 4098 potest.
1174 4027 1336 4083 Recte
1363 4027 1557 4097 quippe
1597 4028 1788 4082 dicitur
1818 4044 1922 4082 non
1956 4045 2090 4097 przn-

509 4121 802 4177 destittatus
831 4119 1124 4176 secundum
1173 4122 1221 4175 id
1267 4119 1404 4191 quod
1439 4129 1522 4176 est
1549 4121 1779 4176 Verbum
1809 4121 1922 4188 Dei,
1957 4120 2092 4175 Deus

510 4215 648 4285 apud
680 4213 865 4271 Deum.
905 4205 1097 4284 thuid
1133 4215 1270 4269 enim
1307 4215 1790 4285 praedestinaretur,
1820 4231 1939 4270 cum
1981 4218 2089 4284 jam

511 4317 652 4362 esset
678 4307 816 4378 quod
842 4316 978 4373 erat,
1003 4307 1118 4361 sine
1137 4308 1305 4374 initio,
1335 4310 1446 4362 sine
1469 4310 1695 4363 termino
1715 4308 2093 4378 sempiternus?

514 4398 648 4451 Illud
701 4410 878 4452 autem
931 4398 1411 4467 prmdcstiuandum
1469 4411 1610 4464 erat,
1670 4401 1808 4468 quod
1859 4401 2089 4456 nondum

515 4499 647 4548 erat,
678 4498 734 4542 ut
762 4489 839 4543 sic
867 4505 962 4542 suo
992 4500 1229 4557 tempore
1261 4490 1411 4541 fieret
1432 4531 1446 4554 ,
1495 4492 1938 4558 quemadmodum
1969 4503 2092 4548 ante

517 4578 694 4633 omnia
741 4587 980 4646 tempora
1032 4577 1462 4646 praedestinatum
1503 4588 1616 4631 erat
1647 4589 1702 4632 ut
1734 4581 1900 4634 fieret.
1931 4582 2089 4647 Quis-

512 4666 633 4740 quis
677 4666 835 4737 igitur
882 4665 973 4720 Dei
1019 4665 1207 4722 Filium
1261 4667 1689 4735 prmdestinatnm
1731 4681 1907 4741 negat,
1954 4672 2092 4728 hunc

513 4757 758 4814 eumdem
791 4749 950 4812 lilittm
984 4753 1211 4812 hominis
1241 4767 1418 4830 negat.
1463 4758 1564 4814 Sed
1614 4771 1827 4829 propter
1868 4773 2090 4820 conten-

515 4851 681 4906 tiosos
727 4851 886 4906 etiam
934 4850 1055 4905 hinc
1099 4845 1372 4918 ittltlliltlllls
1414 4852 1724 4920 Apostolum
1776 4856 1823 4908 in
1875 4870 2089 4913 suarum

516 4944 734 5000 ειυηίἰο
780 4943 1117 5000 Litterarum.
1166 4944 1296 5016 Nam
1342 4955 1396 5000 et
1437 4945 1488 5000 iu
1534 4947 1700 5020 prima
1734 4947 2090 5018 Epistolarum

515 5034 650 5108 ejus,
682 5052 801 5107 qua:
829 5050 908 5092 est
935 5040 997 5093 ad
1033 5040 1314 5103 ltumanos,
1347 5049 1398 5092 et
1447 5041 1612 5109 ipsius
1664 5043 1912 5110 Epistol-e
1946 5048 2088 5113 prin-

513 5129 706 5199 cipium
736 5142 836 5193 est,
881 5132 968 5185 ubi
1004 5132 1191 5202 legitur
1225 5151 1236 5185 :
1268 5131 1464 5188 Paulus
1498 5151 1664 5189 servus
1697 5135 1820 5191 Iesu
1855 5135 2037 5192 Christi
2073 5181 2087 5206 ,

513 5230 714 5276 vocatus
738 5219 1023 5291 Apostolus,
1053 5233 1335 5292 segregatus
1366 5225 1416 5277 in
1460 5223 1785 5295 Evangelium
1821 5228 1933 5291 Dei,
1957 5232 2091 5302 quod

514 5323 630 5366 ante
651 5312 948 5380 promiserat
977 5329 1065 5382 per
1090 5311 1369 5381 Prop/tetas
1395 5332 1508 5369 suos
1529 5318 1578 5370 in
1608 5318 1884 5387 Scripturis
1907 5325 2090 5379 sanctis

513 5403 575 5460 de
603 5405 735 5460 Filio
757 5407 966 5476 suo,qui
983 5407 1144 5474 {actus
1163 5414 1233 5460 est
1263 5408 1306 5458 ei
1333 5424 1393 5460 ea:
1417 5410 1599 5463 semine
1619 5409 1786 5464 David
1814 5414 2089 5468 secundum

513 5515 732 5563 carnem,
765 5500 851 5572 qui
876 5499 1257 5569 praedestinatus
1297 5511 1367 5552 est
1411 5499 1572 5554 Filius
1605 5503 1697 5555 Dei
1723 5506 1771 5556 in
1801 5507 1976 5558 virtute
2013 5523 2090 5561 se-

511 5590 730 5644 cundum
759 5589 1007 5660 Spiritum
1033 5592 1448 5659 sanctiﬁcationis
1477 5609 1538 5648 ex
1567 5599 1924 5652 resurrectione
1948 5616 2085 5652 mor-

512 5695 710 5742 tuorum
751 5683 860 5758 (Id.
890 5701 930 5751 t,
962 5687 1098 5756 1-4).
1130 5686 1428 5744 Secundum
1480 5687 1616 5744 hanc
1658 5705 1783 5760 ergo
1807 5694 2086 5762 praedesti-

513 5773 780 5836 nationem
830 5778 988 5830 etiam
1039 5777 1357 5832 clarificatus
1403 5790 1483 5835 est
1535 5788 1814 5848 antequam
1865 5783 2087 5840 mundus

513 5869 674 5930 esset,
699 5871 755 5918 ut
779 5875 920 5920 esset
944 5869 1156 5924 claritas
1180 5871 1294 5942 ejus
1336 5886 1400 5929 ex
1442 5872 1829 5930 resurrectione
1854 5882 2090 5932 mortuo-

1413 432 1480 486 lN
1519 428 1794 486 JOANNIS
1834 418 2302 492 EVANGELIUM,
2342 423 2401 480 S.
2443 427 2803 486 AUGUSTINI

3589 436 3706 498 1903

2166 551 2284 590 rum
2331 539 2471 610 apud
2522 541 2762 609 Patrem,
2807 543 2874 598 ad
2917 544 3069 615 cujus
3110 545 3380 604 dexteram
3411 547 3572 604 sedet.
3600 550 3707 605 Cum

2168 644 2295 701 ergo
2341 631 2548 688 videret
2590 633 2728 689 illius
2772 633 3160 706 przedestinata:
3209 655 3316 694 suae
3353 640 3714 702 clariticationis

2168 723 2375 779 venisse
2395 723 2504 795 jam
2532 735 2740 797 tempus
2760 769 2776 793 ,
2807 737 2864 784 ut
2893 737 2947 784 et
2977 745 3118 783 nunc
3145 729 3294 785 fieret
3329 731 3380 786 in
3408 731 3678 790 redditione
3697 777 3711 804 ,

2169 816 2308 886 quod
2336 816 2503 873 fuerat
2529 817 2579 872 in
2601 818 3066 890 pra-destinatione
3090 822 3199 890 jam
3231 821 3446 886 factum,
3468 828 3624 880 oravit
3644 827 3715 884 di-

2169 922 2319 977 cens,
2353 907 2414 962 Et
2441 927 2572 964 nunc
2593 912 2818 984 clari/ica
2844 931 2920 967 me
2939 925 3015 980 tu,
3047 914 3219 982 Pater,
3250 917 3392 987 apud
3416 920 3716 991 temetipsum,

2168 1000 2396 1056 claritate
2424 1019 2575 1072 quam
2617 1003 2786 1069 habui,
2839 1007 3130 1082 priusquam
3171 1008 3388 1063 mundus
3429 1020 3578 1076 esset,
3603 1011 3722 1081 apud

2169 1103 2217 1148 te
2244 1111 2264 1150 :
2293 1105 2537 1165 tanquam
2563 1096 2783 1166 diceret,
2805 1099 3110 1155 Claritatem
3135 1118 3291 1172 quam
3323 1100 3480 1156 habui
3509 1104 3636 1172 apud
3660 1113 3721 1171 te,

2171 1183 2223 1243 id
2254 1197 2353 1254 est,
2389 1190 2528 1244 illam
2557 1190 2852 1247 claritatem
2879 1209 3036 1264 quant
3065 1193 3220 1248 habui
3245 1193 3386 1264 apud
3427 1202 3478 1249 te
3515 1195 3566 1249 in
3601 1211 3720 1265 pra:-

2171 1275 2521 1336 destinutione
2544 1292 2650 1347 tua,
2676 1290 2881 1356 tempus
2901 1295 2981 1340 est
3005 1295 3061 1340 ut
3089 1284 3230 1354 apud
3259 1294 3311 1341 te
3343 1283 3560 1346 habeam
3584 1288 3720 1346 etiam

2174 1374 2359 1428 vivens
2390 1375 2440 1428 in
2469 1376 2685 1432 dextera
2716 1386 2822 1432 tua.
2872 1375 2974 1434 Sed
3023 1377 3274 1448 quoniam
3323 1377 3416 1438 ditt
3461 1393 3556 1434 nos
3582 1379 3726 1442 tenuit

2173 1461 2329 1534 hujus
2357 1465 2616 1521 discussit)
2642 1469 2970 1537 qumstionis,
2999 1469 3105 1526 alio
3143 1485 3264 1541 qua
3301 1481 3592 1545 sequuntur
3611 1483 3721 1541 see

2172 1570 2332 1610 mone
2359 1553 2630 1612 tractanda
2658 1567 2802 1614 sunt.

2671 1689 3078 1750 TRACTATUS
3123 1689 3258 1751 CVI.

2175 1781 2260 1890 De.
2295 1820 2351 1858 eo
2389 1805 2525 1875 quod
2559 1795 2805 1859 Dominus
2850 1805 2987 1869 dicit,
3020 1797 3352 1860 Manifestavi
3391 1817 3577 1861 nomen
3601 1801 3724 1861 tnutn

2248 1887 2582 1960 hominibus;
2616 1897 2769 1966 usque
2793 1889 2860 1948 ad
2881 1895 2954 1962 id,
2987 1887 3048 1950 Et
3077 1893 3557 1968 credideruntquia
3586 1904 3633 1950 tu
3657 1897 3724 1950 me

2246 1981 2456 2041 misisti.
2487 1986 2614 2057 Cap.
2636 1997 2770 2052 xv",
2792 1981 2825 2057 ᾗ
2850 2027 2862 2040 .
2879 1981 2996 2044 6-8.

2251 2098 2300 2152 1.
2334 2099 2408 2154 De
2434 2098 2516 2154 his
2538 2099 2710 2154 verbis
2734 2097 2975 2168 Domini,
3005 2099 3142 2155 sicut
3166 2099 3282 2172 ipse
3311 2099 3601 2166 donaverit,
3627 2113 3723 2154 ser-

2179 2204 2336 2246 mone
2379 2190 2480 2243 isto
2525 2190 2834 2259 diSputnturi
2868 2208 3070 2258 sumus,
3114 2207 3234 2264 qua:
3285 2191 3356 2247 ita
3405 2207 3465 2248 se
3516 2191 3722 2246 habent:

2180 2273 2503 2351 Manifestavi
2549 2298 2726 2336 nomen
2763 2293 2904 2336 tuum
2935 2282 3216 2337 hominibus
3262 2300 3391 2349 quos
3430 2279 3601 2336 dedisti
3627 2278 3728 2336 mihi

2180 2367 2242 2427 de
2263 2371 2468 2426 mundo.
2500 2371 2649 2438 Quod
2679 2374 2720 2427 si
2752 2371 2819 2427 de
2848 2374 2928 2427 his
2959 2383 3163 2428 tantum
3189 2373 3323 2429 dicit
3348 2371 3610 2445 discipulis
3629 2388 3730 2428 cum

2179 2455 2372 2536 quibus
2401 2465 2650 2529 coenavit,
2680 2457 2731 2518 et
2758 2449 2823 2516 ad
2849 2480 2982 2534 quos
3003 2476 3282 2534 antequam
3315 2481 3468 2519 orare
3488 2464 3726 2536 inciperet,

2183 2565 2287 2608 tam
2317 2555 2480 2609 ntulta
2511 2556 2715 2610 locutus
2739 2565 2852 2620 est;
2887 2572 2990 2610 nou
3014 2558 3243 2628 pertinet
3271 2556 3380 2610 hoc
3397 2555 3461 2610 ad
3489 2555 3616 2608 illam
3641 2552 3730 2606 cla.

2183 2645 2550 2706 rilicationem,
2581 2647 2693 2701 sive
2745 2656 2800 2700 ut
2837 2647 2923 2699 alii
2969 2647 3292 2716 interpretati
3330 2655 3470 2713 sunt,
3504 2643 3730 2716 gloriﬁca-

2184 2737 2401 2804 tionem,
2426 2738 2494 2794 de
2523 2756 2623 2809 qua
2651 2739 2891 2808 superius
2923 2739 3252 2810 loquebatur,
3281 2756 3391 2811 qua
3421 2739 3576 2794 Filius
3597 2735 3729 2791 clari-

2187 2831 2305 2885 ficat
2330 2830 2411 2885 vel
2437 2814 2696 2902 glorificat
2723 2831 2951 2884 Patrem.
2982 2831 3186 2900 Quanta
3211 2841 3291 2885 est
3326 2830 3465 2886 enim
3494 2830 3567 2884 vel
3593 2827 3732 2898 qualis

2185 2921 2370 2994 gloria,
2395 2919 2670 2976 duodecim
2703 2923 2782 2977 vel
2812 2920 3053 2976 undecim
3079 2922 3252 2991 potius
3301 2921 3589 2976 innotuisse
3615 2934 3732 2972 tuor-

2185 2995 2418 3068 talibus?
2461 3012 2515 3068 Si
2561 3025 2738 3068 autem
2769 3013 2908 3083 quod
2936 3014 3026 3076 ait,
3063 3013 3392 3083 Manifestavi
3433 3029 3596 3067 nomen
3619 3021 3734 3063 luunt

2189 3103 2491 3172 hominibus,
2518 3122 2640 3176 quos
2668 3105 2850 3159 dediin
2871 3103 2992 3158 mihi
3019 3101 3080 3158 de
3105 3104 3324 3170 mundo,
3348 3119 3527 3158 omnes
3552 3097 3734 3169 intelligi

2194 3197 2380 3264 voluit,
2413 3197 2570 3251 etiam
2601 3199 2687 3268 qui
2717 3197 2766 3251 in
2798 3212 2919 3260 eum
2953 3194 3163 3250 fuerant
3191 3196 3453 3252 credituri
3479 3236 3493 3259 ,
3543 3194 3603 3250 ad
3642 3193 3733 3264 ejus

2192 3303 2434 3358 magnam
2463 3305 2579 3360 qua:
2607 3285 2779 3343 futura
2809 3299 2922 3344 erat
2951 3304 3017 3344 ex
3043 3285 3288 3341 omnibus
3325 3287 3560 3359 gentibus
3583 3287 3734 3342 Eccle-

2192 3381 2320 3435 siam
2340 3382 2686 3451 pertinentes,
2713 3381 2778 3436 de
2804 3397 2902 3450 qua
2933 3382 2982 3434 itt
3011 3379 3224 3435 Psalttto
3245 3381 3482 3450 canitur,
3508 3377 3565 3432 In
3591 3375 3734 3432 Eccle-

2192 3466 2268 3524 sia
2296 3487 2480 3543 magna
2507 3471 2778 3541 confitebor
2807 3467 2892 3524 tibi
2919 3468 3086 3545 (Psal.
3119 3485 3292 3534 xxnv,
3338 3471 3460 3544 l8);
3497 3477 3574 3524 est
3611 3469 3734 3538 plane

2194 3559 2293 3616 ista
2320 3563 2625 3618 clariftcatio
2653 3579 2752 3634 qua
2782 3562 2942 3617 Filius
2969 3563 3222 3618 clarilicat
3249 3562 3486 3626 Patrem,
3507 3577 3616 3616 cum
3640 3559 3734 3628 ejus

2194 3673 2387 3713 nomen
2438 3667 2618 3711 notum
2661 3657 2784 3711 facit
2811 3657 3055 3711 omnibus
3079 3656 3358 3728 gentibus,
3384 3667 3437 3714 et
3464 3666 3565 3712 tam
3590 3655 3734 3710 multis

2194 3750 2625 3830 generationibus
2663 3751 2954 3806 hominum.
2994 3749 3059 3805 Et
3090 3749 3191 3804 tale
3221 3758 3308 3808 est
3350 3753 3451 3806 hoc.
3489 3747 3617 3820 quod
3641 3745 3733 3808 ait.

2199 3842 2518 3914 Mani/estaui
2546 3859 2722 3896 nomen
2749 3853 2886 3894 tuum
2922 3841 3238 3907 hominibus,
3278 3858 3409 3910 quos
3437 3838 3606 3894 dedisti
3637 3835 3734 3888 mihi

2197 3935 2259 3990 de
2285 3935 2489 3999 mundo,
2523 3934 2677 4005 quale
2720 3933 2848 3986 illud
2893 3932 3032 4006 quod
3074 3932 3229 4001 paulo
3254 3943 3384 3987 ante
3410 3932 3617 3994 dixerat,
3649 3926 3734 3997 Ego

2198 4039 2244 4084 te
2267 4029 2540 4096 clariﬁcari
2566 4042 2712 4095 super
2741 4036 2923 4079 terram
2951 4023 3126 4094 (Joan.
3153 4039 3279 4087 xvu,
3300 4024 3395 4097 4);
3425 4039 3514 4093 pro
3535 4031 3734 4090 tempore

2197 4122 2372 4178 futuro
2395 4131 2448 4176 et
2478 4122 2586 4176 illic
2616 4131 2668 4174 et
2695 4119 2781 4174 hic
2811 4120 3130 4188 praeteritum
3156 4133 3384 4186 ponens,
3406 4118 3535 4171 sicut
3553 4113 3630 4184 qui
3652 4109 3734 4166 sci-

2199 4225 2277 4272 ret
2305 4215 2733 4284 praedestinatum
2761 4228 2877 4266 esse
2908 4221 2963 4264 ut
2989 4210 3038 4264 id
3062 4213 3228 4272 tieret,
3261 4220 3318 4264 et
3348 4210 3465 4264 ideo
3485 4207 3654 4263 fecisse
3673 4200 3735 4258 di-

2198 4324 2326 4365 cens
2353 4323 2409 4361 se
2438 4307 2576 4379 quod
2608 4315 2720 4360 erat
2750 4306 2862 4360 sine
2894 4305 2993 4357 ulla
3020 4302 3350 4357 dubitatione
3379 4302 3641 4357 facturus.-

2268 4403 2319 4456 2.
2355 4401 2458 4455 Sed
2488 4401 2554 4456 de
2581 4399 2663 4454 his
2691 4399 2780 4469 qui
2803 4399 2911 4466 jam
2938 4407 3088 4452 erant
3117 4396 3360 4465 discipuli
3386 4395 3500 4465 ejus
3521 4435 3535 4458 ,
3566 4405 3656 4446 non
3680 4387 3732 4442 de

2199 4495 2443 4550 omnibus
2469 4493 2557 4561 qui
2590 4494 2643 4545 in
2683 4491 2828 4544 illunt
2878 4489 3082 4543 fuerant
3121 4487 3375 4542 credituri
3415 4501 3530 4542 eum
3565 4481 3730 4537 dixisse

2198 4586 2336 4658 quod
2367 4585 2517 4649 dixit,
2551 4581 2873 4652 Manifestavi
2907 4596 3085 4634 nomen
3128 4589 3270 4632 tuum
3307 4577 3599 4638 hominibus,
3631 4583 3730 4637 quos

2198 4674 2378 4732 dedisti
2405 4674 2526 4728 nti/ti
2562 4673 2622 4726 de
2656 4671 2863 4736 mundo,
2904 4685 2965 4724 ea
2991 4685 3106 4740 quas
3128 4678 3441 4737 sequuntur,
3466 4659 3731 4721 credibilius

2199 4782 2315 4823 esse
2343 4765 2726 4821 demonstrant.
2758 4759 2888 4816 Cum
2918 4761 3058 4814 enim
3091 4759 3193 4814 hoc
3212 4759 3460 4822 dixisset,
3485 4749 3694 4824 adjunxit
3717 4764 3728 4800 :

2203 4857 2295 4911 Tui
2319 4867 2481 4921 erant,
2513 4866 2558 4909 et
2588 4854 2707 4906 mihi
2729 4869 2810 4906 eos
2834 4851 3032 4916 dedisti,
3058 4860 3104 4903 et
3124 4865 3400 4905 sermonem
3429 4858 3558 4900 tuum
3589 4854 3729 4898 serva-

2198 4960 2370 5008 verunt
2399 4967 2416 5005 :
2447 4966 2578 5004 nunc
2604 4955 2931 5015 cognouerunt
2955 4945 3071 5017 quia
3100 4943 3269 4996 omnia
3292 4957 3403 5010 qua:
3421 4938 3588 4996 dedisti
3611 4931 3726 4994 mihi,

2198 5043 2284 5098 abs
2321 5052 2367 5095 te
2391 5051 2537 5106 sunt;
2579 5039 2698 5109 quia
2739 5039 2882 5091 verba
2923 5051 3036 5110 qua:
3062 5035 3242 5088 dedisti
3270 5033 3412 5096 milii,
3440 5028 3550 5084 dedi
3571 5027 3632 5081 eis
3654 5037 3671 5076 :
3691 5027 3728 5074 et

2200 5136 2292 5208 ipsi
2322 5142 2640 5201 acceperunt,
2674 5140 2719 5184 et
2749 5137 3077 5200 cognouerunt
3109 5142 3218 5182 vere
3239 5125 3355 5195 quia
3379 5140 3411 5175 a
3438 5133 3486 5175 te
3507 5117 3654 5208 exitii,
3689 5119 3726 5168 ιι

2198 5205 2514 5282 crediderunt
2567 5224 2686 5294 quia
2740 5233 2793 5276 tu
2845 5237 2922 5275 me
2966 5221 3160 5276 misisti.
3211 5218 3515 5288 Quanquam
3548 5220 3596 5264 et
3631 5205 3724 5262 ιω

2195 5317 2373 5373 omnia
2401 5316 2468 5372 de
2493 5315 2680 5372 futuris
2697 5299 2943 5380 omnibus
2973 5311 3212 5368 fidelibus
3237 5311 3337 5364 dici
3367 5308 3720 5379 potueruntspe

2193 5411 2301 5480 jam
2330 5409 2556 5480 perfecta
2578 5408 2619 5475 ⁸,
2647 5422 2766 5462 cum
2786 5407 2956 5460 adlmc
2979 5413 3156 5460 essent
3183 5402 3350 5456 futura
3376 5398 3497 5455 :sed
3519 5405 3568 5450 ut
3585 5393 3640 5446 de
3656 5388 3720 5443 Itis

2195 5505 2325 5558 solis
2350 5518 2482 5572 quos
2512 5511 2635 5556 tunc
2658 5498 2881 5553 habebat
2905 5496 3176 5570 discipulis
3197 5495 3307 5549 hmo
3328 5489 3464 5562 loqui
3495 5482 3717 5550 intelliga-

2198 5605 2304 5661 tur,
2328 5593 2454 5650 illud
2482 5595 2648 5664 magis
2673 5599 2824 5662 urget
2844 5590 2982 5660 quod
3010 5590 3168 5663 paulo
3191 5595 3304 5659 post
3331 5586 3423 5648 ait,
3447 5579 3565 5638 Cant
3589 5585 3715 5630 mall

2146 5664 2161 5708 θ
2197 5707 2311 5748 cum
2329 5693 2421 5757 eis,
2439 5706 2530 5761 ego
2545 5688 2797 5745 servabam
2807 5702 2890 5742 eos
2900 5688 2952 5740 in
2970 5687 3168 5740 nomine
3181 5694 3263 5740 tuo
3277 5696 3424 5752 :quos
3435 5665 3713 5742 dedidi!!!“

2195 5784 2456 5847 custodiri,
2499 5791 2547 5836 et
2595 5797 2735 5835 nemo
2766 5796 2826 5835 ex
2851 5781 2920 5834 eis
2943 5780 3107 5850 periit,
3137 5777 3232 5832 nisi
3265 5775 3398 5845 [ilius
3423 5762 3708 5840 perditionih

2258 5871 3596 5944 'stcuuuncautmedtunwwm
