3994 6368
246 506 296 553 ιιι
319 495 578 568 Scriptura
599 493 899 566 eripiatur;
923 495 1113 551 Judam
1134 493 1436 565 significans
1472 493 1560 564 qui
1594 492 1810 549 tradidit

245 604 356 646 eum
382 603 479 644 :ex
499 587 604 642 isto
622 588 816 657 quippe
838 586 1164 642 duodenario
1185 601 1406 640 nurnero
1425 585 1806 655 Apostolorum

245 681 379 739 solus
404 679 573 748 periit.
620 678 820 734 Deinde
847 678 1118 749 subiungit
1146 694 1160 750 ξ
1191 676 1345 732 Nunc
1370 687 1534 731 autem
1560 678 1628 730 ad
1652 687 1700 732 te
1724 692 1806 732 ve-

247 771 337 824 nio.
360 767 504 826 Unde
527 769 865 824 manifestare
891 778 976 824 est
995 785 1118 824 eum
1132 769 1199 824 de
1219 769 1484 838 corporali
1499 783 1594 823 sua
1606 767 1804 824 dixisse

247 861 527 932 prasentia,
550 858 680 916 Cum
705 877 863 917 “sem
889 875 1005 914 cum
1031 862 1123 929 eis,
1154 877 1242 932 ego
1267 860 1526 916 servabam
1562 876 1664 925 eos,
1707 874 1803 914 ve-

244 955 330 1011 luti
345 955 449 1024 jam
474 967 598 1010 cum
641 951 725 1009 eis
761 968 825 1010 ea
869 955 1148 1023 prmsentia
1193 969 1300 1008 non
1337 963 1497 1009 esset.
1538 952 1618 1007 Eo
1647 952 1807 1008 modo

245 1048 372 1104 enini
396 1046 696 1116 signiﬁcare
719 1047 884 1102 voluit
918 1048 1285 1102 ascensionem
1316 1061 1466 1102 suam
1495 1061 1617 1102 mox
1658 1043 1804 1100 futu-

244 1151 378 1202 rsm.
410 1136 477 1192 de
502 1152 607 1206 qua
645 1135 799 1204 dixit,
845 1135 998 1191 Nunc
1024 1147 1192 1192 autem
1219 1137 1288 1192 ad
1323 1147 1370 1194 ts
1409 1137 1550 1192 uenio
1589 1152 1608 1190 :
1637 1137 1804 1190 iturus

245 1228 405 1298 utique
446 1227 512 1283 ad
553 1227 827 1283 dexteram
868 1227 1074 1295 Patris;
1123 1229 1262 1285 unde
1309 1238 1562 1284 venturus
1608 1239 1690 1284 est
1737 1227 1806 1282 ad

241 1320 374 1376 vivos
397 1328 450 1376 et
475 1329 716 1376 mortuos
734 1321 1055 1390 judicandos
1090 1322 1368 1392 prtesentia
1401 1322 1581 1376 itidem
1613 1336 1807 1390 corpo-

240 1411 359 1475 rali,
384 1412 674 1467 secundum
711 1412 832 1467 fidei
861 1413 1096 1483 regulam
1126 1427 1416 1481 sananrque
1455 1413 1751 1468 doctrinam
1789 1430 1805 1466 :

243 1519 351 1560 nam
405 1504 685 1574 praesentia
737 1504 998 1573 spirituali
1048 1520 1168 1560 cum
1217 1505 1298 1560 eis
1341 1513 1456 1560 erat
1502 1504 1681 1572 utique
1721 1502 1806 1560 fu-

245 1601 376 1650 turus
423 1603 542 1664 post
576 1597 942 1652 ascensionem
983 1611 1168 1661 suam,
1204 1605 1256 1650 et
1285 1612 1406 1651 cum
1438 1604 1544 1650 tota
1567 1595 1807 1654 Ecclesia

243 1703 325 1744 sua
351 1688 400 1742 in
425 1688 524 1744 hoc
546 1689 749 1744 mundo
777 1704 946 1760 usque
974 1690 1026 1745 in
1064 1689 1582 1745 consummationem
1625 1689 1807 1744 sarculi

246 1779 431 1850 (Matth.
459 1795 642 1848 xsvru,
663 1781 780 1854 90).
809 1782 924 1837 Non
966 1783 1142 1851 itaque
1171 1790 1317 1837 recte
1347 1782 1710 1851 intelliguntur
1739 1780 1808 1836 de

244 1872 414 1941 quibus
437 1872 651 1939 dixerit,
681 1872 808 1928 Cum
837 1890 998 1928 essem
1024 1889 1138 1928 cum
1159 1874 1252 1939 eis,
1269 1890 1360 1945 ego
1385 1873 1804 1940 servabanrillos,

247 1963 332 2017 nisi
353 1964 398 2016 hi
419 1981 546 2034 quos
562 1965 616 2021 in
639 1981 700 2020 se
722 1965 1004 2022 credentes
1032 1982 1249 2021 servare
1271 1965 1381 2036 jam
1409 1974 1644 2034 eruperat
1675 1980 1809 2035 pra:-

250 2057 394 2109 sentia
423 2057 706 2125 corporali,
750 2065 805 2113 et
852 2070 988 2128 quos
1030 2059 1313 2114 relicturus
1359 2057 1533 2111 fuerat
1568 2058 1808 2112 absentia

246 2149 502 2217 corporali,
530 2161 586 2204 ut
610 2165 710 2206 eos
738 2165 858 2205 cum
889 2151 1048 2206 Patre
1073 2159 1312 2205 servaret
1341 2151 1619 2219 pnesentia
1646 2150 1806 2220 Spiri-

249 2239 375 2294 tttali.
406 2240 527 2297 Post
555 2256 683 2297 vero
710 2242 949 2311 adjtrngit
984 2250 1039 2298 et
1066 2252 1290 2297 cancros
1329 2255 1474 2307 suos,
1509 2242 1596 2296 trhl
1630 2242 1758 2296 dicit
1790 2260 1806 2296 :

249 2327 353 2383 Non
375 2349 460 2400 pro
484 2334 560 2386 Iris
584 2343 760 2387 autem
793 2350 914 2405 rogo
941 2343 1156 2397 tantum,
1179 2333 1269 2389 sed
1298 2342 1344 2386 et
1371 2349 1462 2402 pro
1484 2333 1561 2386 Itis
1589 2333 1674 2404 qui
1695 2348 1804 2386 cre-

245 2421 381 2477 dituri
418 2434 529 2478 sunt
566 2441 666 2496 per
709 2424 910 2480 uerbum
948 2441 1116 2480 eorum
1142 2427 1193 2479 in
1219 2442 1316 2480 me.
1349 2424 1446 2481 Ubi
1479 2424 1808 2480 manifestius

245 2516 446 2570 ostendit
468 2517 604 2587 quod
657 2532 764 2572 non
787 2518 855 2573 de
875 2519 1124 2573 omnibus
1157 2518 1224 2572 ad
1266 2534 1388 2574 eum
1420 2518 1808 2587 pertinentibus

245 2609 456 2676 superius
499 2609 835 2679 loqueretur,
879 2609 948 2664 ab
986 2625 1055 2666 eo
1093 2609 1210 2664 loco
1239 2609 1327 2663 ubi
1358 2609 1450 2670 ait.
1482 2607 1810 2679 Hanifestaui

245 2716 397 2756 nomzn
424 2712 556 2757 tuum
585 2702 902 2769 hominibus,
931 2719 1055 2772 quos
1085 2703 1266 2758 dedisti
1299 2702 1458 2765 mihi;
1491 2701 1584 2756 sed
1619 2703 1687 2757 de
1725 2702 1806 2757 his

246 2799 420 2850 tantum
441 2797 525 2864 qui
555 2812 619 2851 eu
641 2811 715 2863 m,
739 2813 862 2850 cum
892 2797 977 2850 illa
1005 2796 1228 2858 diceret,
1260 2794 1566 2850 audiebant.

304 2884 351 2940 ὅ.
374 2886 447 2940 Ah
474 2887 583 2956 ipso
610 2888 804 2957 itaque
827 2887 1084 2941 orationis
1112 2887 1227 2957 ejus
1253 2886 1493 2951 exordio,
1527 2886 1614 2941 ubi
1637 2886 1808 2942 suble-

247 2975 350 3028 Iatis
373 2979 519 3031 oculis
542 2978 593 3032 in
633 2979 833 3040 caelum,
867 2978 1014 3043 dixit,
1050 2975 1221 3040 Pater,
1249 2978 1377 3032 venit
1405 2977 1550 3044 liora,
1582 2978 1810 3046 clari/ica

247 3060 410 3119 Filium
435 3077 588 3132 tuum,
637 3077 690 3122 ut
720 3067 886 3123 Filius
907 3081 1020 3124 tuus
1039 3069 1283 3136 clari/ieci
1305 3079 1371 3134 te,
1401 3084 1568 3138 usque
1591 3070 1655 3122 ad
1681 3069 1808 3124 illud

248 3157 364 3225 quod
389 3161 535 3229 paulo
559 3169 694 3232 post
721 3162 793 3218 ait
816 3201 830 3226 ,
876 3160 937 3215 Et
977 3178 1110 3216 nunc
1140 3162 1302 3231 stanti
1333 3178 1364 3214 α
1392 3178 1469 3218 me
1495 3173 1579 3229 tu,
1612 3161 1769 3218 Pater
1789 3205 1807 3233 ,

248 3249 364 3317 apud
401 3253 740 3321 temetipsum,
800 3251 1029 3306 claritate
1069 3270 1221 3324 quam
1268 3254 1458 3320 habui,
1514 3258 1809 3325 priusquam

248 3341 436 3396 mundus
466 3354 586 3398 esset
606 3384 638 3411 ,
677 3344 816 3412 apud
841 3355 924 3410 te;
951 3360 1140 3399 omnes
1168 3359 1293 3398 suos
1322 3346 1530 3400 volebat
1561 3347 1807 3418 intelligi,

248 3429 409 3497 quibus
448 3444 643 3489 notum
687 3435 928 3490 faciendo
954 3436 1184 3501 Patrent,
1219 3437 1473 3492 clariticat
1495 3453 1636 3494 eum.
1672 3439 1807 3494 Cum

249 3521 367 3577 enim
411 3524 679 3589 dixisset,
733 3537 790 3580 ut
847 3514 1016 3582 Filius
1068 3538 1184 3583 tuus
1248 3529 1491 3598 clari/iret
1543 3540 1630 3595 te;
1684 3546 1807 3586 mox

249 3617 599 3684 quemdmOdu
621 3636 670 3672 m
703 3619 752 3674 id
783 3619 949 3683 ﬁeret,
978 3620 1367 3676 demonstravit
1405 3621 1588 3676 dicens
1612 3663 1627 3687 ,
1659 3623 1808 3678 Sicut

252 3703 405 3762 dedisti
438 3711 483 3764 ei
520 3720 826 3781 potestatem
867 3713 1030 3766 omnis
1074 3713 1259 3777 carnis,
1293 3723 1346 3767 ut
1370 3729 1518 3769 omne
1543 3714 1678 3784 quod
1719 3717 1807 3770 de-

249 3794 349 3850 disti
383 3800 443 3864 ei,
494 3801 574 3858 det
633 3803 704 3857 eis
746 3804 898 3858 vitam
942 3814 1186 3858 (sternunt
1216 3819 1235 3857 :
1261 3805 1368 3860 [nec
1394 3816 1468 3860 est
1498 3816 1664 3860 autem
1711 3807 1810 3860 vita

252 3899 429 3959 etans,
454 3902 508 3948 ut
533 3903 848 3965 cognoscant
877 3904 926 3948 te
965 3895 1128 3950 solum
1177 3910 1350 3950 verum
1378 3895 1561 3957 Deum.
1589 3906 1637 3951 et
1664 3914 1808 3968 quem

256 3981 409 4038 misisti
446 3983 621 4040 Iesum
661 3985 917 4040 Christum
948 3985 1128 4056 (Joan.
1169 4001 1299 4049 xvrr,
1326 3987 1497 4057 1-20).
1523 3987 1638 4042 Non
1666 3988 1807 4042 enim

254 4081 400 4138 potest
425 4078 723 4148 cognitione
753 4077 1024 4132 hominum
1055 4077 1334 4132 clariticari
1375 4077 1554 4143 Pater,
1608 4079 1710 4133 nisi
1754 4089 1810 4134 et

254 4161 331 4218 ille
370 4180 713 4240 cognoscatur
761 4185 854 4238 per
894 4186 1052 4240 quem
1092 4169 1430 4236 elarilicatur,
1474 4171 1524 4225 id
1569 4180 1672 4236 est,
1716 4187 1810 4241 per

253 4268 387 4322 quem
412 4262 613 4329 populis
651 4261 953 4316 innotescit.
995 4261 1121 4316 Haec
1145 4270 1229 4316 est
1262 4262 1575 4332 εισι-1110³110
1611 4263 1802 4327 Patris,

253 4360 353 4414 qna:
379 4366 476 4406 non
503 4354 644 4408 circa
663 4354 808 4408 solos
830 4353 948 4407 illos
966 4355 1248 4422 Apostolus
1274 4355 1406 4409 facta
1433 4363 1535 4420 est,
1554 4355 1646 4411 sed
1667 4356 1808 4410 circa

254 4450 417 4497 ornnes
462 4444 703 4500 homines
744 4445 800 4498 fit
824 4486 840 4511 ,
882 4445 1072 4514 quibus
1109 4445 1221 4499 suis
1253 4445 1507 4500 membris
1534 4456 1691 4516 caput
1728 4457 1811 4502 est

254 4525 484 4586 Christus.
511 4533 696 4604 Neque
717 4535 861 4589 enim
886 4535 954 4590 de
991 4535 1122 4589 solis
1150 4535 1418 4605 Apostolis
1447 4546 1622 4606 potest
1647 4537 1808 4594 intel-

254 4615 346 4687 ligi.
376 4621 512 4680 Sicut
550 4626 735 4680 dedisti
771 4628 816 4680 ei
854 4635 1148 4697 potestatem
1176 4631 1339 4682 omnis
1367 4630 1554 4692 carnis,
1587 4641 1640 4684 ut
1664 4648 1810 4686 omne

253 4713 368 4779 quod
407 4717 583 4773 dedisti
621 4720 699 4785 ei,
743 4717 827 4773 det
874 4720 946 4774 eis
993 4720 1144 4773 vitam
1197 4730 1472 4786 teternam;
1501 4721 1594 4776 sed
1628 4723 1810 4793 utique

253 4798 565 4864 deomnibus
593 4809 785 4881 quibus
831 4809 883 4864 in
931 4826 1054 4865 eum
1094 4809 1432 4866 credentibus
1470 4812 1577 4866 vita
1610 4823 1810 4867 reterns

253 4887 404 4949 datur.

311 4986 360 5040 ι.
385 4987 495 5044 Jam
522 5008 660 5047 nunc
685 5007 812 5064 ergo
834 4994 1111 5049 videamus
1139 4994 1265 5065 quid
1305 4995 1370 5049 de
1411 4997 1532 5057 illis,
1560 5010 1589 5049 a
1619 4996 1812 5065 quibus

254 5079 362 5131 tunc
378 5081 715 5151 audiebatur,
741 5085 1014 5154 discipulis
1036 5087 1145 5139 suis
1165 5085 1324 5140 dicat.
1354 5086 1678 5156 Manifestum
1703 5088 1808 5150 ,1η-

255 5166 368 5234 quit,
384 5186 555 5226 nomen
581 5184 717 5228 tuum
733 5176 1015 5230 hominibus
1038 5192 1161 5244 quos
1187 5176 1367 5230 dediin
1387 5179 1529 5232 mihi.
1553 5178 1665 5232 Non
1685 5193 1812 5248 ergo

256 5267 484 5317 noverant
503 5264 592 5319 Del
607 5282 817 5334 nomen,
835 5284 954 5322 eum
981 5279 1158 5325 essent
1173 5267 1444 5323 Juda-i?Et
1460 5270 1545 5323 ubi
1565 5282 1639 5323 est
1668 5269 1812 5339 quod

259 5345 442 5420 legitur,
462 5354 620 5413 Notus
643 5361 697 5414 in
723 5358 908 5415 ludam
931 5359 1095 5423 Deus;
1121 5361 1172 5413 in
1187 5358 1352 5413 Israel
1379 5373 1616 5431 magnam
1633 5378 1812 5415 nomen

259 5439 352 5507 ‘5’“
402 5443 567 5512 (Psal.
598 5466 762 5515 Lxxv,
810 5451 908 5524 2)?
946 5453 1082 5523 Ergo
1125 5453 1438 5522 manifestavi
1469 5470 1646 5508 nomen
1669 5464 1812 5508 tuum

261 5525 516 5588 hominibus
537 5537 806 5612 istis,un
835 5543 1012 5596 dedisti
1034 5545 1155 5596 mihi
1171 5545 1234 5598 de
1261 5545 1569 5614 mundo,qui
1595 5560 1678 5599 me
1719 5560 1816 5600 au-

261 5616 391 5677 diunt
420 5623 802 5691 haecdieentem
823 5654 835 5690 :
855 5653 960 5691 non
983 5638 1109 5692 illud
1137 5653 1328 5694 nomen
1359 5649 1506 5694 tuum
1536 5655 1642 5710 quo
1664 5655 1815 5695 voca-

262 5713 327 5770 tis
341 5715 493 5790 Deus,
508 5725 600 5781 sed
626 5728 750 5786 illud
767 5745 872 5800 quo
885 5731 1090 5786 vocaris
1106 5731 1262 5786 Pater
1274 5748 1442 5797 meus;
1458 5734 1596 5803 quod
1618 5749 1810 5790 nomen

264 5809 562 5877 mutari
576 5819 689 5878 line
706 5821 875 5892 ipsius
895 5822 1018 5880 Filii
1030 5823 1456 5884 manifestatione
1474 5839 1581 5883 non
1611 5835 1810 5899 posset.

1314 381 1722 440 TRACTATUS
1758 381 1890 441 CVI.
1932 382 2156 440 CAPUT
2195 382 2358 442 XVII.

3352 396 3490 454 1910

1915 493 2045 549 Nam
2089 494 2228 563 quod
2274 493 2424 551 Deus
2465 494 2659 554 dicitur
2695 502 2958 576 universas
3001 509 3283 570 creaturae,
3333 508 3493 564 etiam

1913 586 2160 640 omnibus
2183 586 2428 655 gentibus
2465 598 2750 658 antequam
2777 590 2830 644 in
2857 590 3126 648 Christum
3165 594 3489 667 crederent,

1912 692 2018 733 non
2039 679 2185 733 omni
2206 679 2366 734 modo
2394 694 2516 736 esse
2545 682 2714 750 potuit
2739 683 2840 739 hoc
2858 698 3052 740 nomen
3084 684 3344 754 ignotum.
3370 689 3494 746 llaec

1910 779 1995 827 est
2021 772 2164 826 enim
2204 774 2285 830 vis
2329 789 2470 829 vene
2496 774 2822 840 divinitatis,
2865 784 2926 834 ut
2959 787 3216 843 creaturae
3245 784 3494 840 rationali

1909 863 2017 931 jam
2070 865 2278 924 ratione
2319 867 2529 933 utenti,
2576 881 2682 922 non
2727 867 2952 926 omnino
2987 885 3051 926 ac
3088 871 3301 940 penitus
3327 876 3495 943 possit

1910 954 2187 1010 abscondi.
2227 956 2476 1026 Exceptis
2503 957 2648 1013 enim
2672 960 2854 1029 paucis
2883 958 2936 1015 in
2969 959 3162 1032 quibus
3193 973 3380 1018 natura
3407 965 3492 1020 ni—

1912 1047 2075 1102 mium
2119 1046 2402 1116 depravata
2454 1059 2573 1115 est,
2620 1050 2928 1106 universum
2977 1067 3146 1124 genus
3203 1053 3494 1112 humanum

1913 1136 2083 1193 Deum
2133 1138 2316 1194 mundi
2364 1139 2523 1208 hujus
2562 1140 2754 1196 fatetur
2781 1151 3077 1199 auctorem.
3120 1141 3177 1198 In
3217 1145 3320 1200 hoc
3363 1162 3493 1219 ergo

1910 1229 2050 1298 quod
2084 1227 2204 1284 fecit
2231 1231 2371 1284 hunc
2404 1231 2658 1288 ruundurn
2683 1235 2821 1290 caelo
2852 1245 3097 1305 terraque
3119 1239 3488 1307 conspicuum,

1911 1328 1964 1376 et
1987 1329 2270 1390 antequam
2299 1322 2661 1378 imbuerentur
2688 1325 2739 1378 in
2763 1325 2863 1381 fide
2883 1325 3110 1394 Christi,
3135 1336 3294 1384 notus
3322 1331 3500 1384 omni-

1910 1413 2010 1468 bus
2038 1415 2279 1484 gentibus
2304 1416 2460 1470 Deus.
2492 1416 2546 1470 In
2574 1415 2674 1471 hoc
2698 1425 2875 1472 autem
2901 1418 3041 1488 quod
3062 1435 3165 1474 non
3188 1430 3270 1475 est
3289 1421 3494 1491 injuriis

1912 1505 2022 1558 suis
2053 1519 2171 1559 cum
2201 1505 2302 1558 diis
2333 1504 2479 1562 falsis
2507 1508 2779 1572 colendus,
2813 1518 2972 1564 notus
3012 1511 3065 1564 iu
3104 1511 3284 1567 Judma
3328 1515 3492 1570 Deus.

1913 1592 1968 1646 ln
1998 1593 2100 1649 hoc
2125 1609 2250 1650 vero
2275 1596 2414 1664 quod
2442 1597 2599 1652 Pater
2625 1607 2708 1652 est
2737 1597 2894 1667 hujus
2921 1600 3117 1655 Christi
3139 1644 3153 1668 ,
3197 1619 3293 1672 per
3329 1620 3490 1674 quem

1911 1685 2050 1741 tollit
2091 1695 2364 1755 peccatum
2394 1687 2610 1752 mundi,
2638 1688 2740 1744 hoc
2767 1705 2959 1745 nomen
2985 1691 3097 1761 ejus
3130 1694 3272 1761 prius
3312 1696 3494 1749 occul-

1913 1788 2023 1834 tum
2063 1781 2342 1845 omnibus,
2388 1796 2529 1836 nunc
2572 1780 2928 1837 manifestavit
2965 1784 3043 1838 eis
3084 1800 3217 1852 quos
3257 1787 3400 1839 dedit
3442 1789 3493 1842 ei

1913 1871 2070 1926 Pater
2097 1873 2209 1941 ipse
2232 1873 2298 1926 de
2327 1873 2543 1928 rnmrdo.
2584 1872 2690 1928 Sed
2734 1874 3000 1943 quomodo
3042 1878 3415 1944 manil’estavit,
3445 1879 3494 1934 si

1912 1962 2144 2016 nondum
2171 1965 2313 2017 venit
2335 1963 2462 2017 hora
2490 1963 2558 2018 de
2579 1980 2681 2034 qua
2708 1966 2954 2033 superius
2979 1965 3204 2028 dixerat.
3235 1969 3376 2036 quod
3403 1985 3496 2025 ve-

1911 2055 2048 2108 niret
2091 2053 2219 2108 hora
2253 2072 2366 2108 cum
2383 2056 2497 2125 jam
2524 2071 2623 2108 non
2653 2055 2706 2110 in
2740 2057 3011 2126 proverbiis
3035 2098 3048 2123 ,
3088 2057 3288 2127 inquit,
3317 2060 3496 2129 loquar

1911 2146 2068 2210 vobis,
2095 2145 2186 2200 sed
2212 2146 2380 2215 palam
2409 2145 2472 2199 de
2496 2144 2654 2200 Patre
2685 2161 2795 2200 meo
2823 2147 3130 2202 annuntiabo
3155 2148 3290 2203 vobis
3318 2150 3494 2219 (Joan.

1913 2251 2019 2297 xvi.
2047 2235 2178 2305 25)?
2203 2239 2279 2290 An
2311 2251 2437 2290 vero
2473 2236 2803 2291 annuntiatio
2828 2237 3104 2292 manifesta
3135 2241 3404 2309 potabitur
3443 2241 3496 2295 in

1913 2328 2246 2398 proverbiis?
2281 2327 2390 2384 Cur
2428 2343 2556 2398 ergo
2599 2328 2799 2382 dictum
2832 2336 2936 2393 est,
2974 2329 3160 2384 Palam
3189 2331 3497 2390 annuntiabo

1911 2421 2067 2488 vobis,
2095 2421 2194 2475 nisi
2223 2422 2346 2490 quia
2378 2421 2430 2476 in
2456 2420 2730 2492 proverbiis
2754 2435 2859 2476 non
2881 2431 2962 2478 est
2983 2423 3154 2492 palam
3174 2423 3201 2478 ?
3233 2425 3376 2494 quod
3401 2440 3498 2480 au-

1912 2520 2019 2568 tem
2058 2528 2161 2568 non
2203 2511 2256 2565 in
2298 2512 2590 2581 proverbiis
2617 2514 2927 2578 occultatur,
2970 2512 3068 2569 sed
3104 2516 3282 2570 verbis
3320 2518 3496 2572 mani-

1911 2603 2164 2670 festatur,
2208 2605 2391 2674 procul
2428 2603 2590 2658 dubio
2616 2604 2790 2674 palam
2817 2604 3025 2659 dicitur.
3057 2603 3336 2673 Quomodo
3364 2623 3493 2677 ergo
3531 2652 3545 2662 .

1911 2695 2269 2751 manifestavit
2293 2695 2434 2765 quod
2470 2695 2703 2750 nondum
2743 2697 2914 2766 palam
2953 2695 3122 2750 dixit?
3151 2697 3380 2752 Proinde
3417 2699 3496 2754 sic

1913 2785 2308 2855 intelligendum
2334 2795 2436 2853 est,
2461 2801 2556 2854 pro
2578 2795 2817 2855 tempore
2836 2784 3015 2841 futuro
3039 2787 3364 2855 prieteritum
3393 2803 3494 2858 po-

1912 2877 2093 2943 situm,
2111 2876 2558 2947 quemadmodum
2576 2877 2724 2942 illud,
2746 2874 2931 2933 Omnia
2956 2894 3072 2949 qtae
3095 2878 3267 2932 audivi
3289 2897 3318 2932 a
3346 2879 3500 2935 Patre

1913 2986 2043 3038 meo,
2071 2980 2189 3024 nota
2215 2971 2311 3039 feci
2339 2971 2473 3026 vobis
2498 2969 2610 3039 (Id.
2641 2987 2734 3037 xv,
2764 2971 2854 3041 15)
2888 2990 2901 3023 :
2929 2971 3072 3042 quod
3095 2971 3326 3027 nondum
3358 2971 3500 3027 fece-

1913 3072 1996 3118 rat
2014 3097 2029 3126 ς
2077 3063 2172 3118 sed
2216 3063 2526 3132 loquebatur
2549 3064 2699 3133 quasi
2728 3062 2962 3133 fecisset,
2984 3064 3126 3135 quod
3152 3065 3500 3122 immobiliter

1913 3169 2034 3212 esse
2060 3155 2337 3225 prchntum
2364 3155 2567 3210 sciebat
2590 3164 2648 3210 ut
2674 3153 2897 3211 faceret.

1983 3246 2036 3304 5.
2077 3245 2214 3316 Quid
2233 3255 2316 3302 est
2334 3256 2547 3310 autem,
2583 3245 2722 3312 Quos
2750 3246 2932 3302 dedisti
2975 3246 3101 3300 mihi
3146 3246 3210 3303 de
3256 3246 3491 3303 mundo?

1915 3338 2121 3394 Dictum
2144 3347 2224 3393 est
2254 3339 2395 3394 enim
2421 3338 2486 3394 de
2518 3338 2624 3393 illis
2648 3337 2790 3408 quod
2819 3353 2926 3392 non
2954 3345 3134 3393 essent
3158 3337 3227 3392 de
3270 3338 3489 3394 mundo.

1914 3430 2019 3486 Sed
2050 3431 2150 3485 hoc
2191 3430 2296 3486 illis
2342 3430 2676 3500 regeneratio
2724 3429 2994 3499 praestitit,
3043 3445 3151 3484 non
3200 3431 3495 3500 generatio.

1912 3521 2050 3589 Quid
2075 3531 2157 3576 est
2177 3524 2336 3576 etiam
2363 3521 2504 3592 quod
2529 3521 2789 3590 sequitur,
2822 3520 2919 3576 Tui
2966 3531 3106 3576 erant
3145 3531 3190 3576 et
3242 3523 3366 3576 mihi
3415 3538 3499 3577 eos

1913 3612 2133 3667 dedisti?
2159 3615 2238 3667 An
2268 3612 2553 3682 aliquando
2581 3622 2732 3667 erant
2759 3612 2948 3677 Patris,
2970 3612 3184 3682 quando
3213 3627 3318 3666 non
3346 3623 3500 3669 erant

1913 3704 2167 3772 unigeniti
2199 3703 2314 3760 Filii
2344 3705 2492 3772 ejus;
2521 3711 2573 3758 et
2602 3703 2783 3757 habuit
2808 3702 3091 3773 aliquando
3117 3703 3272 3758 Pater
3297 3704 3501 3773 aliquid

1911 3798 2028 3851 sine
2073 3795 2245 3852 Filio?
2285 3796 2453 3852 Absit.
2503 3795 2876 3852 Verumtamen
2922 3794 3103 3850 habuit
3152 3795 3348 3864 aliquid
3399 3797 3500 3851 ali-

1913 3887 2125 3958 quando
2159 3887 2298 3940 Deus
2323 3885 2364 3940 F
2371 3886 2508 3950 ilius,
2539 3886 2680 3956 quod
2704 3886 2936 3941 nondum
2966 3885 3150 3941 habuit
3189 3887 3330 3944 idem
3388 3888 3502 3956 ipse

1915 3984 2073 4036 homo
2101 3980 2294 4046 Filius;
2327 3981 2449 4050 quia
2479 3979 2712 4033 nondum
2743 3989 2858 4034 erat
2888 3981 3048 4035 homo
3074 3979 3244 4034 factus
3275 3998 3338 4035 ex
3383 3997 3500 4036 ma-

1913 4081 2032 4138 tre,
2090 4071 2300 4140 quando
2343 4080 2522 4125 tarnen
2575 4070 2802 4125 habebat
2850 4071 3097 4124 universa
3144 4087 3265 4127 cum
3317 4073 3496 4128 Patre.

1911 4163 2246 4233 Quapropter
2270 4161 2408 4232 quod
2439 4161 2592 4227 dixit,
2626 4159 2722 4216 Tui
2750 4171 2913 4226 erant,
2943 4174 3048 4214 non
3079 4162 3203 4216 inde
3244 4179 3301 4216 se
3338 4177 3496 4231 sepa-

1913 4259 2048 4314 ravit
2082 4260 2221 4312 Deus
2246 4255 2432 4317 Filius,
2466 4253 2582 4308 sine
2608 4268 2714 4323 quo
2754 4252 2883 4307 nihil
2912 4268 3144 4322 unquam
3191 4253 3346 4308 Pater
3399 4254 3495 4309 ha-

1914 4353 2046 4418 buit;
2079 4351 2173 4406 sed
2204 4351 2340 4405 solet
2365 4350 2413 4403 ei
2428 4348 2660 4425 tribuere
2682 4361 2840 4400 omne
2862 4345 3002 4417 quod
3030 4355 3221 4414 potest,
3241 4362 3268 4398 a
3295 4362 3401 4416 quo
3417 4357 3500 4402 est

1917 4448 2031 4519 ipse
2058 4447 2146 4516 qui
2174 4452 2364 4514 potest.
2390 4443 2431 4497 Α
2464 4456 2571 4510 quo
2588 4441 2731 4496 enim
2757 4439 2919 4496 habet
2941 4447 2998 4494 ut
3023 4439 3113 4501 sit,
3135 4439 3200 4493 ah
3223 4439 3310 4492 illo
3340 4438 3502 4495 habet

1915 4550 1972 4596 ut
1996 4540 2197 4610 possit;
2231 4546 2284 4593 et
2331 4535 2486 4590 simul
2527 4540 2811 4603 utrumque
2853 4545 3069 4602 semper
3108 4532 3330 4598 habuit,
3374 4533 3501 4603 quia

1916 4643 2184 4702 nunquam
2217 4629 2314 4683 fuit
2342 4636 2527 4683 etnon
2557 4625 2744 4696 potuit.
2783 4624 3044 4692 Quocirca
3099 4625 3354 4695 quidquid
3399 4640 3498 4694 po-

1917 4728 2015 4781 tuit
2042 4727 2218 4789 Pater,
2248 4737 2460 4794 semper
2490 4735 2612 4775 eum
2658 4719 2749 4773 illo
2787 4719 2956 4774 Filius
2999 4719 3200 4788 potuit;
3247 4719 3497 4788 quoniam

1915 4819 2003 4873 ille
2030 4817 2119 4886 qui
2149 4829 2416 4883 nunquam
2445 4811 2543 4866 fuit
2578 4820 2632 4866 et
2659 4825 2764 4865 non
2806 4811 3004 4879 potuit,
3025 4818 3036 4828 '
3055 4825 3323 4878 nunquam
3381 4810 3499 4864 sine

1915 4908 2071 4964 Patre
2098 4907 2221 4965 fuit,
2255 4917 2524 4972 nunquam
2563 4902 2677 4955 sine
2709 4901 2798 4954 illo
2838 4900 2994 4954 Pater
3030 4897 3150 4951 fuit.
3184 4902 3258 4952 Ae
3277 4914 3373 4966 per
3398 4899 3500 4954 hoc

1915 5001 2048 5054 sicut
2081 4999 2237 5052 Pater
2265 5005 2496 5050 :eternns
2522 4992 2963 5059 omnipotens,ita
3010 4988 3178 5042 Filius
3197 4999 3501 5047 coaeternus

1914 5093 2284 5159 omnipotens;
2318 5094 2372 5140 et
2400 5084 2443 5136 si
2465 5083 2828 5151 omnipotens,
2863 5080 3041 5150 utique
3062 5081 3418 5135 omnitenens.
3445 5081 3502 5136 Id

1915 5183 2057 5237 enim
2082 5180 2253 5249 potius
2283 5174 2503 5230 verbum
2521 5190 2551 5228 e
2579 5173 2740 5226 verbo
2766 5172 3197 5241 interpretantur,
3224 5174 3265 5226 si
3291 5173 3502 5240 proprie

1917 5276 2159 5330 volumus
2201 5273 2410 5336 dicere,
2451 5267 2590 5338 quod
2626 5283 2652 5319 a
2680 5265 2882 5319 Graecis
2909 5265 3102 5320 dicitur
3128 5271 3502 5334 παντοκράτωρ·2

1917 5367 2057 5440 quod
2088 5365 2257 5421 nostri
2284 5379 2388 5418 non
2413 5361 2491 5417 sic
2515 5362 3010 5430 interpretarentur,
3054 5367 3111 5413 ut
3163 5358 3503 5422 omnipotens

1918 5455 2185 5518 dicerent,
2218 5471 2339 5512 cum
2361 5455 2430 5510 sit
2452 5460 2784 5524 παντοκράτωρ
2819 5453 3188 5512 omnitenens,
3236 5447 3335 5500 nisi
3386 5455 3502 5499 tan-

1920 5550 2156 5605 tumdem
2185 5547 2364 5601 valere
2387 5546 2664 5600 sentirent.
2703 5541 2837 5608 Quid
2867 5555 2998 5609 ergo
3024 5552 3251 5606 unquam
3301 5536 3499 5592 habere

1920 5641 2092 5714 potuit
2119 5649 2352 5694 aeternus
2370 5638 2708 5693 omnitenens
2723 5672 2741 5700 ,
2761 5632 2901 5701 quod
2929 5645 3031 5683 non
3054 5627 3208 5681 simul
3259 5626 3503 5682 habuerit

1919 5742 2223 5788 coaeternus
2240 5727 2620 5786 omnitenens?
2644 5722 2794 5790 Quod
2822 5722 2999 5790 Itaque
3023 5719 3133 5785 ait,
3167 5716 3232 5771 Et
3259 5719 3382 5771 mihi
3418 5734 3504 5774 eos

1921 5823 2124 5894 dedisti,
2156 5823 2426 5882 hominem
2450 5832 2512 5875 se
2528 5814 2802 5888 accepisse
2829 5812 2966 5867 haue
2986 5817 3302 5881 potestatem
3330 5820 3386 5864 ut
3405 5825 3503 5865 eos
