3994 6360
555 383 680 439 1911

551 496 794 560 haberet,
837 487 1103 556 ostendit;
1124 486 1374 558 quoniam
1407 484 1497 556 qui
1539 497 1750 553 scalper
1787 480 2124 550 omnipotens

553 587 671 654 fuit,
700 601 804 640 non
825 594 1038 653 seraper
1055 579 1215 636 homo
1237 577 1353 632 fuit.
1383 575 1769 644 Quamobrem,
1808 587 1928 630 cum
1974 570 2122 628 Patri

549 678 725 749 potius
747 676 994 732 tribuisse
1023 671 1263 726 videatur
1280 678 1341 724 ut
1368 668 1437 724 ab
1462 682 1530 724 eo
1555 667 1676 722 illos
1702 663 1970 736 acceperit
1987 677 2124 734 quo-

548 769 691 822 niam
715 782 780 822 ex
813 766 928 835 ipso
951 772 1035 820 est
1057 761 1309 834 quidquid
1328 767 1415 816 est
1435 759 1505 815 de
1528 773 1637 829 quo
1675 767 1756 814 est
1779 773 1797 824 ;
1826 757 1984 814 etiam
2011 757 2125 826 ipse

549 858 649 914 sibi
678 871 773 912 eos
797 854 974 920 dedit,
1001 853 1105 910 hoc
1127 861 1242 915 est,
1291 866 1415 906 cum
1466 849 1623 906 Patre
1670 850 1809 905 Deus
1850 845 2120 915 Christus,

549 953 752 1010 homini
779 951 990 1008 Christo
1005 948 1148 1022 quod
1170 961 1291 1004 cum
1315 946 1472 1002 Patre
1499 959 1607 1000 non
1633 953 1737 1011 est,
1759 942 2002 998 homines
2029 940 2124 997 de-

547 1045 645 1100 dit.
668 1043 908 1114 Denique
925 1041 1015 1113 qui
1045 1039 1147 1095 hoc
1168 1039 1289 1095 loco
1308 1037 1469 1102 dicit,
1500 1035 1595 1091 Tui
1618 1044 1782 1103 erant,
1810 1043 1856 1090 et
1889 1034 2011 1089 mihi
2040 1050 2122 1088 eos

549 1135 748 1200 dedisti,
761 1135 871 1206 jam
900 1133 1145 1204 superius
1155 1130 1357 1188 eisdem
1373 1129 1645 1199 discipulis
1659 1129 1884 1193 dixerat,
1904 1125 2016 1197 Ego
2037 1141 2121 1180 vos

548 1228 612 1282 de
632 1224 820 1280 mundo
844 1225 969 1297 elegi
994 1221 1172 1294 (Joan.
1194 1236 1282 1286 xv,
1337 1220 1449 1292 I9).
1477 1219 1798 1276 Conteratur
1817 1219 1902 1274 hic
1921 1219 2121 1288 cogita-

544 1321 622 1375 tio
645 1317 892 1382 carnalis,
921 1326 1079 1387 atque
1102 1315 1389 1385 dispereat.
1418 1314 1494 1369 De
1535 1312 1732 1368 mundo
1774 1312 1873 1368 sibi
1905 1326 1936 1365 a
1965 1310 2123 1366 Patre

545 1410 675 1465 dicit
700 1408 864 1464 Filius
881 1407 1034 1462 datos
1062 1406 1302 1460 homines
1329 1404 1520 1474 quibus
1543 1404 1646 1458 alio
1662 1403 1784 1457 loco
1811 1401 1972 1465 dicit,
2014 1400 2120 1469 Ego

543 1517 631 1556 vos
649 1501 775 1572 elegi
792 1499 856 1555 de
877 1497 1084 1554 mundo.
1113 1497 1257 1565 Quos
1283 1497 1421 1551 Deus
1449 1494 1616 1548 Filius
1643 1493 1709 1547 de
1736 1492 1934 1547 mundo
1961 1491 2126 1561 elegit

542 1608 663 1649 cum
684 1591 860 1657 Patre,
888 1591 1028 1647 idem
1056 1591 1170 1658 ipse
1197 1589 1355 1642 homo
1382 1586 1547 1641 Filius
1573 1585 1640 1640 de
1665 1583 1863 1638 mundo
1889 1598 1982 1639 eos
2028 1599 2120 1638 ac-

541 1684 907 1754 cepitaPatre
945 1698 1094 1738 :non
1119 1680 1262 1736 enim
1306 1679 1462 1733 Pater
1511 1677 1630 1732 illos
1670 1675 1810 1730 Filio
1857 1673 2114 1740 dedisset,

542 1773 643 1828 nisi
671 1773 937 1842 elegisset.
971 1772 1048 1826 Ac
1071 1785 1164 1839 per
1194 1772 1294 1824 hoc
1313 1768 1478 1822 Filius
1503 1768 1641 1822 sicut
1660 1780 1767 1820 non
1795 1763 1918 1819 inde
1958 1779 2117 1834 sepa-

539 1865 676 1921 ravit
706 1865 917 1919 Patrem
938 1900 958 1928 ,
979 1861 1190 1932 quando
1213 1861 1379 1926 dixit,
1406 1857 1519 1930 Ego
1545 1874 1632 1912 eos
1656 1857 1719 1911 de
1739 1855 1929 1910 mundo
1967 1856 2113 1928 elegi,

539 1956 789 2026 quoniam
816 1953 972 2008 simul
994 1967 1088 2008 eos
1110 1952 1274 2022 elegit
1295 1959 1351 2007 et
1376 1950 1534 2006 Pater
1564 1968 1578 2004 :
1623 1953 1704 2004 sle
1724 1964 1826 2003 non
1858 1947 1981 2002 inde
2029 1964 2114 2001 se-

541 2047 748 2118 paravit
774 2052 830 2103 et
855 2059 935 2112 se,
962 2044 1173 2115 quando
1199 2043 1367 2109 dixit,
1395 2040 1494 2096 Tui
1513 2051 1654 2097 erant
1673 2082 1688 2104 ,
1717 2041 1840 2113 quia
1870 2049 1926 2095 et
1949 2040 2117 2110 ipsius
2191 2093 2198 2119 ρ

543 2139 658 2196 Filii
687 2140 883 2210 pariter
907 2147 1079 2194 erant.
1107 2138 1258 2192 Nunc
1282 2145 1460 2191 autem
1488 2134 1648 2190 homo
1684 2133 1823 2191 idem
1867 2133 1981 2204 ipse
2025 2131 2116 2187 Fi-

539 2230 643 2286 lius
669 2227 872 2299 accepit
899 2244 992 2284 eos
1013 2227 1099 2298 qui
1130 2243 1237 2282 non
1267 2234 1420 2281 erant
1441 2226 1628 2297 ipsius,
1659 2225 1780 2294 quia
1807 2234 1861 2280 et
1884 2223 2110 2279 formam

538 2322 678 2378 servi
703 2321 908 2390 accepit
933 2320 1073 2376 Deus
1100 2318 1240 2374 idem
1265 2331 1387 2388 quae
1415 2331 1520 2370 non
1545 2325 1660 2373 erat
1683 2316 1868 2386 ipsius.

610 2412 664 2468 6.
704 2412 951 2482 Sequitur
970 2427 1031 2466 ac
1051 2410 1199 2478 dicit,
1222 2409 1290 2464 Et
1307 2424 1589 2464 sermonem
1612 2418 1752 2462 tuum
1775 2416 2111 2464 servaverunt:

537 2519 673 2557 nunc
693 2513 1029 2575 cognoverunt
1051 2503 1170 2571 quia
1208 2501 1379 2556 omnia
1401 2515 1516 2572 qui:
1542 2499 1723 2554 dedisti
1761 2501 1918 2566 mihi,
1946 2501 2036 2556 abs
2064 2511 2113 2556 te

534 2603 693 2649 sunt:
717 2594 767 2648 id
810 2601 924 2660 est,
955 2601 1322 2663 cognoverunt
1351 2591 1475 2662 quia
1518 2591 1614 2646 abs
1657 2599 1711 2647 te
1755 2606 1892 2646 sum.
1942 2590 2110 2646 Simul

536 2686 680 2741 enim
709 2685 865 2740 Pater
887 2683 1034 2739 dedit
1061 2684 1261 2750 omnia,
1291 2699 1412 2738 cum
1437 2682 1621 2753 genuit
1647 2683 1734 2753 qui
1757 2681 1976 2738 haberet
2001 2697 2112 2736 om-

534 2777 643 2830 nia.
675 2775 808 2842 Quia
835 2773 1014 2841 verba,
1045 2775 1234 2850 inquit,
1259 2789 1373 2846 quat
1399 2773 1583 2829 dedisti
1601 2773 1758 2840 mihi,
1785 2773 1902 2827 dedi
1924 2774 2017 2840 eis,
2063 2781 2112 2829 et

532 2866 631 2934 ipsi
660 2875 954 2935 acceperunt
983 2882 1004 2921 :
1033 2865 1085 2920 id
1108 2875 1209 2932 est,
1240 2864 1784 2935 intellexeruntatque
1807 2873 2106 2920 tenuerunt.

533 2956 684 3011 Tune
708 2957 849 3012 enim
874 2955 1091 3012 verbum
1116 2957 1391 3026 accipitur,
1425 2956 1638 3028 quando
1673 2965 1852 3012 mente
1878 2955 2109 3026 percipi-

532 3059 635 3106 tur.
668 3048 737 3103 Et
763 3057 1130 3119 cognoverunt,
1161 3050 1368 3120 inquit,
1397 3065 1509 3105 uere
1539 3049 1659 3122 quia
1689 3065 1722 3103 a
1767 3058 1816 3104 te
1851 3048 1981 3104 αἱνὶ
1999 3090 2014 3116 ,
2059 3057 2109 3103 et

532 3142 851 3198 crediderunt
873 3142 991 3212 quia
1014 3151 1068 3195 tu
1096 3158 1174 3197 nte
1198 3143 1401 3197 misisti.
1440 3142 1506 3197 Et
1546 3143 1632 3197 hic
1683 3141 2104 3198 subaudiendum

531 3242 616 3289 est
635 3273 649 3295 ,
683 3248 794 3288 rere
815 3248 837 3288 :
866 3232 1006 3303 quod
1034 3233 1174 3286 enim
1195 3232 1360 3297 dixit,
1383 3241 1714 3303 cognoverunt
1741 3247 1884 3299 vere,
1935 3247 2104 3302 expo-

531 3338 662 3379 nere
691 3323 856 3378 vulttil
882 3320 1216 3392 adjungendo
1239 3364 1254 3387 ,
1301 3330 1349 3375 et
1390 3320 1730 3375 crediderunt.
1776 3321 1886 3377 Hoc
1929 3321 2105 3393 itaque

530 3413 849 3469 crediderunt
871 3429 1001 3477 vere,
1030 3411 1171 3482 quod
1196 3421 1529 3481 cognoverunt
1549 3427 1663 3466 vere
1687 3427 1705 3464 :
1732 3411 1784 3466 id
1831 3414 1973 3467 enim
2021 3421 2104 3469 est

529 3523 562 3560 a
583 3517 629 3559 te
645 3505 794 3568 exivi,
825 3503 966 3576 quod
993 3512 1095 3570 est,
1123 3513 1176 3556 tu
1202 3519 1281 3556 me
1295 3503 1488 3557 misisti.
1531 3502 1663 3558 Cum
1710 3519 1837 3575 ergo
1861 3503 2101 3573 dixisset,

527 3606 860 3669 cognoverunt
879 3612 1020 3657 uere,
1054 3611 1122 3650 ne
1143 3595 1418 3666 quisquam
1441 3603 1649 3664 putaret
1677 3595 1830 3649 istam
1853 3596 2104 3667 cognitio-

527 3704 650 3744 nem
674 3689 782 3758 jam
810 3703 906 3758 per
924 3690 1153 3758 speciem
1182 3686 1374 3742 factam
1392 3728 1406 3752 ,
1432 3702 1536 3740 non
1567 3701 1660 3755 per
1699 3685 1891 3752 ﬁdem;
1937 3702 2101 3757 expo-

529 3777 706 3832 nendo
731 3777 952 3844 addidit,
979 3788 1026 3832 et
1047 3777 1388 3844 crediderunt,
1413 3785 1471 3831 ut
1488 3776 1864 3832 subaudiamus
1893 3794 2021 3844 vere,
2049 3786 2104 3833 et

528 3868 882 3938 intelligamus
905 3868 1006 3922 hoc
1029 3869 1227 3924 dictum
1254 3882 1394 3935 esse,
1417 3877 1750 3938 cognoverunt
1769 3885 1879 3923 uere
1897 3909 1912 3934 ,
1957 3869 2100 3939 quod

525 3971 610 4017 est
632 3959 950 4016 crediderunt
969 3978 1080 4017 vere
1104 3977 1124 4015 :
1149 3977 1252 4017 non
1292 3977 1358 4018 eo
1398 3961 1558 4017 modo
1589 3975 1746 4032 quem
1789 3961 2102 4031 signiﬁcavit

527 4053 684 4124 paulo
707 4062 852 4119 ante,
874 4067 994 4108 cum
1021 4051 1173 4118 dixit,
1202 4050 1360 4106 Modo
1385 4051 1586 4105 creditis
1602 4051 1627 4102 ?
1674 4048 1817 4103 Venit
1851 4050 1975 4103 hora
1997 4091 2012 4115 ,
2054 4057 2101 4104 et

517 4146 631 4216 jam
658 4147 810 4212 venit,
841 4154 895 4199 ut
919 4144 1277 4216 dispergann'ni
1318 4143 1651 4213 unusquisque
1681 4142 1734 4196 in
1777 4142 2001 4212 propria,
2055 4150 2101 4194 et

524 4252 604 4290 me
622 4235 786 4290 solum
803 4234 1097 4304 relinquatis
1123 4232 1244 4304 (Id.
1272 4250 1391 4299 xvu,
1418 4234 1480 4288 51
1500 4242 1546 4287 et
1564 4231 1676 4303 δί).
1718 4230 1823 4286 Sed
1871 4231 2098 4286 credide-

521 4337 645 4382 runt
670 4343 783 4381 uere
805 4369 820 4392 ,
839 4326 890 4380 id
908 4337 990 4381 est
1009 4324 1276 4395 quomodo
1298 4324 1619 4378 credendum
1637 4331 1735 4388 est,
1762 4324 2096 4386 inconcusse.

523 4418 709 4484 firme,
743 4418 1022 4483 stabiliter,
1051 4415 1294 4480 fortiter;
1325 4431 1430 4469 non
1467 4416 1574 4483 jam
1605 4417 1657 4469 in
1699 4417 1909 4486 propria
1955 4416 2097 4472 redi-

523 4508 653 4572 turi,
687 4517 742 4562 et
767 4506 1033 4562 Christum
1062 4506 1315 4560 relicturi.
1349 4505 1537 4560 Adhuc
1564 4520 1693 4575 ergo
1713 4506 1954 4575 discipuli
1991 4522 2097 4562 non

523 4609 676 4655 erant
700 4598 831 4652 tales
853 4640 868 4664 ,
897 4598 1079 4667 quales
1101 4611 1194 4650 eos
1219 4595 1345 4650 dicit
1373 4595 1547 4650 verbis
1591 4597 1845 4666 prasteriti
1887 4608 2067 4668 tempo

523 4689 618 4750 ris,
651 4687 798 4757 quasi
825 4687 934 4756 jam
960 4695 1158 4747 eSsent,
1181 4686 1545 4756 prmnuntians
1582 4687 1768 4756 quales
1800 4686 1960 4742 futuri
2005 4703 2098 4744 es-

522 4787 676 4847 sent,
707 4789 924 4849 accepto
947 4778 1148 4834 scilicet
1189 4779 1385 4849 Spiritu
1421 4789 1640 4847 sancto,
1688 4781 1774 4850 qui
1822 4795 1936 4849 eos,
1962 4782 2097 4838 sicut

522 4868 841 4940 promiSsum
864 4878 968 4937 est,
991 4868 1416 4926 doceretomnia.
1437 4869 1604 4937 Quem
1626 4872 1928 4942 priusquam
1955 4873 2070 4928 aeci

521 4969 710 5030 perent
739 4961 1003 5031 quomodo
1029 4973 1375 5018 servaverunt
1414 4962 1532 5032 eius
1563 4977 1864 5018 sermonem
1888 5007 1904 5030 ,
1953 4964 2090 5035 quod

519 5049 590 5105 de
616 5049 718 5104 illis
743 5053 891 5120 quasi
917 5051 1171 5120 fecerint,
1201 5053 1367 5120 dixit;
1412 5055 1624 5124 quando
1667 5054 1868 5121 primus
1907 5069 2091 5110 eorum

521 5150 605 5196 ter
627 5155 748 5197 eum
790 5143 995 5210 negavit
1033 5143 1240 5212 (Matth.
1286 5159 1447 5208 xxvn,
1479 5145 1691 5215 69-74),
1739 5160 1858 5201 cum
1891 5162 1958 5200 ex
1998 5161 2093 5202 ore

519 5233 638 5303 ejus
658 5232 891 5287 audisset
914 5233 1040 5303 quid
1071 5233 1298 5290 futurum
1323 5245 1459 5292 esset
1484 5236 1687 5292 homini
1734 5239 1822 5308 qui
1849 5254 1969 5293 eum
1995 5255 2090 5296 co-

520 5340 636 5380 ram
663 5325 963 5381 hominibus
986 5327 1280 5396 negavisset
1307 5328 1418 5397 (Id.
1446 5346 1503 5396 x,
1534 5331 1664 5401 53)?
1695 5331 1847 5387 Dedit
1869 5347 1998 5403 ergo
2014 5333 2092 5389 eis

519 5415 681 5473 verba
706 5417 844 5472 sicut
860 5415 1016 5483 dixit,
1046 5431 1165 5486 quze
1189 5417 1333 5472 dedit
1352 5419 1400 5474 ei
1419 5419 1578 5476 Pater
1601 5438 1616 5474 :
1641 5421 1734 5477 sed
1764 5422 1977 5494 quando
2001 5423 2091 5480 illa

519 5522 626 5563 non
655 5506 781 5562 foris
803 5507 858 5562 in
887 5507 1135 5576 auribus,
1165 5507 1261 5564 sed
1285 5508 1427 5564 intus
1454 5510 1504 5565 in
1548 5512 1796 5569 cordibus
1842 5512 2087 5585 spiritua-

522 5600 643 5653 Iiter
665 5607 1006 5669 acceperunt,
1026 5609 1152 5656 tunc
1173 5615 1300 5656 vere
1317 5612 1663 5672 acceperunt,
1686 5605 1808 5675 quia
1831 5615 1955 5662 tunc
1965 5620 2091 5662 vere

520 5699 912 5757 cognoverunt;
934 5708 1059 5751 vere
1083 5703 1257 5752 autem
1277 5705 1659 5767 cognoverunt,
1686 5699 1806 5768 quia
1827 5715 1952 5756 vere
1975 5715 2066 5756 cre

521 5779 790 5835 diderunt.

1467 368 1532 425 IN
1561 367 1835 427 JOANNIS
1870 365 2336 437 ενΑΝοΕιιυιι,
2401 368 2460 426 S.
2498 365 2859 425 AUGUSTINI

3651 377 3766 436 1912

2305 481 2354 536 7.
2393 481 2496 554 Ipsi
2516 494 2694 540 autem
2721 484 2859 541 Filio
2884 486 3154 557 quomodo
3175 485 3328 544 Pater
3351 501 3418 544 ea
3447 489 3604 546 verba
3625 491 3764 551 dede.

2229 575 2324 641 rit,
2346 575 2537 646 quibus
2556 577 2732 634 verbis
2770 577 2931 633 homo
2981 580 3176 649 poterit
3195 579 3518 652 explicare?
3568 583 3766 644 Facilior

2229 681 2357 721 sane
2379 668 2601 739 quaestio
2621 669 2850 739 videtur,
2880 672 2927 725 si
2963 672 3252 728 secundum
3278 673 3328 728 id
3356 674 3500 744 quod
3537 675 3665 733 (ilius
3701 689 3768 735 est

2227 757 2476 827 hominis,
2501 762 2769 832 accepisse
2791 777 2822 816 a
2848 762 3004 818 Patre
3024 763 3113 818 illa
3139 763 3301 820 verba
3323 765 3591 822 credatur.
3619 766 3766 835 Quas.

2227 864 2383 920 quam
2409 859 2567 908 natus
2593 868 2661 909 ex
2692 853 2906 923 Virgine
2933 855 3149 925 quando
3181 864 3237 911 et
3252 857 3522 927 quomodo
3564 874 3624 913 ea
3655 860 3766 916 didi-

2227 941 2394 1007 cerit,
2421 941 2540 1011 quis
2581 944 2882 1010 enarrabit;
2925 946 3138 1016 quando
3160 947 3321 1002 etiam
3357 948 3528 1018 ipsam
3569 965 3675 1019 qua:
3711 953 3764 1008 de

2227 1029 2444 1102 Virgine
2468 1029 2603 1087 facta
2623 1039 2706 1088 est
2723 1075 2738 1100 ,
2781 1036 3176 1104 generationem
3199 1036 3315 1107 ejus
3339 1037 3463 1107 quis
3496 1041 3766 1094 enarrahit?

2225 1123 2278 1179 Si
2305 1138 2432 1178 vero
2454 1122 2744 1179 secundum
2769 1122 2820 1178 id
2842 1125 2983 1194 quod
3010 1133 3093 1180 est
3127 1125 3197 1181 de
3234 1126 3395 1181 Patre
3437 1127 3643 1195 genitus
3690 1128 3770 1182 Pa-

2226 1214 2396 1283 trique
2421 1221 2736 1279 coaeternus,
2764 1215 3031 1286 accepisse
3049 1230 3078 1268 a
3099 1215 3256 1271 Patre
3279 1217 3381 1271 ista
3422 1217 3578 1272 verba
3604 1220 3768 1288 cogita-

2226 1313 2329 1371 tur,
2361 1305 2488 1358 nihil
2518 1307 2589 1361 ibi
2614 1307 2867 1376 temporis
2895 1308 3158 1376 cogitetur
3176 1307 3328 1378 quasi
3349 1309 3501 1377 prius
3529 1307 3678 1364 fuerit
3693 1312 3764 1380 qui

2226 1413 2290 1454 ea
2311 1413 2415 1454 non
2436 1398 2699 1463 habuerit,
2730 1409 2887 1470 atque
2928 1411 2985 1456 ut
3011 1401 3230 1458 haberet
3269 1418 3392 1474 qua:
3426 1418 3532 1457 non
3571 1403 3767 1460 habebat

2223 1489 2523 1559 acceperit;
2549 1491 2799 1560 quoniam
2829 1491 3078 1562 quidquid
3117 1493 3258 1548 Deus
3305 1493 3470 1548 Pater
3512 1493 3614 1548 Deo
3658 1493 3767 1551 Filio

2222 1579 2386 1644 dedit,
2416 1581 2682 1651 gignendo
2723 1581 2888 1638 dedit.
2939 1583 3014 1638 Ita
3057 1583 3199 1639 enim
3239 1583 3391 1640 dedit
3435 1583 3569 1640 Filio
3611 1585 3761 1651 Pater,

2221 1669 2336 1724 sine
2354 1669 2544 1740 quibus
2564 1671 2730 1726 Filius
2748 1687 2866 1728 esse
2891 1688 2993 1728 non
3015 1683 3194 1743 posset
3219 1716 3236 1740 ,
3265 1674 3407 1730 sicut
3447 1674 3497 1729 ei
3545 1673 3678 1730 dedit
3717 1684 3765 1729 ut

2221 1773 2383 1820 esset.
2405 1763 2535 1820 Nam
2565 1766 2832 1836 quomodo
2856 1767 3011 1822 aliter
3034 1767 3206 1822 Verbo
3233 1767 3397 1822 verba
3422 1766 3571 1824 daret
3593 1767 3759 1838 aliqua,

2223 1856 2274 1910 in
2300 1872 2404 1925 quo
2429 1856 2762 1911 inell'abiliter
2796 1856 2929 1912 dixit
2963 1859 3175 1913 omnia?
3223 1858 3331 1915 Sed
3373 1858 3484 1929 jam
3541 1875 3651 1930 qua:
3688 1873 3760 1915 se-

2220 1957 2470 2019 quuntur,
2500 1948 2605 2003 alio
2629 1958 2753 2004 sunt
2779 1950 3132 2019 exspectanda
3157 1965 3431 2006 sermone.

2698 2039 3101 2097 TBACTATUS
3135 2040 3296 2097 CVII.

2218 2128 2297 2184 De
2319 2146 2376 2184 eo
2395 2130 2529 2200 quod
2551 2130 2671 2184 dicit
2689 2129 2856 2195 Iesus,
2883 2132 2992 2200 Ego
3005 2147 3099 2202 pro
3118 2133 3196 2188 eis
3223 2148 3379 2204 rogo,
3405 2143 3524 2200 ete.,
3551 2135 3758 2205 usquead

2286 2220 2370 2286 id,
2402 2219 2466 2276 Ut
2487 2219 2714 2276 habeant
2727 2220 2974 2292 gaudium
3001 2237 3179 2278 meum
3210 2223 3495 2293 impletum
3525 2225 3576 2280 in
3597 2236 3760 2282 semet-

2288 2313 2436 2384 ipsis.
2464 2312 2589 2384 ϐαρ.
2621 2329 2744 2378 xvu,
2793 2315 2828 2384 Ῡ
2852 2353 2867 2367 .
2893 2313 3044 2370 9-15.

2289 2405 2341 2458 l.
2369 2403 2500 2459 Cum
2528 2404 2594 2459 de
2621 2404 2703 2459 his
2728 2420 2862 2475 quos
2897 2405 3007 2474 jam
3033 2405 3319 2476 discipulos
3361 2408 3616 2475 habebat,
3670 2409 3759 2464 Do-

2216 2496 2390 2550 minus
2416 2495 2719 2566 loqueretur
2742 2495 2808 2550 ad
2831 2495 3040 2551 Patrem
3066 2537 3080 2562 ,
3113 2498 3248 2554 inter
3295 2499 3408 2552 alia
3451 2500 3602 2554 etiam
3651 2499 3759 2554 dixit

2218 2585 2320 2642 hoc
2351 2605 2363 2640 :
2391 2585 2500 2657 Ego
2527 2604 2617 2657 pro
2645 2588 2716 2642 eis
2742 2604 2864 2659 rogo
2887 2605 2905 2640 :
2933 2605 3034 2643 non
3061 2605 3153 2659 pro
3171 2591 3371 2644 mundo
3395 2607 3543 2662 rogo,
3573 2607 3652 2646 sea
3685 2607 3759 2660 pro

2217 2677 2294 2732 Itis
2317 2695 2444 2749 quos
2462 2679 2640 2733 dedisti
2663 2680 2806 2733 mihi.
2839 2679 3089 2735 Mundum
3110 2681 3223 2735 vult
3243 2682 3414 2736 modo
3439 2682 3661 2754 intelligi,
3685 2682 3756 2752 qui

2213 2769 2397 2825 vivunt
2415 2771 2704 2827 secundum
2729 2772 3210 2843 concupiscentiam
3230 2775 3445 2840 mundi,
3467 2784 3521 2832 et
3543 2791 3640 2830 non
3659 2782 3759 2832 sunt

2215 2862 2270 2918 in
2295 2878 2357 2918 ea
2383 2871 2530 2919 sorte
2556 2865 2771 2934 gratim,
2817 2874 2874 2918 ut
2917 2864 2985 2919 ab
3028 2864 3118 2920 illo
3154 2865 3428 2936 eligantur
3458 2883 3521 2923 ex
3571 2867 3754 2924 mundo.

2213 2956 2328 3012 Non
2359 2958 2533 3027 itaque
2561 2972 2658 3028 pro
2680 2957 2898 3024 mundo,
2922 2957 3020 3013 sed
3046 2958 3247 3029 probis
3273 2975 3421 3030 quos
3442 2961 3489 3016 ei
3518 2961 3660 3016 Pater
3678 2959 3756 3015 de-

2213 3048 2310 3116 dit,
2339 3063 2530 3118 rogare
2549 3063 2608 3104 se
2633 3048 2797 3104 dicit:
2830 3063 2925 3119 per
2956 3049 3058 3106 hoc
3081 3052 3222 3106 enim
3251 3052 3402 3120 quod
3424 3067 3517 3110 eos
3542 3053 3607 3108 illi
3629 3053 3757 3108 Pater

2207 3141 2318 3213 jam
2341 3142 2506 3209 dedit,
2535 3142 2729 3197 factum
2749 3140 2831 3198 est
2856 3152 2912 3199 ut
2937 3159 3040 3200 non
3067 3147 3375 3216 pertineant
3401 3146 3466 3202 ad
3495 3162 3608 3202 eum
3629 3162 3757 3201 mun-

2210 3234 2336 3289 dum
2359 3249 2456 3305 pro
2481 3249 2586 3306 quo
2609 3251 2711 3290 non
2733 3244 2900 3307 rogat.
3587 3311 3590 3314 ἢ

2279 3327 2334 3382 2.
2376 3327 2579 3383 Deinde
2617 3328 2917 3398 subjungit,
2952 3328 3084 3394 Quia
3123 3333 3195 3384 tui
3231 3342 3376 3386 sunt.
3423 3333 3596 3402 Neque
3635 3331 3750 3386 enim

2209 3419 2331 3490 quia
2358 3419 2514 3475 Pater
2531 3434 2622 3475 eos
2651 3419 2786 3475 Filio
2810 3419 2987 3487 dedit,
3027 3422 3204 3477 amisit
3246 3423 3371 3493 ipse
3415 3439 3545 3495 quos
3588 3423 3749 3479 dedit:

2209 3525 2330 3564 cum
2353 3509 2523 3563 adhuc
2549 3510 2713 3564 Filius
2741 3521 3011 3582 sequatur,
3039 3522 3094 3568 et
3129 3513 3298 3578 dicat,
3339 3515 3414 3568 Et
3460 3533 3566 3569 mea
3610 3514 3749 3569 atmiis

2210 3609 2297 3654 tua
2314 3611 2450 3663 sunt,
2476 3611 2525 3654 et
2553 3610 2640 3654 tua
2663 3619 2792 3657 mea.
2840 3602 2937 3658 Ubi
2975 3604 3104 3659 satis
3130 3614 3358 3674 apparet
3381 3605 3636 3677 quomodo
3657 3604 3749 3659 uni-

2208 3689 2370 3760 geniti
2397 3688 2515 3744 Filii
2541 3691 2646 3745 sint
2665 3691 2840 3746 omnia
2863 3708 2981 3762 quae
3008 3701 3128 3748 sunt
3153 3693 3326 3749 Patris
3355 3711 3369 3760 ;
3402 3711 3497 3765 per
3524 3695 3618 3750 hoc
3663 3693 3747 3747 uti-

2207 3796 2310 3852 que
2328 3781 2468 3852 quod
2495 3782 2654 3836 etiam
2685 3783 2798 3854 ipse
2826 3783 2970 3839 Deus
2994 3793 3094 3849 est,
3125 3793 3179 3840 et
3217 3785 3284 3841 de
3312 3785 3478 3842 Patre
3512 3785 3642 3842 Patri
3681 3793 3747 3840 est

2208 3880 2362 3926 natus
2386 3871 2604 3942 aequalis
2635 3889 2648 3926 :
2679 3888 2787 3928 non
2815 3874 3084 3944 quomodo
3111 3874 3306 3930 dictum
3337 3887 3427 3932 est
3452 3877 3541 3932 uni
3565 3875 3748 3932 exduo-

2207 3961 2308 4016 bus
2337 3961 2478 4028 liliis,
2510 3962 2696 4032 majori
2717 3963 2938 4028 scilicet,
2969 3963 3048 4018 Tu
3069 3982 3259 4036 semper
3278 3983 3478 4021 mecum
3500 3984 3568 4033 es,
3589 3976 3632 4021 et
3652 3981 3745 4020 om-

2205 4053 2292 4108 nia
2314 4070 2424 4108 mea
2442 4064 2528 4108 tua
2547 4063 2663 4109 sunt
2691 4055 2837 4128 (Luc.
2869 4072 2956 4122 xv,
2985 4058 3097 4128 51).
3127 4057 3255 4112 Illud
3284 4061 3433 4114 enim
3466 4060 3650 4116 dictum
3680 4067 3746 4112 est

2203 4145 2380 4202 dehis
2407 4147 2650 4202 omnibus
2681 4147 2937 4204 creaturis
2977 4164 3098 4218 qua“:
3133 4147 3266 4204 inl‘ra
3298 4163 3594 4207 creaturam
3643 4166 3744 4206 san-

2205 4244 2344 4292 ctam
2371 4239 2678 4294 rationalem
2708 4249 2832 4293 sunt
2853 4282 2868 4306 ,
2899 4255 3016 4309 qua:
3041 4240 3221 4310 utique
3258 4242 3558 4299 subdantur
3584 4243 3740 4298 Eccle-

2205 4329 2331 4394 size;
2355 4329 2407 4384 in
2434 4345 2536 4400 qua
2566 4331 2810 4386 universa
2834 4332 3071 4386 Ecclesia
3091 4342 3143 4388 et
3176 4333 3253 4388 illi
3277 4333 3393 4390 duo
3417 4336 3744 4406 intelliguntur

2206 4421 2298 4475 ﬁlii
2324 4423 2494 4492 major
2519 4430 2574 4479 et
2601 4423 2794 4490 minor,
2847 4439 2966 4478 cum
3008 4423 3255 4480 omnibus
3302 4428 3520 4497 Angelis
3554 4426 3742 4485 sanctis,

2202 4510 2398 4582 quibus
2425 4513 2624 4568 erimus
2644 4513 2874 4584 aequales
2897 4515 2948 4568 in
2965 4529 3129 4584 regno
3147 4515 3342 4571 Christi
3365 4528 3421 4572 et
3446 4517 3537 4572 Dei
3559 4513 3740 4588 (llatth.

2202 4618 2330 4667 χχιι,
2354 4602 2445 4676 50)
2476 4622 2488 4656 :
2522 4604 2624 4661 hoc
2649 4613 2827 4660 autem
2850 4605 2921 4660 ita
2953 4605 3150 4662 dictum
3175 4617 3288 4672 est,
3332 4607 3400 4662 Et
3449 4625 3554 4662 mea
3599 4605 3744 4661 omnia

2203 4700 2290 4746 tua
2319 4704 2456 4758 sunt,
2489 4704 2536 4748 et
2561 4703 2648 4747 tua
2675 4709 2812 4760 mea,
2843 4703 2900 4749 ut
2924 4693 3010 4750 hic
3026 4695 3098 4749 sit
3121 4696 3278 4751 etiam
3297 4697 3408 4766 ipsa
3427 4707 3653 4753 creatura
3672 4708 3743 4748 ra-

2201 4783 2434 4850 tionalis,
2465 4800 2582 4854 quae
2609 4799 2713 4838 non
2741 4783 2844 4838 nisi
2875 4784 2984 4839 Deo
3004 4785 3268 4852 subditur,
3292 4795 3348 4841 ut
3375 4788 3426 4842 ei
3465 4803 3578 4858 qua:
3623 4782 3739 4840 infra

2201 4875 2346 4930 illam
2377 4883 2501 4929 sunt
2519 4884 2709 4930 cuncta
2730 4876 3041 4931 subdantur.
3070 4877 3189 4931 llaec
3223 4893 3348 4948 ergo
3395 4893 3514 4933 cum
3557 4878 3619 4931 sit
3659 4873 3740 4930 Dei

2200 4965 2395 5032 Patris,
2427 4981 2530 5020 non
2555 4965 2709 5020 simul
2729 4975 2873 5022 esset
2893 4977 2947 5022 et
2968 4965 3105 5031 Filii,
3134 4967 3237 5022 nisi
3263 4968 3405 5023 Patri
3430 4977 3571 5024 esset
3587 4979 3738 5036 taqua-

2201 5056 2267 5111 lis
2297 5076 2308 5109 :
2339 5056 2406 5112 de
2444 5057 2557 5126 ipsa
2593 5060 2786 5129 quippe
2815 5058 3031 5129 agebat,
3069 5074 3189 5114 cum
3228 5059 3462 5125 diceret,
3509 5058 3622 5112 Non
3659 5072 3734 5126 pro

2198 5147 2388 5203 mundo
2412 5164 2555 5219 rogo,
2585 5149 2673 5204 sed
2699 5165 2792 5220 pro
2818 5151 2896 5204 his
2922 5167 3046 5221 quos
3079 5150 3262 5205 dedisti
3296 5151 3421 5205 mihi
3468 5168 3486 5204 :
3527 5149 3636 5219 quia
3674 5145 3736 5198 tui

2196 5249 2330 5306 sunt,
2355 5248 2402 5294 et
2431 5255 2540 5295 mea
2559 5241 2728 5294 omnia
2758 5249 2843 5295 tua
2869 5252 3005 5307 sunt,
3028 5251 3076 5296 et
3117 5251 3204 5295 tua
3216 5257 3353 5296 mea.
3395 5240 3504 5296 Nec
3557 5239 3629 5293 I‘as
3665 5242 3733 5289 est

2195 5341 2253 5388 ut
2280 5333 2468 5398 sancti,
2497 5332 2565 5390 de
2589 5333 2780 5406 quibus
2807 5334 2922 5390 hmc
2948 5335 3157 5390 locutus
3181 5343 3282 5401 est,
3305 5333 3600 5405 cujusquam
3619 5331 3723 5391 sint,

2195 5426 2297 5481 nisi
2317 5425 2432 5497 ejus
2455 5441 2487 5480 a
2512 5441 2617 5497 quo
2643 5424 2808 5480 creati
2827 5424 2884 5480 et
2905 5425 3211 5482 sanctiﬁcati
3235 5435 3356 5481 sunt
3387 5442 3400 5478 :
3432 5439 3493 5479 ac
3533 5437 3620 5493 per
3643 5420 3727 5473 hoc

2194 5527 2250 5572 et
2271 5518 2448 5573 omnia
2469 5533 2584 5588 qua:
2615 5517 2850 5586 ipsorum
2877 5525 3021 5581 sunt,
3052 5532 3267 5573 necesse
3292 5523 3372 5571 est
3395 5523 3453 5569 ut
3490 5514 3597 5582 ejus
3637 5509 3722 5562 sint

2193 5609 2346 5679 cujus
2376 5618 2430 5666 et
2458 5609 2556 5680 ipsi
2573 5616 2714 5665 sunt.
2742 5607 2884 5678 Ergo
2907 5623 3026 5663 cum
3059 5617 3113 5662 et
3147 5608 3314 5663 Patris
3349 5615 3404 5660 et
3447 5603 3555 5659 Filii
3595 5607 3715 5656 sunt.

2192 5703 2421 5774 aequales
2465 5717 2560 5759 eos
2596 5717 2716 5758 esse
2755 5701 3157 5766 demonstrant,
3204 5713 3417 5771 quorum
3480 5693 3719 5764 :cqualiter

2194 5803 2336 5852 sunt.
2365 5793 2497 5850 Illud
2518 5802 2690 5851 autem
2716 5792 2854 5865 quod
2883 5793 2976 5856 ait,
3003 5805 3123 5848 cum
3148 5792 3215 5848 de
3254 5787 3442 5860 Spiritu
3466 5791 3632 5839 sancto
3649 5779 3716 5832 lo-
