3994 6366
199 393 319 452 1913

193 516 449 582 quet'etur,
503 509 692 566 Omnia
732 525 847 581 qua
889 511 1033 566 habet
1057 511 1235 578 Pater,
1278 527 1390 566 mea
1436 521 1586 579 sunt;
1641 529 1760 584 pro-

191 611 349 671 pterea
384 601 494 656 dixi
521 617 642 672 quia
678 601 892 674 de_meo
925 603 1134 673 accipiet
1182 612 1230 658 et
1271 604 1583 659 annuntiabit
1623 605 1759 662 vobis

190 693 358 764 (lacn.
387 708 495 757 xVI,
524 692 614 764 15)
633 709 650 758 ;
668 693 736 748 de
761 693 846 749 bis
863 694 997 749 dixit
1015 710 1135 766 qua:
1161 695 1226 751 ad
1249 696 1416 766 ipsam
1440 697 1612 753 Patris
1636 713 1758 768 per-

191 786 351 840 tinent
371 784 722 850 divinitatem,
746 785 799 839 in
827 786 1018 854 quibus
1063 787 1139 843 illi
1171 795 1254 843 est
1297 789 1547 859 :equalis,
1577 792 1755 846 omnia

188 889 300 944 quae
329 873 490 930 habet
514 874 780 930 habendo.
810 874 995 946 Neque
1021 877 1161 932 enim
1188 877 1415 949 Spiritus
1443 889 1659 936 sanctus
1686 881 1756 938 de

185 973 417 1019 creatura
447 980 568 1034 quae
603 965 745 1020 Patri
789 974 872 1022 est
908 966 1114 1022 subdita
1158 976 1212 1022 et
1243 966 1415 1036 Filio,
1453 968 1624 1026 fuerat
1659 984 1752 1026 ac-

183 1066 424 1126 cepturus
466 1055 608 1126 quod
646 1057 753 1123 ait,
797 1057 861 1110 de
901 1073 1010 1112 meo
1046 1059 1289 1128 accipiet;
1331 1060 1426 1116 sed
1469 1060 1650 1132 utique
1683 1061 1752 1117 de

182 1147 334 1203 Patre
359 1145 425 1202 de
452 1162 560 1216 quo
589 1147 828 1216 procedit
853 1147 1098 1218 Spiritus,
1138 1148 1207 1204 de
1235 1165 1338 1220 quo
1376 1158 1458 1204 est
1493 1159 1648 1206 natus
1697 1159 1752 1207 et

182 1236 357 1291 Filius.

238 1328 298 1383 5.
337 1325 404 1380 Et
427 1326 737 1396 clariﬁcatus
755 1343 902 1394 sum,
932 1328 1136 1399 inquit,
1180 1331 1234 1383 in
1273 1331 1364 1386 eis.
1412 1331 1560 1387 Nunc
1595 1346 1745 1386 suam

178 1420 602 1476 clariﬁcationem
625 1429 872 1491 tanquam
908 1421 1041 1476 facta
1082 1421 1153 1476 sit
1191 1421 1354 1489 dicit,
1402 1436 1524 1477 cum
1571 1423 1746 1479 adhuc

175 1519 320 1567 esset
340 1509 510 1566 futura
533 1527 545 1562 :
571 1511 815 1582 superius
835 1519 1012 1566 autem
1036 1525 1067 1565 a
1093 1511 1250 1566 Patre
1272 1513 1524 1582 poscebat
1559 1520 1617 1567 ut
1655 1514 1746 1570 tie-

176 1613 268 1658 ret.
305 1603 404 1658 Sed
433 1611 609 1658 utrum
641 1603 753 1672 ipsa
780 1603 850 1657 sit
875 1600 1214 1668 clariﬁcatio,
1241 1603 1309 1659 de
1345 1618 1447 1673 qua
1493 1603 1739 1672 dixerat,

177 1692 233 1747 Et
259 1711 395 1748 nunc
421 1694 648 1762 clari/ica
669 1703 850 1758 metu,
883 1692 1058 1759 Pater,
1086 1693 1224 1764 apud
1269 1696 1579 1763 temetipsum
1596 1737 1611 1760 ,
1638 1696 1744 1750 cla-

174 1788 320 1840 ritate
339 1803 484 1856 quant
513 1787 694 1854 habui,
722 1787 1015 1857 priusquam
1055 1787 1274 1841 mundus
1298 1797 1463 1854 esset,
1508 1788 1647 1859 apud
1696 1799 1744 1845 te

173 1877 350 1943 (locu.
380 1893 505 1940 xvn,
538 1878 588 1942 l,
623 1877 717 1948 5);
746 1877 924 1946 utique
948 1876 1322 1947 requirendum
1361 1886 1461 1933 est.
1493 1877 1550 1935 Si
1599 1880 1741 1935 enim

172 1971 313 2041 apud
332 1979 394 2034 te,
419 1970 686 2040 quomodo
710 1971 765 2023 in
793 1957 906 2024 eis?
941 1969 1024 2024 An
1057 1984 1180 2025 cum
1221 1970 1323 2025 hoc
1363 1970 1535 2041 ipsum
1587 1972 1740 2027 inno-

173 2061 438 2122 tesciteis,
468 2075 530 2115 ac
551 2076 646 2130 per
676 2060 819 2131 ipsos
841 2059 1090 2114 omnibus
1118 2061 1207 2129 qui
1231 2059 1456 2114 credunt
1474 2061 1553 2116 eis
1591 2063 1740 2117 testi-

171 2149 269 2204 bus
293 2147 432 2204 suis?
453 2149 742 2204 Possumus
771 2149 928 2219 plane
956 2147 1034 2204 sic
1052 2149 1352 2220 intelligere
1393 2149 1590 2206 dixisse
1636 2152 1742 2207 Do-

173 2241 370 2294 minam
392 2239 459 2296 de
484 2240 774 2310 Apostolis,
804 2240 944 2310 quod
969 2240 1288 2297 clariﬁcatus
1310 2243 1382 2298 sit
1405 2241 1460 2297 in
1485 2243 1564 2298 eis
1611 2261 1624 2297 :
1656 2245 1740 2300 di-

170 2334 338 2389 cendo
377 2333 517 2390 enim
551 2347 672 2389 esse
722 2333 831 2403 jam
884 2333 1098 2397 factum,
1144 2333 1376 2389 ostendit
1414 2333 1525 2404 jam
1577 2335 1742 2392 fuisse

169 2423 596 2494 praedestinatum
620 2466 636 2488 ,
666 2433 720 2479 et
759 2431 961 2479 certum
993 2423 1176 2478 haberi
1212 2422 1380 2479 voluit
1430 2423 1569 2494 quod
1598 2427 1742 2481 esset

169 2519 415 2574 futurum.

228 2613 294 2665 4.
331 2610 394 2666 Et
433 2612 565 2680 jam,
611 2609 799 2680 inquit,
852 2624 954 2662 non
997 2624 1110 2662 sunt
1153 2609 1207 2663 in
1253 2608 1462 2675 mundo,
1505 2619 1552 2664 et
1594 2611 1649 2664 hi
1685 2613 1740 2666 in

167 2702 350 2758 mundo
385 2712 518 2758 sunt.
559 2700 617 2757 Si
651 2700 837 2755 horam
871 2713 1090 2769 prorsus
1119 2699 1259 2755 illam
1295 2715 1396 2770 qua
1424 2701 1739 2772 loquebatur

166 2792 420 2854 attendas.
449 2792 660 2862 utrique
691 2791 866 2846 adhuc
898 2791 950 2846 iu
973 2790 1172 2847 mundo
1195 2799 1382 2858 erant;
1413 2802 1469 2848 et
1491 2792 1604 2864 ipse
1630 2793 1737 2850 sci-

167 2883 308 2948 licet,
331 2891 384 2939 et
410 2882 487 2939 illi
514 2881 582 2937 de
604 2881 798 2953 quibus
831 2882 934 2937 hoc
968 2881 1215 2938 dicebat:
1239 2898 1344 2938 non
1369 2883 1511 2938 enim
1541 2899 1736 2941 secun-

166 2974 289 3027 dum
324 2982 628 3043 provectum
658 2973 838 3028 cordis
860 2981 916 3028 et
945 2973 1068 3028 vitae
1101 2973 1154 3028 id
1188 2974 1427 3044 accipere
1455 2989 1736 3045 possumus

168 3064 247 3118 vel
288 3063 560 3128 debemus,
586 3070 645 3117 ut
687 3063 762 3118 illi
806 3071 1081 3133 propterea
1118 3062 1292 3119 adhuc
1338 3078 1456 3121 esse
1493 3065 1736 3122 dicantur

165 3154 212 3208 in
256 3154 465 3220 mundo,
492 3153 634 3224 quod
659 3153 921 3209 mundana
947 3154 1122 3210 adhuc
1159 3157 1396 3227 sapiant;
1429 3155 1519 3212 ille
1557 3166 1734 3213 autem

163 3245 272 3314 jam
299 3260 397 3299 non
423 3259 542 3300 esse
563 3245 620 3299 in
643 3244 862 3310 mundo,
893 3245 1147 3316 sapiendo
1167 3245 1368 3302 divina.
1396 3247 1631 3302 Positum
1651 3229 1777 3304 ost'

165 3337 256 3392 hic
293 3336 428 3392 enim
471 3335 692 3392 verbum
740 3351 924 3401 unum,
976 3336 1118 3407 quod
1165 3351 1262 3391 nos
1312 3338 1382 3392 ita
1432 3339 1734 3410 intelligere

167 3427 376 3481 omnino
392 3441 499 3482 non
530 3427 670 3481 sinat
699 3444 712 3478 :
745 3427 864 3497 quia
886 3441 992 3481 non
1014 3427 1106 3492 ait,
1135 3427 1201 3483 Et
1226 3441 1331 3483 non
1353 3443 1469 3483 sum
1497 3429 1550 3484 in
1576 3445 1731 3484 mun-

168 3517 271 3580 do;
299 3516 409 3582 sed,
430 3515 552 3570 1am
579 3532 680 3570 non
710 3533 820 3570 sum
847 3518 898 3570 in
924 3517 1112 3571 mundo
1143 3534 1161 3572 :
1187 3533 1282 3588 per
1308 3518 1408 3573 hoc
1446 3520 1732 3577 ostendens

168 3608 323 3662 luisse
345 3623 401 3662 se
429 3606 480 3661 in
511 3605 729 3671 mundo,
757 3606 864 3675 jam
890 3623 995 3661 non
1021 3623 1157 3662 esse.
1185 3607 1447 3678 Numquid
1481 3625 1608 3681 ergo
1655 3612 1731 3667 las

167 3706 251 3753 est
275 3707 326 3752 ut
345 3712 464 3754 eum
491 3697 771 3753 credamus
796 3697 1074 3768 aliquando
1095 3699 1361 3754 mundana
1388 3702 1644 3768 sapuisse,
1678 3711 1730 3757 et

167 3786 234 3840 ab
261 3786 354 3842 hoc
378 3802 558 3843 errore
605 3787 880 3841 liberatum
922 3786 1032 3855 jam
1077 3787 1165 3842 illa
1209 3803 1312 3842 non
1356 3791 1576 3860 sapere?
1601 3789 1730 3858 Quis

169 3887 270 3930 tam
302 3877 459 3948 impio
491 3892 654 3932 sensu
691 3892 750 3933 se
775 3876 1041 3932 induerit?
1067 3877 1253 3932 Restat
1277 3878 1433 3949 igitur
1461 3889 1518 3934 ut
1542 3895 1730 3935 secun-

168 3967 284 4022 dum
334 3968 382 4022 id
427 3967 570 4039 quod
619 3968 730 4037 ipse
773 3969 930 4022 etiam
977 3968 1028 4021 in
1074 3967 1269 4023 mundo
1316 3969 1462 4038 prius
1501 3979 1634 4036 erat,
1676 3972 1728 4026 in

171 4060 351 4115 mundo
378 4076 436 4116 se
476 4059 670 4114 dixerit
704 4058 813 4128 jam
844 4074 948 4113 non
992 4073 1145 4123 esse;
1183 4058 1415 4129 profecto
1450 4063 1728 4130 praesentia

171 4153 437 4221 corporali,
463 4167 494 4206 a
527 4150 726 4206 mundo
752 4151 953 4206 scilicet
975 4151 1265 4206 absentiam
1305 4165 1454 4206 suam
1485 4153 1596 4221 jam
1622 4157 1729 4208 cito

172 4240 412 4309 futuram,
443 4242 654 4296 illorum
695 4250 870 4295 autem
898 4239 1118 4306 tardius,
1158 4256 1252 4310 per
1281 4240 1383 4296 ltoc
1419 4242 1725 4308 ostendens,

173 4333 296 4401 quod
316 4349 372 4390 se
393 4335 505 4404 jam
536 4348 641 4388 non
669 4332 756 4388 hic
781 4346 920 4398 esse,
949 4331 1066 4386 illos
1094 4341 1268 4388 autem
1294 4331 1382 4388 hic
1420 4349 1537 4388 esse
1574 4334 1726 4402 dixit,

172 4435 274 4476 cum
303 4433 358 4479 et
388 4425 502 4494 ipse
537 4422 624 4479 hic
645 4432 700 4478 et
727 4422 802 4477 illi
824 4422 996 4478 adhuc
1022 4431 1221 4478 essent.
1249 4423 1337 4480 Sic
1364 4424 1504 4479 enim
1528 4434 1610 4480 est
1647 4427 1728 4480 lo-

174 4524 327 4580 cutus,
359 4515 520 4569 homo
551 4529 846 4585 congruens
883 4513 1205 4578 hominibus,
1239 4523 1298 4569 ut
1332 4529 1450 4570 mos
1484 4517 1728 4586 loquendi

176 4617 275 4657 sese
306 4604 463 4661 habet
490 4604 769 4659 humanus.
819 4605 900 4660 An
938 4619 1044 4659 non
1085 4603 1318 4674 quotidie
1343 4605 1586 4674 dicimus,
1613 4607 1728 4663 Jam

177 4707 266 4748 non
293 4706 371 4751 cst
399 4695 504 4762 hic,
535 4696 602 4750 de
629 4696 803 4765 aliquo
826 4696 1138 4766 quantocius
1175 4696 1421 4750 abituro?
1460 4697 1527 4751 Et
1559 4699 1728 4752 maxi-

180 4799 248 4838 me
272 4788 369 4842 hoc
391 4787 456 4842 de
477 4787 745 4842 morituris
764 4787 899 4842 solet
916 4785 1039 4841 dici.
1066 4784 1376 4858 Quanquam
1401 4796 1455 4842 et
1476 4789 1593 4858 ipse
1623 4788 1728 4843 Do-

186 4878 341 4932 minus
362 4889 609 4950 tanquam
634 4877 928 4950 prmvidens
955 4877 1082 4948 quid
1107 4877 1336 4934 lecturos
1361 4893 1576 4933 movere
1603 4893 1727 4946 pos-

182 4980 246 5023 set
270 4970 473 5040 adjecit,
501 4967 570 5025 Et
597 4987 686 5044 ego
710 4972 776 5025 ad
803 4980 850 5026 te
876 4971 1016 5025 venio
1043 4986 1062 5024 :
1081 4969 1158 5025 sic
1176 4984 1447 5039 exponens
1474 4970 1732 5041 quodam-

184 5060 320 5115 modo
337 5078 430 5118 cur
447 5063 659 5129 dixerit,
683 5062 804 5117 lam
823 5077 922 5116 non
942 5077 1054 5116 sum
1085 5061 1138 5115 in
1159 5060 1365 5114 mundo.

243 5152 291 5206 5.
326 5153 670 5211 Commendat
695 5169 823 5226 ergo
849 5169 943 5210 eos
981 5154 1144 5220 Patri,
1170 5167 1305 5224 quos
1332 5153 1594 5222 corporali
1631 5154 1728 5209 ab-

186 5243 330 5298 sentia
363 5247 639 5302 relicturus
673 5255 774 5313 est,
810 5245 994 5302 dicens
1025 5261 1039 5298 :
1077 5241 1226 5298 Pater
1252 5252 1440 5308 sancte,
1469 5259 1613 5298 serua
1646 5260 1731 5298 eos

186 5332 231 5386 is
265 5338 449 5393 nomine
486 5347 574 5394 tuo
597 5354 721 5410 quos
758 5338 937 5394 dedisti
978 5337 1121 5391 mihi.
1151 5335 1355 5406 Nempe
1396 5337 1533 5390 sicut
1572 5337 1732 5392 bomo

187 5421 328 5483 Deum
368 5438 520 5502 rogat
555 5445 653 5500 pro
679 5428 950 5499 discipulis
991 5429 1120 5495 suis,
1149 5442 1282 5498 quos
1318 5426 1522 5496 accepit
1544 5440 1574 5478 a
1599 5426 1727 5482 Deo.

188 5511 274 5571 Sed
296 5522 502 5576 attende
528 5520 669 5592 quod
692 5521 928 5592 sequitur
959 5535 973 5572 :
1007 5518 1074 5574 Ut
1098 5519 1218 5582 sint,
1239 5517 1426 5588 inquit,
1454 5534 1610 5570 unum
1626 5518 1730 5572 sic-

185 5616 230 5661 ttt
269 5621 310 5664 et
356 5629 463 5668 nos.
518 5612 636 5669 Non
673 5613 768 5681 ait,
802 5612 871 5670 Ut
912 5613 1186 5668 nobiscum
1235 5611 1341 5665 sint
1387 5626 1571 5677 unum,
1616 5619 1728 5677 aut,

183 5700 328 5758 sinitis
350 5720 510 5760 unum
539 5703 640 5775 ipsi
667 5711 725 5758 et
757 5718 876 5771 nos,
909 5704 1043 5759 sicut
1070 5720 1231 5759 unum
1261 5717 1445 5758 sumus
1481 5715 1612 5768 nos;
1636 5702 1729 5758 sed

172 5793 257 5862 ait,
304 5795 369 5853 Ut
406 5796 507 5854 sint
547 5811 707 5851 unum
741 5798 868 5851 sicut
891 5806 936 5850 et
966 5813 1074 5852 nos.
1105 5795 1208 5867 Ipsi
1235 5796 1413 5867 utique
1451 5795 1502 5852 in
1543 5801 1728 5852 natura

1266 392 1672 452 TRACTATUS
1706 394 1865 453 CVII.
1895 398 2119 458 CAPUT
2162 401 2317 460 XVII.

3304 423 3443 484 ιθιι

1865 531 1958 572 sua
1994 518 2102 573 sint
2140 535 2324 587 unum,
2355 506 2489 580 sicut
2513 533 2570 582 et
2603 540 2703 583 nos
2744 529 2797 584 in
2837 538 3020 588 nostra
3044 547 3208 590 unum
3233 549 3439 595 sumus.

1863 605 2014 674 Quod
2041 610 2224 679 procul
2249 611 2409 669 dubio
2427 631 2612 672 verum
2633 633 2738 674 non
2765 617 2986 688 diceret,
3019 624 3119 679 nisi
3145 628 3436 685 secundum

1863 698 1966 789 boc
2001 701 2222 767 diceret,
2249 706 2388 775 quod
2433 707 2669 777 ejusdem
2699 720 2902 767 natura:
2941 714 3082 771 Deus
3109 727 3192 773 est
3213 720 3364 789 cujus
3388 729 3444 777 et

1862 788 2037 855 Pater,
2061 793 2348 850 secundum
2373 797 2512 867 quod
2545 799 2671 854 alibi
2705 800 2858 864 dixit,
2890 803 2996 875 Ego
3028 816 3076 861 et
3105 805 3262 864 Pater
3282 788 3442 867 unum

1859 897 2033 936 sumus
2064 881 2240 954 (Joan.
2269 901 2324 951 x,
2355 887 2469 957 30):
2494 904 2596 943 non
2621 893 2913 968 secundum
2928 894 2976 949 id
2990 897 3128 966 quod
3157 899 3315 955 etiam
3338 902 3437 956 lto-

1859 987 1946 1026 mo
1966 981 2080 1038 est;
2112 990 2231 1029 nam
2258 980 2546 1034 secundum
2583 980 2706 1048 hoc,
2738 983 2892 1039 Pater
2915 989 3079 1058 major
3115 1007 3194 1045 me
3231 1003 3303 1047 est
3327 993 3438 1064 (Id.

1858 1076 1975 1130 xtv,
2004 1062 2118 1132 28),
2151 1064 2300 1120 dixit.
2341 1068 2446 1122 Sed
2475 1071 2724 1139 quoniam
2751 1090 2851 1128 una
2899 1077 3188 1150 eademque
3215 1062 3438 1152 persona

1855 1161 1934 1207 est
1971 1154 2110 1210 Deus
2143 1166 2198 1210 et
2237 1157 2416 1224 homo,
2460 1161 2800 1233 intelligimus
2827 1166 3093 1224 hominem
3126 1173 3179 1226 in
3204 1188 3266 1227 eo
3294 1177 3437 1245 quod

1853 1253 2044 1313 rogat:
2075 1244 2412 1318 intelligimus
2457 1261 2634 1307 autem
2681 1254 2842 1310 Deum
2893 1258 2944 1312 in
2988 1276 3054 1314 eo
3102 1264 3242 1332 quod
3274 1244 3436 1322 unum

1851 1340 1976 1387 sunt
1996 1341 2052 1388 et
2070 1334 2183 1405 ipse
2207 1345 2262 1391 et
2290 1338 2379 1393 ille
2395 1354 2552 1409 quem
2576 1351 2743 1413 rogat.
2776 1345 2880 1400 Sed
2907 1357 2988 1402 est
3009 1350 3184 1406 adhuc
3211 1353 3261 1407 in
3291 1370 3423 1410 con-

1851 1424 2193 1514 sequentibus
2217 1425 2364 1483 locus
2393 1429 2481 1484 ubi
2509 1431 2574 1487 de
2601 1432 2700 1488 hac
2738 1451 2795 1489 re
2823 1436 3121 1508 diligentius
3147 1443 3428 1514 disputan-

1849 1513 1973 1568 dum
1998 1523 2101 1570 est.

1919 1607 1970 1662 6.
1989 1606 2087 1662 Hic
2107 1617 2282 1665 autem
2301 1613 2540 1682 sequitur
2564 1633 2578 1668 :
2600 1614 2724 1670 Cum
2743 1634 2896 1672 essent
2917 1637 3032 1675 cum
3050 1622 3141 1691 eis,
3158 1641 3248 1696 ego
3263 1643 3430 1682 serva-

1847 1699 1962 1753 bam
1980 1716 2064 1756 eos
2089 1703 2144 1756 in
2166 1705 2366 1759 nomine
2381 1715 2485 1759 tuo.
2510 1707 2611 1774 Me,
2629 1709 2818 1782 inquit,
2840 1716 3084 1774 veniente
3099 1720 3164 1775 ad
3182 1729 3254 1788 te,
3271 1737 3427 1780 serva

1847 1805 1942 1846 cos
1967 1791 2020 1846 in
2053 1793 2268 1850 nomine
2293 1803 2404 1861 tuo,
2431 1798 2483 1852 in
2507 1814 2614 1868 quo
2639 1814 2735 1855 eos
2757 1804 2967 1873 quando
2990 1822 3108 1862 cum
3138 1811 3216 1866 eis
3253 1827 3424 1882 eram,

1845 1889 1900 1936 et
1923 1881 2036 1951 ipse
2055 1884 2352 1939 servabam.
2376 1885 2435 1941 ln
2452 1889 2666 1946 nomine
2686 1891 2858 1948 Patris
2880 1897 3124 1953 servabat
3141 1881 3428 1972 discipulos

1845 1988 1972 2029 suos
1987 1974 2153 2031 Filius
2173 1976 2488 2044 homo,cum
2510 1983 2588 2036 eis
2617 1983 2843 2039 humana
2869 1991 3145 2054 pra-sentis
3166 1996 3425 2051 constitu-

1847 2072 1930 2118 tus
1953 2083 1968 2120 :
1989 2065 2082 2120 sed
2105 2066 2265 2121 etiam
2292 2068 2448 2124 Pater
2474 2071 2526 2125 in
2556 2074 2771 2128 nomine
2799 2076 2915 2132 Filii
2941 2081 3186 2138 servabat
3201 2101 3335 2154 quos
3365 2088 3417 2142 in

1846 2153 2059 2210 nomine
2078 2154 2194 2210 Filii
2216 2165 2454 2226 petentes
2477 2162 2807 2218 exaudiebat.
2834 2165 2926 2221 llis
2949 2157 3143 2240 quippe
3165 2153 3304 2229 idem
3330 2178 3422 2231 Εἰς

1846 2245 1947 2301 lius
1972 2245 2178 2303 dixerat
2203 2265 2216 2300 :
2247 2249 2424 2316 Amen,
2452 2269 2597 2306 auten
2623 2255 2739 2310 dico
2777 2259 2932 2326 vobis,
2966 2262 3013 2314 si
3035 2263 3157 2332 quid
3186 2267 3424 2334 petieritis

1846 2334 2054 2391 Patrem
2076 2337 2130 2392 in
2153 2340 2352 2395 nomine
2365 2358 2492 2404 meo,
2515 2343 2650 2398 dabit
2669 2346 2803 2401 vobis
2828 2338 2940 2417 (Id.
2971 2365 3083 2416 xvr,
3109 2353 3222 2422 23).
3245 2355 3426 2428 Neque

1843 2427 1948 2484 ltoc
1983 2437 2088 2484 tam
2126 2431 2410 2487 carnaliter
2438 2433 2694 2492 debemus
2721 2439 2983 2509 accipere,
3015 2443 3160 2498 velut
3193 2445 3422 2505 vicissim

1842 2531 1942 2572 nos
1969 2528 2184 2575 servent
2207 2521 2365 2575 Pater
2385 2531 2439 2577 et
2469 2523 2654 2592 Filius,
2683 2527 2958 2584 amborum
2989 2531 3041 2585 in
3067 2532 3220 2588 nobis
3244 2545 3424 2591 custo-

1841 2606 2049 2664 diendis
2103 2609 2402 2667 alternante
2451 2614 2719 2682 custodia,
2783 2620 2932 2689 quasi
2981 2622 3232 2678 succedat
3282 2625 3421 2682 alius

1841 2699 2052 2768 quando
2078 2700 2384 2758 discesserit
2418 2704 2554 2759 alius
2583 2723 2598 2758 :
2627 2706 2780 2762 simul
2806 2709 2948 2765 enim
2989 2726 3086 2767 nos
3116 2714 3422 2770 custodiunt

1842 2792 1999 2849 Pater
2025 2801 2077 2848 et
2097 2792 2259 2848 Filius
2283 2803 2336 2849 et
2359 2795 2584 2866 Spiritus
2611 2808 2846 2866 sanctus,
2874 2801 2963 2871 qui
2991 2812 3075 2859 est
3100 2819 3235 2859 unus
3259 2821 3418 2861 verus

1841 2895 1895 2940 et
1921 2884 2109 2940 beatus
2155 2886 2312 2940 Dens.
2365 2887 2470 2942 Sed
2517 2887 2789 2960 Scriptura
2837 2907 2934 2948 nos
2980 2910 3083 2949 non
3126 2895 3284 2960 levat,
3315 2898 3416 2953 nisi

1843 2975 2134 3032 descendat
2153 2976 2218 3031 ad
2241 2993 2337 3032 nos
2366 2994 2380 3031 :
2409 2979 2547 3035 sicut
2567 2980 2796 3036 Verbum
2822 2999 2948 3038 caro
2970 2984 3162 3041 factum
3191 2987 3416 3044 descen-

1838 3066 1917 3121 dit
1944 3076 2002 3120 ut
2043 3068 2259 3134 levaret,
2289 3083 2393 3123 non
2432 3069 2621 3124 cecidit
2651 3081 2704 3125 ut
2741 3072 2962 3141 jaceret.
3001 3075 3056 3129 Si
3087 3075 3418 3132 descendem-

1839 3164 1946 3211 tem
1985 3158 2346 3228 cognovimus,
2377 3174 2498 3214 cum
2542 3160 2748 3217 levante
2789 3179 3107 3234 surgamus;
3137 3176 3191 3222 et
3227 3167 3418 3224 intelli-

1837 3261 2044 3318 gamus,
2073 3264 2193 3304 cum
2225 3250 2294 3304 ita
2338 3249 2589 3320 loquitur,
2638 3268 2890 3320 personas
2912 3271 3036 3312 eum
3072 3256 3415 3328 distinguere,

1837 3353 1943 3392 non
1991 3352 2240 3408 separare
2281 3348 2517 3395 naturas.
2562 3341 2784 3408 Quando
2824 3359 2953 3415 ergo
2986 3347 3232 3402 servabat
3256 3347 3419 3406 disci-

1835 3429 1993 3498 pulos
2030 3445 2154 3485 suos
2183 3429 2349 3485 Filius
2376 3434 2655 3501 praesentia
2686 3437 2966 3505 corporali,
3001 3452 3107 3492 non
3143 3450 3420 3511 exspecta-

1835 3519 1924 3574 bat
1948 3520 2104 3576 Pater
2140 3521 2207 3576 ad
2229 3522 2631 3580 custodiendum
2658 3527 2945 3584 succedere
2972 3528 3104 3585 Filio
3128 3530 3412 3588 disceden-

1837 3609 1908 3675 ti;
1947 3610 2047 3682 sed‘
2086 3625 2180 3666 eos
2217 3612 2377 3666 ambo
2422 3616 2704 3670 servabant
2750 3618 2982 3686 potentia
3027 3619 3280 3688 spirituali
3311 3639 3324 3675 :
3361 3633 3417 3678 et

1835 3700 2046 3770 quando
2065 3701 2132 3756 ab
2156 3702 2234 3757 eis
2260 3701 2478 3757 abstulit
2513 3704 2680 3759 Filius
2705 3708 3035 3776 praesentiam
3061 3712 3408 3782 corporalem,

1837 3791 2005 3844 tenuit
2051 3805 2172 3844 cum
2221 3792 2378 3848 Patre
2429 3793 2725 3851 custodiam
2781 3797 3128 3868 spiritualem.
3179 3801 3310 3870 Quia
3359 3813 3416 3860 et

1834 3881 2207 3938 custodiendos
2257 3885 2468 3952 quando
2531 3885 2698 3942 Filius
2749 3888 2911 3944 homo
2964 3892 3189 3962 accepit,
3235 3903 3414 3948 custo-

1832 3971 1934 4025 diu:
1982 3980 2213 4040 paternae
2251 3987 2355 4025 non
2397 3986 2492 4028 eos
2526 3975 2743 4029 abstulit
2783 3994 2797 4029 :
2839 3987 3046 4033 etcum
3083 3980 3239 4036 Pater
3274 3983 3412 4039 Filio

1833 4059 2207 4116 custodiendos
2234 4059 2400 4128 dedit,
2447 4077 2553 4115 non
2596 4061 2743 4118 dedit
2782 4065 2900 4120 sine
2947 4067 3062 4135 ipso
3105 4070 3188 4124 cui
3232 4070 3409 4137 dedit;

1833 4150 1926 4206 sed
1952 4149 2098 4205 dedit
2136 4140 2335 4204 homini
2362 4136 2514 4217 Filio,
2537 4165 2644 4206 non
2673 4152 2791 4208 sine
2814 4154 2926 4210 Deo
2950 4155 3137 4212 eodem
3169 4158 3283 4227 ipso
3310 4160 3414 4216 uti-

1833 4256 1934 4312 que
1957 4242 2110 4297 Filio.

1904 4335 1957 4389 7.
1997 4333 2246 4404 Sequitur
2263 4348 2390 4404 ergo
2409 4333 2595 4401 Filius,
2625 4342 2679 4391 et
2700 4334 2828 4391 dicit
2855 4356 2868 4391 :
2899 4338 3036 4404 Quos
3061 4339 3242 4394 dedisti
3261 4342 3404 4408 mihi,

1833 4423 2076 4477 custodiri
2105 4440 2124 4476 :
2153 4433 2200 4478 et
2231 4439 2374 4478 nemo
2398 4440 2461 4478 ea:
2488 4424 2565 4479 his
2604 4426 2770 4494 periit,
2797 4426 2896 4480 nisi
2926 4426 3064 4496 [ilius
3092 4431 3408 4498 perditionis,

1834 4523 1889 4567 ut
1941 4513 2208 4584 Scriptura
2244 4515 2532 4586 impleatur.
2567 4513 2732 4570 Filius
2773 4517 3082 4586 perditionis
3117 4518 3288 4576 dictus
3328 4533 3414 4578 est

1835 4604 2058 4660 traditur
2083 4603 2300 4673 Christi,
2342 4606 2624 4675 perditioni
2663 4606 3086 4676 prmdestiuatus,
3118 4611 3406 4669 secundum

1834 4698 2156 4770 Scripturam
2187 4715 2305 4770 quae
2340 4700 2407 4756 de
2435 4701 2525 4756 illo
2565 4702 2620 4757 in
2660 4702 2862 4773 psalmo
2898 4703 3190 4760 centesimo
3223 4715 3411 4761 octavo

1835 4792 2065 4846 maxime
2089 4789 2451 4861 propltetatur.

1906 4880 1959 4934 8.
2001 4879 2153 4933 Nunc
2181 4889 2369 4945 autem,
2413 4881 2599 4952 inquit,
2627 4883 2696 4936 ad
2736 4890 2783 4936 te
2816 4884 2996 4948 venio;
3024 4894 3071 4937 et
3099 4887 3204 4938 haec
3231 4886 3410 4957 loquor

1835 4973 1889 5024 in
1915 4971 2121 5034 mundo,
2163 4979 2218 5023 ut
2247 4971 2459 5024 habeant
2486 4972 2728 5042 gaudium
2768 4989 2930 5026 meum
2960 4973 3219 5043 impletunt
3244 4977 3296 5028 in
3326 4993 3408 5030 se-

1834 5062 2076 5130 metipsis.
2104 5060 2239 5115 Ecce
2265 5059 2318 5114 in
2348 5061 2545 5116 mundo
2569 5077 2628 5118 se
2657 5062 2799 5132 loqui
2824 5062 2970 5126 dicit,
2991 5065 3080 5134 qui
3109 5065 3266 5134 paulo
3286 5078 3409 5124 ante

1835 5153 2059 5219 dixerat,
2101 5150 2222 5205 Jant
2257 5169 2357 5206 non
2384 5153 2572 5206 suntin
2611 5154 2795 5208 mundo
2825 5169 2846 5208 :
2874 5153 3016 5225 quod
3058 5170 3154 5210 cur
3193 5156 3407 5226 dixerit,

1836 5246 1907 5301 ibi
1931 5244 2290 5315 exposuimus,
2321 5244 2428 5300 imo
2460 5245 2631 5315 ipsum
2660 5245 2714 5300 id
2761 5247 3070 5316 exposuisse
3111 5247 3406 5304 docuimus.

1838 5337 1978 5408 Ergo
1995 5345 2049 5391 et
2070 5336 2192 5407 quia
2222 5336 2454 5391 nondum
2481 5337 2705 5405 abierat,
2727 5337 2814 5393 hic
2836 5338 3010 5396 adhuc
3032 5348 3150 5396 erat
3169 5357 3184 5405 ;
3208 5349 3263 5395 et
3288 5341 3408 5409 quia

1837 5443 1961 5483 mox
1991 5427 2162 5483 luerat
2186 5425 2442 5495 abiturus,
2472 5428 2558 5484 hic
2593 5428 2982 5500 quodammodo
3001 5429 3114 5500 jam
3139 5442 3244 5483 non
3270 5436 3406 5483 erat.

1837 5520 1988 5590 Quod
2016 5521 2085 5575 sit
2105 5527 2280 5574 autem
2322 5519 2424 5574 hoc
2459 5520 2708 5591 gaudium
2752 5521 2820 5576 de
2855 5537 2961 5592 quo
2989 5521 3084 5587 ait,
3115 5527 3171 5574 ut
3197 5518 3408 5572 habeant

1835 5611 2078 5683 gaudium
2118 5627 2280 5665 meum
2315 5611 2575 5682 impletum
2619 5613 2672 5665 in
2709 5611 3004 5680 semetipsis,
3029 5610 3140 5680 jam
3169 5611 3410 5680 superius

1838 5718 2143 5774 expressum
2174 5713 2276 5770 est,
2302 5703 2392 5758 ubi
2416 5704 2510 5771 ait,
2548 5703 2616 5759 Ut
2633 5704 2733 5758 sint
2755 5716 2914 5756 unum
2933 5701 3060 5755 sicut
3087 5709 3134 5756 et
3154 5718 3266 5756 nos.
3300 5701 3410 5757 Hoc

1839 5796 2084 5868 gaudium
2128 5813 2301 5865 suum,
2333 5795 2384 5852 id
2435 5804 2535 5861 est,
2557 5810 2586 5849 a
2616 5809 2674 5848 se
2717 5792 2768 5848 in
2808 5807 2903 5849 eos
2943 5792 3215 5858 collatum,
3248 5792 3301 5850 in
3337 5795 3412 5849 eis
