3994 6366
1516 401 1586 462 IN
1618 392 1900 461 JOANNIS
1934 391 2403 464 EVANGELIUM,
2442 394 2502 452 S.
2542 392 2915 455 AUGUSTINI

582 531 714 589 dicit
736 526 1104 602 ιωριεπιιυιιις
1149 529 1369 595 propter
1410 518 1553 591 quod
1586 520 1822 575 locutum
1858 524 1919 570 se
1951 513 2084 569 dixit
2108 511 2163 566 in
2270 520 2391 567 ntus
2428 511 2755 582 uni-genitum
2798 511 2895 568 Dei
2940 502 3155 581 Filium,
3516 514 3701 588 [ueniit
3737 520 3824 590 ω,

585 623 805 682 mundo.
846 621 971 677 lites
1006 624 1090 676 est
1130 626 1234 689 pax
1281 615 1369 670 ills
1402 618 1458 669 et
1481 608 1753 669 beatitudo
1776 610 1829 665 in
1858 606 2037 662 futuro
2062 616 2166 659 sa-

586 718 731 782 euio,
774 724 991 787 propter
1032 720 1189 782 quam
1237 704 1668 777 consequendam
1715 702 2074 773 temperanter
2113 696 2169 751 et
2228 771 2234 779 _

580 808 726 879 iuste
749 810 804 863 et
827 805 912 877 pie
937 796 1218 859 vivendum
1246 807 1329 856 est
1357 798 1410 853 in
1440 797 1541 852 hoc
1568 794 1786 852 stt-culo.

1069 908 1480 971 TRACTATUS
1515 906 1693 967 CVIII.

589 1034 672 1092 De
703 1050 762 1092 eo
794 1031 931 1108 quod
955 1032 1027 1087 ait
1055 1026 1228 1093 Iesus,
1260 1026 1374 1098 Ego
1400 1024 1525 1082 dedi
1551 1022 1631 1080 eis
1656 1032 1959 1078 sermonem
1990 1025 2172 1080 tuum;

665 1141 821 1196 usque
846 1123 914 1179 ad
935 1122 1010 1187 id,
1040 1121 1111 1178 Ut
1134 1122 1244 1177 sint
1278 1126 1333 1175 et
1360 1116 1462 1189 ipsi
1494 1111 1808 1173 sanctiﬁcati
1840 1112 1895 1167 in
1933 1109 2171 1169 veritate.

665 1214 819 1290 (Cap.
853 1230 992 1282 xvu,
1031 1214 1067 1285 y
1091 1249 1106 1266 .
1138 1208 1351 1285 H-iii).

668 1350 722 1406 1.
764 1349 1007 1420 Loquens
1045 1344 1217 1401 adhuc
1266 1342 1522 1399 Dominus
1564 1337 1632 1392 ad
1677 1328 1911 1400 Patrem,
1941 1334 2181 1387 etot-aus

596 1456 695 1515 pro
720 1438 991 1511 discipulis
1015 1439 1146 1504 suis,
1170 1437 1332 1492 dicit:
1358 1433 1470 1505 Ego
1495 1429 1609 1485 dedi
1628 1430 1699 1484 eis
1717 1434 1994 1482 sermonem
2014 1430 2179 1487 suum,

529 1571 532 1574 ~
596 1514 645 1590 et
667 1533 885 1589 mundus
910 1548 994 1587 eos
1021 1530 1137 1586 odio
1166 1529 1359 1583 habuit.
1390 1525 1634 1580 Nondum
1663 1520 1714 1575 id
1740 1516 1944 1588 experti
1972 1514 2184 1570 hiet-alit

595 1623 933 1697 passionibus
959 1622 1089 1688 suis,
1121 1635 1239 1690 qua:
1285 1617 1403 1671 illos
1446 1621 1629 1685 postea
1657 1612 1781 1666 sunt
1816 1612 2047 1672 secutae;
2088 1604 2185 1660 sed

601 1728 755 1774 more
781 1730 879 1772 suo
918 1715 1046 1769 dicit
1086 1714 1207 1777 ista,
1238 1708 1415 1764 verbis
1442 1704 1692 1777 prmteriti
1724 1699 1979 1770 temporis
2008 1697 2184 1753 littora

600 1806 981 1881 pranuntians.
1014 1802 1212 1859 Deinde
1250 1806 1462 1855 causam
1501 1795 1789 1865 subjiciens
1818 1804 1911 1847 cur
1937 1800 2031 1845 eos
2053 1789 2186 1844 ode-

603 1880 677 1956 l'it
700 1893 933 1954 mundus
964 1912 977 1948 :
1012 1894 1145 1961 Quia
1185 1907 1288 1946 non
1329 1897 1466 1954 sunt,
1513 1886 1701 1958 inquit,
1730 1883 1793 1940 de
1822 1880 2031 1945 mundo,
2059 1880 2188 1934 sicut

606 1999 654 2047 et
680 2005 772 2062 ego
794 2002 896 2043 non
924 2002 1034 2041 sum
1061 1985 1125 2041 de
1153 1983 1359 2039 mundo.
1388 1982 1499 2037 Hoc
1530 1980 1608 2035 eis
1644 1976 2046 2048 regeneratione
2074 1972 2189 2028 eol-

605 2083 770 2138 latum
794 2084 879 2136 est
906 2093 920 2133 :
950 2092 1071 2133 nam
1090 2076 1431 2149 generatione
1456 2074 1524 2130 de
1552 2070 1749 2127 mundo
1772 2074 1942 2135 erant,
1972 2070 2190 2138 prepter

608 2173 750 2245 quod
768 2172 878 2244 jam
913 2171 992 2227 eis
1022 2169 1250 2235 dixerat,
1278 2166 1390 2239 Ego
1427 2181 1510 2222 vos
1548 2164 1612 2219 de
1639 2161 1827 2218 mundo
1854 2161 1981 2232 elegi
2010 2157 2186 2234 (Joan.

609 2276 706 2332 ιν,
739 2261 851 2335 i9).
888 2263 1147 2329 Donatum
1174 2268 1401 2329 estergo
1428 2258 1507 2313 eis
1541 2265 1599 2311 ut
1626 2254 1764 2310 sicut
1800 2252 1932 2323 ipse,
1958 2265 2057 2306 nec
2078 2250 2192 2335 ipsi

610 2361 793 2411 essent
810 2334 887 2409 de
914 2349 1133 2417 mundo,
1160 2363 1255 2405 eos
1288 2349 1405 2419 ipso
1443 2346 1703 2402 liberante
1735 2342 1802 2399 de
1826 2340 2046 2397 mundo.
2073 2334 2193 2409 Ipse

613 2452 790 2502 autem
817 2442 886 2500 de
928 2440 1129 2498 mundo
1170 2452 1439 2510 nunquam
1484 2437 1581 2493 fuit
1612 2454 1625 2490 :
1655 2436 1777 2507 quia
1816 2434 1975 2490 etiam
2003 2442 2194 2488 secun-

610 2535 736 2593 dum
765 2534 990 2591 formam
1019 2532 1162 2589 servi
1187 2532 1255 2588 de
1289 2529 1489 2602 Spiritu
1523 2539 1709 2584 sancto
1752 2527 1864 2597 ipse
1908 2530 2061 2579 natus
2088 2529 2189 2589 est,

613 2627 681 2685 de
706 2638 813 2700 quo
854 2626 932 2683 illi
973 2626 1163 2682 renati.
1192 2621 1327 2680 Nam
1363 2622 1407 2679 si
1437 2631 1713 2694 prapterea
1743 2618 1815 2674 illi
1853 2618 1963 2688 jam
1993 2630 2099 2670 non
2126 2612 2196 2670 de

614 2712 836 2786 mundo,
865 2717 985 2790 quia
1011 2716 1184 2774 renati
1203 2718 1329 2771 sunt
1353 2710 1419 2770 de
1444 2713 1646 2785 Spiritu
1673 2719 1890 2775 sancto;
1914 2715 2197 2780 propterea

612 2810 704 2867 ille
745 2824 1015 2882 nunquam
1063 2804 1131 2864 de
1174 2805 1394 2872 mundo,
1438 2805 1560 2876 quia
1597 2812 1754 2858 natus
1782 2810 1864 2857 est
1900 2799 1968 2856 de
1995 2798 2197 2871 Spiritu

610 2910 818 2977 sancto.
1398 2916 1413 2928 ο

684 2992 741 3048 2.
782 2984 906 3048 Non
940 3007 1082 3065 rogo,
1112 2990 1299 3061 inquit,
1330 2997 1387 3044 ut
1410 2984 1560 3043 tollas
1585 3001 1670 3042 eos
1699 2986 1763 3040 de
1790 2984 2001 3051 mundo,
2032 2980 2120 3038 sed
2141 2990 2199 3037 ut

610 3100 776 3142 serves
801 3096 885 3140 eos
912 3100 976 3140 ea:
1014 3082 1166 3139 malo.
1208 3081 1397 3137 Adhuc
1434 3081 1575 3136 enim
1623 3078 1983 3135 necessarium
2028 3075 2196 3132 habe-

617 3176 768 3243 bant,
796 3175 1169 3246 quamvisjam
1194 3188 1297 3228 non
1324 3181 1506 3228 essent
1534 3172 1600 3227 de
1621 3169 1839 3237 mundo,
1871 3184 1989 3225 esse
2017 3164 2195 3223 tamen

615 3268 669 3323 in
715 3258 934 3322 mundo.
975 3266 1187 3336 Repetit
1221 3264 1460 3322 eamdem
1489 3266 1804 3319 sententiam
1839 3281 1853 3317 :
1886 3258 1960 3317 De
1985 3252 2194 3328 mundo,

618 3358 808 3432 inquit,
838 3376 940 3415 non
966 3366 1108 3426 sunt,
1130 3359 1258 3413 sicut
1282 3367 1327 3413 et
1356 3373 1446 3429 ego
1475 3373 1573 3411 non
1602 3372 1713 3411 sum
1742 3354 1805 3409 de
1824 3354 2027 3408 mundo.
2064 3346 2201 3407 Satt-

616 3452 787 3523 eum
829 3468 915 3509 eos
959 3451 1015 3508 in
1054 3453 1278 3507 ueritate.
1308 3449 1399 3507 Sic
1440 3449 1582 3504 enim
1612 3454 1892 3503 servantur
1929 3450 1993 3501 ex
2035 3446 2196 3513 maio,

618 3544 760 3618 quod
791 3544 1037 3617 superius
1077 3542 1249 3598 oravit
1291 3544 1350 3598 ut
1390 3540 1558 3596 ﬁeret.
1599 3538 1775 3608 Quaeri
1813 3544 1988 3592 autem
2026 3543 2202 3606 potest

615 3635 883 3709 quomodo
909 3632 977 3693 de
1003 3624 1199 3693 mundo
1220 3633 1330 3705 jam
1366 3649 1471 3689 non
1503 3639 1673 3694 erant,
1706 3628 1752 3688 si
1794 3626 2105 3685 sanctiﬁcati
2146 3624 2201 3683 in

617 3729 841 3784 veritate
867 3726 1102 3782 nondum
1132 3734 1322 3791 erant;
1358 3732 1449 3779 aut
1474 3723 1519 3778 si
1550 3723 1659 3793 jam
1690 3731 1864 3789 erant,
1894 3735 1991 3776 cur
2018 3728 2202 3790 poscat

615 3830 675 3874 ut
720 3820 849 3875 sint.
885 3821 967 3873 An
1008 3818 1130 3889 quia
1173 3826 1229 3873 et
1269 3816 1579 3873 sanctiﬁcati
1608 3816 1658 3870 in
1688 3814 1875 3872 eadem
1916 3812 2202 3887 proﬁciunt

618 3911 919 3978 sanetitate,
947 3910 1181 3981 ﬁuntque
1208 3909 1533 3975 sanctiores;
1566 3923 1739 3979 neque
1765 3906 1866 3962 hoc
1891 3906 2006 3961 sine
2035 3904 2192 3976 adju-

617 4006 755 4063 torio
797 4002 980 4077 gratiae
1017 4003 1137 4068 Dei,
1167 4002 1259 4058 sed
1287 4001 1376 4057 illo
1402 4017 1585 4056 eorum
1610 3999 1975 4055 sanctiﬁcante
2005 4012 2199 4069 prove-

618 4109 784 4165 ctum,
807 4097 897 4179 qui
924 4096 1271 4154 sanctiﬁcavit
1295 4094 1620 4166 inemptum?
1645 4090 1797 4150 Unde
1826 4104 1879 4148 et
1907 4086 2197 4163 Apostolus

614 4188 743 4248 dicit
772 4210 785 4246 :
821 4190 923 4257 Qui
946 4191 998 4244 in
1025 4186 1161 4244 vobis
1189 4205 1317 4257 opus
1356 4187 1541 4242 bonum
1580 4186 1745 4251 capit,
1789 4185 2010 4255 perﬁciet
2045 4198 2202 4254 usque

613 4284 667 4338 in
694 4284 826 4337 diem
853 4281 1040 4337 Christi
1056 4279 1180 4337 Iesu
1202 4279 1459 4353 (Philipp.
1488 4296 1527 4345 ι,
1555 4277 1630 4346 6).
1660 4275 2070 4333 Sanctiﬁcantur
2096 4274 2199 4330 ita-

615 4388 720 4445 que
748 4371 803 4430 in
832 4371 1056 4427 veritate
1088 4368 1331 4424 hatredes
1351 4368 1674 4424 Testamenti
1700 4366 1853 4436 Novi,
1884 4369 2037 4437 cujus
2061 4367 2201 4423 veri-

615 4455 737 4517 tatis
769 4460 972 4517 umbrat
1020 4459 1231 4513 fuerant
1277 4458 1720 4513 sanctiﬁcationes
1760 4457 1967 4511 Veteris
2012 4452 2200 4513 Testa-

619 4551 786 4617 menti
818 4568 832 4605 :
863 4559 917 4608 et
950 4565 1071 4615 cum
1096 4548 1498 4605 sanctiﬁcantur
1528 4549 1578 4602 in
1607 4549 1847 4611 veritate,
1873 4548 2053 4623 utique
2077 4563 2200 4604 san-

618 4644 918 4701 ctiﬁcantur
961 4641 1014 4699 in
1059 4640 1291 4703 Christo,
1336 4641 1425 4710 qui
1472 4639 1733 4695 veraciter
1770 4640 1923 4708 dixit,
1950 4638 2063 4712 Ego
2088 4658 2201 4697 sum

616 4735 718 4802 via,
747 4743 795 4789 et
829 4731 1028 4799 veritas,
1055 4740 1102 4786 et
1131 4730 1229 4784 vita
1257 4716 1435 4802 (Ioan.
1464 4746 1572 4793 xw,
1602 4728 1680 4800 6).
1716 4729 1845 4786 Item
1872 4714 2082 4798 quando
2104 4731 2196 4797 ait,

628 4825 822 4883 Veritas
850 4823 1076 4906 liberabit
1099 4838 1206 4891 vos,
1235 4821 1393 4895 paulo
1424 4830 1544 4892 post
1578 4836 1850 4891 exponens
1891 4820 2013 4892 quid
2048 4820 2199 4879 dixe-

615 4921 707 4990 rit,
740 4919 802 4981 Si
837 4936 943 4985 vos,
975 4917 1165 4988 inquit,
1220 4912 1384 4970 Filius
1423 4912 1719 4980 liberaverit,
1760 4923 1878 4968 tunc
1913 4929 2025 4968 vere
2059 4912 2201 4969 liberi

622 5014 757 5069 eritis
797 5011 908 5083 (Id.
942 5028 1057 5079 vnt,
1102 4994 1191 5077 32,
1220 5007 1348 5081 56);
1394 5017 1449 5062 ut
1491 5005 1795 5062 ostenderet
1833 5003 1937 5060 hoc
1966 5020 2024 5060 se
2054 5005 2199 5073 prius

618 5103 817 5160 dixisse
838 5103 1133 5170 veritatem,
1156 5097 1298 5173 quod
1319 5098 1656 5173 postmodum
1681 5096 1891 5151 Filium.
1913 5095 2051 5163 Quid
2072 5110 2199 5168 ergo

621 5195 764 5252 aliud
791 5195 971 5251 ethoc
998 5197 1115 5251 loco
1141 5182 1292 5258 dixit,
1323 5190 1600 5263 Sancti/ica
1626 5206 1711 5246 eos
1739 5190 1793 5249 in
1821 5189 2041 5257 veritate,
2073 5188 2195 5254 nisi,

617 5287 888 5348 sanctiﬁca
918 5302 1010 5345 eos
1036 5286 1089 5341 in
1113 5286 1233 5347 me?

689 5382 742 5443 5.
785 5379 1024 5449 Denique
1053 5377 1305 5455 sequitur,
1333 5386 1387 5437 et
1416 5378 1519 5433 hoc
1541 5376 1777 5447 apertius
1802 5376 2070 5436 insinuare
2093 5390 2198 5431 non

619 5472 813 5539 desiuit
846 5488 860 5527 :
892 5468 1096 5537 Sermo,
1138 5468 1328 5541 inquit,
1379 5474 1494 5523 tuus
1544 5467 1725 5522 veritas
1773 5475 1863 5522 est.
1892 5466 2028 5535 Quid
2059 5466 2199 5521 aliud

618 5566 769 5631 dixit,
792 5579 973 5638 quam,
1016 5562 1125 5643 Ego
1150 5561 1328 5619 veritas
1356 5559 1505 5616 sum?
1530 5560 1772 5617 Grzecum
1809 5560 2004 5632 quippe
2032 5560 2201 5615 Evan-

618 5664 814 5735 geliutn
842 5670 971 5729 λόγος
997 5657 1175 5722 habet,
1193 5654 1334 5737 quod
1357 5654 1516 5711 etiam
1545 5652 1614 5708 ibi
1645 5651 1854 5723 legitur,
1886 5651 1974 5708 ubi
2001 5651 2200 5717 dictum

622 5765 721 5819 est,
741 5753 801 5807 in
823 5750 1069 5825 principio
1088 5758 1193 5807 erat
1204 5745 1496 5815 Verbum,et
1508 5743 1723 5801 Verbum
1737 5753 1843 5801 erat
1863 5744 2001 5815 apud
2014 5740 2198 5813 Deum,

637 5858 685 5904 et
714 5846 854 5904 Deus
882 5854 989 5906 erat
1014 5846 1245 5902 Verbum.
1274 5844 1342 5900 Et
1364 5842 1545 5910 utique
1568 5842 1800 5901 Verbum
1840 5842 2011 5905 ipsum
2048 5830 2180 5892 novi

2273 602 2582 659 ethubitavit
2606 605 2661 661 in
2687 605 2832 661 nobis
2861 602 2971 679 (Id.
2996 608 3037 672 ι,
3072 607 3124 671 ι.
3152 586 3270 678 η).
3311 600 3466 664 Unde
3504 586 3563 666 et
3604 604 3686 667 hic
3723 586 3829 684 pun

2273 696 2467 768 potuit,
2506 700 2562 753 et
2594 696 2647 753 in
2675 697 2991 769 quibusdam
3020 698 3293 755 codicibus
3321 703 3554 771 positum
3588 712 3687 769 est,
3720 702 3825 762 Ver-

2275 785 2394 841 bum
2436 792 2577 842 tutati
2616 790 2798 844 veritas
2838 799 2944 856 est;
2972 790 3109 846 sicut
3147 790 3200 846 In
3242 790 3562 862 quibusdam
3590 794 3828 855 codicibus

2277 879 2437 936 etiam
2468 881 2538 936 ibi
2579 881 2836 952 scriptum
2884 890 2965 938 est
3011 882 3080 938 In
3125 876 3377 956 principio
3420 894 3530 941 erat
3573 888 3744 943 sel-uta.
3784 888 3829 948 In
3928 878 3929 956 ί

2279 976 2456 1043 graeco
2487 968 2664 1030 autem
2703 975 2820 1030 sine
2857 974 2962 1031 ulla
3005 974 3282 1045 varietate,
3318 972 3375 1034 et
3414 978 3488 1033 ibi
3533 988 3588 1036 et
3613 978 3693 1036 hic
3726 991 3828 1052 16m

2281 1073 2384 1121 est.
2429 1062 2731 1124 sanctiﬁcat
2772 1064 2947 1139 itaque
2976 1068 3138 1126 Pater
3180 1070 3235 1126 in
3280 1070 3525 1137 veritate,
3568 1072 3622 1129 id
3665 1078 3756 1142 est,
3788 1078 3828 1133 in

2285 1155 2463 1213 Verbo
2501 1168 2634 1226 suo,
2677 1160 2728 1214 iu
2758 1157 3036 1232 Unigenito
3072 1176 3192 1230 suo,
3218 1176 3347 1219 suos
3384 1162 3625 1221 haeredes
3645 1167 3828 1240 ejusque
3928 1162 3929 1240 ξ

2285 1247 2613 1303 οοιιωιθάρε.

2356 1336 2410 1394 4.
2450 1335 2557 1394 Sed
2599 1350 2741 1395 nunc
2787 1339 2961 1396 adhuc
3005 1339 3073 1397 de
3112 1341 3381 1412 Apostolis
3427 1334 3691 1416 loquitur;
3734 1354 3828 1407 tum

2287 1435 2500 1484 secutus
2519 1428 2776 1501 adjungit,
2808 1429 2951 1487 Sicut
2988 1446 3067 1487 me
3091 1430 3272 1489 misisti
3308 1434 3362 1491 in
3398 1438 3664 1508 mundum,
3689 1448 3731 1495 et
3761 1458 3831 1514 ego

2287 1520 2401 1575 misi
2426 1537 2510 1575 eos
2535 1519 2589 1575 in
2615 1521 2875 1576 mundum.
2905 1518 3050 1592 Quos
3076 1524 3238 1590 misit,
3268 1526 3369 1582 nisi
3399 1528 3681 1599 Apostolos
3703 1535 3832 1589 suos?

2287 1610 2421 1668 Nam
2450 1620 2505 1667 et
2549 1613 2720 1683 ipsum
2765 1620 2962 1669 nomen
3004 1610 3403 1687 Aposwlorum,
3447 1622 3691 1691 quoniam
3725 1638 3831 1696 gra-

2290 1719 2411 1759 eum
2442 1713 2543 1769 est,
2590 1698 2723 1759 nihil
2760 1704 2861 1760 nisi
2901 1708 3094 1764 missos
3123 1710 3386 1779 signiﬁcat
3429 1711 3485 1766 in
3524 1710 3698 1769 latino.
3722 1702 3831 1774 liislt

2291 1808 2419 1867 ergo
2444 1796 2583 1851 Deus
2606 1794 2801 1852 Filium
2841 1811 2995 1854 suum
3035 1802 3141 1855 non
3178 1801 3232 1856 in
3261 1814 3422 1859 carne
3453 1805 3769 1875 peccati,sed
3789 1809 3828 1865 in

2292 1889 2637 1945 similitudine
2678 1890 2855 1945 carnis
2904 1892 3106 1962 peccati
3150 1891 3327 1964 (Rom.
3367 1911 3484 1960 vus.
3520 1895 3607 1970 3);
3646 1907 3695 1955 et
3719 1901 3831 1957 misit

2295 1976 2462 2035 Filius
2490 1980 2605 2049 ejus
2629 1988 2725 2037 eos
2749 1994 2882 2052 quos
2919 1991 3073 2040 natos
3113 1984 3166 2040 in
3209 1996 3370 2043 carne
3398 1989 3601 2058 peccati
3635 1990 3830 2047 sanctiﬁ-

2294 2073 2433 2125 cavit
2459 2084 2489 2125 a
2521 2062 2638 2126 labe
2667 2068 2887 2142 peccati.

2365 2161 2419 2218 5.
2437 2160 2543 2219 Sed
2569 2158 2815 2234 quoniam
2840 2174 2933 2234 per
2948 2156 3051 2221 hoc
3072 2160 3214 2238 quod
3236 2167 3499 2226 mediator
3515 2168 3611 2228 Dei
3624 2176 3674 2227 ct
3693 2170 3829 2230 homi-

2297 2269 2421 2309 num
2452 2252 2613 2309 bomd
2655 2254 2897 2312 Christus
2936 2248 3090 2316 .leSus
3120 2259 3287 2315 lactus
3315 2271 3397 2317 est
3420 2273 3578 2333 caput
3603 2264 3829 2335 Ecclesia,

2297 2344 2373 2401 illi
2398 2347 2637 2403 membra
2654 2359 2775 2403 sunt
2794 2348 2940 2417 ejus;
2957 2342 3077 2406 ideo
3093 2351 3165 2405 ait
3185 2352 3324 2423 quod
3340 2356 3602 2425 sequitur,
3621 2348 3682 2411 Et
3695 2357 3832 2429 prosis

2298 2453 2386 2509 ego
2401 2438 2659 2508 sanctiﬁco
2672 2438 2936 2510 meipsum.
2950 2440 3084 2508 Quid
3101 2452 3184 2497 est
3203 2442 3369 2509 enim,
3386 2443 3452 2499 Et
3468 2463 3563 2516 pro
3577 2446 3645 2503 eis
3662 2465 3740 2519 ego
3752 2441 3837 2503 san-

2299 2531 2463 2601 ctiﬁco
2493 2532 2757 2601 meipsum,
2784 2532 2904 2595 nisi,
2930 2548 3025 2588 eos
3053 2534 3105 2588 in
3130 2534 3336 2603 meipso
3355 2538 3651 2607 sanctiﬁeo,
3676 2554 3777 2594 cum
3796 2548 3837 2595 et

2299 2616 2399 2693 ipsi
2446 2622 2552 2677 sint
2579 2616 2716 2694 ego?
2744 2618 3004 2690 Quoniam
3035 2623 3103 2682 de
3139 2627 3331 2697 quibus
3360 2624 3465 2684 hoc
3510 2631 3605 2697 ait,
3648 2640 3702 2687 ut
3735 2630 3835 2700 dixi,

2301 2714 2537 2769 membra
2566 2718 2690 2769 sunt
2707 2715 2843 2785 ejus,
2867 2724 2920 2771 et
2946 2722 3081 2773 unus
3116 2725 3199 2774 est
3231 2719 3476 2777 Christus
3496 2731 3653 2794 caput
3681 2730 3728 2780 et
3749 2738 3839 2779 cor-

2302 2820 2402 2876 pus
2434 2796 2694 2864 :doeente
2711 2809 2963 2879 Apostoio
2991 2819 3148 2882 atque
3172 2810 3382 2871 dicente
3398 2812 3465 2871 de
3488 2818 3690 2875 semine
3707 2812 3839 2874 Abra-

2302 2895 2408 2965 hae,
2437 2897 2498 2953 Si
2512 2900 2678 2954 autem
2696 2908 2783 2956 vos
2796 2899 3003 2967 Christi,
3027 2920 3146 2976 ergo
3171 2920 3335 2960 semen
3354 2900 3573 2963 Abrahta
3595 2910 3733 2974 estis;
3747 2925 3838 2965 cum

2301 2984 2520 3045 dixisset
2545 2992 2808 3079 superius,
2841 2992 2957 3048 Non
2984 2994 3124 3062 dicit,
3166 2993 3233 3050 Et
3272 2994 3547 3054 seminibus
3569 3010 3781 3079 tanquam
3803 3002 3843 3055 in

2307 3080 2511 3145 multis;
2536 3072 2625 3137 sed
2668 3091 2906 3150 tanqram
2946 3085 2999 3140 in
3039 3101 3161 3150 uno,
3196 3085 3264 3143 Et
3305 3089 3486 3143 semini
3509 3088 3615 3157 tuo,
3648 3072 3770 3156 quod
3790 3100 3843 3146 est

2301 3170 2532 3230 Christus
2559 3170 2751 3248 (Calai.
2782 3174 2858 3241 in,
2888 3168 2978 3242 29,
3008 3164 3117 3245 lli).
3158 3170 3213 3233 Si
3250 3193 3379 3251 ergo
3420 3195 3606 3236 semen
3634 3166 3839 3247 Abraha,

2304 3264 2406 3320 hoc
2434 3272 2515 3321 est
2538 3265 2799 3333 Christus,
2818 3266 2941 3338 quid
2963 3252 3102 3323 aliud
3130 3266 3329 3324 dictum
3356 3262 3441 3327 esl
3465 3272 3657 3347 quibus
3677 3266 3839 3328 dictum

2303 3356 2402 3420 est,
2431 3354 2569 3430 Ergo
2585 3372 2751 3412 semen
2771 3352 2986 3414 Abrahae
3004 3360 3140 3423 estis,
3164 3358 3286 3426 nisi,
3309 3364 3435 3432 ergo
3454 3348 3692 3419 Christus
3710 3365 3844 3422 estis?

2302 3444 2432 3503 Inde
2455 3459 2538 3504 est
2561 3448 2702 3520 quod
2724 3444 2829 3505 alio
2859 3449 2976 3505 loco
2997 3450 3137 3506 idem
3159 3451 3272 3521 ipse
3297 3454 3572 3523 apostolus
3594 3453 3663 3511 a'it
3688 3475 3701 3510 :
3724 3452 3845 3509 Nunc

2304 3539 2501 3609 gaudeo
2547 3538 2600 3593 in
2632 3540 2945 3610 passionibus
2987 3557 3080 3611 pro
3109 3542 3282 3608 vobis,
3312 3542 3361 3598 et
3398 3544 3652 3613 adimplet)
3687 3562 3741 3600 ea
3761 3560 3848 3615 qua

2304 3628 2487 3683 desunt
2513 3646 2860 3700 pressurarum
2876 3631 3082 3700 Christi,
3104 3633 3155 3687 in
3176 3650 3326 3689 carne
3342 3652 3454 3690 mea
3480 3632 3689 3708 (Coloss.
3710 3635 3843 3707 κει).

2304 3714 2421 3774 Non
2459 3718 2611 3785 dixit,
2643 3736 3009 3791 pressurarum
3056 3740 3320 3792 mearum,
3361 3726 3478 3792 sed,
3503 3725 3726 3782 Christi:
3750 3726 3844 3798 quia

2305 3810 2600 3865 membrum
2650 3820 2765 3867 erat
2790 3810 3021 3879 Christi;
3065 3824 3119 3870 et
3149 3815 3200 3875 in
3249 3804 3704 3887 persecutionibus
3739 3819 3843 3882 suis,

2304 3904 2489 3974 quales
2517 3903 2786 3959 Christum
2823 3904 2875 3959 in
2910 3921 3006 3960 suo
3031 3914 3144 3961 toto
3185 3922 3411 3980 corpore
3439 3912 3546 3980 pati
3583 3906 3841 3981 oportebat.

2305 3995 2464 4049 etiam
2494 3995 2606 4064 ipse
2641 4010 2918 4066 pressuras
2955 3995 3070 4067 ejus
3096 4013 3193 4068 pro
3226 4014 3321 4054 sua
3354 4002 3601 4071 portione
3625 4000 3842 4072 adimple-

2304 4084 2411 4140 but.
2440 4084 2591 4153 Quod
2632 4094 2687 4140 ut
2714 4087 2871 4141 etiam
2895 4087 2997 4143 hoc
3018 4088 3134 4143 loco
3172 4102 3378 4147 certum
3426 4092 3515 4156 sit,
3542 4091 3741 4150 attende
3772 4107 3840 4147 se-

2303 4178 2539 4247 quentia.
2564 4175 2695 4232 Cum
2728 4180 2869 4232 enim
2910 4177 3151 4247 dixisset,
3181 4174 3245 4235 Et
3275 4200 3366 4254 pro
3402 4184 3474 4239 eis
3502 4202 3595 4257 ego
3621 4184 3839 4251 sauciiﬁco

2303 4270 2569 4341 meipsuuz,
2616 4279 2675 4325 ut
2722 4270 3138 4341 intelligeremus
3178 4270 3280 4329 hoc
3324 4290 3445 4330 eum
3489 4276 3700 4349 dixisse,
3726 4273 3835 4347 quod

2304 4376 2398 4417 eos
2423 4362 2773 4417 sanetiﬁcaret
2792 4362 2845 4416 in
2868 4377 2946 4427 se,
2977 4380 3094 4417 mox
3123 4354 3346 4434 addidit,
3368 4358 3437 4423 Ut
3456 4369 3559 4423 sint
3577 4377 3623 4424 et
3639 4368 3727 4440 ipsi
3748 4382 3840 4421 sar-

2303 4455 2512 4523 etiﬁcati
2544 4455 2594 4509 in
2623 4454 2845 4509 veritate.
2879 4454 3030 4522 Quod
3057 4452 3181 4526 quid
3211 4470 3291 4512 est
3316 4452 3459 4515 aliud
3495 4477 3670 4532 quam,
3691 4461 3833 4522 inme,

2305 4544 2596 4602 secundum
2633 4544 2682 4601 id
2716 4545 2853 4618 quod
2879 4547 3075 4601 veritas
3102 4557 3183 4603 est
3219 4547 3449 4605 Verbum
3482 4550 3611 4623 illud
3640 4548 3688 4607 in
3717 4550 3835 4620 prin-

2303 4637 2442 4707 cipio
2468 4635 2640 4694 Deus?
2662 4636 2717 4692 in
2739 4653 2843 4708 quo
2877 4648 2929 4693 et
2958 4639 3070 4709 ipse
3098 4634 3237 4694 ﬁlius
3263 4637 3498 4696 hominis
3523 4642 3838 4698 sanctiﬁcatns

2302 4735 2386 4783 est
2419 4728 2486 4783 ab
2525 4729 2674 4784 initio
2694 4729 2977 4783 creationis
3017 4745 3145 4797 sua},
3186 4730 3399 4801 quando
3426 4731 3655 4789 Verbum
3682 4733 3836 4788 factum

2303 4827 2386 4875 est
2409 4833 2565 4884 caro;
2593 4818 2714 4889 quia
2747 4828 2848 4872 ana
2870 4832 3092 4889 persona
3117 4818 3249 4875 facta
3268 4832 3349 4875 est
3365 4818 3598 4878 Verbum
3622 4835 3672 4878 et
3692 4822 3834 4876 homo.

2305 4908 2453 4965 Tunc
2475 4924 2603 4981 ergo
2628 4904 2974 4964 sanctilicavit
2999 4925 3056 4965 se
3086 4908 3135 4964 iu
3159 4927 3239 4977 se,
3272 4912 3373 4968 hoc
3392 4924 3498 4980 est,
3529 4914 3774 4970 hominem
3794 4925 3838 4966 se

2303 5002 2357 5057 in
2387 5000 2561 5055 Verbo
2600 5017 2691 5070 se;
2724 5001 2845 5073 quia
2896 5016 3033 5056 unus
3060 5002 3301 5057 Christus
3334 5003 3562 5061 Verbum
3606 5014 3658 5061 et
3689 5004 3836 5067 homo,

2302 5091 2638 5147 sanctiﬁcans
2684 5090 2953 5147 hominem
3005 5092 3059 5148 in
3105 5080 3302 5149 Verbo.
3353 5094 3580 5166 Propter
3616 5111 3701 5152 sua
3739 5106 3837 5149 vero

2303 5184 2561 5252 membra,
2588 5166 2656 5240 Et
2692 5202 2784 5257 pro
2820 5187 2911 5252 eis,
2939 5185 3137 5255 inquit,
3183 5204 3293 5258 ego,
3325 5185 3377 5242 id
3408 5198 3508 5254 est,
3548 5180 3679 5259 quod
3705 5185 3837 5259 prosit

2304 5278 2462 5334 etiam
2499 5278 2647 5351 ipsis,
2674 5278 2797 5424 quia
2832 5288 2886 5337 et
2922 5272 3024 5351 ipsi
3050 5288 3175 5334 sunt
3192 5294 3325 5349 ego;
3368 5281 3504 5336 sicut
3530 5280 3652 5336 mihi
3679 5270 3838 5351 proluit

2304 5370 2357 5424 in
2401 5385 2509 5424 me.
2537 5368 2657 5424 auia
2708 5386 2851 5424 homo
2876 5385 2996 5424 sum
3042 5371 3157 5424 sine
3182 5369 3313 5424 ipsis
3341 5390 3353 5424 :
3383 5368 3453 5424 Et
3491 5389 3579 5424 eeo
3620 5360 3836 5424 sanetilico

2304 5370 2357 5425 in
2401 5385 2509 5439 me,
2537 5368 2657 5442 quia
2690 5360 2851 5424 homo
2876 5385 2996 5426 sum
3042 5371 3157 5425 sine
3182 5369 3313 5441 ipsis
3341 5390 3353 5426 :
3383 5368 3453 5425 Et
3491 5389 3579 5446 ego
3620 5360 3836 5438 κατιίρω

2304 5464 2570 5533 nteipsum,
2595 5463 2693 5518 hoc
2716 5472 2815 5526 est,
2843 5462 2987 5532 ipsos
3012 5460 3063 5516 in
3085 5476 3170 5544 me
3199 5470 3445 5534 tanquam
3470 5462 3714 5535 meipsum
3739 5473 3837 5514 san-
3928 5476 3929 5523 γ

2304 5556 2481 5612 ctiﬁco
2517 5571 2638 5630 ego,
2686 5556 2936 5627 quoniam
2967 5557 3020 5611 in
3052 5540 3138 5611 me
3164 5558 3323 5612 etiam
3349 5552 3450 5628 ipsi
3482 5566 3604 5612 sunt
3642 5570 3747 5626 ego.
3781 5542 3836 5606 ill
3928 5540 3929 5619 ξ

2305 5650 2403 5706 sint
2427 5659 2473 5706 et
2492 5651 2590 5721 ipsi
2614 5648 2912 5717 sanctiﬁcati
2935 5647 2989 5703 in
3017 5650 3240 5703 veritate.
3262 5632 3397 5716 Quid
3424 5659 3506 5703 est
3529 5657 3576 5702 et
3601 5647 3705 5719 ipsi,
3728 5640 3829 5703 nisi.

2306 5747 2750 5821 quemadmodum
2774 5761 2910 5818 ego;
2948 5749 3002 5799 in
3029 5738 3249 5808 veritate,
3274 5740 3415 5812 quod
3446 5738 3569 5821 ipse,
3590 5753 3699 5797 sum
3718 5731 3834 5806 ego?
3928 5750 3929 5821 ξ

2309 5818 2509 5895 Deinde
2552 5842 2659 5908 jam
2707 5855 2810 5894 non
2842 5839 3013 5895 solum
3055 5839 3122 5895 de
3166 5826 3453 5907 Apostolis,
3484 5818 3744 5893 sedetiam
3781 5829 3834 5885 de
