1997 3194
67 216 130 247 1917

67 274 118 304 suis
128 271 231 299 caeteris
255 269 383 299 membris
401 269 494 305 incipit
511 268 602 298 dicere
617 277 625 297 :
642 269 714 305 quod
731 268 847 298 donante

66 322 128 356 ipso,
142 317 194 345 alio
208 323 334 345 sermone
348 315 515 343 tractandum
529 319 580 342 est.

305 359 513 389 TRACTATUS
531 358 599 388 CIX.

69 410 95 438 In
107 408 177 440 illud,
191 406 249 435 Non
261 413 311 441 pro
323 406 365 433 his
383 409 472 433 autem
485 413 550 441 rogo
568 410 681 438 tantum,
697 405 744 433 sed
757 409 784 433 et
795 412 844 440 pro

98 454 135 481 eis
147 453 189 488 qui
202 452 328 479 credituri
346 452 410 479 sunt
432 457 480 486 per
502 451 612 479 verbum
630 459 722 479 eorum
746 451 771 478 in
789 458 842 479 me.

104 500 163 535 Cap.
174 506 239 530 xvtt,
250 498 268 534 7
279 517 287 525 .
299 498 343 526 20.

103 547 125 574 i.
143 545 270 573 Dominus
283 544 362 572 .iesus
372 544 427 579 jam
440 551 488 571 sua
499 544 694 579 propinquante
712 544 844 578 passione,

74 599 124 620 cum
134 595 232 618 orasset
243 598 291 625 pro
305 590 441 624 discipulis
452 590 517 623 suis,
532 597 599 624 quos
610 594 636 616 ct
648 590 790 624 Apostolus
800 597 848 617 no-

75 636 179 668 minavit,
194 643 253 663 cum
268 635 364 671 quibus
381 638 534 662 coenaverat
553 635 671 662 ultimatn
685 642 800 668 caenam,
814 634 848 663 de

76 691 115 719 qua
128 682 234 710 traditur
247 681 306 717 ejus
314 689 362 717 per
374 674 519 708 buccellam
534 680 718 709 manifestatus
733 681 845 714 exierat,

76 734 158 758 etcum
173 728 268 764 quibus
283 732 342 763 post
360 727 417 762 ejus
434 735 571 763 egressum
592 732 733 762 antequam
747 734 796 763 pro
809 727 848 754 eis

77 777 158 808 oraret,
176 772 257 802 multa
268 773 322 809 jam
337 773 421 801 fuerat
435 773 554 806 locutus;
569 773 689 809 adjunxit
701 778 727 801 et
737 777 848 801 cancros

77 821 111 856 qui
124 820 147 847 in
160 828 218 848 eum
233 819 337 847 i'uerant
350 819 489 853 credituri,
506 824 533 847 et
545 820 583 846 ait
602 820 634 847 ad
656 820 773 853 Patrem,
788 819 848 846 Non

78 876 113 902 pro
122 867 156 894 Itis
173 871 256 893 autem
271 874 331 901 rogo
347 870 453 898 tantum,
478 865 504 893 id
526 870 567 893 est
585 873 632 900 pro
652 865 789 900 discipulis
803 865 848 900 qui

78 920 125 940 cum
139 913 180 940 illo
195 917 257 940 tunc
267 917 344 939 erant
354 921 360 938 :
370 912 415 938 sed
425 916 447 939 et
458 920 504 947 pro
518 912 563 944 eis,
576 912 669 947 inquit,
678 911 720 945 qui
731 912 849 938 credituri

77 965 121 987 tum
133 969 172 995 per
183 959 283 987 uerbum
293 967 378 986 eorum
390 959 416 986 in
427 967 476 986 me.
492 958 539 986 Ubi
553 965 648 986 omnes
660 966 723 985 suos
735 957 846 992 intelligi

77 1007 153 1037 voluit,
168 1014 219 1033 non
230 1005 317 1033 solum
332 1005 376 1041 qui
393 1010 456 1032 tunc
471 1009 546 1032 erant
561 1005 586 1032 in
601 1012 693 1038 carne,
707 1004 754 1031 sed
767 1004 847 1031 etiam

77 1052 111 1087 qui
124 1051 198 1080 futuri
211 1056 296 1079 erant.
309 1052 445 1086 Quotquot
452 1051 523 1078 enim
538 1055 629 1086 postea
639 1050 810 1078 crediderunt
821 1050 848 1077 in

77 1104 135 1127 eum,
146 1105 190 1131 per
215 1097 323 1124 verbum
340 1096 528 1131 Apostolorum
554 1096 611 1123 sine
630 1095 712 1123 dubio
725 1095 847 1123 credide-

78 1146 136 1174 runt,
147 1146 171 1169 et
182 1142 268 1169 donec
282 1142 381 1174 veniat,
395 1141 521 1169 credituri
538 1145 600 1168 sunt
613 1150 619 1168 :
638 1141 703 1175 ipsis
717 1141 788 1168 enim
806 1140 848 1168 di-

77 1179 146 1219 xerat,
160 1186 192 1215 Et
205 1196 247 1215 vos
269 1188 440 1215 testimonium
464 1187 631 1223 perhibebilt's,
653 1188 711 1222 quia
730 1187 760 1213 ab
775 1187 846 1214 initio

78 1242 156 1260 mecum
168 1234 225 1261 estis
247 1232 335 1269 (Joau.
352 1242 395 1266 xv,
419 1233 484 1268 27);
505 1238 532 1261 et
544 1241 592 1269 per
613 1234 662 1261 ltus
676 1233 847 1268 Etaugelium

77 1280 237 1308 ministratum
252 1285 304 1314 est,
319 1285 346 1307 et
364 1285 506 1315 antequam
530 1280 701 1312 scriberetur,
715 1284 742 1307 et
759 1280 849 1314 utique

76 1326 210 1362 quisquisin
221 1326 354 1353 Christum
365 1325 460 1358 credit,
475 1325 617 1360 Evangelio
627 1325 720 1352 credit.
732 1325 789 1352 Non
802 1325 849 1352 ita-

76 1378 118 1406 que
129 1371 151 1399 hi
165 1376 265 1399 tantum
281 1370 443 1406 intelligendi
457 1374 529 1403 sunt,
543 1378 610 1405 quos
627 1371 665 1398 ait
683 1370 708 1397 in
720 1378 749 1398 se
763 1370 849 1398 credi-

76 1420 136 1444 turus
149 1425 192 1452 per
206 1417 315 1444 verbum
331 1424 434 1449 eorum,
447 1415 491 1452 qui
507 1416 587 1451 ipsos,
603 1424 663 1443 cum
679 1416 704 1442 in
716 1423 796 1443 carne
808 1416 848 1443 vi-

76 1467 169 1496 verem,
195 1463 338 1498 Apostolus
358 1462 518 1494 atullerunt;
543 1462 589 1489 sed
611 1467 638 1489 ct
665 1466 724 1496 post
747 1462 848 1490 obitum

76 1515 163 1541 eorum,
184 1513 210 1536 et
235 1516 285 1536 uos
309 1508 387 1543 longe
411 1512 470 1542 post
484 1508 547 1539 nati,
565 1515 611 1542 per
624 1508 733 1536 verbum
755 1515 847 1536 eorum

75 1553 218 1583 aediditiius
225 1555 251 1582 in
259 1554 401 1583 Christum.
412 1554 541 1588 Quoniam
551 1553 599 1588 ipsi
608 1554 651 1589 qui
660 1561 720 1581 cum
732 1554 778 1580 illo
787 1559 849 1581 tunc

75 1599 177 1634 fuerunt,
191 1599 261 1635 quod
281 1601 315 1627 ab
340 1598 386 1627 illo
400 1598 549 1632 audierunt,
572 1599 676 1626 czeteris
690 1599 849 1634 prmdicave-

75 1647 144 1672 runt:
157 1650 233 1681 atque
244 1645 279 1672 ita
296 1642 405 1672 verbum
419 1652 521 1676 eorum,
540 1648 567 1670 ut
585 1643 665 1670 etiam
683 1651 732 1670 nos
752 1644 849 1672 crede-

76 1697 158 1723 remus.
171 1691 203 1719 ad
222 1699 273 1719 nos
291 1699 375 1727 usque
400 1691 530 1726 pervenit,
555 1689 714 1725 ubicumque
735 1694 777 1717 est
791 1690 849 1725 ejus

77 1736 176 1766 Ecclesia
186 1747 193 1770 ;
207 1743 234 1766 et
245 1743 431 1773 perventurum
444 1741 484 1764 est
494 1736 526 1763 ad
537 1741 667 1771 posteros,
677 1736 847 1770 quicumque,

77 1781 215 1819 ubicumque
228 1790 319 1819 postea
334 1783 359 1810 iu
371 1791 431 1810 cum
443 1782 569 1810 credituri
581 1787 650 1810 sunt.

105 1823 127 1856 ξ.
146 1830 231 1857 Potest
252 1830 339 1865 itaque
355 1827 437 1856 videri
457 1828 535 1856 Jesus
551 1829 575 1855 in
599 1828 648 1855 hac
662 1829 781 1855 oratione
796 1836 849 1855 uoti

76 1881 153 1902 casse
163 1883 210 1910 pro
227 1872 385 1911 quibusdam
401 1874 467 1906 suis,
483 1872 533 1900 nisi
547 1873 687 1907 diligenter
700 1877 850 1900 srrutemur

77 1919 99 1947 in
111 1921 193 1949 eadem
212 1920 333 1948 oratione
345 1919 424 1947 verba
444 1919 511 1955 ejus.
532 1918 559 1946 Si
574 1919 644 1946 enim
663 1926 711 1953 pro
724 1918 763 1946 eis
777 1918 849 1953 pritts

77 1967 155 1998 aravit,
168 1968 233 1995 sicut
244 1967 299 2001 jam
312 1966 486 1999 ostendimus,
500 1964 545 2001 qui
561 1973 620 1992 cum
635 1965 680 1992 illo
690 1970 751 1992 tunc
762 1968 849 1999 erant,

77 2013 153 2044 pestes
163 2019 223 2040 vero
238 2010 317 2040 etiam
334 2020 382 2046 pro
395 2011 435 2038 eis
454 2010 499 2046 qui
516 2019 562 2045 per
583 2010 693 2037 verbum
708 2018 801 2038 eorum
821 2010 848 2037 in

77 2052 137 2084 iilum
158 2058 259 2086 fuerant
274 2056 419 2089 credituri;
440 2061 527 2092 potest
545 2055 598 2084 dici
624 2064 676 2083 nou
690 2063 781 2083 orasse
802 2064 849 2090 pro

78 2100 122 2129 illis
134 2104 172 2138 qui
185 2111 269 2139 neque
283 2108 346 2130 tunc
357 2107 434 2130 erant
450 2109 509 2130 cum
525 2099 570 2129 illo
582 2101 690 2137 quando
706 2102 754 2128 ism
775 2101 848 2129 dice-

78 2145 124 2179 bat.
134 2156 212 2184 neque
225 2157 272 2183 per
283 2147 392 2175 verbum
405 2155 495 2174 eorum
508 2152 610 2183 postea,
623 2147 668 2174 sed
680 2146 706 2173 in
719 2154 780 2173 eum
793 2147 849 2174 sive

79 2200 119 2227 per
127 2194 199 2228 ipsos,
208 2188 264 2222 sive
276 2192 486 2229 quomodolibet,
500 2198 587 2220 tamen
598 2197 660 2219 ante
669 2191 846 2220 crediderant.

78 2237 191 2274 Numquid
206 2240 276 2268 enim
292 2248 351 2267 cum
374 2239 419 2267 illo
442 2243 504 2266 tunc
522 2243 579 2266 erat
594 2238 755 2266 Natltauael?
767 2238 850 2266 Num—

78 2285 131 2319 quid
142 2285 236 2321 Joseplt
250 2286 293 2313 ille
306 2286 339 2313 ab
360 2285 516 2317 Arimathia,
535 2284 578 2320 qui
597 2292 694 2319 corpus
705 2285 763 2319 ejus
776 2293 790 2311 a
806 2285 849 2312 Pi-

80 2328 124 2356 lato
133 2332 208 2365 petiit,
225 2338 306 2365 quem
318 2330 374 2364 jam
389 2330 547 2364 discipulum
565 2330 623 2364 ejus
636 2329 717 2356 fuisse
731 2330 780 2356 iste
794 2331 850 2365 ipse

79 2373 175 2405 Joannes
185 2377 344 2410 evangelista
358 2380 468 2403 testatur
479 2375 566 2410 (Joan.
576 2384 631 2409 xtx,
643 2376 706 2410 58)?
717 2376 849 2411 Numquid

80 2415 145 2450 Maria
154 2427 239 2452 mater
253 2424 321 2458 ejus,
330 2423 422 2451 etalim
435 2422 551 2455 femime,
564 2431 629 2457 quas
641 2422 700 2457 ejus
709 2422 852 2458 discipulus

81 2466 104 2492 in
113 2466 244 2505 Evangelia
254 2469 310 2504 jam
322 2473 383 2495 tunc
393 2467 474 2496 fuisse
484 2467 642 2495 didicimus?
650 2468 780 2503 Numquid
792 2476 852 2495 cum

81 2511 184 2543 illotunc
196 2519 274 2544 erant
299 2515 332 2542 de
354 2514 451 2549 quibus
476 2522 547 2549 saepe
566 2514 630 2541 dicit
654 2514 723 2541 idem
737 2514 854 2542 Joannes

81 2560 235 2595 evattgeliSta,
250 2558 278 2586 Μ
283 2559 330 2586 ulti
348 2559 509 2586 crediderunt
524 2560 551 2585 in
566 2567 622 2585 eum
639 2557 694 2593 (1d.
715 2567 743 2591 ιι,
756 2559 801 2591 25,
815 2567 852 2593 tv,

79 2601 165 2638 ὅθιηι,
181 2608 225 2639 5i,
241 2613 297 2640 vm,
312 2606 356 2639 50,
369 2610 392 2633 ει
411 2614 438 2637 x,
452 2604 520 2641 42)?
539 2605 604 2632 Nam
626 2605 696 2632 unde
712 2611 769 2632 erat
786 2605 855 2633 mul-

80 2647 149 2677 titudu
161 2652 204 2680 illa
214 2659 307 2679 eorum
323 2651 367 2686 qui
380 2659 439 2677 cum
454 2650 537 2678 ramis
550 2649 645 2685 partim
657 2649 852 2684 prmcedebaut,

79 2697 160 2726 Partim
185 2697 368 2734 sequebantur
391 2697 550 2725 insidentem
570 2696 702 2732 jutnento,
724 2696 852 2729 dicentes,

77 2737 213 2772 Mdictus
229 2746 272 2780 qui
291 2745 357 2771 emit
376 2744 402 2770 in
425 2745 524 2771 naniine
550 2742 666 2775 Domini;
687 2747 714 2771 et
732 2751 793 2771 cum
817 2744 855 2771 eis

77 2790 151 2824 Meri,
178 2790 211 2819 de
223 2791 321 2826 quibus
344 2790 400 2823 ipse
414 2789 450 2816 ait
472 2788 554 2815 fuisse
568 2788 732 2824 praedictum,
748 2788 790 2816 E1;
814 2797 856 2816 ore

75 2829 200 2865 main
214 2841 239 2864 et
253 2835 398 2863 iacientium
412 2835 537 2870 perfecislt'
562 2834 662 2861 laudent
681 2834 786 2869 (Matth.
800 2843 855 2868 xxt,

74 2874 99 2909 τι
109 2877 157 2916 lli;
178 2879 252 2910 Ptol.
263 2889 323 2913 vui,
337 2882 385 2918 3)?
400 2880 474 2909 Unde
487 2880 623 2916 quingenti
638 2880 743 2912 fratres,
758 2880 855 2914 quibus

72 2920 146 2958 Ni
165 2933 228 2965 post
244 2919 468 2957 resufiié‘ctiouem
492 2937 545 2957 non
568 2929 735 2965 apparuisset
757 2928 781 2963 (Ι
794 2928 854 2956 bar.

22 3112 128 3194 Le

607 210 815 241 TMCTA’I‘US
839 209 909 241 CIX.
929 211 1041 247 CAPUT
1061 212 1143 245 XVII.

1622 222 1692 254 1918

902 277 947 302 xv,
961 269 1001 304 6),
1017 271 1066 299 nisi
1082 272 1108 300 in
1120 279 1182 301 eum
1195 278 1259 302 ante
1271 275 1447 305 credidissent
1452 279 1466 306 ι
1478 276 1556 308 Unde
1572 277 1611 309 illi
1626 282 1691 311 cett-

901 319 957 343 tum
970 321 996 344 et
1008 324 1116 350 novem,
1132 320 1177 354 qui
1197 327 1258 348 cum
1273 321 1331 349 istis
1348 323 1471 352 undecim
1483 330 1590 355 centum
1609 329 1637 356 et
1652 329 1692 358 H-

899 362 965 397 ginti
978 369 1065 397 erant,
1080 367 1186 401 quando
1196 368 1274 395 simul
1284 372 1436 406 congregati
1455 377 1515 407 post
1529 375 1587 409 ejus
1597 377 1691 405 aSceh-

900 415 959 435 sum
973 415 1207 447 exspectaverunt,
1220 419 1248 441 et
1259 422 1419 450 scaporum
1432 420 1592 452 promissum
1605 418 1691 457 smn-

901 458 957 483 tum
980 461 1100 486 sanctum
1116 457 1184 494 (Act.
1198 464 1218 492 ι,
1238 460 1283 493 15,
1298 465 1322 488 et
1343 468 1372 493 ιι,
1388 463 1437 497 ΔΗ
1451 463 1527 492 Unde
1545 469 1621 494 erant
1644 467 1689 496 isti

900 507 1003 533 omnes,
1020 502 1070 529 nisi
1080 511 1112 530 ex
1127 504 1178 531 illis
1190 505 1224 533 de
1236 506 1331 541 quibus
1342 508 1442 536 dictum
1454 514 1504 542 est,
1516 510 1593 539 Μιιιιι
1606 511 1690 541 credi-

901 547 990 575 derunt
1000 549 1026 576 in
1039 550 1119 578 eum?
1133 551 1190 579 Non
1201 560 1265 587 ergo
1278 561 1326 587 pro
1334 554 1373 582 eis
1386 558 1449 583 tunc
1457 558 1542 585 oravit
1552 557 1686 592 Salt'ator,

901 595 1024 629 quoniam
1036 602 1084 630 pro
1094 597 1133 624 eis
1147 599 1232 625 oravit
1242 599 1287 634 qui
1301 607 1361 627 cum
1377 601 1424 629 illo
1434 604 1496 630 tunc
1508 609 1594 638 erant,
1605 610 1631 632 et
1639 613 1687 640 pro

901 640 960 667 aliis
973 642 1018 675 qui
1032 648 1079 677 per
1092 643 1200 670 verbum
1212 652 1304 672 eorum
1316 646 1341 673 in
1356 652 1416 674 etim
1432 654 1485 675 non
1498 648 1553 684 jam
1568 648 1690 679 credide-

901 691 972 719 rant,
994 687 1041 714 sed
1055 688 1157 716 luerunt
1181 690 1316 718 credituri.
1332 691 1377 719 Isti
1401 697 1488 720 autem
1504 700 1553 722 nec
1567 700 1627 723 cum
1643 697 1688 725 illo

901 735 964 758 tunc
976 737 1060 765 erant,
1080 738 1106 760 et
1120 734 1145 761 in
1157 742 1217 762 eum
1234 735 1290 770 jm
1310 741 1375 765 ante
1394 738 1570 767 crediderant.
1587 740 1687 770 Omitto

901 776 991 805 dicere
1004 778 1037 806 de
1052 778 1176 807 Simeone
1194 788 1268 813 sena,
1286 782 1331 816 qui
1344 783 1369 809 in
1386 783 1542 811 intitntuium
1557 783 1686 820 credidit;

901 822 935 850 de
950 824 1023 850 Anna
1036 824 1199 860 prophetissa
1213 826 1287 861 (Luc.
1302 834 1332 860 ll,
1347 828 1461 865 33-58);
1475 830 1509 857 de
1522 830 1647 858 Zacharizt
1664 832 1689 859 et

902 867 1102 904 Elisabetb,qui
1117 878 1178 898 eum
1195 872 1418 906 pfophetavcmnt
1434 876 1573 909 antequam
1586 875 1690 904 deﬂif-

901 913 962 948 sine
976 920 1130 942 nasceretur
1142 916 1195 951 (Id.
1209 924 1228 949 ι,
1243 918 1335 949 41-45,
1350 918 1463 953 67-79);
1480 920 1513 947 de
1528 918 1581 948 lilio
1595 926 1687 948 eorum

901 958 1003 987 Joanne
1014 968 1179 995 praecursore
1193 961 1259 996 ejus.
1277 964 1362 989 amico
1374 964 1475 998 sponsi,
1493 965 1536 998 qui
1549 971 1609 992 eum
1622 969 1649 992 et
1662 966 1688 993 in

902 1010 994 1032 sancto
1013 1006 1113 1040 Spiritu
1137 1008 1253 1041 agnovit.
1268 1014 1295 1035 et
1316 1009 1452 1037 absentem
1479 1012 1641 1045 prmdieavit,
1665 1017 1691 1040 ct

902 1051 961 1077 aliis
973 1052 1169 1085 agnoscendum
1186 1061 1246 1080 cum
1261 1062 1379 1088 prtesens
1389 1060 1461 1083 esset
1473 1057 1589 1084 ostendit
1600 1057 1688 1094 (Joan.

902 1104 920 1129 ι,
934 1097 1026 1129 iii-36,
1041 1102 1068 1125 et
1082 1105 1120 1131 Ill,
1131 1099 1225 1135 26-38)
1241 1109 1248 1127 :
1263 1100 1310 1127 bos
1325 1100 1427 1134 omitto,
1441 1103 1566 1137 quoniam
1578 1106 1691 1139 respon-

901 1142 957 1170 deri
973 1148 1060 1177 potest
1071 1145 1200 1172 orandum
1217 1153 1265 1180 pro
1288 1146 1383 1174 talibus
1402 1148 1515 1175 mortuis
1527 1155 1579 1175 non
1597 1148 1688 1183 fuisse,

901 1188 1014 1223 quicum
1031 1190 1132 1224 magnis
1143 1191 1199 1218 suis
1214 1192 1315 1219 meritis
1328 1192 1388 1220 hinc
1399 1192 1529 1226 abierant,
1546 1198 1572 1221 et
1591 1195 1690 1229 recepti

901 1235 1086 1269 quiescebant;
1102 1235 1152 1263 hoc
1171 1237 1242 1264 enim
1261 1241 1288 1264 et
1304 1237 1338 1264 de
1352 1239 1467 1273 antiquis
1477 1239 1555 1273 justis
1570 1239 1691 1267 similiter

901 1280 1086 1315 respondetur.
1103 1281 1167 1315 Quis
1185 1282 1257 1310 enim
1272 1290 1364 1310 eorum
1386 1290 1401 1311 ι
1416 1283 1586 1312 damnatione
1609 1286 1689 1313 totius

901 1334 996 1355 maSSte
1011 1327 1178 1361 perditionis,
1189 1336 1248 1363 qua).
1260 1334 1306 1363 per
1316 1337 1397 1356 unum
1411 1329 1546 1358 hominem
1559 1330 1625 1358 facta
1636 1334 1687 1364 est,

901 1372 989 1399 salvus
1000 1380 1060 1400 esse
1075 1374 1219 1407 potuisset,
1235 1374 1285 1401 nisi
1301 1375 1328 1402 in
1349 1379 1430 1402 unum
1451 1376 1621 1404 Mediatorem
1642 1376 1688 1404 Del

900 1421 928 1444 et
943 1417 1078 1445 hominum
1090 1419 1116 1445 in
1126 1426 1207 1446 mrue
1221 1424 1361 1447 venturum
1374 1421 1508 1448 revelantc
1518 1421 1617 1456 Spiritu
1630 1429 1690 1450 ere—

901 1462 1026 1490 didisset?
1039 1463 1092 1490 Sed
1106 1464 1233 1498 nttmquid
1248 1465 1272 1492 ei
1283 1471 1330 1500 pro
1339 1467 1471 1498 Apostolis
1483 1467 1610 1494 orandum
1621 1465 1687 1501 biit,

901 1512 929 1537 et
939 1515 987 1542 pro
997 1513 1050 1535 tam
1063 1509 1152 1537 multis
1165 1509 1210 1544 qui
1224 1510 1306 1537 iuliae
1319 1511 1370 1538 vita
1382 1511 1467 1538 adhuc
1480 1517 1689 1543 munusculum

901 1554 948 1581 illo
961 1559 1021 1581 tunc
1033 1559 1119 1588 erant,
1131 1560 1157 1582 et
1166 1556 1220 1590 jam
1232 1560 1295 1585 ante
1307 1556 1485 1590 crediderant,
1496 1557 1626 1587 orandum
1635 1556 1689 1585 non

901 1599 969 1628 fuit?
983 1600 1048 1635 Quis
1061 1601 1111 1628 hoc
1126 1601 1242 1629 dixerit?

939 1646 966 1673 5.
987 1645 1191 1680 intelligendum
1204 1651 1244 1674 est
1262 1647 1352 1681 igitur.
1365 1648 1436 1682 quod
1456 1648 1574 1676 nondum
1588 1649 1614 1676 in
1627 1652 1689 1677 eum

901 1692 940 1720 sic
959 1692 1140 1725 crediderant,
1155 1693 1288 1726 quomodo
1303 1693 1329 1721 in
1344 1701 1373 1721 se
1382 1694 1455 1725 credi
1467 1695 1571 1722 volebat
1583 1704 1589 1721 :
1603 1700 1689 1729 quan-

901 1736 1044 1771 doquidem
1059 1741 1087 1765 et
1101 1737 1158 1771 ipse
1170 1738 1274 1769 Petrus,
1290 1739 1331 1766 cui
1344 1740 1481 1767 conﬁtenti
1492 1744 1518 1767 et
1532 1740 1641 1772 dicenti,
1652 1741 1691 1768 τιι
1722 1756 1729 1764 κ

901 1790 927 1814 es
937 1781 1051 1809 Christus
1068 1782 1150 1811 Filius
1165 1783 1211 1811 Dei
1224 1784 1282 1814 vivi.
1298 1788 1353 1812 tam
1371 1791 1493 1821 maguum
1509 1787 1690 1814 testimonium

902 1827 1083 1862 peritibuerat,
1093 1829 1177 1864 magis
1187 1837 1247 1856 etim
1259 1830 1326 1857 mori
1338 1831 1453 1862 nolebat,
1465 1839 1542 1865 quam
1557 1835 1689 1859 mortuum

902 1878 1113 1901 resurrecturum
1124 1881 1185 1902 esse
1196 1874 1337 1908 credebat;
1347 1876 1416 1903 unde
1430 1884 1489 1903 mox
1504 1877 1538 1904 ab
1552 1884 1584 1904 co
1597 1877 1674 1912 appel
1683 1894 1689 1897 -

903 1918 971 1945 latus
996 1922 1038 1945 est
1056 1923 1162 1946 satanas
1187 1919 1295 1954 (Matth.
1326 1929 1381 1954 nt,
1406 1921 1519 1957 16.95).
1546 1922 1692 1951 Fideliores

900 1964 991 1999 itaque
1008 1964 1238 1999 reperiuntur,qui
1249 1965 1364 1993 defuncti
1375 1966 1430 2000 jam
1439 1967 1552 2000 fuerant,
1563 1972 1590 1994 et
1603 1972 1692 1995 rasur-

902 2014 1036 2037 recturum
1056 2009 1189 2037 Christtun
1205 2011 1339 2038 revelante
1353 2011 1451 2045 Spiritu
1466 2020 1518 2038 non
1538 2007 1627 2047 utique
1639 2013 1690 2040 du-

902 2055 1031 2088 bitabant,
1043 2063 1120 2090 quam
1132 2055 1169 2083 illi
1180 2056 1294 2090 quicum
1302 2056 1477 2084 credidissent
1487 2059 1572 2091 ipsum
1584 2057 1690 2084 redem-

903 2105 1009 2136 pturum
1026 2101 1117 2134 Israel,
1133 2102 1188 2128 visa
1201 2102 1259 2135 ejus
1274 2106 1358 2129 morte
1378 2109 1452 2135 spem
1468 2103 1548 2129 totam
1563 2107 1642 2137 quam
1656 2103 1689 2130 de

903 2147 949 2175 illo
963 2147 1111 2175 habuerant
1124 2147 1306 2181 perdiderunt.
1317 2147 1386 2175 Nihil
1398 2148 1486 2182 itaqtte
1498 2149 1593 2175 melius
1605 2149 1691 2176 credi.

903 2201 972 2226 mus,
987 2200 1066 2227 quam
1076 2197 1134 2227 post
1147 2193 1205 2227 ejus
1216 2194 1438 2222 resurrectionem
1450 2194 1584 2229 impertita
1592 2194 1691 2229 Spiritu
1702 2200 1706 2215 ι

904 2243 1008 2271 sancto,
1022 2243 1049 2266 et
1071 2238 1155 2266 doctis
1170 2243 1196 2266 et
1218 2239 1381 2267 conﬁrmatis
1401 2240 1544 2274 Apostolis,
1559 2241 1651 2275 eisque
1666 2241 1694 2267 in

904 2283 1024 2314 Ecclesia
1050 2284 1173 2318 primitus
1187 2284 1340 2312 doctoribus
1351 2286 1512 2318 constitutis,
1529 2292 1575 2320 per
1598 2293 1690 2314 eorum

904 2330 1014 2357 verbum
1027 2329 1065 2357 sic
1084 2330 1151 2356 alios
1164 2329 1311 2357 credidisse
1325 2331 1549 2365 quemadmodum
1574 2332 1601 2358 in
1615 2331 1694 2358 Clirl-
1706 2351 1708 2353 -

905 2378 973 2405 stum
988 2375 1060 2402 credi
1078 2375 1226 2410 oportebat,
1242 2375 1266 2402 id
1282 2380 1332 2408 est,
1354 2381 1382 2403 nt
1397 2376 1475 2403 ﬁdem
1492 2377 1694 2404 resurrectionis

905 2421 963 2455 ejus
977 2426 1107 2449 tenerent.
1131 2422 1170 2449 Ac
1194 2430 1240 2455 per
1254 2422 1304 2449 hoc
1317 2426 1344 2449 et
1357 2423 1416 2449 illos
1434 2430 1526 2450 omnes
1540 2423 1583 2457 qui
1597 2423 1651 2457 jam
1667 2423 1692 2450 in

905 2474 966 2495 eum
981 2467 1125 2495 credidisse
1137 2467 1304 2499 videbantur,
1319 2467 1351 2494 ad
1370 2476 1462 2494 eorum
1483 2475 1620 2495 numerum
1635 2476 1692 2502 per-

907 2513 1016 2541 tinuisse
1032 2520 1079 2547 pro
1091 2513 1187 2547 quibus
1196 2513 1291 2544 oravit,
1307 2513 1409 2545 dicens,
1426 2512 1486 2539 Non
1498 2521 1544 2548 pro
1558 2513 1597 2540 his
1611 2518 1693 2541 annm

907 2566 967 2593 rogo
983 2562 1091 2590 tantum,
1107 2558 1151 2585 sed
1164 2563 1187 2590 et
1201 2565 1247 2594 pro
1261 2558 1297 2585 eis
1310 2558 1354 2591 qui
1370 2558 1490 2584 credituri
1504 2563 1562 2586 sunt
1584 2566 1628 2594 per
1639 2567 1695 2586 ver-

909 2604 965 2631 lmm
978 2612 1063 2631 eorum
1078 2604 1104 2631 in
1116 2612 1164 2631 nte.

942 2650 970 2677 4.
982 2650 1034 2677 Sed
1046 2655 1127 2677 restat
1137 2650 1213 2677 uobis
1223 2649 1255 2677 ad
1268 2650 1344 2677 istam
1354 2651 1528 2685 qttmstionem
1542 2651 1628 2679 adhuc
1639 2652 1696 2678 sul-

909 2696 1020 2724 vendam
1044 2696 1138 2723 beatus
1164 2696 1317 2731 Apostolus,
1332 2700 1360 2724 et
1381 2696 1449 2723 latro
1468 2697 1513 2724 ille
1534 2697 1649 2723 crudelis
1671 2697 1697 2722 in

909 2742 1021 2773 scelere,
1038 2741 1124 2770 ﬁdelis
1141 2741 1167 2769 in
1181 2749 1269 2769 cruce.
1283 2742 1382 2769 Paulus
1391 2742 1487 2777 quippe
1497 2742 1632 2775 apostolus
1644 2745 1697 2767 nun

910 2787 944 2814 ab
958 2787 1121 2819 hominibus,
1148 2795 1233 2823 neque
1249 2795 1296 2822 per
1315 2787 1459 2819 hominem,
1475 2785 1522 2813 sed
1547 2792 1595 2819 per
1607 2785 1698 2812 Jesum

910 2833 1044 2861 Christum
1060 2842 1089 2861 se
1102 2834 1167 2862 dicit
1182 2835 1278 2863 factum
1294 2834 1449 2869 Apostoium
1466 2842 1473 2860 :
1491 2838 1519 2860 et
1532 2832 1565 2860 de
1580 2831 1638 2866 ipso
1649 2835 1712 2859 μεθ’

911 2881 1046 2916 evangelio
1063 2881 1174 2916 loquens
1188 2880 1233 2913 ait,
1253 2879 1342 2915 Neque
1353 2880 1418 2907 enim
1432 2879 1463 2905 ab
1478 2879 1580 2907 homine
1589 2886 1637 2915 ego
1654 2887 1700 2907 ac-

912 2927 967 2962 cepi
992 2927 1074 2961 illud,
1100 2935 1180 2962 neque
1197 2926 1290 2957 didici;
1309 2925 1353 2953 sed
1374 2932 1418 2959 per
1438 2924 1613 2954 remotioan
1636 2925 1696 2954 Iun
