3994 6380
635 447 774 507 1919

1577 437 1640 492 ΙΝ
1676 435 1954 493 JOANNIS
1989 433 2457 503 EVANGELIUM,
2497 435 2555 493 S.
2596 435 2966 495 AUGUSTINI

3757 444 3872 505 im

633 563 822 622 Christi
843 561 1038 634 (Colat.
1068 575 1109 625 t,
1131 560 1186 624 1,
1210 555 1323 626 13).
1345 553 1624 623 Quomodo
1643 553 1802 624 igitur
1819 561 1937 608 erat
1959 553 2012 606 in
2037 550 2117 606 eis
2139 551 2208 608 de
2315 552 2490 624 junxit
2513 552 2671 608 etiam
2701 552 2820 608 illos
2844 555 2931 625 qui
2956 567 3052 624 per
3077 568 3261 612 eorum
3285 555 3502 614 verbum
3540 557 3592 612 in
3617 573 3735 615 eum
3758 561 3859 619 fue-

632 657 824 729 quibus
849 653 1049 710 dictum
1075 659 1179 716 est,
1206 648 1444 704 credituri
1466 655 1582 702 sunt
1608 662 1696 716 per
1732 646 1934 700 uerbum
1959 659 2132 699 eorum
2157 645 2212 698 in

631 747 754 802 me!
799 746 961 801 Latro
1006 758 1134 800 vero
1177 742 1266 797 ille
1311 750 1440 795 tunc
1479 737 1725 804 credidit,
1754 736 1968 808 quando
1996 736 2051 790 in
2081 736 2213 806 ipsis

595 899 601 903 _
634 836 945 894 doctoribus
985 835 1119 890 ﬁdes
1168 848 1289 904 quas
1333 832 1506 888 fuerat
1551 831 1954 900 qualiscumque
1995 828 2209 884 defecit.

631 927 742 983 Nec
765 927 882 996 ipse
914 925 1090 994 itaque
1127 939 1222 994 per
1257 936 1445 978 eorum
1469 920 1691 977 verbum
1721 918 1948 975 credidit
1977 918 2028 972 in
2054 915 2212 973 Chri-

632 1027 772 1074 stum
795 1015 980 1072 Jesum
1011 1031 1026 1068 :
1055 1022 1111 1069 et
1143 1022 1320 1068 tamen
1346 1013 1426 1068 sic
1452 1011 1702 1076 credidit,
1735 1019 1793 1066 ut
1813 1024 1974 1080 quem
2002 1008 2214 1064 videbat

574 1107 576 1110 ’
631 1108 962 1173 cruciﬁxum,
1010 1106 1356 1162 conﬁteretur
1397 1119 1504 1160 non
1551 1103 1725 1158 solum
1755 1111 2206 1168 resurrecturum,

632 1216 816 1258 verum
861 1198 1022 1253 etiam
1068 1206 1432 1268 regnaturum,
1484 1195 1731 1260 dicendo,
1783 1192 2035 1249 Metuento
2086 1195 2204 1260 mei,

633 1307 747 1346 cum
773 1289 965 1345 ueneris
991 1292 1044 1342 in
1065 1303 1276 1359 regnum
1303 1296 1445 1341 tuum
1477 1285 1625 1359 (Luc.
1651 1302 1805 1352 χχιιι,
1834 1284 1947 1356 42).

703 1382 756 1437 5.
797 1380 1032 1436 Proinde
1067 1379 1406 1450 relinquitur,
1449 1386 1507 1432 ut
1549 1378 1594 1431 si
1630 1377 1884 1431 Dominus
1910 1375 2064 1431 Jesus
2115 1375 2213 1431 hac

633 1474 873 1531 oratione
894 1487 990 1543 pro
1008 1473 1120 1528 suis
1139 1472 1386 1527 omnibus
1405 1470 1725 1540 quicumque
1750 1469 1801 1522 in
1826 1468 1926 1523 hac
1947 1469 2071 1536 vita,
2094 1483 2214 1539 quae

631 1563 855 1620 tentatio
886 1571 972 1619 est
994 1577 1155 1633 super
1181 1572 1376 1618 terram
1399 1559 1518 1630 (Job
1541 1576 1635 1624 vn,
1658 1558 1730 1630 1),
1762 1559 1846 1614 vel
1877 1568 2002 1613 tunc
2037 1567 2206 1624 erant,

630 1657 715 1712 vel
742 1655 901 1711 futuri
930 1662 1104 1720 erant,
1145 1668 1334 1708 orasse
1357 1650 1658 1707 credendus
1693 1659 1799 1717 est,
1845 1651 1923 1705 sic
1950 1650 2214 1720 intelliga-

629 1764 748 1804 mus
775 1746 916 1818 quod
951 1746 1151 1801 dictum
1190 1755 1292 1809 est,
1339 1760 1428 1814 per
1462 1742 1666 1796 uerbum
1702 1758 1895 1808 eorum,
1941 1750 2000 1797 ut
2040 1743 2213 1813 ipsum

629 1837 856 1893 verbum
877 1833 998 1890 ﬁdei
1015 1834 1154 1904 quod
1174 1833 1593 1903 praadicaverunt
1620 1833 1670 1886 in
1694 1831 1911 1898 mundo,
1935 1831 2020 1887 hic
2052 1833 2216 1904 signi-

631 1930 842 1985 ﬁcatum
883 1941 1004 1983 esse
1045 1927 1354 1991 credamus;
1386 1926 1586 1982 dictum
1631 1934 1808 1981 autem
1847 1940 1965 1981 esse
1994 1925 2214 1981 verbum

631 2035 836 2083 eorum,
882 2017 1131 2088 quoniam
1175 2018 1244 2072 ab
1274 2018 1401 2089 ipsis
1443 2027 1527 2073 est
1564 2017 1808 2087 primitus
1848 2032 1910 2072 ac
1952 2018 2215 2088 praecipue

629 2110 995 2182 prmdicatum.
1016 2111 1134 2166 iam
1155 2111 1297 2166 enim
1321 2111 1390 2165 ab
1409 2111 1537 2181 ipsis
1561 2111 1944 2181 praedicabatur
1965 2111 2017 2164 in
2047 2119 2211 2176 terra,

629 2203 843 2275 quando
868 2218 964 2274 per
989 2203 1370 2259 revelatiouem
1407 2203 1533 2259 Jesu
1567 2202 1765 2259 Christi
1793 2204 1963 2273 ipsum
1990 2205 2213 2259 verbum

534 2337 546 2346 .
628 2309 816 2350 eorum
869 2293 1063 2350 Paulus
1109 2295 1333 2364 accepit.
1390 2293 1542 2350 Unde
1583 2302 1639 2350 et
1680 2295 1906 2349 contulit
1955 2309 2077 2349 cum
2133 2293 2215 2349 eis

629 2387 987 2459 Evangelium,
1022 2402 1090 2443 ne
1118 2386 1254 2442 forte
1282 2387 1336 2442 in
1361 2402 1584 2442 vacuum
1614 2387 1944 2443 cucurrisset
1969 2395 2063 2441 aut
2089 2401 2216 2441 cur-

629 2490 806 2545 reret;
832 2488 888 2536 et
915 2480 1162 2536 dexteras
1189 2480 1237 2535 ci
1266 2478 1562 2536 dederunt:
1585 2478 1709 2549 quia
1733 2487 1789 2535 et
1807 2479 1860 2534 in
1887 2479 2000 2544 illo,
2028 2493 2216 2550 quam-

627 2576 711 2630 vis
731 2589 838 2630 non
859 2589 956 2646 per
973 2588 1068 2630 eos
1096 2573 1170 2628 illi
1193 2573 1398 2641 datum,
1421 2581 1600 2629 tamen
1626 2571 1851 2628 verbum
1873 2586 2048 2635 suum,
2073 2570 2213 2641 quod

626 2667 735 2739 jam
776 2667 1154 2737 prmdicabant,
1186 2674 1243 2722 et
1276 2665 1330 2721 in
1357 2680 1462 2735 quo
1500 2663 1702 2720 fundati
1730 2663 1961 2731 fuerant,
1991 2663 2212 2718 iuvene-

628 2769 752 2815 runt
792 2757 990 2829 (Galat.
1029 2775 1086 2824 ιι,
1131 2758 1187 2825 2,
1227 2758 1308 2829 9).
1349 2758 1426 2814 Dc
1458 2772 1564 2829 quo
1605 2757 1769 2812 verbo
1809 2756 2214 2813 resurrectionis

627 2849 824 2906 Christi
853 2849 994 2905 idem
1027 2849 1156 2904 dicit
1182 2849 1476 2918 apostolus,
1513 2866 1531 2899 ι
1553 2848 1677 2904 Sivc
1706 2863 1829 2917 ego,
1857 2849 1970 2903 sive
2011 2847 2106 2911 illi,
2134 2846 2214 2902 sic

628 2943 996 3014 prmdicamus,
1037 2949 1090 2997 et
1119 2941 1204 2996 sic
1246 2939 1548 2996 credidistis
1584 2959 1602 2991 ι
1651 2939 1696 3012 (l
1726 2938 1843 2994 Cor.
1876 2955 1968 3001 xv.
1998 2939 2120 3009 ll);
2161 2947 2218 2993 et

627 3035 842 3101 iterum,
870 3053 889 3086 ι
923 3034 1034 3090 lloc
1049 3042 1152 3101 est,
1185 3052 1204 3087 ι
1235 3033 1426 3104 inquit,
1463 3052 1482 3084 ι
1513 3033 1734 3088 verbum
1761 3031 1883 3087 fidei
1912 3032 2051 3102 quod
2080 3046 2216 3101 prte-

632 3126 896 3195 dicamus,
921 3125 1043 3198 quia
1071 3125 1116 3181 si
1141 3123 1419 3181 confessus
1447 3124 1614 3180 fueris
1639 3125 1691 3179 in
1723 3139 1816 3179 ore
1840 3131 1932 3178 tuo
1955 3123 2076 3194 quia
2109 3123 2217 3178 Do-

626 3219 806 3275 minus
823 3226 907 3273 est
932 3217 1110 3282 Jesus,
1138 3225 1193 3272 et
1219 3214 1512 3271 credideris
1539 3215 1591 3269 in
1616 3213 1778 3270 corde
1804 3223 1895 3269 tuo
1923 3214 2047 3284 quia
2072 3213 2215 3269 Deus

627 3308 775 3365 illum
799 3306 1114 3362 suscitavita
1135 3306 1374 3374 mortuis,
1390 3305 1566 3360 salvus
1585 3305 1691 3360 eris
1715 3325 1734 3356 ι
1753 3302 1926 3376 (Rom.
1950 3319 2006 3369 x,
2025 3304 2059 3358 8
2078 3313 2123 3357 et
2135 3303 2211 3375 9).

629 3400 698 3456 Et
737 3398 790 3453 in
821 3397 1040 3452 Actibus
1087 3395 1463 3467 Apostolorum
1502 3395 1692 3465 legitur
1720 3395 1862 3464 quod
1909 3395 1960 3448 in
2003 3393 2215 3450 Christo

630 3490 774 3546 Deus
798 3487 1065 3544 definierit
1093 3487 1250 3543 ﬁdem
1275 3487 1544 3554 omnibus,
1572 3487 1835 3540 suscitans
1860 3500 1981 3541 eum
2011 3501 2042 3539 a
2072 3501 2215 3540 mor-

627 3581 734 3639 tuis
759 3582 894 3653 (τισι.
925 3596 1054 3646 xv",
1084 3579 1198 3650 3t).
1233 3579 1345 3634 Hoc
1372 3579 1593 3634 verbum
1618 3579 1764 3645 fidei,
1795 3581 1917 3650 quia
1944 3580 2211 3651 principa-

626 3675 754 3730 liter
789 3688 855 3729 ac
882 3672 1124 3744 primitus
1161 3687 1255 3741 per
1298 3671 1605 3741 Apostolos,
1637 3672 1725 3740 qui
1765 3671 1813 3724 ei
1857 3670 2209 3737 cohaeserant,

625 3765 973 3838 prmdicatum
1015 3772 1118 3829 est,
1147 3762 1266 3818 ideo
1291 3762 1510 3817 verbum
1535 3777 1720 3816 eorum
1745 3759 1945 3815 dictum
1971 3768 2072 3814 est.
2105 3757 2211 3814 Ne-

624 3873 730 3931 que
756 3858 895 3912 enim
919 3864 1199 3926 propterea
1229 3868 1334 3908 non
1367 3861 1455 3908 est
1475 3853 1695 3907 verbum
1719 3851 1837 3918 Dei,
1867 3851 1985 3919 quia
2012 3851 2211 3905 dictum

625 3956 709 4004 est
736 3947 956 4003 verbum
983 3959 1200 4010 eorum;
1233 3960 1353 3999 cum
1383 3943 1524 3998 dicat
1551 3942 1691 3998 idem
1731 3942 2006 4012 apostolus
2034 3940 2205 3996 Thes-

623 4037 984 4094 salonicenses
1005 4037 1279 4107 excepisse
1302 4049 1332 4088 a
1370 4049 1451 4100 se,
1480 4050 1581 4088 non
1617 4043 1671 4086 ut
1697 4034 1899 4087 verbum
1928 4033 2210 4100 hominum,

622 4129 732 4196 sed,
751 4129 881 4184 sicut
910 4136 1002 4192 est,
1046 4143 1157 4182 uere
1196 4125 1396 4180 uerbum
1434 4123 1530 4178 Dei
1558 4123 1599 4195 (Ι
1629 4122 1808 4178 Thess.
1843 4139 1901 4189 ιι,
1944 4120 2056 4194 15).
2087 4121 2212 4178 ldeo

623 4234 752 4292 ergo
785 4218 902 4285 Dei,
933 4218 1056 4288 quia
1079 4217 1220 4273 Deus
1248 4215 1299 4271 id
1337 4214 1585 4280 donavit;
1614 4229 1797 4270 eorum
1827 4228 1956 4268 vero
1985 4212 2209 4269 verbum

621 4311 824 4368 dictum
845 4319 947 4376 est,
970 4311 1090 4382 quia
1116 4309 1220 4364 hoc
1249 4306 1644 4378 praedicandum
1669 4307 1776 4362 illis
1796 4306 1940 4362 Deus
1963 4306 2209 4377 primitus

625 4419 690 4459 ac
718 4405 983 4474 praecipue
1009 4399 1422 4456 commendavit.
1461 4401 1540 4454 Ac
1568 4413 1665 4469 per
1693 4399 1794 4453 hoc
1819 4399 1979 4453 etiam
2007 4399 2096 4454 ille
2133 4399 2211 4453 la-

624 4501 710 4548 tro
743 4493 796 4547 in
822 4507 916 4547 sua
947 4492 1051 4547 ﬁde
1087 4491 1306 4547 verbum
1345 4506 1531 4546 eorum
1560 4490 1825 4546 habebat:
1853 4491 1994 4560 quod
2023 4505 2209 4546 eorum

625 4591 909 4654 propterea
937 4581 1136 4636 dictum
1161 4590 1298 4646 erat,
1329 4581 1578 4651 quoniam
1605 4577 2000 4640 praedicandum
2020 4580 2085 4634 ad
2111 4595 2210 4636 eo-

625 4686 745 4726 rum
784 4669 1020 4725 ofﬁcium
1048 4669 1290 4740 primitus
1316 4685 1380 4725 ac
1405 4670 1670 4741 praecipue
1697 4669 2014 4739 pertinebat.
2050 4671 2210 4726 Deni-

625 4776 732 4834 que
757 4775 879 4818 t'um
907 4775 1146 4815 murmur
1177 4760 1367 4815 factum
1411 4770 1558 4815 esset
1582 4760 1649 4816 de
1677 4760 1972 4816 ministerio
1999 4777 2210 4817 mensa-

627 4869 747 4910 rum
790 4867 820 4906 a
852 4851 1021 4907 viduis
1055 4851 1382 4920 Graecorum,
1413 4861 1696 4922 antequam
1731 4853 1923 4908 Paulus
1947 4855 2207 4910 credidis-

627 4948 789 5023 setin
815 4945 1120 5011 Christum;
1151 4944 1539 5014 responderunt
1563 4945 1822 5015 Apostoli,
1850 4947 1941 5016 qui
1981 4947 2208 5003 Domino

628 5047 751 5094 ante
779 5038 1112 5094 cohazserant
1141 5056 1154 5092 :
1185 5035 1306 5092 Non
1332 5047 1405 5093 est
1442 5037 1626 5091 bonum
1666 5053 1758 5092 nos
1793 5037 2074 5110 relinquere
2100 5056 2211 5094 ver-

629 5126 747 5180 bum
772 5126 887 5193 Dei,
916 5136 962 5181 et
988 5128 1272 5183 ministrare
1295 5129 1478 5184 mensis
1501 5127 1634 5201 (Act.
1670 5144 1749 5194 vt,
1776 5129 1913 5201 1-4).
1945 5130 2094 5186 Tunc
2117 5147 2209 5186 or-

628 5217 890 5275 dinandos
921 5218 1174 5276 diaconos
1197 5221 1558 5291 providerunt,
1596 5236 1665 5276 ne
1692 5221 1794 5292 ipsi
1823 5236 1850 5274 a
1887 5223 2207 5293 praedicandi

573 5373 580 5377 _
628 5309 778 5366 verbi
824 5319 1175 5365 avocarentur
1221 5310 1419 5367 ofﬁcio.
1462 5311 1614 5367 Unde
1649 5313 1839 5368 merito
1882 5313 2077 5369 dictum
2128 5323 2211 5370 est

573 5391 576 5394 ’
629 5401 850 5459 verbum
895 5415 1106 5467 eorum,
1149 5400 1290 5471 quod
1341 5411 1422 5457 est
1475 5403 1692 5458 verbum
1741 5403 1885 5471 ﬁdei,
1926 5419 2020 5475 per
2067 5406 2209 5478 quod

629 5506 819 5549 omnes
846 5492 898 5546 iu
928 5489 1216 5557 Christum,
1244 5491 1611 5564 undecumque
1649 5494 1700 5549 id
1727 5495 2010 5561 audierint,
2040 5498 2209 5552 credi-

629 5585 842 5653 derunt,
867 5585 956 5659 vel
980 5584 1210 5641 audituri
1251 5595 1304 5640 et
1327 5585 1582 5642 credituri
1623 5596 1763 5643 sunt.
1796 5589 1940 5660 Ergo
1965 5591 2055 5646 illa
2083 5607 2208 5646 ora-

634 5678 777 5734 tione
812 5692 910 5747 pro
937 5677 1182 5736 omnibus
1221 5692 1356 5749 quos
1384 5676 1629 5747 redemit,
1679 5681 1789 5735 sive
1817 5689 1940 5737 tunc
1968 5683 2020 5738 in
2049 5699 2209 5742 carne

635 5770 892 5835 viventes,
911 5770 1022 5825 sive
1050 5781 1228 5840 postea
1246 5773 1473 5838 futuros,
1490 5773 1810 5845 Redemptor
1827 5779 2205 5844 nosteroravit,

635 5877 754 5916 cum
782 5877 974 5930 rogans
993 5878 1091 5933 pro
1111 5865 1379 5935 Apostolis
1402 5867 1631 5937 quicum
1653 5867 1744 5922 illo
1771 5874 1895 5922 tunc
1923 5878 2094 5928 erant.
2116 5870 2209 5927 ad-

2319 654 2438 700 rant
2453 643 2728 701 credituri.
2750 646 2886 714 Quid
2908 655 3086 703 autem
3107 649 3372 719 adjunctis
3393 649 3499 706 illis
3521 651 3705 708 deinde
3724 651 3860 717 dicat.

2319 737 2420 792 alia
2445 746 2528 794 est
2553 737 2910 806 disputatione
2937 741 3292 795 tractandum.

2831 869 3239 928 TRACTATUS
3273 870 3388 929 CX.

2321 981 2399 1036 De
2442 999 2499 1036 eo
2551 983 2686 1053 quod
2732 985 2986 1056 sequitur,
3030 984 3102 1041 Ut
3149 999 3337 1041 omnes
3387 997 3554 1041 unum
3596 989 3730 1055 sint,
3764 1001 3863 1058 etc,

2389 1091 2543 1146 usque
2567 1076 2636 1130 ad
2669 1077 2742 1142 id,
2772 1077 2840 1132 Et
2864 1077 3098 1133 dilexisti
3136 1093 3252 1145 eos,
3280 1079 3419 1136 sicut
3452 1090 3507 1138 et
3532 1097 3619 1137 me
3640 1081 3862 1139 dilexisti.

2391 1166 2518 1238 Cap.
2538 1183 2672 1235 xvu,
2711 1170 2746 1238 ᾗ
2771 1209 2785 1222 .
2813 1168 3009 1226 21-Ξ5.

2391 1283 2444 1336 1.
2483 1280 2614 1338 Cum
2642 1283 2900 1338 Dominus
2925 1283 3082 1341 Iesus
3121 1294 3327 1341 orasset
3351 1301 3449 1358 pro
3483 1287 3749 1357 discipulis
3780 1291 3869 1344 suis

2319 1386 2456 1442 quos
2501 1381 2630 1428 tunc
2671 1389 2853 1430 secum
2898 1374 3147 1443 habebat,
3196 1386 3356 1448 atque
3395 1378 3720 1449 adiunxisset
3762 1395 3866 1436 suos

2319 1464 2470 1530 alios,
2502 1463 2705 1531 dicens,
2735 1465 2856 1521 Non
2885 1484 2977 1538 pro
3017 1467 3097 1522 his
3137 1479 3305 1524 autem
3341 1486 3466 1542 rogo
3494 1481 3712 1538 tantum,
3736 1473 3813 1527 sed
3832 1484 3868 1528 et

2320 1570 2413 1623 pro
2433 1556 2503 1609 eis
2530 1555 2621 1625 qui
2646 1556 2888 1611 credituri
2915 1566 3030 1612 sunt
3055 1574 3145 1629 per
3162 1560 3364 1614 verbum
3387 1576 3562 1614 eorum
3580 1562 3635 1614 in
3662 1578 3738 1616 me
3751 1580 3770 1628 ;
3791 1577 3868 1618 ve-

2319 1644 2396 1698 lut
2416 1659 2799 1714 quaereremus,
2824 1648 2950 1717 quid
2980 1649 3065 1703 vel
3085 1665 3251 1719 quare
3273 1665 3370 1719 pro
3395 1651 3499 1705 illis
3518 1661 3744 1723 rogaret,
3763 1667 3868 1708 oon-

2320 1737 2468 1792 tinuo
2493 1738 2793 1807 subintulit,
2815 1739 3030 1796 dicens:
3059 1740 3126 1796 Ut
3145 1759 3316 1798 omnes
3340 1760 3500 1798 unum
3521 1745 3643 1809 sint,
3671 1746 3787 1800 sicut
3807 1757 3866 1812 ts,

2319 1826 2497 1894 Pater,
2528 1831 2581 1884 in
2606 1848 2705 1896 me,
2727 1841 2774 1886 et
2793 1848 2886 1902 ego
2908 1833 2962 1887 in
2991 1842 3056 1899 te,
3078 1841 3203 1887 utet
3226 1835 3321 1904 ipsi
3344 1835 3400 1889 in
3425 1836 3568 1890 nobis
3596 1853 3750 1890 unum
3770 1837 3866 1891 siut.

2321 1921 2389 1976 Et
2415 1925 2660 1994 superius
2686 1941 2808 1980 cum
2835 1926 3010 1981 adhuc
3039 1941 3136 1996 pro
3161 1927 3290 1982 solis
3312 1927 3611 1997 discipulis,
3638 1943 3766 1999 quos
3797 1943 3867 1984 se-

2319 2031 2440 2072 cum
2462 2017 2708 2085 habebat,
2727 2030 2903 2075 oraret
2925 2035 2940 2073 z
2967 2019 3122 2074 Pater
3144 2028 3332 2084 sancte,
3362 2020 3554 2091 inquit,
3578 2037 3715 2075 serva
3734 2037 3804 2076 eos
3825 2024 3867 2074 is

2319 2109 2520 2164 nomine
2546 2119 2631 2164 tuo
2653 2127 2778 2181 quos
2806 2111 2987 2165 dedisti
3011 2112 3152 2176 mihi,
3194 2121 3248 2164 ut
3272 2118 3371 2166 sint
3398 2128 3559 2165 unum
3585 2113 3709 2167 sicut
3734 2123 3775 2166 α
3795 2129 3865 2167 nos

2320 2197 2500 2268 (Joan.
2535 2216 2666 2266 xvn,
2694 2200 2806 2270 11).
2838 2201 2951 2256 Hoc
2991 2217 3118 2271 ergo
3163 2218 3302 2257 nunc
3330 2203 3490 2258 etiam
3533 2212 3592 2258 et
3622 2218 3717 2274 pro
3741 2204 3864 2258 nobis

2319 2292 2544 2362 rogavit,
2571 2292 2712 2362 quod
2741 2304 2867 2349 tunc
2892 2309 2990 2364 pro
3011 2295 3133 2360 illis,
3162 2305 3220 2350 ut
3245 2310 3454 2364 omnes,
3487 2298 3591 2352 hoc
3616 2306 3697 2352 est
3719 2307 3768 2352 et
3789 2313 3866 2354 nos

2319 2391 2373 2437 et
2413 2383 2509 2449 illi,
2540 2399 2702 2438 unum
2743 2385 2930 2441 simus.
2963 2385 3062 2442 Ubi
3097 2386 3380 2458 diligenter
3406 2387 3782 2444 advertendum
3805 2398 3868 2442 est

2319 2492 2425 2531 non
2465 2477 2665 2534 dixisse
2691 2479 3002 2547 Dominum,
3030 2489 3090 2536 ut
3126 2497 3314 2538 omnes
3351 2498 3515 2538 unum
3545 2483 3741 2548 simus;
3774 2483 3865 2546 sed,

3894 859 3906 902 Ρ

2323 2565 2392 2623 Ut
2407 2585 2576 2624 omnes
2602 2587 2760 2624 unum
2784 2573 2904 2640 sint,
2933 2573 3064 2627 sicut
3094 2583 3169 2639 tu,
3189 2572 3366 2641 Pater,
3382 2576 3437 2629 in
3463 2592 3564 2642 me,
3587 2585 3639 2631 et
3660 2592 3744 2647 ego
3769 2578 3813 2630 in
3832 2586 3868 2630 te
3938 2595 3939 2628 ;

2321 2660 2776 2735 (subintelligitur,
2807 2681 2972 2720 unum
3011 2681 3229 2733 sumus;
3259 2667 3402 2738 quod
3446 2669 3681 2739 apertius
3705 2669 3868 2725 dicitur

2320 2753 2526 2827 postea)
2555 2773 2567 2809 :
2596 2757 2719 2826 quia
2759 2765 2813 2811 et
2836 2757 2987 2828 prius
3014 2757 3222 2814 dixerat
3258 2758 3326 2814 de
3352 2758 3626 2830 discipulis
3649 2761 3732 2831 qni
3773 2775 3865 2816 cum

2320 2840 2412 2896 illo
2438 2853 2609 2909 erant,
2650 2844 2720 2900 Ut
2745 2847 2845 2901 sint
2869 2863 3025 2901 unum
3059 2849 3188 2902 sicut
3215 2855 3264 2903 et
3291 2866 3401 2905 nos.
3432 2850 3782 2918 Quamobrem
3817 2853 3866 2906 ita

2320 2941 2404 2989 est
2427 2933 2585 2990 Pater
2614 2935 2667 2990 in
2708 2935 2864 3001 Filio.
2911 2947 2967 2993 et
3006 2937 3170 2994 Filius
3207 2940 3261 2994 in
3289 2940 3468 3008 Patre,
3499 2949 3561 2997 ut
3586 2958 3740 2997 unum
3765 2942 3864 3005 sint,

2320 3025 2443 3096 quia
2473 3027 2628 3082 unius
2655 3027 2963 3084 substantite
2991 3041 3117 3088 sunt
3142 3050 3156 3086 :
3184 3047 3282 3088 nos
3307 3048 3436 3090 vero
3461 3047 3585 3091 esse
3613 3035 3808 3106 quidem
3828 3036 3865 3090 in

2268 3158 2272 3168 .
2319 3117 2400 3173 eis
2429 3133 2728 3189 possumus,
2771 3138 2934 3178 unum
2966 3133 3142 3180 tamen
3177 3140 3298 3182 cum
3327 3127 3407 3184 eis
3434 3143 3556 3184 esse
3584 3144 3685 3184 non
3710 3145 3867 3200 possu-

2321 3224 2469 3274 mus;
2497 3211 2620 3280 quia
2642 3213 2799 3267 unius
2826 3214 3137 3270 substantia:
3157 3231 3256 3272 nos
3281 3225 3335 3273 et
3353 3218 3456 3288 ipsi
3485 3234 3594 3274 non
3622 3235 3809 3283 smnus,
3827 3221 3865 3274 in

2320 3310 2574 3370 quantum
2601 3301 2764 3358 Filius
2787 3317 2907 3360 cum
2935 3305 3092 3362 Patre
3120 3308 3257 3363 Deus
3280 3319 3383 3365 est.
3409 3309 3541 3366 Nam
3571 3313 3622 3366 in
3647 3323 3864 3383 quantum

2321 3390 2482 3448 homo
2505 3402 2604 3459 est,
2631 3395 2868 3464 ejusdem
2891 3398 3202 3455 substantiae
3227 3413 3310 3457 est
3333 3403 3488 3472 cujus
3507 3413 3564 3458 et
3582 3419 3674 3459 nos
3691 3421 3862 3462 sumus.

2320 3481 2425 3538 Sed
2455 3499 2597 3540 nunc
2627 3485 2750 3540 illud
2794 3489 2968 3556 potius
2992 3491 3160 3546 voluit
3181 3494 3582 3562 commendare,
3626 3496 3755 3566 quod
3778 3497 3862 3552 alio

2320 3573 2437 3628 loco
2471 3577 2565 3640 ait,
2601 3577 2710 3645 Ego
2753 3589 2799 3633 et
2834 3577 2990 3634 Pater
3025 3597 3182 3636 unum
3210 3578 3382 3638 sumus
3411 3584 3522 3658 (Id.
3552 3604 3608 3655 x,
3635 3586 3753 3656 30);
3791 3588 3861 3642 ubi
3938 3613 3939 3640 ξ

2320 3666 2560 3722 eamdem
2589 3668 2763 3725 Patris
2790 3679 2841 3726 et
2867 3686 3018 3726 suam
3038 3674 3354 3745 signiﬁcavit
3374 3691 3498 3732 esse
3522 3688 3774 3734 naturam.
3802 3682 3860 3733 Ac
3938 3675 3939 3690 ‘

2319 3774 2414 3830 per
2450 3760 2551 3814 hoc
2596 3769 2651 3815 et
2692 3777 2811 3818 cum
2842 3764 2895 3818 in
2937 3765 3092 3821 nobis
3139 3776 3265 3822 sunt
3305 3768 3462 3825 Pater
3508 3779 3564 3824 et
3604 3771 3772 3838 Filius,
3796 3770 3860 3825 vel
3938 3755 3939 3810 θ

2318 3852 2478 3908 etiam
2504 3852 2732 3924 Spiritus
2758 3865 2997 3922 sanctus,
3043 3873 3150 3913 non
3176 3859 3435 3916 debemus
3460 3876 3554 3916 eos
3581 3873 3754 3932 putare
3783 3877 3858 3915 na-

2319 3951 2453 3998 turae
2493 3945 2650 3999 unius
2677 3961 2797 4002 esse
2832 3948 3132 4004 nobiscum.
3164 3949 3255 4006 Sic
3281 3951 3460 4022 itaque
3484 3955 3684 4010 suntin
3715 3954 3858 4014 nobis.

2318 4035 2400 4089 vel
2429 4052 2526 4092 nos
2565 4037 2615 4090 in
2649 4038 2771 4103 illis,
2800 4047 2859 4094 ut
2895 4039 2971 4096 illi
2999 4057 3163 4098 unum
3200 4043 3392 4113 siutjin
3419 4055 3610 4102 natura
3647 4062 3751 4112 sua,
3780 4060 3856 4101 nos

2321 4146 2481 4184 unum
2509 4131 2563 4185 in
2595 4139 2796 4186 nostra.
2837 4132 2975 4188 Sunt
2996 4136 3201 4206 .quippe
3230 4136 3328 4205 ipsi
3359 4137 3413 4192 in
3440 4139 3618 4206 nobis,
3647 4148 3855 4210 tanquam

2319 4219 2460 4276 Deus
2496 4221 2548 4276 in
2581 4223 2776 4293 templo
2815 4238 2912 4278 suo
2945 4242 2957 4276 :
2987 4239 3171 4281 sumus
3195 4237 3373 4284 autem
3403 4244 3502 4285 nos
3530 4230 3588 4285 in
3626 4231 3742 4298 illis,
3765 4239 3854 4284 tan-
3938 4231 3939 4300 Τ

2317 4328 2473 4384 quam
2504 4323 2746 4370 creatura
2774 4316 2826 4370 in
2851 4316 3106 4374 Creatore
3125 4334 3244 4376 suo.

2377 4402 2432 4457 2.
2476 4403 2677 4459 Deinde
2699 4420 2819 4460 cum
2843 4405 3086 4475 dixisset,
3111 4408 3178 4464 Ut
3193 4419 3242 4463 et
3260 4411 3358 4479 ipsi
3371 4411 3424 4465 in
3441 4414 3584 4480 nobis
3601 4431 3745 4468 unum
3760 4414 3851 4473 sint.

2315 4493 2574 4564 adjunxit,
2603 4494 2671 4550 Ut
2692 4496 2908 4552 mundus
2935 4498 3105 4553 credat
3128 4501 3245 4571 quia
3263 4509 3318 4555 tu
3339 4518 3418 4556 me
3437 4504 3638 4559 misisti.
3659 4504 3777 4568 Quid
3795 4512 3856 4558 est

2316 4585 2453 4640 hoc?
2466 4585 2852 4656 Numquidnam
2877 4597 3004 4644 tunc
3019 4590 3315 4647 crediturus
3326 4603 3409 4649 est
3422 4597 3668 4663 mundus,
3681 4603 3855 4667 quando

2317 4678 2371 4732 in
2399 4679 2553 4736 Patre
2579 4690 2632 4735 et
2657 4681 2790 4736 Filio
2819 4699 2980 4737 unum
3010 4699 3197 4741 omnes
3220 4687 3452 4744 erimus?
3476 4689 3664 4747 Nonne
3693 4693 3856 4748 istaest

2315 4785 2417 4840 pax
2448 4771 2531 4824 illa
2562 4783 2836 4842 perpetua,
2866 4783 2922 4829 et
2943 4775 3117 4844 potius
3155 4775 3273 4832 ﬁdei
3305 4793 3512 4836 merces
3537 4797 3693 4853 quam
3721 4781 3854 4836 fides?

2317 4862 2488 4917 Unum
2520 4864 2661 4918 enim
2690 4865 2908 4929 erimus,
2954 4881 3059 4920 non
3091 4876 3147 4921 ut
3168 4868 3472 4938 credamus,
3499 4873 3594 4928 sed
3623 4875 3735 4944 quia
3758 4887 3853 4927 cre-

2313 4953 2562 5009 didimus.
2602 4955 2706 5010 Sed
2733 4958 2832 5011 etsi
2875 4957 2926 5011 in
2955 4958 3051 5013 hac
3080 4959 3184 5014 vita
3221 4970 3438 5032 propter
3463 4964 3631 5032 ipsam
3655 4979 3856 5020 commu-

2315 5060 2437 5100 nem
2466 5045 2645 5108 ﬁdem,
2675 5061 2861 5102 omnes
2892 5049 2981 5118 qui
3025 5049 3075 5103 in
3106 5066 3270 5106 unum
3297 5053 3588 5122 credimus,
3619 5071 3762 5111 unum
3781 5070 3852 5108 su-

2313 5150 2450 5199 mus,
2476 5135 2626 5204 juxta
2652 5136 2782 5191 illud
2813 5138 3075 5208 Apostoli,
3112 5139 3296 5196 Omnes
3320 5143 3450 5197 enim
3481 5161 3568 5200 vos
3594 5163 3738 5200 unum
3759 5143 3850 5198 esti:
3938 5133 3939 5206 έ

2312 5227 2366 5280 in
2395 5225 2591 5281 Christo
2611 5225 2736 5282 Jesu
2763 5227 2956 5301 (ϐαιοὶ.
2985 5246 3064 5295 ιιι,
3093 5230 3184 5305 28)
3209 5250 3223 5298 ;
3247 5234 3408 5304 etiam
3433 5237 3515 5293 sic
3551 5254 3653 5294 non
3683 5248 3734 5294 ut
3757 5251 3850 5290 ειτ-
3938 5233 3939 5242 “

2313 5318 2522 5386 damus,
2567 5320 2661 5376 sed
2700 5323 2822 5392 quia
2858 5323 3145 5392 credimus,
3178 5341 3339 5382 unum
3379 5344 3584 5388 sumus.
3624 5330 3748 5400 Quid
3788 5336 3848 5382 est

2315 5429 2461 5485 ergo,
2490 5415 2674 5471 Omnes
2700 5433 2857 5471 unum
2883 5419 3003 5483 sint,
3030 5429 3086 5474 ut
3105 5423 3322 5480 mundus
3345 5427 3560 5482 credat?
3579 5428 3673 5500 Ipsi
3692 5426 3844 5499 quippe

2315 5517 2486 5556 omnes
2510 5501 2736 5558 mundus
2770 5512 2852 5558 est
2881 5505 3125 5561 credens.
3158 5507 3339 5579 Neque
3365 5513 3509 5568 enim
3538 5515 3624 5569 alii
3651 5523 3759 5569 sunt
3776 5509 3843 5580 qui

2315 5607 2476 5646 unum
2507 5601 2680 5657 erunt,
2723 5600 2778 5646 et
2800 5593 2937 5648 alius
2963 5604 3045 5650 est
3081 5597 3310 5654 mundus
3347 5613 3623 5672 propterea
3649 5601 3842 5659 creditu-

2316 5699 2428 5749 rus,
2461 5683 2580 5754 quia
2611 5684 2684 5740 illi
2719 5699 2880 5740 unum
2922 5695 3104 5754 erunt;
3147 5703 3269 5751 cum
3309 5695 3490 5762 procul
3529 5694 3682 5750 dubio
3701 5690 3842 5748 dehis

2316 5777 2478 5845 dicat,
2517 5775 2584 5832 Ut
2612 5793 2783 5834 omnes
2824 5796 2980 5834 unum
3017 5782 3138 5849 sint,
3171 5781 3240 5840 de
3277 5785 3468 5856 quibus
3504 5788 3717 5854 dixerat,
3745 5785 3837 5841 Nos

2319 5887 2411 5940 pro
2432 5869 2508 5925 his
2553 5879 2716 5927 autem
2740 5888 2860 5942 rogo
2887 5882 3100 5944 tantum,
3131 5876 3219 5931 sed
3242 5887 3290 5932 et
3315 5895 3408 5948 pro
3435 5881 3508 5938 eis
3532 5883 3615 5953 qui
3645 5879 3838 5937 credituri
