1997 3187
26 2 96 12 -νννιί

62 87 132 123 seu

60 164 122 192 μυιι
130 166 169 194 per
179 156 282 184 uerbum
294 162 382 182 eorum
393 155 420 181 iu
429 161 478 187 me,
489 152 614 179 continuo
628 149 800 183 subjungens,

60 192 144 238 amnes
166 211 246 231 unum
267 202 328 229 sint.
353 199 397 227 Isti
421 204 509 226 autem
529 205 613 225 omnes
639 195 702 230 quid
725 198 776 227 est,
797 192 848 220 nisi

58 251 180 283 mundus,
197 257 251 277 non
265 247 369 275 hostilis
389 246 489 280 utique,
515 244 562 271 sed
582 241 684 270 ﬁdelis?
698 240 764 268 Nam
785 246 849 267 ecce

57 297 109 336 qui
119 297 226 328 dixerat,
244 293 303 320 Non
318 301 365 328 pro
379 290 473 318 mundo
487 298 547 336 rogo
562 288 650 324 (Joan.
665 296 730 336 xvn,
747 286 785 336 εξ),
801 293 849 321 pro

55 332 157 373 Qauudo
171 344 246 375 rogat
260 343 288 366 ut
301 337 402 366 credat.
418 335 548 370 Quoniam
562 339 604 362 est
622 333 737 361 mundus
748 332 782 359 de
796 339 850 366 quo

54 387 183 421 striptum
196 391 237 413 est
249 394 256 412 :
270 384 311 411 Ne
322 392 379 411 cum
390 383 437 410 hoc
447 382 541 409 mundo
551 381 699 408 damnemur
709 379 731 415 (Ι
741 378 801 407 Cor.
809 386 848 412 xt,

54 432 117 467 5‘9).
132 433 180 460 Pro
194 432 245 459 isto
258 431 359 458 mundo
379 438 432 457 non
451 433 545 464 rogat:
562 435 649 463 neque
662 427 733 455 enim
748 433 801 461 quo
816 425 850 453 sit

53 479 269 519 vredestiuatus,
292 478 403 513 ignorat.
420 475 455 503 Et
467 480 509 503 est
530 475 644 502 mundus
659 474 692 501 de
705 481 758 508 quo
780 472 849 519 scri-

66 529 133 563 ytum
153 531 202 556 est,
227 522 287 550 Non
306 523 372 549 enim
391 521 456 549 venit
477 520 562 547 Filius
585 520 693 547 hominis
714 523 741 545 ut
751 518 850 554 judicet

79 571 189 602 mundum,
205 569 249 596 sed
265 574 294 596 ut
307 568 416 595 salvetur
428 566 538 594 mundus
552 574 597 600 per
611 566 693 601 ipsum
707 563 794 599 (Joan.
809 571 848 595 ιιι,

80 616 129 652 ii):
143 615 210 643 unde
219 618 247 641 et
262 613 415 648 Apostolus,
430 611 507 643 Deus,
524 611 618 646 inquit,
633 614 686 637 erat
699 610 725 636 in
738 608 848 641 Christo,

79 661 179 689 mundum
201 659 368 686 reconcilians
388 657 436 684 sibi
462 656 494 692 (ll
514 656 573 684 Cor.
596 664 621 688 ν,
640 655 697 690 l9).
724 654 775 682 Pro
798 654 850 681 isto

79 706 158 735 mundo
171 710 255 741 rogat,
268 704 371 735 dicens,
384 702 418 731 Ut
428 703 538 729 mundus
550 701 635 729 credat
647 701 706 736 quin
716 703 743 727 tu
754 708 794 727 me
803 700 851 726 mi-

78 753 128 781 sisti.
140 752 188 779 Per
199 752 267 778 hanc
280 750 351 778 enim
367 749 446 776 fidem
457 748 571 776 mundus
584 747 770 775 reconciliatur
784 746 848 779 Deo,

78 806 125 826 cum
135 797 216 825 credit
230 797 256 824 in
270 795 403 823 Christum
425 794 470 830 qui
485 798 527 822 est
546 794 643 822 missus
665 801 681 820 a
697 793 760 820 Deo.
777 791 850 827 Quo-

79 844 141 871 modo
154 850 216 877 ergo
231 841 388 869 intellecturi
403 848 495 868 sumus
507 839 578 875 quod
592 839 639 871 ait,
664 838 698 866 Ut
713 842 737 865 et
756 838 806 873 ipsi
824 838 850 864 in

79 890 134 916 nobis
145 896 219 915 unum
231 887 292 918 sint,
308 891 335 914 ut
347 887 430 913 credat
449 886 558 913 mundus
571 885 630 920 quia
647 889 674 911 tu
692 892 732 911 me
743 885 849 911 misisti:

79 934 118 962 nisi
129 935 185 970 quia
200 942 253 961 non
268 934 294 961 in
309 941 342 960 eo
354 940 460 961 causam
477 933 565 967 posuit
577 937 605 959 ut
617 932 710 959 credat
723 931 849 963 mundus,

78 981 125 1015 quia
138 979 172 1007 illi
194 987 273 1007 unum
295 984 365 1009 sunt,
381 983 505 1013 tanquam
527 977 587 1005 ideo
609 977 701 1005 credat
715 977 785 1012 quod
805 984 852 1004 eos

78 1034 125 1054 esse
138 1034 215 1053 unum
230 1025 316 1058 videt;
329 1033 389 1052 cum
409 1025 465 1059 ipsi:
485 1024 600 1051 mundus
621 1024 675 1051 sint
686 1030 790 1055 omnes,
807 1023 852 1057 qui

78 1072 195 1101 credendo
214 1080 295 1099 unum
315 1072 382 1098 littnt
396 1079 402 1097 :
416 1069 462 1098 sed
477 1071 578 1097 orando
595 1069 674 1102 dixit,
698 1068 732 1096 Ut
745 1068 853 1095 mundus

78 1119 164 1151 credat;
174 1118 241 1145 sicut
250 1117 352 1144 orando
362 1116 438 1147 dixit,
449 1115 483 1143 Ut
493 1124 578 1143 omnes
587 1123 665 1142 unum
675 1115 741 1147 sint;
752 1114 853 1141 orando

77 1163 140 1195 dixit,
163 1163 196 1191 Ut
210 1168 232 1190 et
247 1163 296 1198 ipsi
318 1162 343 1189 in
365 1162 436 1188 nobis
456 1169 535 1188 unum
554 1160 626 1187 sint?
644 1159 700 1187 Hoc
721 1164 762 1186 est
782 1159 853 1186 enim

78 1216 148 1236 omnes
162 1217 241 1236 unum
254 1209 314 1239 sint,
335 1207 406 1242 quod
428 1211 469 1234 est
490 1206 599 1233 mundus
610 1205 852 1240 credat:quouiam

78 1255 195 1283 ﬁniendo
210 1261 290 1281 unum
302 1252 383 1285 fiunt;
395 1252 512 1288 perfecte
522 1260 613 1285 unum,
629 1253 674 1287 qui
688 1259 748 1279 cum
761 1255 853 1278 natura

78 1304 154 1328 essent
166 1308 258 1332 unum,
273 1299 454 1327 dissentiendo
473 1298 508 1326 ab
528 1307 581 1326 uno
599 1306 652 1326 non
673 1303 749 1325 eraut
762 1305 852 1324 unum.

79 1345 183 1381 Denique
201 1346 224 1373 si
237 1345 346 1373 verbum
360 1345 431 1381 quod
452 1345 500 1377 ait,
521 1353 592 1380 rogo,
618 1344 696 1372 tertio
713 1343 855 1371 subaudia-

79 1398 136 1425 mus,
156 1392 196 1420 vel
220 1392 307 1427 potius
328 1399 381 1427 quo
396 1392 499 1426 plenius
518 1391 574 1423 fiat,
594 1390 690 1425 ubique
710 1396 853 1424 ponamus;

77 1438 117 1465 erit
132 1438 209 1473 hujus
226 1438 357 1474 expositio
381 1439 519 1466 sententiae
539 1437 723 1466 manifestior:
739 1438 813 1474 Rogo
828 1442 856 1465 ut

77 1491 151 1512 mes
162 1492 242 1511 unum
261 1485 322 1517 sint,
346 1485 409 1511 sicut
423 1490 451 1511 tu
465 1484 544 1512 Pater
556 1485 583 1512 in
602 1493 651 1518 me,
666 1490 689 1512 ct
703 1493 747 1521 ego
765 1486 791 1512 in
813 1490 856 1512 te:

77 1535 132 1564 rogo
141 1534 168 1556 ut
178 1535 201 1557 et
212 1530 262 1566 ipsi
273 1530 300 1557 in
315 1530 385 1557 nobis
395 1539 474 1557 unum
487 1531 554 1558 sint:
567 1538 632 1567 rogo
643 1536 671 1558 ut
683 1531 794 1559 mundus
803 1540 856 1559 cre-

28 1592 39 1600 ι
79 1576 115 1603 dat
124 1578 177 1612 quia
188 1582 215 1604 tu
229 1585 270 1605 me
281 1578 379 1605 misisti.
393 1577 455 1606 Ideo
467 1578 565 1613 quippe
575 1577 685 1611 addidit,
699 1579 769 1614 quod
779 1578 854 1613 dixit,

81 1622 105 1648 in
120 1624 192 1657 nobis,
217 1628 247 1651 ut
261 1624 332 1659 quod
348 1632 428 1651 unum
445 1624 577 1651 efﬁcimur
598 1624 751 1652 ﬁdelissima
766 1625 855 1652 chari-

84 1672 136 1702 late,
147 1670 235 1704 gratia:
248 1670 294 1697 Dei
308 1671 459 1698 noverimus
474 1670 643 1698 tribuendum
657 1678 728 1705 esse,
744 1680 796 1698 non
811 1679 858 1699 no-

29 1732 43 1736 -
83 1712 209 1742 biszsicut
228 1715 372 1750 Apostolus
394 1723 454 1743 cum
469 1715 590 1749 dixisset,
613 1715 708 1743 Fuistis
727 1717 793 1744 enim
806 1717 857 1744 ali-

79 1759 168 1792 quando
179 1760 295 1792 teuebrte,
311 1769 377 1787 nunc
390 1765 474 1787 autem
484 1762 538 1794 lux,
552 1761 651 1796 inquit;
664 1766 690 1789 el
700 1770 734 1789 nc
746 1762 795 1789 sibi
809 1762 858 1790 hoc

74 1803 223 1839 tribuerent,
240 1805 347 1841 adjecit,
365 1807 391 1833 in
406 1806 515 1834 Domino
531 1807 637 1843 (Epltes.
653 1816 678 1842 v,
694 1809 732 1843 8).

109 1852 134 1879 3.
152 1852 251 1880 Deinde
263 1852 384 1880 Salvator
398 1858 490 1881 noster
499 1854 616 1889 rogando
633 1854 749 1888 Patrem,
765 1863 794 1883 se
808 1855 858 1883 ho-

82 1898 168 1927 Iinem
178 1899 396 1928 demonstrabat:
409 1907 479 1927 nunc
491 1900 678 1929 demonstrans
693 1906 720 1929 et
730 1902 857 1937 seipsum,

86 1945 193 1978 quitiam
206 1953 268 1974 cum
283 1945 361 1974 Patre
380 1946 450 1973 Deus
470 1950 520 1979 est,
533 1946 621 1974 facere
635 1948 705 1982 quod
725 1952 810 1983 rogat,
827 1947 859 1974 Et

86 1997 131 2024 ego,
146 1991 237 2026 inquit,
257 1992 396 2019 claritatem
415 2000 492 2027 quam
513 1992 604 2019 dedisti
622 1994 693 2025 mihi,
719 1993 777 2020 dedi
797 1994 858 2021 illis.

87 2035 155 2069 Quam
174 2037 334 2072 claritatem,
350 2038 401 2066 nisi
416 2038 652 2073 immortalitatem,
672 2047 750 2075 quam
767 2045 860 2067 natura

89 2080 184 2112 iiuna
198 2085 224 2113 in
240 2085 286 2113 illo
298 2085 384 2113 fuerat
395 2086 555 2122 acceptura?
566 2086 633 2114 Nam
642 2094 691 2114 nec
705 2088 761 2122 ipse
775 2086 862 2115 adhuc

89 2134 208 2165 acceperat
226 2139 298 2164 eam,
313 2131 361 2159 sed
380 2140 455 2160 more
468 2140 517 2160 suo
529 2137 638 2168 propter
650 2133 861 2160 immobilitatem

89 2177 320 2212 mdestinationis,
336 2179 464 2214 prseteriti
480 2180 608 2215 temporis
620 2180 707 2208 verbis
720 2180 808 2208 futura
823 2181 861 2209 si-

90 2221 186 2255 gniticat,
201 2223 272 2258 quod
288 2231 357 2251 nunc
371 2225 566 2258 clariﬁcandus,
579 2225 630 2254 hoc
642 2231 683 2255 est
695 2227 863 2255 suscitandas

90 2272 101 2291 I
115 2266 187 2302 Patre,
203 2274 229 2297 et
241 2271 298 2305 ipse
310 2271 345 2298 sit
358 2279 407 2299 nos
416 2271 450 2299 ad
462 2279 521 2300 eam
534 2273 680 2301 claritatem
691 2275 863 2302 suscitaturus

90 2311 112 2338 itl
123 2313 174 2343 line.
189 2316 282 2344 Simile
295 2322 337 2344 est
349 2317 400 2345 hoc
413 2318 438 2345 ei
452 2318 522 2353 quod
536 2319 597 2346 alibi
612 2320 686 2352 dicit,
701 2320 773 2347 Sicut
786 2319 864 2347 Pater

91 2362 174 2388 Incitat
187 2368 298 2390 mortuos
316 2367 339 2390 et
351 2364 468 2399 vioiﬁcat,
482 2364 518 2391 sic
532 2370 556 2392 et
570 2364 652 2392 Filius
666 2374 729 2401 quos
739 2366 791 2393 uult
804 2367 864 2393 uivi-

91 2403 142 2436 Ῑῖεει.
164 2408 196 2435 Et
212 2416 287 2443 quos,
303 2409 353 2436 nisi
373 2410 481 2438 eosdem
501 2419 568 2446 quos
582 2412 679 2440 Pater?
695 2413 864 2448 Quacumque

91 2450 143 2479 ﬂtim
154 2453 232 2482 Pater
246 2455 317 2490 facit,
331 2463 385 2484 non
399 2457 461 2488 alia,
474 2457 521 2485 sed
534 2458 588 2485 luet:
602 2463 626 2485 et
638 2458 738 2493 Filius;
753 2468 802 2488 nec
814 2461 864 2488 ali-

91 2498 130 2531 m.
147 2500 191 2528 sed
205 2501 321 2528 similiter
334 2503 395 2538 facit
408 2502 497 2538 (Joan.
514 2512 539 2537 v,
554 2504 600 2538 2|,
620 2505 678 2540 19).
700 2507 740 2534 Ac
754 2515 800 2542 per
815 2509 864 2536 hoc

90 2545 211 2574 wscitavit
229 2552 257 2574 et
268 2547 385 2582 seipsum
399 2549 479 2576 etiam
494 2549 561 2584 ipse.
577 2549 643 2578 Nam
658 2551 718 2579 inde
737 2557 787 2586 est,
805 2554 866 2581 Sol-

90 2585 130 2614 vite
140 2592 255 2626 templum
269 2593 327 2626 hoc,
342 2593 436 2629 inquit,
452 2599 476 2622 et
495 2595 522 2622 in
540 2596 624 2623 triduo
638 2585 790 2626 resuscitabo
802 2599 866 2627 illud

90 2629 137 2681 (id.
149 2645 174 2669 ιι,
188 2639 242 2674 l9).
259 2639 375 2667 Proinde
390 2640 595 2670 immortalitatis
615 2643 772 2678 claritatem,
786 2655 864 2681 quam

88 2678 132 2724 ξίδί
144 2692 156 2710 a
171 2685 246 2713 Patre
256 2686 344 2714 datam
359 2686 431 2720 dicit,
444 2688 522 2715 etiam
537 2690 594 2724 ipse
603 2689 653 2717 sibi
665 2690 770 2719 dedisse
786 2678 865 2720 intel-

88 2722 197 2771 ljlendus
208 2737 259 2764 est,
273 2733 323 2760 etsi
338 2740 391 2759 non
401 2732 474 2761 dicit.
488 2722 554 2762 Ideo
561 2735 659 2770 quippe
668 2737 765 2771 saepius
779 2738 865 2766 solum

86 2767 185 2804 Ριιηω
199 2777 286 2806 facere
300 2778 364 2806 dicit
377 2779 447 2814 quod
467 2785 495 2807 et
509 2767 647 2816 ipse—facit
660 2767 720 2810 cum
733 2784 822 2818 Patre,
837 2790 865 2813 ut

84 2819 203 2858 “idquid
217 2828 259 2852 est
278 2824 305 2852 ei
317 2824 416 2853 tribuat
426 2825 459 2854 de
477 2833 530 2862 quo
543 2832 594 2856 est.
611 2827 664 2857 Sed
686 2833 713 2857 et
724 2830 867 2866 aliquando

623 89 827 118 "l‘ltAUl‘ATUS
846 86 902 115 CX.
921 86 1036 114 CAPUT
1059 83 1141 115 XVII.

902 143 983 171 etiam
996 144 1076 171 tacito
1090 143 1179 177 Patre,
1194 150 1224 171 se
1233 143 1298 172 dicit
1311 142 1399 172 facere
1410 145 1481 180 quod
1491 145 1552 173 facit
1565 153 1625 173 cum
1640 146 1691 174 Pa-

903 192 944 216 tre
957 197 964 215 :
979 193 1008 216 ut
1022 189 1199 224 intelligamus
1211 190 1245 217 ita
1256 190 1352 218 Filium
1368 198 1422 218 non
1436 199 1496 219 esse
1507 199 1522 219 a
1535 192 1620 220 Patris
1632 200 1692 228 ope

903 241 933 261 re
953 234 1142 269 separandum,
1165 235 1271 270 quando
1289 243 1318 262 se
1340 236 1419 263 tacito
1435 237 1539 264 Patrem
1558 237 1622 265 dicit
1643 238 1692 265 ali-

903 280 966 315 quid
978 282 1099 316 operari;
1120 282 1343 317 quemadmodum
1357 290 1407 310 nec
1419 282 1498 310 Pater
1511 284 1544 311 ab
1554 291 1635 319 opere
1650 284 1694 312 Fi-

902 327 929 354 lii
941 332 1089 362 separatur,
1101 328 1208 363 quando
1219 329 1277 364 ipso
1290 329 1368 356 tacito
1379 328 1461 356 Filius
1471 330 1574 364 operari
1585 330 1692 365 dicitur,

903 373 975 408 quod
993 374 1166 402 nihilominus
1186 375 1286 410 pariter
1298 379 1451 409 operantur.
1468 374 1533 403 Cum
1548 384 1611 412 ergo
1626 381 1695 405 tacet

903 419 987 447 Filius
1000 421 1026 447 in
1037 428 1118 455 opere
1128 421 1214 449 Patris
1226 422 1408 456 operationem
1421 429 1507 456 suam,
1521 422 1694 452 humilitatem

903 466 1081 499 commendat,
1093 470 1123 493 ut
1132 468 1166 494 sit
1178 466 1254 494 nobis
1266 467 1398 495 salubrior
1411 477 1417 494 :
1429 475 1489 495 cum
1503 476 1567 496 vero
1580 469 1695 497 vicissim

903 511 930 538 iu
955 519 1035 546 opere
1058 519 1107 540 suo
1132 517 1202 541 tacet
1220 513 1401 548 operationem
1423 514 1519 547 Patris,
1538 516 1696 550 parilitatem

903 564 979 584 suam
993 557 1171 589 commendat.
1195 566 1229 586 ne
1253 559 1378 586 credatur
1399 559 1519 587 inferior.
1542 560 1596 589 Isto
1617 562 1697 597 igitur

903 603 983 630 modo
996 607 1023 630 et
1035 603 1086 631 hoe
1096 603 1155 631 loco
1166 611 1216 631 nec
1230 611 1259 632 se
1273 603 1336 631 facit
1348 605 1464 633 alienum
1480 614 1495 633 a
1508 606 1594 634 Patris
1603 615 1696 644 opere,

902 648 1023 682 quamvis
1034 648 1141 683 dixerit,
1155 648 1302 676 Claritatem
1312 658 1388 686 quam
1398 651 1488 678 dedisti
1503 652 1583 685 mihi;
1595 653 1656 688 quia
1669 658 1698 682 et

903 693 961 728 ipse
983 693 1058 721 dedit
1075 702 1135 721 eam
1155 694 1206 722 sibi
1222 702 1291 723 :nec
1311 695 1418 723 Patrem
1444 696 1506 724 facit
1524 698 1640 726 alienum
1663 699 1698 728 ab

903 745 985 773 opere
1008 746 1067 772 suo,
1080 741 1202 774 quamvis
1216 739 1324 774 dixerit,
1346 741 1405 768 dedi
1427 742 1480 775 eis;
1501 743 1562 778 quia
1577 748 1605 771 et
1618 744 1697 773 Pater

904 782 977 811 illam
992 784 1064 812 dedit
1079 784 1129 812 eis.
1146 784 1333 820 lnseparabilia
1347 794 1462 822 namque
1474 793 1536 815 sunt
1546 795 1627 824 opera
1644 797 1697 817 non

903 829 988 856 solum
1007 829 1093 857 Patris
1114 834 1142 858 et
1162 829 1233 864 Filii,
1250 838 1342 858 verum
1362 832 1441 859 etiam
1465 832 1579 867 Spiritus
1599 836 1695 862 sancti.

903 875 977 903 Sicut
990 881 1079 903 autem
1089 884 1122 903 ex
1136 884 1170 904 eo
1182 877 1253 911 quod
1270 877 1376 904 Patrem
1391 885 1438 912 pro
1452 879 1507 906 suis
1520 880 1642 908 omnibus
1652 889 1698 909 ro-

903 922 985 956 gavit,
998 921 1050 949 hoc
1063 922 1121 950 ﬁeri
1133 923 1227 955 voluit,
1242 922 1275 950 Ut
1287 930 1373 950 omnes
1384 932 1464 951 unum
1477 925 1526 952 sint
1538 934 1547 952 :
1559 926 1593 953 ita
1603 934 1636 955 ex
1647 927 1699 956 hoc

903 967 984 994 etiam
997 974 1047 995 suo
1059 967 1191 995 beneﬁcio
1203 968 1274 1003 quod
1289 969 1336 1003 ait,
1351 968 1498 997 Claritatem
1513 979 1588 1006 quam
1608 973 1700 1001 dedisti

903 1012 975 1045 mihi,
991 1013 1049 1039 dedi
1065 1013 1112 1045 eis,
1137 1012 1164 1040 id
1179 1014 1236 1041 Iieri
1250 1014 1425 1043 nihilominus
1439 1016 1541 1050 voluit;
1559 1025 1620 1045 nam
1633 1026 1699 1047 con-

906 1057 980 1085 tinuo
1004 1058 1159 1093 subiunxit,
1184 1057 1219 1086 Ut
1241 1059 1292 1086 sint
1312 1068 1406 1094 unum,
1424 1061 1489 1088 sicut
1506 1067 1531 1089 et
1555 1071 1602 1091 nos
1622 1073 1701 1093 unum

904 1111 1001 1130 sumus.

940 1150 966 1176 ι.
981 1149 1081 1177 Deinde
1092 1149 1214 1178 addidit:
1230 1150 1286 1186 Ego
1302 1151 1329 1178 in
1349 1152 1395 1184 eis,
1409 1157 1433 1179 et
1447 1158 1474 1180 tu
1497 1154 1524 1181 in
1544 1163 1594 1189 me,
1607 1161 1635 1183 ut
1652 1158 1701 1185 sint

905 1195 1070 1221 consummati
1082 1195 1108 1222 in
1116 1203 1206 1222 unum.
1222 1196 1272 1224 Ubi
1288 1204 1317 1224 se
1333 1197 1510 1226 mediatorem
1537 1200 1607 1229 inter
1618 1201 1700 1231 Deum

905 1244 933 1267 et
954 1239 1076 1268 homines
1098 1240 1215 1268 breviter
1230 1241 1370 1269 iutimavit.
1385 1243 1476 1279 Neque
1494 1245 1565 1272 enim
1590 1246 1641 1275 hoc
1666 1249 1702 1275 ita

906 1285 1007 1312 dictum
1023 1290 1081 1318 est,
1095 1289 1220 1320 tanquam
1235 1286 1312 1314 Pater
1325 1294 1378 1315 non
1393 1289 1428 1315 sit
1441 1289 1468 1316 in
1484 1290 1570 1323 nobis,
1592 1297 1638 1320 aut
1652 1301 1701 1321 nos

906 1330 933 1357 iu
948 1330 1025 1358 Patre
1039 1338 1092 1359 non
1105 1331 1206 1364 simus;
1220 1339 1282 1359 cum
1295 1337 1323 1360 ct
1336 1333 1389 1361 alio
1400 1334 1459 1362 loco
1474 1335 1590 1371 dixerit,
1611 1337 1702 1366 Venie-

906 1384 962 1403 mus
971 1376 1005 1402 ad
1018 1384 1084 1410 eum,
1109 1381 1133 1404 et
1146 1380 1302 1405 mansionem
1312 1379 1381 1414 apud
1392 1388 1448 1407 eum
1468 1382 1588 1416 faciemus
1610 1383 1701 1421 (Joan.

908 1429 969 1456 xiv,
985 1422 1042 1458 25)
1059 1431 1066 1449 :
1088 1427 1116 1449 et
1127 1421 1170 1450 hic
1186 1424 1263 1457 paulo
1273 1429 1335 1452 ante
1349 1433 1401 1453 non
1412 1426 1526 1461 dixerit,
1539 1428 1595 1465 Ego
1617 1431 1643 1458 in
1667 1433 1703 1460 eis

907 1471 931 1494 et
941 1471 967 1494 tu
992 1467 1018 1494 in
1031 1475 1079 1499 me,
1094 1467 1165 1502 quod
1178 1467 1245 1496 dixit
1256 1469 1354 1503 modo;
1370 1476 1424 1503 aut,
1443 1471 1494 1507 Ipsi
1506 1473 1532 1500 in
1553 1482 1595 1502 me
1609 1480 1636 1503 et
1653 1484 1703 1513 ego

908 1512 935 1540 in
947 1518 989 1546 te;
1004 1513 1061 1545 sed,
1073 1512 1113 1540 Tu
1123 1514 1149 1540 in
1159 1522 1198 1541 me
1209 1519 1232 1541 et
1243 1523 1288 1551 cgo
1300 1516 1326 1543 in
1339 1521 1372 1550 te,
1386 1522 1409 1544 et
1421 1518 1470 1552 ipsi
1490 1520 1517 1546 in
1531 1521 1611 1548 nobis.
1627 1522 1702 1556 Quod

908 1564 972 1592 ergo
985 1566 1056 1585 nunc
1069 1559 1122 1593 ait,
1142 1559 1198 1595 Ego
1211 1561 1237 1587 in
1247 1561 1282 1588 eis
1296 1566 1318 1588 et
1329 1567 1356 1589 tu
1369 1563 1395 1590 in
1418 1572 1473 1598 me,
1496 1566 1531 1593 ita
1543 1567 1641 1596 dictum
1662 1575 1704 1598 est

911 1610 946 1630 ex
961 1611 1075 1649 persona
1096 1604 1248 1633 Mediatoris
1262 1627 1270 1640 ,
1296 1608 1364 1635 sicut
1384 1609 1448 1637 illud
1468 1612 1539 1646 quod
1562 1615 1705 1649 Apostolus

908 1649 953 1681 ait,
976 1648 1025 1676 Vos
1040 1648 1144 1684 Christi,
1159 1651 1272 1679 Christus
1288 1661 1346 1681 vero
1365 1653 1413 1681 Dei
1446 1656 1455 1691 (
1472 1656 1482 1684 Ι
1497 1656 1555 1685 Car.
1569 1648 1614 1693 tu,
1630 1660 1666 1689 23
1682 1662 1702 1697 ).

909 1694 984 1728 Quod
998 1703 1062 1722 vero
1072 1695 1189 1729 addidit,
1209 1696 1244 1724 Ut
1262 1698 1312 1725 sint
1327 1703 1493 1729 consummati
1515 1704 1540 1730 in
1554 1713 1640 1738 unum,
1658 1694 1705 1735 os-

910 1740 994 1767 tendit
1008 1748 1041 1768 eo
1056 1741 1167 1775 perduci
1182 1744 1425 1773 reconciliationem
1439 1767 1446 1779 ,
1471 1756 1530 1782 qua:
1543 1749 1573 1777 fit
1587 1758 1635 1785 per
1647 1751 1704 1780 Me-

909 1786 1040 1832 diatorem
1050 1808 1057 1820 ,
1072 1793 1101 1815 ut
1116 1789 1233 1823 perfecta
1253 1790 1427 1826 beatitudine,
1442 1794 1482 1820 cui
1494 1794 1549 1829 jam
1562 1796 1626 1824 nihil
1640 1805 1704 1832 pos-

910 1831 946 1858 sit
967 1831 1063 1866 adjici,
1087 1833 1263 1867 perfruamur.
1285 1835 1360 1863 Unde
1386 1837 1411 1863 id
1432 1838 1502 1872 quod
1517 1831 1647 1875 sequitur,
1671 1842 1705 1870 Ut

910 1882 1044 1912 cognoscat
1055 1879 1164 1906 mundus
1175 1880 1234 1914 quia
1248 1885 1275 1907 tu
1289 1889 1328 1908 me
1342 1882 1441 1916 misisti,
1456 1891 1507 1911 non
1519 1885 1557 1913 sic
1570 1887 1705 1922 accipien-

911 1922 975 1950 dum
989 1927 1053 1957 puto
1064 1944 1072 1956 ,
1095 1928 1220 1959 tanquam
1234 1925 1330 1954 iterum
1347 1927 1462 1962 dixerit,
1485 1929 1518 1957 Ut
1530 1932 1616 1959 credat
1628 1942 1705 1962 mun-

912 1968 959 1996 dus
974 1977 983 1995 :
1008 1969 1150 2004 aliquando
1161 1971 1233 1998 enim
1252 1976 1280 1999 et
1291 1979 1452 2008 cognoscere
1467 1984 1515 2010 pro
1528 1985 1561 2005 eo
1570 1980 1640 2014 quod
1664 1986 1707 2009 est

916 2015 1027 2043 credere
1037 2016 1154 2050 ponitur,
1169 2022 1199 2044 ut
1216 2018 1337 2052 estquod
1360 2020 1397 2047 ait
1416 2021 1552 2056 aliquanto
1573 2026 1706 2060 superius,

913 2059 947 2087 Et
959 2066 1126 2096 cognoverunt
1140 2070 1196 2090 vere
1207 2064 1266 2098 quia
1279 2071 1294 2090 α
1307 2069 1330 2091 te
1342 2065 1416 2098 exivi,
1441 2071 1465 2093 et
1475 2068 1634 2097 crediderunt
1647 2059 1707 2107 quia

914 2111 942 2134 tu
953 2115 992 2134 me
1012 2107 1101 2135 misisti
1123 2108 1218 2145 (loan.
1234 2117 1308 2143 xvn,
1335 2110 1379 2146 8).
1403 2112 1460 2140 Hoc
1480 2112 1547 2141 dixit
1573 2118 1705 2150 posterius

914 2153 1084 2186 crediderunt,
1101 2154 1171 2189 quod
1183 2155 1255 2189 prius
1267 2155 1371 2184 dixerat
1388 2165 1564 2193 cognoverunt.
1584 2161 1636 2189 Sed
1663 2162 1706 2191 hic

918 2200 1130 2236 quandoquidem
1153 2201 1186 2229 de
1199 2204 1428 2232 consummatione
1442 2205 1568 2241 loquitur,
1582 2208 1642 2236 talis
1667 2215 1708 2238 est

915 2245 1087 2280 intelligenda
1107 2247 1240 2281 cognitio,
1268 2248 1353 2283 qualis
1373 2250 1424 2277 erit
1437 2258 1484 2286 per
1504 2253 1631 2287 speciem,
1655 2263 1708 2284 non

915 2291 1001 2326 qualis
1023 2299 1095 2319 nunc
1114 2297 1156 2319 est
1178 2300 1227 2327 per
1254 2293 1333 2322 ﬁdem
1358 2295 1424 2323 Nam
1447 2297 1552 2326 videtur
1571 2301 1637 2328 ordo
1649 2309 1710 2331 esse

916 2340 1038 2364 servatus
1052 2337 1078 2364 in
1087 2345 1121 2364 eo
1134 2337 1205 2372 quod
1220 2339 1299 2372 paulo
1311 2345 1373 2368 ante
1383 2341 1466 2376 dixit,
1484 2342 1519 2370 Ut
1535 2345 1620 2372 credat
1634 2356 1710 2375 mun-

916 2381 985 2413 dus;
1011 2381 1054 2409 hic
1076 2387 1165 2410 autem
1179 2403 1186 2415 ,
1217 2382 1251 2410 Ut
1277 2391 1410 2420 cognoscat
1431 2388 1548 2416 mundus.
1578 2390 1614 2419 lbi
1638 2393 1710 2420 enim

916 2428 1038 2461 quamvis
1058 2428 1180 2463 dixerit,
1208 2429 1242 2457 Ut
1263 2438 1348 2458 omnes
1360 2440 1438 2459 unum
1450 2434 1510 2468 sint,
1538 2441 1565 2464 et
1588 2438 1614 2464 in
1640 2439 1711 2467 nobis

916 2481 996 2499 unum
1008 2473 1068 2505 sint,
1083 2481 1136 2501 non
1149 2475 1185 2501 ait
1198 2479 1286 2503 tamen
1295 2498 1302 2509 ,
1319 2477 1378 2504 Sint
1390 2482 1557 2508 consummati
1570 2483 1597 2509 in
1612 2491 1710 2519 unum;

917 2522 996 2553 atque
1021 2518 1059 2545 ita
1078 2519 1237 2553 subnexuit,
1266 2520 1300 2548 Ut
1320 2522 1408 2549 credat
1430 2525 1538 2553 mundus
1559 2528 1619 2562 quia
1633 2534 1659 2557 tu
1672 2539 1712 2559 me

918 2565 1008 2591 misisti
1021 2572 1030 2591 :
1041 2564 1084 2592 hic
1093 2572 1166 2599 vero,
1182 2565 1216 2594 Ut
1223 2567 1283 2601 sint,
1298 2567 1392 2603 inquit,
1406 2574 1571 2600 consummati
1580 2574 1606 2602 in
1614 2584 1711 2611 unum;

918 2617 950 2637 ac
963 2610 1060 2638 deinde
1078 2618 1131 2638 non
1146 2611 1262 2645 addidit,
1281 2612 1315 2641 Ut
1327 2615 1415 2642 credat
1440 2618 1566 2652 mundus;
1593 2622 1655 2655 sed,
1679 2623 1713 2650 Ut

919 2660 1055 2690 cognoscat
1068 2657 1176 2684 mundus
1189 2659 1248 2693 quia
1270 2664 1296 2686 tu
1311 2669 1350 2687 me
1363 2662 1462 2690 misisti.
1487 2664 1617 2698 Quamdiu
1641 2669 1711 2696 enim

920 2701 1053 2729 credimus
1067 2702 1199 2737 quodnon
1215 2704 1349 2738 vidi-mus,
1364 2708 1480 2737 nonduin
1494 2718 1586 2739 sumus
1600 2713 1634 2739 ita
1648 2721 1713 2742 con-

920 2748 1062 2780 summati,
1086 2749 1309 2783 quemadmodum
1332 2753 1431 2781 erimus
1452 2762 1512 2782 cutn
1538 2759 1712 2788 meruerimus

921 2791 1011 2819 videre
1022 2793 1093 2827 quod
1108 2794 1252 2823 credimus.
1271 2796 1429 2826 Rectissime
1444 2800 1523 2834 igitur
1542 2801 1596 2835 ibi,
1613 2803 1646 2830 Ut
1658 2813 1712 2832 cre-

924 2836 967 2865 dat
980 2838 1089 2867 mundus
1102 2847 1110 2873 ;
1124 2839 1168 2868 hic
1177 2860 1185 2874 ,
1200 2840 1234 2869 Ut
1247 2849 1379 2878 cognoscat
1392 2846 1501 2873 mundus
1513 2854 1524 2874 :
1539 2852 1626 2876 tamen
1637 2855 1663 2877 et
1675 2851 1713 2881 ibi
