3994 6372
652 269 795 330 Im

648 397 704 443 et
741 384 869 449 hic,
926 381 1047 453 quia
1083 387 1138 434 tu
1174 388 1256 432 rue
1298 373 1510 439 misisti;
1557 380 1613 426 ut
1649 369 1953 426 noverimus
1980 372 2235 436 quantum

651 475 886 550 pertinet
908 472 975 527 ad
1021 470 1190 526 Patris
1211 476 1266 524 et
1306 466 1423 521 Filii
1453 460 1859 534 inseparabilem
1888 457 2234 520 charitatem,

658 534 762 624 hoc
792 578 890 620 nos
912 561 1075 619 modo
1102 557 1327 615 credere
1354 553 1497 628 quod
1528 554 1795 610 tendimus
1831 548 2097 606 credendo
2139 561 2207 603 eo
2251 534 2271 583 ’

660 673 940 734 gnoscere.
968 654 1026 711 Si
1051 662 1230 708 autem
1253 651 1477 715 diceret,
1507 646 1578 705 Ut
1599 654 1924 717 cognoscant
1943 642 2063 714 quia
2081 650 2137 698 tu
2150 654 2240 697 mo

654 732 882 810 misisti:
915 744 1241 805 tantumdem
1282 742 1487 797 valeret
1512 746 1770 810 quantum
1814 736 1917 791 hoc
1939 732 2082 804 quod
2125 732 2239 799 ait,

660 844 729 901 Ut
757 848 1026 913 cognoscat
1062 834 1300 891 multis.
1346 831 1449 901 ipsi
1476 839 1601 887 sunt
1641 828 1783 884 enim
1837 824 2087 890 mundus,
2131 834 2239 876 non

656 940 983 1008 permanens
1007 928 1283 991 inimicus,
1332 922 1505 995 qualis
1530 930 1617 977 est
1657 918 1885 975 mundus
1914 913 2242 971 damnationi

662 1024 1105 1101 predestlnalus;
1131 1018 1226 1076 sed
1249 1033 1314 1073 es
1342 1015 1561 1071 inimico
1584 1013 1789 1067 anticus
1812 1009 2055 1073 eiiectus,
2083 1020 2244 1077 prop-

657 1099 741 1178 ter
768 1133 927 1191 quem
957 1110 1094 1171 Deus
1134 1121 1239 1169 erat
1285 1112 1338 1165 in
1380 1108 1580 1165 Christo
1621 1110 1867 1177 mandunt
1910 1099 2243 1156 reconcilians

800 1211 923 1267 Ideo
945 1207 1114 1274 dixit,
1147 1205 1255 1277 Ego
1272 1203 1325 1257 in
1345 1203 1418 1257 eis
1442 1209 1489 1255 et
1512 1209 1568 1253 tu
1585 1199 1641 1253 in
1682 1212 1763 1252 nte
1780 1211 1800 1251 :
1828 1205 2076 1264 tanquam
2099 1192 2246 1247 diee-

656 1298 762 1369 ret,
790 1305 903 1374 Ego
928 1302 979 1356 in
1002 1300 1080 1356 eis
1101 1297 1169 1353 ad
1194 1311 1328 1368 quos
1350 1292 1542 1349 misisti
1570 1303 1685 1357 me;
1714 1297 1770 1345 et
1790 1298 1847 1344 tu
1874 1287 1928 1341 in
1952 1300 2061 1353 me,
2088 1297 2242 1338 mun-

658 1398 784 1453 dum
811 1392 1161 1451 reconcilians
1188 1388 1280 1443 tibi
1310 1401 1408 1457 per
1434 1398 1543 1439 me.

728 1482 781 1549 8.
828 1490 1115 1559 Propterea
1168 1485 1407 1554 sequitur
1431 1480 1591 1534 etiam
1648 1475 1777 1531 illud
1825 1472 1971 1545 quod
2018 1471 2127 1538 ait,
2175 1469 2243 1525 Et

659 1581 880 1639 dilexisti
907 1598 991 1635 eos
1010 1578 1138 1635 sicut
1158 1586 1204 1632 et
1222 1590 1302 1629 me
1329 1570 1568 1627 dilexisti.
1622 1568 1681 1623 in
1710 1567 1853 1622 Filio
1893 1565 2091 1635 quippe
2141 1575 2241 1618 nos

656 1677 816 1732 Pater
842 1671 1012 1743 diligit
1032 1712 1046 1734 ,
1076 1668 1196 1738 quia
1212 1665 1266 1720 in
1296 1664 1414 1733 ipso
1440 1677 1535 1716 nos
1560 1662 1719 1729 elegit
1744 1667 1869 1712 ante
1897 1655 2240 1711 constitutio.

658 1780 781 1822 nem
813 1761 993 1818 mundi
1040 1756 1254 1830 (Ephcs.
1285 1770 1324 1820 ι,
1345 1752 1420 1825 Δ).
1450 1750 1553 1821 Qui
1582 1751 1723 1805 enim
1768 1748 1941 1818 diligit
1985 1744 2242 1816 [inigeni-

661 1866 803 1920 tom,
835 1852 1073 1925 proiecto
1111 1847 1281 1917 diligit
1332 1852 1391 1901 et
1416 1842 1653 1899 membra
1683 1838 1800 1911 ejus
1820 1854 1938 1909 quas
1974 1837 2244 1907 adoptavit

656 1949 708 2002 in
743 1961 862 1999 eum
928 1956 1026 2013 per
1052 1954 1195 1995 eum.
1242 1935 1354 1992 Nec
1394 1935 1516 1989 ideo
1542 1946 1699 2003 pares
1741 1944 1926 1985 sumus
1972 1928 2243 1998 unigenito

667 2037 803 2092 Filio
831 2049 926 2105 per
951 2046 1108 2102 quem
1130 2028 1292 2084 creati
1318 2034 1371 2082 et
1396 2025 1620 2082 recreati
1661 2022 1681 2057 ί
1716 2034 1902 2077 sumus
1927 2037 1944 2086 ;
1986 2018 2110 2091 quia
2154 2018 2238 2074 di-

661 2140 805 2185 ctum
835 2135 917 2183 est
935 2168 951 2194 ,
981 2122 1219 2180 Dikaa'st‘i
1243 2138 1326 2176 eos
1351 2120 1481 2175 sicut
1519 2126 1566 2172 et
1589 2133 1688 2171 me.
1717 2114 1902 2185 Neque
1925 2114 2067 2169 enim
2095 2127 2239 2168 sem-

656 2236 752 2294 per
776 2217 1131 2288 aequalitatem
1157 2210 1439 2282 signilicat,
1469 2208 1558 2279 qui
1589 2206 1739 2272 dicit,
1772 2204 1922 2259 Sicut
1964 2203 2123 2267 illud,
2167 2203 2238 2258 ita

654 2293 706 2368 in
727 2308 857 2365 illud
888 2327 900 2362 ε
925 2306 1017 2362 sed
1044 2301 1329 2373 aliquando
1349 2307 1554 2354 tantum
1576 2338 1591 2362 ,
1625 2296 1757 2366 ριιῑι
1778 2305 1862 2351 eat
1892 2293 2017 2348 illud
2040 2334 2054 2359 ,
2084 2301 2168 2349 est
2186 2300 2240 2348 et

653 2400 815 2467 illud;
842 2408 954 2465 aut,
976 2396 1107 2467 Quia
1136 2403 1220 2450 est
1246 2391 1377 2449 illud
1401 2432 1417 2458 ,
1450 2399 1507 2445 ut
1525 2389 1598 2443 sit
1643 2397 1697 2442 et
1722 2387 1870 2441 illud.
1922 2385 2053 2455 Quis
2096 2385 2238 2440 enim

656 2493 853 2551 dixerit
873 2506 939 2544 eo
965 2501 1179 2559 prorsus
1208 2483 1370 2540 modo
1400 2483 1452 2538 in
1482 2481 1739 2537 mundum
1765 2492 1795 2532 a
1835 2477 2051 2534 Christo
2091 2478 2238 2548 Apo-

654 2584 820 2638 stolos
868 2579 1083 2644 missos,
1110 2574 1381 2646 quomodo
1404 2581 1488 2628 est
1522 2570 1640 2641 ipse
1666 2570 1860 2624 missus
1890 2584 1917 2621 a
1949 2566 2135 2623 Patre?
2162 2564 2235 2622 lit

655 2673 799 2729 enim
828 2671 961 2726 alias
988 2676 1193 2723 taceam
1214 2662 1543 2719 diil‘erentias
1564 2702 1578 2725 ,
1616 2675 1750 2731 quas
1803 2672 2229 2715 commemorare

656 2765 872 2834 longum
900 2770 1006 2825 est,
1036 2757 1187 2813 missi
1230 2763 1356 2810 sunt
1395 2760 1544 2809 certe
1589 2752 1662 2807 illi
1687 2766 1809 2807 eum
1859 2750 1969 2821 jam
1997 2749 2241 2804 homines

657 2860 875 2917 essent;
901 2850 1096 2905 missus
1123 2854 1206 2901 est
1225 2856 1404 2900 autem
1436 2845 1550 2913 ipse
1576 2848 1637 2896 ut
1663 2842 1823 2895 homo
1852 2850 1994 2895 esset
2021 2858 2036 2895 :
2072 2849 2130 2896 et
2158 2844 2243 2895 ως

655 2956 777 3000 men
801 2942 1046 3011 superius
1087 2938 1199 3004 ait,
1254 2935 1400 2992 Sicut
1436 2950 1515 2988 me
1560 2933 1740 2987 misisti
1777 2932 1832 2985 in
1870 2932 2147 2996 mundum,
2193 2943 2239 2986 et

652 3051 745 3106 ego
779 3034 895 3089 misi
937 3030 1094 3087 cosio
1122 3026 1368 3083 mundum
1406 3022 1581 3095 (Iona.
1606 3038 1720 3078 xvn
1741 3064 1758 3089 ,
1803 3020 1894 3090 18)
1925 3038 1941 3087 ;
1988 3030 2238 3091 tanquam

653 3134 878 3194 diceret,
908 3130 1042 3200 Quia
1070 3125 1262 3184 misisti
1288 3140 1393 3189 me,
1427 3122 1545 3177 misi
1566 3135 1679 3177 eos.
1743 3117 1817 3174 Ila
1857 3128 1911 3174 et
1954 3118 2053 3171 hoc
2083 3117 2236 3184 loco,

655 3222 892 3277 Dilecta“
933 3236 1036 3284 eos,
1067 3218 1275 3289 inquit,
1314 3215 1446 3269 sicut
1494 3227 1572 3266 me
1621 3209 1886 3274 dilexisti;
1917 3207 2060 3280 quod
2105 3207 2238 3263 nihil

655 3314 798 3371 aliud
822 3320 905 3369 est
934 3326 1093 3382 quam
1112 3352 1127 3376 ,
1179 3306 1426 3363 Dilexisti
1456 3318 1571 3367 eos,
1611 3301 1859 3374 quoniam
1899 3309 1954 3356 et
1982 3316 2068 3356 me
2101 3300 2237 3356 dile-

652 3409 797 3466 xisti.
826 3406 941 3462 Non
968 3402 1111 3460 enim
1143 3399 1381 3456 membra
1409 3394 1533 3450 Filii
1583 3409 1689 3449 non
1730 3392 1975 3463 diligeret
1996 3392 2085 3463 qui
2114 3391 2239 3447 dili-

650 3502 727 3571 git
748 3496 970 3559 Filium;
1002 3502 1093 3549 aut
1108 3492 1209 3547 alia
1231 3505 1389 3546 causa
1427 3496 1510 3544 est
1533 3483 1784 3555 diligendi
1826 3484 2064 3538 membra
2086 3483 2236 3561 ejus,

652 3556 753 3649 nisi
777 3590 897 3662 quia
928 3556 1101 3659 diligit
1135 3599 1279 3639 eum.
1326 3579 1431 3638 Sed
1489 3577 1661 3647 diligit
1701 3574 1892 3630 Filium
1946 3556 2239 3631 secundum

653 3670 983 3741 divinitatem
1004 3719 1021 3747 ,
1052 3676 1175 3750 quia
1224 3674 1405 3746 genuit
1434 3670 1581 3726 illum
1621 3666 1878 3738 aqualem
1911 3666 2041 3730 sibi;
2071 3666 2240 3737 diligit

651 3790 773 3835 eum
802 3776 963 3832 etiam
994 3769 1285 3828 secundum
1313 3766 1365 3822 id
1394 3762 1540 3836 quod
1564 3762 1727 3819 homo
1759 3771 1866 3827 est,
1900 3760 2025 3830 quia
2064 3760 2238 3831 ipsum

652 3868 979 3938 unigenitum
1007 3863 1242 3920 Verbum
1270 3874 1399 3915 caro
1421 3857 1617 3914 factum
1648 3863 1758 3923 est,
1789 3861 1844 3909 et
1868 3862 2086 3923 propter
2108 3851 2240 3907 Ver-

653 3957 781 4015 bum
835 3966 918 4013 est
944 3954 995 4013 ei
1041 3953 1204 4010 chara
1235 3950 1391 4007 Verbi
1420 3963 1549 4006 caro
1591 3968 1604 4003 :
1655 3958 1753 4003 nos
1801 3953 1977 3999 autem
2031 3943 2235 4014 diligit,

651 4050 899 4126 quoniam
955 4060 1142 4104 sumus
1212 4044 1330 4116 ejus
1395 4044 1636 4100 membra
1687 4052 1846 4111 quem
1911 4035 2124 4107 diligit;
2186 4042 2241 4092 et

649 4146 754 4203 hoc
790 4151 848 4198 ut
890 4154 1166 4206 essemus,
1225 4143 1447 4213 prepter
1483 4135 1587 4192 hoc
1622 4148 1720 4191 nos
1749 4128 1933 4189 dilexit
1955 4136 2240 4200 antequam

649 4251 910 4296 essemus.

722 4312 775 4382 Β.
802 4326 1138 4394 Quapropter
1164 4316 1718 4392 incomprehensibilis
1764 4325 1846 4373 est
1890 4314 2109 4371 dilectio
2136 4326 2240 4383 qua

650 4419 822 4487 diligit
872 4415 1035 4478 Deus,
1087 4425 1260 4481 neque
1294 4410 1581 4465 mutabilis.
1613 4407 1728 4464 Non
1779 4408 1920 4462 enim
1949 4423 2015 4462 ex
2059 4420 2164 4476 quo
2187 4402 2240 4459 ei

653 4507 979 4569 κει»ηεὶιίίηὶ
999 4490 1186 4559 sumus
1217 4518 1311 4572 per
1339 4500 1651 4570 sanguinem
1682 4497 1803 4554 Filii
1834 4499 1969 4567 ejus,
2000 4513 2098 4553 nos
2123 4512 2236 4551 cm-

650 4603 731 4674 pit
771 4598 1021 4667 diligere;
1065 4593 1161 4650 sed
1193 4600 1317 4647 ante
1370 4591 1551 4645 mundi
1578 4589 2009 4644 constitutionem
2057 4585 2242 4642 dilexit

650 4707 775 4757 nos,
799 4698 857 4744 ut
897 4702 1019 4741 cum
1051 4687 1167 4756 ejus
1202 4680 1482 4752 Unigenito
1508 4680 1666 4735 etiam
1694 4693 1792 4734 nos
1823 4678 1910 4733 lilii
1958 4679 2073 4749 ejus
2096 4693 2240 4735 esse-

652 4797 794 4850 mus,
825 4779 1129 4851 priusquam
1159 4775 1376 4832 omnino
1396 4771 1594 4843 aliquid
1640 4786 1899 4827 essemus.
1930 4771 2084 4841 Quod
2111 4786 2239 4843 ergo

648 4870 986 4934 reconciliati
1028 4884 1209 4926 sumus
1257 4865 1370 4922 Deo
1399 4879 1493 4938 per
1518 4871 1746 4920 mortem
1774 4861 1894 4918 Filii
1943 4863 2077 4932 ejus,
2132 4877 2237 4918 non

649 4972 727 5027 sic
755 4968 1021 5030 audiatur,
1052 4977 1157 5018 non
1184 4961 1265 5017 sic
1295 4958 1598 5030 accipiatur,
1631 4957 1780 5030 quasi
1798 4954 1918 5011 ideo
1936 4970 2037 5010 nos
2059 4969 2240 5011 recon-

649 5061 905 5118 ciliavcrit
927 5059 979 5115 ei
1008 5057 1193 5121 Filius,
1220 5048 1279 5110 ut
1300 5053 1409 5124 jam
1440 5052 1698 5122 inciperet
1726 5064 1905 5104 amare
1940 5064 2074 5125 quos
2102 5047 2235 5103 ode-

651 5160 765 5210 rat:
793 5152 932 5205 sicut
958 5146 1335 5205 reconciliatur
1363 5144 1610 5199 inimicus
1638 5141 1893 5207 inimico,
1936 5149 1994 5194 ut
2043 5139 2238 5196 deinde

648 5243 757 5300 sint
791 5239 947 5296 amici
969 5281 981 5301 .
1014 5246 1068 5293 et
1095 5239 1323 5293 invicem
1346 5233 1568 5305 diligant
1594 5231 1684 5305 qui
1713 5233 1936 5288 oderant
1963 5230 2189 5286 invicem
2215 5249 2231 5289 :

646 5334 871 5405 sedjam
900 5344 1000 5386 nos
1025 5328 1261 5400 diligenti
1288 5324 1616 5381 reconciliati
1646 5338 1830 5380 sumus
1860 5322 1906 5376 ei
1929 5364 1945 5389 ,
1981 5337 2098 5377 cum
2129 5336 2235 5394 quo

645 5438 867 5502 promer
889 5431 1160 5496 peccatum
1190 5418 1492 5473 inimicitias
1513 5416 1859 5472 habebamus.
1878 5415 2030 5485 Quod
2057 5425 2230 5471 utrum

646 5532 833 5580 rerum
885 5518 1056 5574 dicam
1078 5511 1102 5584 ,'
1146 5517 1431 5568 attestetur
1472 5508 1760 5583 Apostolus
1806 5525 1823 5563 :
1864 5506 2231 5578 Commendat,

717 5718 996 5780 Haeduis,
1026 5708 1345 5771 TW.
1374 5715 1434 5763 At
1464 5709 1516 5761 in
1545 5704 1937 5771 In,“

1592 254 1663 315 IN
1697 251 1975 315 JOANNIS
2010 240 2481 315 EVANGEUUII.
2520 248 2580 310 Β.
2622 248 2990 317 AUGUSTINI

2348 361 2538 434 inquit,
2563 364 2877 423 dilectionem
2896 383 3046 426 suam
3083 366 3221 431 Data
3243 368 3299 427 il
3338 370 3489 442 nobis.
3511 390 3707 447 cum
3737 402 3816 445 αα

2345 452 2512 509 adhuc
2537 465 2820 524 peccatores
2842 474 3094 526 menius,
3135 456 3363 521 Christus
3399 480 3486 535 pro
3508 469 3630 529 nobis
3657 487 3816 534 manu

2345 543 2465 648 est
2496 544 2727 648 Boniti.
2751 547 2808 617 8,
2836 548 2873 606 9
2896 546 3206 648 )..ii.ab_eha_t
3222 552 3400 648 itaque
3426 556 3507 612 ille
3527 573 3633 632 erga
3652 566 3820 627 metu.

2345 636 2578 705 ritatem,
2600 636 2764 697 etiam
2792 654 2915 701 cum
2946 639 3253 705 inimicitias
3280 642 3543 705 adversum
3578 665 3678 709 eum
3713 670 3820 719 em.

2343 738 2528 792 centes
2549 745 2896 802 oneraremur
2923 733 3253 804 iniquitatem
3278 747 3361 797 :et
3386 747 3549 799 tamen
3566 744 3608 799 ei
3624 748 3822 810 verissime

2347 820 2548 887 dictum
2572 834 2676 892 est,
2711 824 2901 894 Odisti,
2934 825 3166 893 Domine.
3200 846 3372 889 omnes
3416 835 3497 904 qui
3522 846 3823 906 attamin-

2342 916 2586 990 quitotein
2639 917 2823 991 (Ptol.
2848 935 2903 984 π.
2927 921 2961 980 7
2990 921 3031 993 ).
3080 921 3320 985 Proinde
3343 925 3476 986 miro
3499 938 3549 985 et
3571 928 3716 989 divino
3746 951 3821 993 no-

2345 1004 2419 1065 do
2434 1015 2490 1065 et
2514 1009 2729 1079 quando
2752 1026 2851 1068 nos
2872 1011 3080 1077 oderat,
3108 1014 3364 1086 diligebat
3392 1018 3594 1077 :odent
3616 1025 3726 1081 enim
3743 1043 3820 1097 nos,

2346 1099 2534 1202 quales
2563 1100 2677 1171 ipse
2694 1117 2804 1202 non
2825 1101 3055 1172 iccerat;
3076 1113 3133 1165 et
3158 1108 3283 1178 quia
3309 1108 3547 1179 iniquitas
3572 1125 3716 1177 nostra
3735 1134 3821 1189 opu;

2346 1194 2465 1292 ejus
2490 1204 2598 1251 non
2622 1194 2768 1251 omni
2786 1210 2854 1259 ex
2879 1206 3030 1267 parte
3057 1211 3485 1270 conisumpsent.
3514 1218 3699 1265 norunt
3718 1210 3823 1269 tiqu

2346 1290 2403 1338 in
2448 1296 2768 1354 unoquoque
2818 1296 3061 1345 nostrum
3105 1297 3162 1348 et
3212 1290 3395 1349 odisse
3421 1292 3552 1362 quod
3587 1295 3821 1369 tamn.

2346 1379 2403 1429 et
2426 1389 2612 1435 amare
2632 1377 2775 1448 quod
2815 1378 3041 1439 facem.
3076 1381 3146 1439 Et
3190 1382 3297 1441 hoc
3315 1385 3524 1456 quidem
3569 1390 3617 1446 in
3654 1395 3824 1451 monitu

2346 1463 2567 1538 intelligi
2610 1478 2789 1539 potest
2815 1470 2889 1529 de
2936 1473 3063 1540 illo,
3111 1475 3200 1532 cui
3226 1478 3485 1535 veraciter
3524 1479 3705 1550 dicitur,
3726 1483 3823 1544 Nihil

2345 1558 2496 1618 odiin
2522 1577 2696 1617 eorum
2720 1564 3015 1635 quierint
3085 1564 3270 1641 (Sep.
3318 1571 3550 1645 9,95).
3605 1573 3823 1637 Nucul-

2344 1653 2715 1725 (ιιιοάευπκιιιε
2740 1657 2943 1716 σῶμα
2966 1661 3397 1731 αοωιυὶθοοι,
3420 1674 3509 1722 aut
3543 1669 3825 1728 omniaomni

2343 1744 2487 1814 quod
2514 1748 2858 1817 omnipotens
2879 1764 3004 1809 esse
3043 1752 3330 1822 noluisset,
3374 1756 3473 1811 nisi
3507 1760 3628 1815 etin
3662 1763 3823 1833 coqunt

2344 1835 2473 1902 odit,
2504 1847 2645 1895 esset
2669 1839 2988 1911 etiamquod
3012 1854 3243 1902 amaret.
3266 1845 3450 1903 ilerito
3466 1850 3640 1922 quippe
3674 1853 3774 1919 odit.
3790 1863 3825 1910 et

2342 1927 2490 1985 velut
2512 1945 2544 1984 a
2571 1930 2754 2001 regula
2782 1946 2895 1987 sua:
2941 1935 3075 1990 artis
3099 1936 3339 1999 alienum
3388 1938 3628 2011 improbat
3660 1942 3824 1999 vitium

2342 2027 2487 2075 autat
2514 2027 2692 2079 tamen
2716 2036 2873 2081 suum
2891 2024 3056 2083 etiam
3084 2029 3141 2082 io
3170 2027 3382 2086 vitiosis
3409 2031 3489 2087 vel
3506 2034 3735 2089 satiati“
3761 2033 3826 2091 ite-

2342 2109 2615 2177 oolicium,
2643 2112 2728 2171 vel
2750 2112 3367 2188 damnationejudicium
3385 2121 3423 2177 ί.
3452 2122 3523 2180 ita
3544 2124 3680 2192 Dein,
3713 2135 3754 2182 et
3772 2126 3828 2181 ai-

2342 2199 2419 2261 hil
2445 2202 2559 2259 odit
2579 2219 2766 2263 eorum
2790 2222 2911 2279 qua:
2939 2209 3064 2266 iecit
3090 2222 3112 2266 :
3149 2223 3464 2271 noun-arum
3494 2217 3652 2282 enim,
3672 2233 3751 2273 non
3771 2218 3824 2275 tio

2342 2295 2535 2352 tiorum
2556 2298 2823 2366 conditor,
2848 2301 2985 2356 mala
3006 2318 3128 2373 quas
3148 2303 3292 2372 odit,
3337 2306 3448 2376 ipse
3468 2322 3567 2363 non
3584 2307 3711 2376 iecit;
3728 2309 3825 2368 etis

2340 2386 2498 2442 malis
2524 2389 2727 2447 eisdem
2744 2390 2830 2446 vel
2847 2393 3088 2449 sanando
3106 2410 3168 2450 ea
3211 2410 3311 2467 per
3338 2398 3732 2467 miseriuirtliata,
3771 2402 3823 2456 vel

2341 2477 2640 2536 onlinando
2663 2494 2763 2551 per
2802 2482 3102 2552 judicium,
3148 2486 3295 2543 bona
3331 2497 3452 2545 sunt
3469 2489 3573 2560 ipsa
3605 2507 3703 2562 qua
3730 2492 3823 2547 facit

2339 2567 2475 2627 Cum
2500 2570 2660 2642 igitur
2685 2587 2873 2631 eorum
2900 2592 3020 2646 qua
3047 2577 3172 2634 fecit
3213 2579 3347 2636 nihil
3377 2580 3561 2649 oderit,
3584 2586 3685 2654 quis
3721 2584 3826 2655 digne

2340 2662 2512 2731 possit
2535 2663 2755 2733 eloqui,
2783 2676 3042 2736 quantum
3063 2668 3255 2740 diligat
3278 2673 3511 2729 membra

2342 2759 2399 2813 et
2419 2764 2621 2824 quanto
2647 2756 2878 2827 amplius
2902 2758 3077 2828 imum
3105 2758 3451 2831 [inigenium
3468 2800 3484 2831 ,
3512 2764 3561 2819 ia
3576 2780 3667 2836 quo
3683 2765 3826 2820 contio

2342 2852 2467 2905 sunt
2494 2845 2676 2909 omnia
2701 2846 2932 2909 visibilia
2953 2857 3011 2906 et
3050 2850 3372 2919 invisibilia,
3394 2869 3506 2924 quin
3530 2855 3577 2912 in
3594 2855 3691 2910 suis
3721 2869 3828 2926 geno-

2342 2935 2492 2993 ribus
2514 2937 2755 2997 ordinata
2783 2939 3180 3001 ordinatissime
3224 2943 3429 3014 diligit?
3470 2945 3676 3003 Membra
3695 2948 3827 3016 quipp

2346 3028 2611 3099 Unigeniti
2646 3030 2715 3089 ad
2743 3033 3068 3105 Angolorum
3102 3048 3416 3095 sanctorum
3433 3040 3734 3110 mutilata-
3752 3052 3827 3110 pe

2344 3121 2433 3179 tiro
2454 3138 2565 3178 sua:
2589 3122 2831 3195 largitate
2850 3126 3102 3194 perducit
3122 3145 3138 3184 :
3166 3127 3485 3203 Un'gulitus
3505 3141 3660 3188 autem
3676 3132 3825 3188 euasit

2344 3211 2603 3270 Dominus
2628 3216 2869 3275 omnium
2890 3256 2907 3283 ,
2932 3218 3118 3287 procul
3146 3219 3321 3281 dubio
3353 3232 3435 3281 est
3454 3222 3678 3281 Dominus
3701 3222 3824 3292 Ληεο·

2343 3305 2551 3373 lorum,
2572 3316 2758 3365 natura
2788 3325 2891 3380 qua
2924 3309 3070 3371 Deus
3112 3323 3233 3383 est,
3266 3331 3375 3373 non
3403 3316 3620 3389 Angelis,
3643 3314 3827 3373 suam

2343 3399 2520 3467 potius
2562 3402 2818 3472 aequalis;
2852 3404 3023 3474 gratia
3048 3420 3179 3464 vero
3208 3424 3315 3479 qua
3342 3410 3499 3467 homo
3522 3417 3613 3476 est,
3638 3405 3830 3482 nmo“

2342 3504 2450 3551 non
2476 3494 2684 3553 excedit
2727 3497 3099 3555 excellentiam
3146 3501 3435 3572 cujuslibet
3455 3501 3636 3575 angeli,
3659 3515 3751 3558 cal
3784 3497 3829 3555 tit

2342 3597 2447 3638 una
2480 3598 2706 3655 persona
2735 3587 2913 3647 carnis
2935 3598 2992 3645 et
3008 3587 3217 3648 Verbi?

2416 3674 2470 3731 7.
2526 3675 2843 3748 Quanquam
2891 3694 2998 3737 non
3040 3679 3225 3741 desint
3259 3683 3351 3753 qui
3381 3683 3535 3741 etiam
3560 3696 3645 3739 nos
3680 3677 3828 3746 Ᾱιιβίίί

2342 3766 2624 3839 praeferant
2642 3782 2659 3832 ;
2680 3768 2802 3837 quia
2822 3782 2921 3838 pro
2944 3770 3119 3837 nobis,
3150 3770 3403 3843 inquiunt
3417 3814 3435 3840 ,
3463 3787 3559 3833 non
3578 3786 3661 3844 ΡΝ
3677 3767 3828 3841 ω

2342 3864 2585 3923 mortuus
2607 3868 2691 3915 est
2707 3858 2971 3917 Christus.
3002 3861 3061 3919 Id
3086 3862 3221 3931 quid
3246 3872 3333 3921 ωι
3351 3864 3489 3923 aliud
3508 3905 3525 3933 ,
3546 3877 3682 3936 quan
3700 3859 3829 3917 thin-

2342 3948 2540 4021 pietato
2588 3951 2722 4011 velle
2782 3951 3039 4023 gloriari?
3081 3953 3297 4015 Etenim
3346 3955 3600 4024 Chiam,
3638 3954 3744 4015 siuti
3780 3947 3829 4007 ait

2342 4040 2652 4113 Apostolus,
2671 4040 2827 4114 justo
2843 4052 3042 4115 tcntpus
3068 4061 3162 4116 pro
3181 4046 3357 4117 impiis
3367 4057 3584 4113 mortua
3598 4054 3659 4106 ea!
3696 4043 3823 4114 (ιιι-

2342 4143 2400 4198 v,
2424 4130 2459 4195 6
2475 4127 2520 4204 ).
2546 4131 2642 4188 Hic
2678 4146 2807 4203 ergo
2830 4148 2936 4189 non
2961 4136 3212 4197 meritum
3234 4146 3494 4206 nostrum,
3517 4137 3603 4203 sed
3624 4135 3702 4195 Dei
3718 4132 3827 4189 nite-

2343 4220 2574 4295 ricordia
2620 4224 3045 4295 commendatur.
3089 4225 3227 4291 Nam
3255 4230 3412 4301 quale
3433 4231 3703 4295 e8tideo“
3733 4221 3827 4280 *αλκ
3898 4220 3905 4299 Τ

2345 4310 2551 4382 laudari
2568 4355 2583 4380 ,
2606 4315 2731 4384 quia
2754 4315 2883 4383 vitio
2926 4330 3026 4383 suo
3072 4325 3178 4377 tam
3204 4320 3580 4385 detestabiliter
3596 4315 3825 4392 aegrotat“.

2346 4410 2405 4459 ut
2428 4419 2532 4459 non
2555 4415 2735 4477 posset
2758 4407 2917 4477 aliter
2934 4424 3093 4485 quam
3127 4413 3325 4475 medici
3357 4425 3526 4475 morte
3549 4409 3725 4473 sanati!
3751 4406 3826 4463 lion

2344 4502 2428 4553 est
2470 4494 2585 4559 haec
2613 4505 2916 4567 nostrorum
2944 4500 3112 4573 gloria
3155 4504 3495 4572 meritorum,
3519 4503 3606 4561 sed
3638 4499 3823 4559 medicin!

2342 4589 2669 4653 morborum.
2720 4591 2804 4661 An
2862 4591 2983 4655 ideo
3032 4609 3133 4661 nos
3171 4597 3499 4666 praeferimus
3525 4596 3724 4667 Angelis,
3747 4590 3825 4660 ("ii

2342 4696 2464 4745 cum
2495 4691 2550 4741 ct
2568 4683 2742 4757 angeli
2792 4688 3148 4759 peccaverint,
3177 4689 3312 4747 nihil
3330 4691 3410 4746 eis
3433 4690 3532 4751 talo
3566 4686 3688 4744 unde
3717 4695 3824 4739 sm-

2341 4785 2527 4837 rentur
2579 4778 2877 4853 impensum
2906 4780 3024 4836 est?
3048 4779 3209 4849 Quasi
3234 4783 3434 4853 aliquid
3458 4784 3536 4843 eis
3559 4782 3630 4839 vel
3669 4785 3826 4850 nam

2342 4864 2503 4927 fuerit
2543 4869 2874 4941 impensum,
2901 4881 2956 4941 et
2982 4872 3139 4931 nobis
3175 4875 3422 4944 amplius.
3451 4872 3592 4943 Quod
3625 4872 3663 4928 si
3684 4877 3727 4927 et
3759 4864 3828 4919 hoc

2341 4956 2537 5013 factum
2563 4968 2726 5024 esset,
2766 4960 2943 5023 adimo
2964 4963 3129 5033 quz‘nri
3151 4974 3329 5035 posset
3355 4974 3524 5023 utrum
3567 4964 3672 5021 ideo
3699 4955 3827 5014 luisttl

2342 5049 2539 5107 factum
2582 5091 2599 5118 ,
2639 5051 2780 5123 quod
2803 5061 3122 5121 steteramus
3147 5056 3522 5120 excellentius.
3543 5068 3602 5115 an
3631 5046 3745 5122 quod
3764 5043 3827 5099 de”

2341 5141 2605 5211 speratius
2641 5143 2971 5213 jacebamus.
3014 5142 3150 5213 Cum
3172 5161 3304 5203 vero
3339 5143 3825 5207 novet'ituntthouofnll

2342 5232 2577 5286 omnimn
2630 5233 2939 5293 Creatorem
2976 5236 3288 5311 reparandis
3324 5236 3523 5310 ametis
3564 5232 3694 5295 malis
3737 5218 3825 5282 nihil

2339 5324 2525 5411 gratia:
2561 5326 2853 5385 contulisse
2873 5368 2889 5395 ,
2915 5343 3014 5385 cur
3046 5345 3153 5395 non
3179 5331 3354 5403 potius
3397 5328 3698 5400 intelligintl
3727 5311 3823 5390 ΨΜ

2342 5428 2490 5473 tanto
2516 5418 2871 5476 damnabilior
2907 5436 3094 5501 eorum
3128 5423 3363 5497 judicata
3397 5425 3464 5483 sit
3486 5423 3649 5493 cultu.
3681 5418 3823 5488 1⁸³⁸⁸

2342 5521 2459 5569 erat
2487 5524 2671 5569 natura
2723 5514 3035 5575 sublimior?
3052 5515 3238 5587 ,‘l‘anto
3255 5518 3398 5583 enim
3425 5518 3583 5581 minus
3608 5521 3736 5582 tua.
3754 5508 3821 5559 οὗ

2828 5644 3279 5707 πωπω-συιδ
3308 5624 3828 5718 ειμι-..ωαιὺ
