3994 6372
174 317 279 378 ms
1158 311 1569 373 TRACTATUS
1606 311 1722 370 CXI

171 445 349 507 peccare
369 429 693 493 debuerunt,
741 437 946 501 quanto
993 427 1244 486 meliores
1281 427 1437 485 nobis
1480 428 1716 484 fuerunt.

171 527 286 582 Nunc
301 533 470 578 autem
499 523 554 577 in
581 521 902 578 oli‘endendo
926 521 1236 585 Creatorem
1265 531 1414 577 tanto
1457 535 1714 577 exsecra-

169 619 298 674 bilius
313 615 566 670 beneﬁcio
599 613 719 684 ejus
740 614 930 684 ingrati
953 615 1292 680 exstiterunt,
1319 623 1519 684 quanto
1542 613 1710 668 bene-

170 712 378 767 licentius
405 717 526 762 sunt
553 708 718 762 creati
745 723 761 772 ;
789 723 888 762 nec
916 708 997 762 eis
1021 708 1149 762 satis
1182 708 1278 761 fuit
1298 707 1602 761 desertores
1628 718 1716 760 es.

167 821 216 860 se
234 806 383 864 illius,
409 803 509 857 nisi
531 809 585 856 et
617 801 784 855 nostri
811 799 999 856 ﬂerent
1019 800 1354 870 deceptorcs.
1379 800 1490 855 Hoc
1535 800 1713 869 itaque

160 897 293 952 nobis
314 909 554 964 magnum
574 895 770 948 bonum
795 893 1055 958 conferet,
1087 893 1174 964 qui
1205 893 1393 949 dilexit
1421 909 1520 948 nos
1571 894 1710 948 sicut

158 987 317 1041 dilexit
337 986 600 1039 Christum
617 1027 631 1049 ,
657 992 714 1040 ut
744 994 961 1054 propter
991 985 1160 1054 ipsum
1190 986 1340 1054 cujus
1365 986 1604 1039 membra
1621 997 1719 1038 nos

157 1093 261 1132 esse
287 1078 463 1142 voluit,
489 1078 721 1147 aequales
745 1077 960 1147 Angelis
983 1075 1181 1133 sanctis
1229 1077 1396 1131 simus
1439 1074 1592 1150 (Luc.
1610 1090 1681 1130 xx
1698 1118 1714 1142 ,

161 1167 282 1241 30),
315 1170 498 1239 quibus
538 1176 594 1224 et
635 1177 821 1223 natura
843 1169 1125 1224 inferiores
1176 1169 1375 1224 conditi
1404 1182 1610 1236 sumus,
1664 1175 1719 1223 et

161 1271 356 1330 peccato
376 1260 699 1330 indigniores
721 1259 874 1328 iacti,
895 1259 988 1330 qui
1012 1273 1200 1315 eorum
1229 1259 1343 1315 fieri
1381 1258 1720 1330 qualescum-

157 1363 246 1422 que
267 1351 389 1407 socii
412 1350 750 1405 deberemus.

619 1461 1031 1534 rnacmus
1075 1461 1212 1520 cxx.

155 1573 223 1630 De
246 1591 298 1638 eo
321 1575 450 1650 quod
487 1574 732 1640 Dominus
761 1577 917 1642 dicit,
951 1576 1112 1634 Pater
1132 1617 1148 1650 ,
1179 1589 1312 1649 quos
1339 1575 1531 1634 dedisti
1560 1575 1712 1642 mihi,

213 1669 321 1724 volo
343 1678 393 1721 ut
410 1669 493 1726 ubi
520 1683 620 1740 ego
641 1685 778 1735 sum,
805 1670 951 1726 etilli
976 1670 1082 1726 sint
1103 1685 1344 1734 mecum;
1370 1685 1527 1739 usque
1545 1669 1613 1724 ad
1636 1669 1712 1736 id,

215 1759 273 1828 Ut
295 1760 495 1816 dilectio
524 1777 625 1831 qua
651 1762 879 1817 dilexisti
914 1777 999 1818 me
1021 1803 1036 1830 ,
1067 1761 1120 1817 in
1149 1762 1280 1832 ipsis
1317 1762 1419 1829 sit,
1451 1771 1506 1818 et
1529 1776 1632 1834 ego
1658 1761 1713 1818 in

209 1851 346 1924 ipsis.
378 1851 499 1924 Cap.
526 1868 660 1915 xvn.
698 1853 734 1924 ᾗ
758 1891 773 1906 .
799 1853 996 1917 24-26.

213 1944 259 2008 l.
293 1944 345 2004 in
373 1960 608 2014 magnam
639 1960 787 2014 spem
820 1946 1075 2002 Dominus
1087 1945 1244 2004 Jcsus
1272 1961 1396 2004 suos
1411 1946 1583 2015 erigit,
1607 1961 1712 2017 qua

148 2033 295 2106 major
316 2036 526 2106 cumino
566 2050 686 2090 esse
726 2053 833 2094 non
864 2038 1052 2106 possit.
1095 2038 1290 2094 Audite
1312 2077 1329 2104 ,
1360 2045 1415 2094 et
1453 2048 1624 2106 estote
1654 2041 1709 2100 in

143 2137 224 2196 spe
247 2125 525 2196 gaudentes
547 2166 564 2193 ,
599 2136 813 2198 propter
834 2127 976 2198 quod
1008 2128 1112 2182 vita
1157 2128 1260 2190 ista
1299 2143 1404 2184 non
1444 2129 1670 2184 amanda
1691 2170 1706 2197 ,

144 2217 222 2280 sed
251 2219 511 2284 toleranda
537 2219 604 2274 sit
629 2257 646 2286 ,
678 2229 734 2275 ut
759 2234 879 2282 esse
909 2219 1120 2287 possitis
1149 2220 1202 2274 in
1228 2219 1343 2288 ejus
1369 2219 1710 2278 tribulatione

141 2310 375 2377 patientes
402 2310 570 2381 (Rom.
600 2327 692 2380 xu,
725 2311 832 2382 li).
864 2312 1078 2378 Audite,
1111 2313 1350 2381 inquam,
1373 2321 1427 2366 et
1453 2327 1558 2382 quo
1581 2328 1705 2380 spes

142 2413 299 2472 nostra
331 2403 528 2460 levetur
564 2403 842 2464 attendite.
871 2402 1115 2462 Christus
1150 2402 1308 2462 Jesus
1335 2403 1502 2467 dicit,
1535 2403 1706 2462 Filius

143 2489 222 2550 Dei
264 2496 555 2565 unigenitus
590 2495 679 2566 qui
726 2496 867 2552 Patri
903 2505 1202 2556 comiternus
1242 2502 1300 2552 et
1334 2495 1554 2565 aequalis
1599 2504 1704 2561 est,

145 2581 282 2651 dicit;
327 2590 411 2656 qui
454 2595 670 2656 propter
709 2600 808 2642 nos
855 2586 1014 2640 homo
1060 2584 1232 2646 factus
1277 2593 1398 2651 est,
1430 2587 1523 2640 sed
1563 2587 1703 2640 sicut

153 2677 291 2730 omnis
312 2675 466 2732 homo
485 2676 707 2732 nuendax
734 2674 888 2748 (Psal
925 2691 1050 2743 cxv,
1076 2676 1164 2746 il)
1183 2693 1286 2730 non
1307 2676 1472 2731 factus
1497 2685 1602 2741 est,
1620 2678 1705 2734 di-

152 2763 226 2830 cit;
247 2769 346 2836 via,
374 2768 495 2834 vita,
517 2769 712 2823 veritas
733 2768 860 2822 dicit
889 2767 1063 2839 (Joan.
1086 2783 1197 2824 xiv.
1219 2769 1313 2834 6);
1341 2769 1428 2837 qui
1448 2769 1704 2826 mundum

151 2855 238 2912 Vicit
268 2857 376 2928 (Id.
409 2874 520 2922 xw,
550 2857 665 2930 33),
697 2859 763 2912 de
793 2858 879 2916 his
908 2859 1100 2932 quibus
1127 2859 1270 2921 vicit.
1301 2859 1452 2914 dicit.
1484 2861 1699 2928 Audite,

148 2952 332 3014 credite,
355 2961 586 3022 sperate,
608 2951 904 3006 desiderate
932 2950 1072 3020 quod
1104 2951 1232 3008 dicit
1262 2968 1274 3005 :
1310 2949 1481 3016 Pater,
1509 2951 1698 3020 inquit,

144 3055 238 3108 tuo:
264 3043 443 3102 dedisti
470 3043 592 3098 mihi
613 3084 628 3108 ,
657 3043 769 3098 volo
800 3051 852 3096 ut
881 3041 967 3095 ubi
994 3059 1085 3112 ego
1113 3058 1226 3098 sum
1249 3081 1265 3108 ,
1294 3051 1338 3096 et
1367 3041 1444 3096 illi
1469 3044 1567 3098 sint
1595 3060 1700 3098 me-

143 3147 248 3202 ctun.
283 3136 378 3202 Qui
407 3145 532 3194 sunt
559 3136 642 3190 isti
668 3150 800 3204 quos
829 3135 903 3190 ait
930 3149 961 3187 a
987 3134 1142 3190 Patre
1168 3133 1320 3190 datos
1345 3133 1487 3188 sibi?
1514 3133 1702 3189 Nonne

141 3220 196 3278 illi
221 3227 283 3282 de
310 3228 499 3295 quibus
523 3226 629 3284 alio
658 3226 774 3280 loco
802 3224 970 3290 dicit,
1003 3223 1168 3280 Nemo
1193 3224 1323 3280 venit
1351 3224 1420 3278 ad
1460 3241 1539 3280 me
1559 3265 1575 3289 ,
1605 3227 1703 3280 nisi

56 3375 58 3378 ,
140 3309 273 3382 Pater
289 3317 371 3385 qui
388 3317 523 3370 misit
548 3332 643 3380 me,
671 3316 876 3373 traxerit
899 3331 1017 3375 cum
1037 3313 1146 3385 (Id.
1175 3329 1248 3380 v1,
1273 3314 1406 3384 is)?
1427 3314 1543 3372 Jam
1570 3331 1703 3386 quo-

141 3406 274 3461 modo
310 3423 370 3462 ea
397 3423 518 3478 quae
548 3407 662 3468 lieri
707 3406 834 3462 dicit
863 3422 893 3464 a
924 3406 1079 3462 Patre
1109 3445 1124 3468 ,
1156 3406 1313 3462 iaciat
1339 3415 1390 3461 et
1425 3407 1540 3476 ipse
1577 3423 1701 3464 cum

140 3493 294 3566 Patre,
317 3501 358 3554 si
385 3499 512 3570 quid
540 3500 593 3553 in
618 3499 716 3554 hoc
743 3499 1030 3567 Evangelia
1059 3497 1403 3566 profecimus,
1433 3500 1697 3555 novimus.

139 3583 222 3664 Ipsi
247 3601 363 3645 sunt
391 3605 520 3662 ergo
547 3607 682 3660 quos
707 3606 737 3646 a
764 3590 919 3650 Patre
946 3589 1174 3657 accepit,
1203 3603 1339 3659 quos
1368 3599 1422 3644 et
1448 3590 1562 3660 ipse
1586 3591 1698 3646 ele-

138 3680 200 3749 sit
214 3683 276 3739 de
302 3685 518 3748 mundo,
541 3694 700 3754 atque
722 3683 882 3751 elegit
908 3690 966 3736 ut
984 3683 1095 3749 jam
1119 3696 1226 3743 non
1256 3681 1364 3738 sint
1383 3681 1452 3738 de
1479 3682 1697 3752 mundo,

140 3771 257 3832 sicut
283 3792 382 3830 non
411 3785 497 3832 est
521 3783 576 3832 et
603 3776 715 3844 ipse
739 3773 808 3830 de
835 3772 1033 3834 mundo
1065 3791 1078 3826 :
1111 3780 1170 3834 ut
1193 3772 1302 3829 sint
1330 3780 1508 3830 tamen
1537 3774 1701 3831 etiam

141 3862 224 3933 ipsi
247 3867 468 3924 mundus
511 3867 736 3922 credens
763 3874 818 3920 et
851 3878 1183 3933 cognoscens
1219 3863 1361 3934 quod
1391 3863 1634 3920 Christus
1667 3882 1698 3919 a

48 4013 50 4016 .
138 3951 236 4020 Dee
259 3958 406 4020 Patre
433 3960 504 4014 sit
535 3959 748 4022 missus,
766 3965 840 4012 ut
866 3956 1092 4014 mundus
1117 3971 1182 4010 ex
1213 3955 1412 4012 mundo
1441 3956 1697 4013 liberare-

135 4051 231 4113 tur,
260 4065 321 4106 ne
345 4049 573 4106 mundus
601 4049 714 4103 Deo
742 4046 1164 4106 reconciliandus
1191 4061 1313 4102 cum
1357 4045 1558 4102 mundo
1592 4045 1699 4101 ini-

40 4128 44 4206 ξ
126 4139 402 4198 micissimo
421 4141 782 4196 damnaretur.
805 4139 893 4194 Sic
913 4139 1054 4194 enim
1076 4138 1150 4192 ait
1170 4137 1224 4192 in
1251 4136 1405 4206 hujus
1442 4137 1698 4200 orationis

34 4195 46 4304 ξ
120 4233 330 4290 exordio
370 4252 383 4289 :
426 4233 619 4288 Dedisti
655 4233 702 4288 ei
745 4240 1035 4301 potestatem
1075 4231 1237 4287 omnis
1278 4231 1445 4284 carnis
1471 4271 1484 4292 ,
1534 4230 1586 4285 id
1614 4240 1698 4286 est

132 4324 287 4379 uenis
304 4323 532 4380 hominis
552 4365 568 4390 ,
598 4332 652 4378 ut
680 4339 825 4377 omne
848 4321 983 4390 quod
1009 4321 1192 4376 dedisti
1216 4321 1261 4376 ei
1283 4362 1299 4385 ,
1327 4319 1410 4373 det
1437 4320 1510 4378 eis
1538 4320 1692 4375 vitam

145 4423 342 4471 uanam
393 4415 503 4486 (Id.
552 4431 680 4477 xvn.
729 4415 808 4484 2).
852 4414 953 4470 Ubi
998 4413 1232 4470 ostendit
1273 4421 1590 4482 potestatem
1635 4427 1696 4470 se

145 4507 322 4573 quidem
349 4511 526 4564 omnis
554 4508 782 4562 hominis
810 4508 1103 4575 accepisse,
1134 4516 1190 4561 ut
1223 4505 1408 4560 liberet
1435 4521 1570 4575 quos
1600 4521 1695 4560 vo-

144 4593 284 4666 ltnrit,
308 4600 524 4654 damnet
548 4615 680 4667 quos
710 4599 954 4661 voluerit,
980 4597 1068 4666 qui
1096 4597 1245 4649 vivos
1268 4605 1319 4651 et
1345 4606 1584 4651 mortuos
1602 4597 1688 4666 jn-

143 4683 332 4755 dit‘abit;
362 4692 458 4748 sed
485 4705 582 4745 eos
621 4691 720 4745 sibi
757 4705 876 4745 esse
903 4689 1078 4754 datos,
1110 4689 1303 4758 quibus
1331 4689 1577 4744 omnibus
1605 4689 1696 4748 det

139 4777 269 4836 vitam
309 4793 584 4837 :cternam.
629 4781 716 4836 Sic
743 4781 886 4836 enim
925 4781 1040 4835 ait:
1077 4778 1144 4836 Ut
1181 4795 1327 4834 omne
1355 4780 1487 4847 quod
1513 4779 1693 4838 dedisti

138 4869 179 4922 ἀ
202 4873 303 4931 .det
338 4877 409 4929 eis
437 4875 592 4929 vitam
617 4881 874 4928 cteraam.
915 4871 1149 4926 Proinde
1178 4885 1282 4924 non
1311 4871 1358 4925 ei
1391 4870 1499 4925 dati
1529 4881 1690 4938 sunt,

137 4960 296 5027 Quibus
320 4966 481 5019 vitam
510 4979 618 5017 non
635 4962 782 5018 dabit
801 4971 1052 5017 aeternam
1079 4980 1094 5016 :
1115 4963 1357 5030 quamvis
1379 4972 1430 5016 et
1457 4962 1691 5030 ipsorum

136 5060 340 5118 potestas
362 5056 488 5111 data
514 5056 616 5121 sit,
642 5055 725 5110 cui
769 5062 1002 5124 potestas
1027 5053 1147 5107 data
1180 5061 1259 5106 est
1288 5051 1464 5106 omnis
1489 5052 1682 5116 carnis,

139 5141 187 5196 id
206 5157 269 5201 est
281 5150 453 5202 omnis
470 5147 715 5202 hominis.
749 5147 822 5201 ita
845 5147 1074 5201 mundus
1095 5142 1472 5199 reconciliatus
1499 5158 1564 5198 ex
1591 5144 1690 5198 ini-

138 5233 253 5292 mice
283 5239 588 5303 liberabitur
631 5237 861 5302 mundo,
897 5253 1020 5293 cum
1062 5237 1116 5290 in
1161 5235 1306 5290 illum
1351 5235 1553 5290 exserit
1596 5237 1690 5304 po-‘

137 5333 352 5386 testatem
376 5345 531 5386 suam
549 5371 568 5396 ,
598 5338 654 5384 ut
688 5344 810 5383 eum
839 5330 893 5382 in
918 5337 1146 5382 mortem
1177 5326 1352 5380 mittat
1378 5335 1634 5379 :eternam
1669 5344 1684 5380 :

138 5415 259 5475 hunc
292 5431 462 5476 autem
493 5419 618 5475 facit
657 5436 808 5476 suum
828 5461 845 5487 ,
873 5420 956 5474 cui
1003 5420 1166 5474 vitam
1211 5416 1375 5488 donet
1404 5426 1682 5470 :eternam.

137 5507 439 5583 Quapropter
473 5511 720 5570 omnibus
754 5526 970 5581 prorsus
1012 5510 1201 5570 ovibus
1240 5509 1355 5566 suis
1394 5508 1565 5568 bonus
1592 5523 1686 5576 pa-

137 5616 270 5678 stor,
296 5611 537 5675 omnibus
564 5608 818 5668 membris
850 5607 962 5664 suis
987 5621 1230 5676 magnum
1257 5611 1417 5675 caput
1442 5601 1689 5676 promisit

139 5697 230 5751 hoc
249 5704 533 5770 praemium,
563 5708 623 5755 ut
644 5701 730 5755 ubi
757 5701 869 5768 ipse
895 5708 998 5762 est,
1023 5707 1078 5754 et
1097 5711 1196 5752 nos
1219 5712 1341 5755 cum
1365 5695 1454 5755 illo
1479 5692 1684 5748 simus:

138 5806 226 5842 uer
249 5793 423 5858 poterit
450 5792 554 5846 nisi
579 5791 695 5844 ﬁeri
712 5791 855 5859 quod
881 5788 1230 5856 omnipotenti
1275 5785 1422 5841 Patri
1458 5799 1521 5839 se
1544 5785 1689 5839 velle

1729 353 1745 370 .
1781 311 2010 374 CAPUT
2045 312 2208 375 XVII.

3271 332 3413 392 I936

1831 429 1965 484 dixit
1987 432 2324 501 omnipotens
2354 431 2536 491 Filius.
2569 435 2647 492 Ibi
2671 445 2755 494 est
2777 437 2920 495 enim
2943 448 3004 498 et
3030 439 3263 512 Spiritus
3288 459 3416 502 san-

1826 530 1942 576 ctus
1991 525 2187 593 pariter
2232 536 2486 595 :eternus,
2545 530 2738 598 pariter
2781 530 2945 597 Deus,
2993 532 3224 604 Spirits
3277 553 3414 594 unus

1825 614 2073 683 duorum,
2105 627 2158 673 et
2182 620 2475 676 substantia
2498 621 2783 678 voluntatis
2801 626 3099 681 antibornm.
3122 629 3255 685 Nam
3279 632 3410 688 illud

1824 708 1964 776 quod
2006 709 2204 766 dixisse
2247 713 2440 784 legitur
2469 717 2857 787 prepiuquante
2885 721 3129 788 passione
3162 709 3184 788 ,’
3230 723 3414 780 Verum

1824 815 1924 853 non
1960 803 2093 868 quod
2135 820 2224 875 ego
2260 805 2392 872 volo,
2442 808 2530 861 sed
2575 808 2712 879 quod
2765 819 2818 863 tu
2851 810 2944 876 eis,
2997 810 3151 868 Pater
3189 815 3404 886 (Matth.
3481 847 3489 854 -

1822 905 1967 958 xxvi,
1999 893 2112 965 '59),
2144 897 2294 965 quasi
2319 898 2418 951 alia
2447 898 2639 964 Patris,
2669 901 2774 955 alia
2796 900 2913 956 Filii
2940 904 3009 958 sit
3036 907 3286 961 voluntas
3315 919 3406 965 aut

1822 982 1998 1050 fuerit,
2031 1001 2194 1043 sonus
2218 999 2300 1043 est
2324 1001 2521 1044 nostra;
2561 990 2904 1060 inﬁrmitatis,
2937 997 3180 1066 quamvis
3215 999 3407 1066 lidelis,

1821 1089 1977 1148 quam
2025 1079 2081 1133 in
2124 1095 2182 1135 se
2229 1091 2385 1154 caput
2437 1093 2678 1138 nostrum
2725 1087 3138 1158 transﬁguravit,
3190 1094 3404 1163 quando

1819 1170 1977 1224 etiam
2007 1182 2219 1240 peccata
2249 1184 2429 1229 nostra
2457 1181 2703 1247 portavit.
2733 1176 2906 1234 Unam
2933 1197 3061 1237 vero
3087 1201 3204 1241 esse
3231 1185 3404 1243 Patris

1819 1269 1872 1314 et
1901 1258 2016 1313 Filii
2041 1263 2365 1320 voluntatem
2392 1307 2407 1332 ,
2440 1284 2664 1337 quorum
2696 1269 2854 1326 etiam
2883 1255 3112 1343 Spiritus
3137 1293 3276 1334 unus
3300 1289 3399 1347 est,

1818 1359 1924 1422 quo
1951 1351 2199 1421 adjuncto
2222 1357 2590 1426 cognoscimus
2617 1359 2953 1427 Trinitatem,
2975 1367 3074 1421 etsi
3102 1349 3407 1441 intelligere

1819 1444 2054 1498 nondum
2085 1447 2340 1515 pnunittit
2369 1447 2669 1517 inﬁrmitas,
2702 1454 2882 1508 credat
2903 1453 3094 1524 pietas.

1885 1535 1941 1589 2.
1983 1535 2090 1591 Sed
2121 1538 2369 1607 quoniam
2409 1539 2599 1610 quibus
2625 1546 2932 1614 promiserit
2969 1555 3023 1603 et
3061 1564 3217 1620 quam
3251 1553 3402 1612 lirma

1818 1625 1887 1680 sit
1926 1627 2036 1696 ipsa
2067 1629 2380 1698 promissio,
2413 1646 2507 1700 pro
2536 1633 2800 1690 sermonis
2839 1637 3096 1695 brevitate
3126 1643 3236 1711 jam
3261 1645 3401 1700 dixi-

1817 1733 1963 1785 mus;
1996 1718 2095 1773 hoc
2125 1721 2294 1789 ipsum
2324 1731 2576 1792 quantum
2604 1726 2840 1782 valemus
2864 1769 2881 1796 ,
2910 1731 3034 1798 quid
3063 1733 3132 1787 sit
3155 1736 3294 1804 quod
3321 1737 3402 1806 dl-

1814 1820 2004 1878 gnatus
2030 1823 2110 1867 est
2133 1815 2443 1881 promittere
2463 1816 2756 1885 videamus,
2781 1836 2904 1890 quos
2939 1822 3120 1877 dedisti
3145 1813 3290 1895 mihi,
3319 1830 3400 1884 in-

1814 1903 1946 1971 quit,
1979 1903 2087 1956 volo
2109 1915 2162 1956 ut
2186 1904 2272 1957 ubi
2290 1921 2378 1976 ego
2402 1923 2515 1959 sum
2534 1950 2548 1970 ,
2575 1919 2622 1962 et
2648 1910 2746 1978 ipsi
2770 1913 2869 1965 sint
2896 1930 3108 1969 mecum.
3131 1917 3395 1984 Quantum

1813 1995 1999 2048 attinet
2026 1996 2089 2049 ad
2116 2005 2412 2052 creaturam
2450 2000 2500 2053 in
2532 2017 2632 2071 qua
2660 2000 2830 2058 factus
2858 2015 2940 2059 est
2966 2023 3030 2062 cx
3058 2011 3262 2066 semine
3291 2013 3401 2068 Da-

1819 2087 1897 2140 vid
1920 2087 2210 2144 secundum
2228 2105 2440 2147 carnem
2465 2091 2638 2166 (Rom.
2670 2111 2706 2161 ι,
2732 2097 2809 2166 5).
2837 2114 2935 2153 nec
2960 2100 3075 2169 ipse
3096 2103 3269 2160 adhuc
3285 2115 3403 2164 erat

1814 2176 1900 2230 ubi
1928 2176 2131 2232 futurus
2169 2190 2284 2235 erat
2317 2200 2329 2234 :
2357 2182 2450 2236 (δι-(Ι
2477 2199 2543 2238 eo
2572 2185 2729 2239 modo
2757 2186 2934 2244 dicere
2964 2193 3135 2260 potuit
3159 2235 3174 2261 ,
3205 2194 3290 2249 ubi
3309 2215 3400 2274 ego

1811 2285 1921 2323 sunt
1947 2313 1960 2331 .
1992 2285 2096 2340 quo
2126 2272 2538 2344 intelligcremus
2566 2277 2705 2349 quod
2734 2280 2840 2334 cito
2867 2279 3038 2337 fuerat
3081 2272 3399 2345 ascensurus

1811 2359 1862 2413 in
1893 2362 2124 2427 omium,
2153 2372 2208 2416 ut
2241 2362 2352 2434 jam
2385 2364 2455 2420 ibi
2484 2383 2602 2422 esse
2645 2384 2703 2422 se
2732 2368 2933 2428 diceret
2963 2374 3049 2429 ubi
3079 2377 3247 2432 fuerat
3277 2396 3401 2436 mox

1811 2449 2035 2506 futurus.
2071 2452 2246 2508 Potuit
2271 2463 2326 2509 et
2351 2456 2403 2509 in
2435 2457 2526 2512 illo
2552 2459 2730 2526 modo,
2760 2477 2867 2532 quo
2896 2471 3019 2518 ante
3039 2465 3149 2535 jam
3189 2469 3398 2527 dixerat

1809 2542 2030 2614 quuens
2053 2547 2118 2609 ad
2149 2546 2510 2613 Nicodamum,
2547 2549 2709 2605 Nemo
2740 2555 2962 2608 ascendit
2994 2558 3045 2611 in
3066 2560 3269 2627 coelum,
3297 2565 3398 2618 nisi

1808 2638 1894 2706 qui
1919 2639 2170 2692 descendit
2191 2639 2253 2694 de
2289 2641 2433 2706 caelo,
2464 2640 2508 2694 Ρ
2509 2642 2626 2698 ilius
2667 2645 2882 2699 hominis
2907 2689 2922 2712 ,
2953 2650 3040 2718 qui
3080 2651 3130 2704 in
3159 2655 3283 2710 calo
3322 2665 3397 2712 est

1810 2728 1987 2800 (Joan.
2021 2746 2074 2785 ιιι
2104 2771 2119 2798 ,
2152 2730 2261 2801 15).
2291 2731 2420 2786 Nam
2447 2742 2500 2790 et
2529 2733 2599 2787 ibi
2630 2749 2732 2789 non
2764 2735 2931 2804 dixit,
2965 2731 3115 2806 Erit;
3145 2744 3237 2798 sed
3258 2787 3272 2811 ,
3301 2757 3394 2816 est,

1809 2832 2028 2893 propter
2048 2825 2301 2880 nnitalem
2333 2840 2572 2896 persona:
2597 2868 2613 2894 ,
2646 2828 2697 2882 in
2719 2845 2820 2898 qua
2843 2839 2897 2885 et
2925 2829 3066 2887 Deus
3091 2832 3252 2892 homo
3273 2848 3356 2895 est
3375 2881 3392 2910 ,

1807 2925 1859 2970 et
1878 2916 2036 2970 homo
2057 2917 2219 2972 Deus.
2249 2918 2305 2972 in
2325 2921 2461 2972 caelo
2482 2935 2613 2990 ergo
2632 2937 2728 2976 nos
2750 2920 2953 2978 futuros
2976 2941 3097 2982 csse
3117 2933 3355 2998 promisit
3378 2954 3392 2989 :

1808 3003 1898 3061 illo
1920 3008 2060 3061 cnim
2076 3008 2253 3068 l‘orma
2278 3011 2413 3066 servi
2443 3010 2612 3066 levata
2634 3022 2734 3078 est,
2764 3029 2919 3086 quam
2945 3020 3170 3096 sumpsit
3188 3035 3254 3088 ex
3275 3018 3395 3092 Vir-

1805 3099 1926 3170 gine
1946 3143 1958 3164 ,
1993 3110 2044 3153 et
2072 3100 2136 3154 ad
2170 3102 2340 3166 Patris
2366 3103 2638 3159 dexteram
2669 3107 2943 3162 collocata.
2987 3109 3212 3186 Propter
3241 3130 3390 3186 Spem

1807 3191 1937 3244 tanti
1969 3190 2124 3266 hujus
2152 3193 2272 3247 boni
2299 3203 2352 3248 et
2379 3194 2666 3266 Apostolus
2696 3199 2769 3252 ait
2796 3216 2808 3252 :
2841 3191 2979 3256 Deus
3003 3213 3169 3258 autem
3197 3208 3284 3276 qui
3306 3208 3391 3262 di—

1806 3300 1887 3338 ves
1914 3295 1982 3338 est
2007 3286 2058 3338 in
2087 3287 2428 3341 misericordia
2446 3331 2460 3353 ,
2490 3301 2692 3362 prapter
2719 3294 2929 3347 multam
2957 3296 3271 3354 dilectionem
3296 3319 3397 3374 qua

1806 3374 1981 3432 dilexit
2011 3393 2120 3441 nos,
2156 3387 2201 3432 et
2228 3396 2343 3434 cum
2370 3397 2586 3446 essemus
2613 3387 2796 3437 mortui
2815 3388 3051 3462 peccatis,
3075 3375 3395 3460 concivi/ica-

1804 3467 1873 3520 vit
1898 3484 1986 3524 nos
2014 3467 2233 3536 Christo,
2266 3472 2410 3544 cujus
2435 3474 2601 3552 gratia
2631 3491 2805 3540 sumus
2833 3477 2961 3531 salvi
2986 3481 3145 3552 facti;
3176 3492 3223 3534 et
3244 3483 3396 3538 simul

1805 3562 2074 3630 excitavit,
2101 3572 2144 3622 et
2169 3564 2319 3644 simul
2340 3565 2512 3618 sedere
2539 3565 2653 3636 fecit
2696 3568 2748 3632 in
2792 3570 3070 3636 caelestibus
3109 3573 3160 3626 in
3194 3573 3390 3636 Christo

1804 3649 1927 3724 {esu
1957 3651 2168 3736 (Ep/tes.
2198 3670 2257 3722 ιι,
2282 3653 2427 3728 4-6).
2463 3656 2572 3710 lloc
2599 3672 2725 3730 ergo
2749 3667 2921 3732 potest
2946 3662 3166 3734 intelligi
3191 3663 3389 3732 dixisse

1805 3744 2060 3806 Dominus
2084 3786 2099 3812 ,
2137 3745 2204 3801 Ut
2232 3747 2316 3812 ubi
2340 3764 2430 3819 ego
2456 3765 2568 3813 sum
2591 3791 2605 3814 ,
2637 3758 2682 3806 et
2710 3751 2787 3804 illi
2815 3753 2912 3820 sint
2938 3771 3148 3812 mecum.
3185 3755 3248 3810 Et
3278 3757 3392 3828 ipse

1803 3837 2014 3920 quidem
2046 3837 2112 3892 de
2152 3851 2210 3896 se
2240 3838 2371 3893 dixit
2399 3840 2540 3908 quod
2571 3840 2641 3898 ibi
2662 3840 2771 3909 jam
2799 3852 2976 3911 esset;
3007 3845 3074 3902 de
3115 3846 3266 3911 nobis
3292 3864 3391 3903 au—

1806 3940 1908 4000 tem
1939 3929 2075 3984 velle
2105 3944 2162 3994 se
2190 3929 2322 3990 dixit
2348 3937 2405 4002 ut
2444 3946 2683 4002 essemus
2708 3933 2779 3988 ibi
2805 3951 2927 3995 cum
2956 3938 3048 3992 illo
3069 3981 3083 4003 ,
3115 3956 3218 3994 non
3245 3941 3387 4012 quod

1800 4021 1908 4090 jam
1937 4035 2177 4080 essemus
2205 4021 2457 4086 ostendit.
2491 4023 2777 4098 Apostolus
2819 4036 2996 4082 autem
3036 4029 3174 4097 quod
3202 4028 3388 4100 Domi-

1802 4129 1902 4172 nus
1930 4113 2064 4174 velie
2089 4127 2145 4168 se
2170 4112 2302 4168 dixit
2327 4122 2384 4176 ut
2417 4113 2587 4178 ﬁeret,
2617 4122 2866 4183 tanquam
2897 4115 3093 4180 factum
3120 4117 3279 4182 fuerit
3305 4132 3388 4186 est

1803 4207 2027 4264 locutus.
2055 4207 2168 4270 Non
2199 4205 2342 4262 enim
2369 4207 2462 4270 ait,
2497 4207 2834 4268 Excitaturus
2863 4217 2964 4275 est,
2988 4219 3040 4266 et
3070 4210 3123 4269 in
3152 4196 3385 4278 caelesti.

1799 4301 1899 4366 bus
1925 4301 2112 4358 sedere
2143 4299 2404 4370 facturus;
2437 4300 2529 4360 sed
2553 4340 2569 4367 ,
2592 4300 2823 4358 excitavit
2841 4343 2858 4368 ,
2886 4311 2933 4358 et
2961 4303 3132 4364 sedere
3155 4305 3205 4364 in
3237 4307 3383 4375 ciale-

1799 4394 1954 4452 stibus
1975 4394 2092 4465 fecit
2118 4411 2136 4450 :
2159 4393 2278 4463 quia
2301 4409 2405 4450 non
2424 4393 2650 4450 inaniter
2675 4394 2767 4451 sed
2795 4395 3019 4458 lidclitcr
3036 4398 3143 4470 jam
3165 4399 3384 4470 deputat

1799 4486 1994 4548 factum
2025 4487 2164 4558 quod
2205 4487 2439 4548 futurum
2487 4501 2608 4543 esse
2657 4503 2762 4542 non
2799 4487 3021 4560 dubitat.
3065 4490 3216 4563 Quod
3252 4509 3383 4558 vero

1797 4579 1985 4640 attinet
2011 4579 2076 4634 ad
2103 4577 2324 4638 formam
2357 4577 2446 4634 Dei
2468 4577 2521 4642 in
2549 4593 2650 4646 qua
2682 4578 2898 4648 aequalis
2925 4588 3007 4640 est
3032 4580 3194 4648 Patri,
3227 4583 3270 4638 si
3296 4600 3380 4640 sc-

1795 4670 2026 4736 cundum
2048 4685 2164 4726 eam
2187 4669 2408 4732 velimus
2429 4669 2720 4742 intelligere
2738 4670 2878 4741 quod
2901 4671 3098 4740 dictum
3119 4683 3220 4738 est,
3255 4674 3379 4734 γοιο

1796 4771 1849 4818 ιιι
1877 4761 1959 4816 ubi
1985 4778 2074 4833 ego
2103 4777 2233 4824 sum,
2265 4769 2310 4820 et
2334 4759 2411 4818 illi
2440 4760 2540 4816 sint
2567 4777 2796 4826 mecum;
2826 4761 3075 4820 abscedat
3104 4765 3171 4820 ab
3199 4766 3378 4824 animo

1797 4855 1969 4914 omnis
2020 4852 2304 4921 imaginum
2350 4852 2704 4920 corporalium
2757 4854 3007 4924 cogitatio
3061 4873 3073 4909 :
3123 4857 3379 4926 quidquid

1795 4944 1961 5002 menti
1989 4945 2278 5006 occurrerit
2307 4943 2520 5012 longum
2547 4983 2562 5010 ,
2595 4943 2761 5006 latum
2788 4983 2806 5010 ,
2834 4959 3069 5012 crassum
3097 4988 3113 5013 ,
3143 4949 3380 5016 qualibet

1795 5037 1910 5100 luce
1937 5050 2194 5103 corporea
2225 5034 2516 5096 coloratum
2539 5075 2555 5100 ,
2586 5049 2682 5105 per
2709 5034 2958 5104 qiimlibet
2986 5037 3220 5094 locorum
3250 5056 3376 5110 ενδ-

1798 5129 1868 5184 tia
1895 5128 1978 5190 vel
2009 5127 2152 5188 linita
2174 5166 2191 5193 ,
2223 5126 2305 5180 vel
2336 5126 2538 5188 inﬁnita
2578 5124 2859 5193 diil‘usum,
2887 5126 2954 5190 ab
2991 5127 3074 5194 his
3103 5132 3375 5202 omnibus,

1794 5230 2045 5294 quantum
2076 5227 2287 5289 potest,
2315 5219 2482 5276 aciem
2533 5232 2643 5278 otiae
2679 5219 3147 5289 contemplationis
3181 5225 3263 5282 vel
3293 5227 3377 5286 in-

1795 5314 2045 5372 tentionis
2069 5320 2293 5372 avertat.
2319 5311 2388 5370 Et
2416 5327 2520 5365 non
2548 5311 2844 5382 inquiratur
2867 5315 3086 5384 mqualis
3117 5317 3258 5382 Patri
3283 5319 3376 5376 ιη-

1793 5407 1896 5464 lius
1923 5406 2013 5462 ubi
2043 5405 2149 5469 sit,
2184 5403 2431 5474 quoidam
2457 5418 2615 5462 nemo
2646 5403 2843 5462 invenit
2885 5406 2972 5462 ubi
3000 5424 3104 5472 non
3133 5410 3220 5466 sit.
3261 5407 3371 5463 Sed

1790 5500 1881 5570 qui
1905 5497 2015 5554 vult
2039 5510 2277 5566 quaerere
2299 5535 2315 5562 ,
2345 5506 2548 5565 quierat
2576 5497 2746 5564 potius
2775 5505 2831 5550 ut
2871 5512 2994 5563 cum
3020 5499 3110 5554 illo
3131 5500 3233 5565 sit;
3264 5515 3370 5554 non

1791 5590 1987 5660 ubique
2015 5589 2150 5647 sicut
2175 5587 2288 5653 ille,
2320 5585 2414 5647 sed
2456 5586 2774 5659 ubicumque
2810 5602 2931 5646 esse
2971 5590 3218 5657 potuerit.
3265 5589 3370 5659 Qui

1789 5684 1931 5741 enim
1957 5681 2156 5738 homini
2183 5680 2460 5750 poenaliter
2490 5679 2739 5756 pendenti
2755 5720 2774 5746 ,
2802 5691 2855 5736 et
2882 5681 3168 5740 salubriter
3192 5685 3372 5762 copti-

1795 5783 1921 5836 lenti
1940 5783 2005 5832 ait
2018 5823 2032 5842 ,
2058 5779 2220 5832 Hodie
2235 5795 2428 5831 mecum
2445 5776 2548 5830 eris
2563 5775 2621 5828 iis
2631 5773 2871 5842 paradiso
2886 5774 3039 5832 (Luc.
3067 5792 3230 5840 xxm,
3246 5778 3374 5844 43);
