3994 6366
667 304 684 355 Ι
694 303 797 358 927

660 408 950 467 secundum
977 404 1029 473 id
1055 402 1194 476 quod
1221 402 1382 457 homo
1400 408 1537 466 erat,
1562 399 1736 453 anima
1764 395 1881 465 ejus
1906 395 2020 465 ipso
2043 392 2130 448 die
2155 391 2236 446 fu-

657 511 776 556 tura
806 499 974 553 fuerat
1014 495 1067 550 in
1094 493 1300 550 inferno
1324 533 1340 560 ,
1374 505 1499 546 caro
1540 489 1596 544 in
1634 487 1914 557 sepulcro;
1942 482 2233 538 secundum

661 599 837 646 autem
863 587 914 642 id
942 585 1084 658 quod
1110 584 1252 640 Deus
1277 591 1393 637 erat
1414 622 1429 644 ,
1463 581 1642 648 utique
1668 587 1723 634 et
1748 578 1800 631 in
1830 575 2075 646 paradiso
2099 581 2234 629 erat.

664 683 733 738 Et
751 680 870 736 ideo
887 678 1108 734 latronis
1121 675 1295 730 anima
1317 689 1347 728 a
1368 673 1604 743 pristinis
1629 669 1953 725 facinoribus
1970 666 2236 732 absoluta,

665 784 718 829 et
746 772 887 826 illius
912 782 1137 825 munere
1155 767 1264 837 jam
1297 766 1471 830 beata,
1501 761 1745 833 quamvis
1773 760 1965 830 ubique
1992 758 2128 813 sicut
2153 756 2242 812 ille

665 879 786 920 esse
810 878 916 917 non
963 867 1208 931 poterat;
1237 868 1413 911 tamen
1458 855 1619 910 etiam
1659 855 1774 923 ipso
1809 853 1896 906 die
1923 866 2044 906 cum
2073 850 2162 904 illo
2187 851 2242 904 in

667 955 910 1027 paradiso
941 967 1061 1008 esse
1103 957 1348 1022 poterat,
1380 945 1522 1003 unde
1564 946 1652 1000 ille
1678 945 1770 1014 qui
1810 944 2005 1013 ubique
2033 957 2244 1010 semper

667 1056 750 1104 est
774 1087 789 1112 ,
819 1059 922 1101 non
947 1048 1265 1098 recesserat.
1295 1039 1584 1108 Propterea
1614 1033 1861 1090 nimirum
1892 1047 1998 1086 non
2038 1031 2089 1086 ei
2115 1031 2245 1084 satis

668 1139 767 1194 iuit
789 1137 989 1202 dicere,
1024 1132 1151 1189 Volo
1174 1143 1228 1187 ut
1255 1131 1339 1186 ubi
1363 1145 1454 1201 ego
1482 1145 1616 1194 sum,
1644 1136 1692 1181 et
1715 1125 1794 1180 illi
1817 1126 1954 1190 sint;
1977 1122 2070 1179 sed
2096 1121 2246 1176 addi-

669 1229 766 1296 dit,
795 1242 1007 1283 mecum.
1029 1224 1163 1280 Esse
1181 1222 1324 1278 cnim
1353 1234 1476 1276 cum
1504 1217 1614 1282 illo,
1643 1230 1890 1285 magnum
1915 1214 2112 1268 bonum
2138 1219 2243 1266 est.

669 1319 802 1376 Nam
826 1326 881 1373 et
905 1315 1085 1372 miseri
1112 1326 1233 1368 esse
1261 1318 1482 1382 possunt
1506 1307 1595 1362 ubi
1623 1314 1706 1361 est
1728 1305 1836 1366 ille,
1858 1302 2107 1372 quoniam
2129 1299 2249 1370 qui-

669 1423 896 1479 cumque
919 1405 1240 1473 ubicumque
1272 1399 1488 1465 iuerint,
1516 1405 1599 1451 est
1622 1404 1675 1451 et
1701 1395 1788 1449 ille
1818 1411 1833 1446 :
1860 1391 1956 1447 sed
1981 1390 2122 1445 beati
2147 1389 2250 1444 soli

671 1507 796 1556 sunt
819 1513 940 1552 cum
971 1496 1061 1550 illo
1083 1536 1100 1561 ,
1127 1493 1248 1564 quia
1295 1489 1435 1546 beati
1462 1502 1582 1542 esse
1615 1499 1720 1540 non
1763 1491 2010 1554 poterunt
2053 1481 2152 1536 nisi
2180 1495 2249 1536 ex

671 1591 784 1646 illo.
812 1592 1004 1645 Annon
1032 1587 1143 1642 Deo
1164 1582 1424 1639 veraciter
1451 1579 1650 1633 dictum
1680 1584 1785 1643 est,
1814 1573 1876 1631 Si
1901 1573 2174 1629 ascendere
2196 1575 2250 1628 in

671 1683 870 1748 calum,
911 1690 964 1734 tu
1003 1679 1072 1731 ibi
1109 1693 1198 1740 es;
1226 1683 1273 1728 et
1309 1674 1353 1728 si
1389 1668 1688 1725 descendere
1729 1668 1782 1721 in
1823 1665 2100 1734 infernum,
2129 1665 2252 1719 ades

673 1771 842 1844 (Psal.
888 1781 1155 1831 cxxxvtu,
1186 1762 1279 1834 8)?
1319 1770 1410 1815 aut
1451 1775 1577 1814 vero
1617 1757 1860 1813 Christus
1899 1771 2005 1810 non
2046 1764 2130 1810 est
2157 1753 2254 1809 Dei

672 1859 961 1930 Sapientia,
988 1870 1107 1926 qua:
1129 1853 1331 1923 attingit
1357 1851 1538 1922 ubique
1563 1857 1766 1918 prapter
1789 1863 1936 1902 suam
1955 1846 2253 1900 munditiam

676 1951 830 2019 (Sap.
863 1962 958 2012 vn,
982 1944 1115 2015 ειν
1141 1941 1356 1998 Sedqu
1382 1941 1524 1996 lucet
1547 1940 1601 1995 in
1631 1938 1884 2005 tenebris,
1914 1952 2013 1992 nec
2035 1951 2154 1992 eam
2185 1946 2255 1992 te-

671 2040 852 2094 nebrae
869 2032 1326 2106 comprehendunt
1354 2029 1530 2104 (Joan.
1564 2046 1601 2096 ι,
1625 2031 1704 2102 5).
1736 2029 1814 2084 Ac
1838 2043 1933 2098 per
1961 2027 2083 2093 hoc,
2111 2037 2169 2082 ut
2187 2027 2255 2084 de

671 2145 733 2186 re
758 2128 951 2185 visibili
973 2169 988 2194 ,
1017 2126 1257 2198 quamvis
1279 2126 1432 2194 longe
1455 2122 1735 2188 dissimili,
1759 2121 2142 2191 qualecumque
2165 2136 2257 2175 su-

671 2234 880 2276 mamus
901 2217 1200 2286 exemplum
1219 2257 1234 2281 ,
1263 2215 1402 2270 sicut
1425 2227 1599 2268 caecus
1620 2211 1828 2266 etiamsi
1854 2210 1924 2264 ibi
1956 2211 2024 2265 sit
2051 2210 2136 2265 ubi
2166 2211 2256 2264 lux

671 2321 756 2368 est
777 2352 794 2378 ,
824 2323 930 2364 non
957 2316 1038 2363 est
1071 2315 1250 2362 tamen
1289 2304 1400 2373 ipse
1427 2317 1546 2357 cum
1572 2300 1691 2356 luce
1712 2340 1726 2365 ,
1755 2299 1849 2354 sed
1880 2298 2075 2354 absens
2112 2309 2194 2354 est
2222 2315 2252 2353 a

672 2410 971 2474 praesente;
993 2399 1064 2454 ita
1084 2395 1312 2452 inﬁdelis
1328 2403 1484 2464 atque
1505 2392 1724 2462 impius,
1745 2399 1838 2445 aut
1855 2389 2065 2446 etiamsi
2085 2390 2258 2445 ﬁdelis

673 2507 728 2552 et
753 2496 869 2566 pius
888 2530 903 2560 ,-
929 2490 1164 2548 nondum
1193 2498 1369 2544 tamen
1401 2483 1806 2541 ad'intuendum
1835 2482 2013 2539 lumen
2048 2481 2259 2551 sapien-

673 2587 760 2642 tia:
791 2584 1008 2640 idoneus
1027 2623 1041 2648 ,
1070 2579 1278 2636 etiamsi
1306 2591 1424 2633 esse
1454 2590 1714 2646 nusquam
1746 2573 1912 2644 possit
1937 2573 2025 2629 ubi
2052 2589 2158 2627 non
2187 2573 2260 2627 sit

672 2686 730 2732 et
750 2674 1016 2738 Christus,
1035 2687 1139 2726 non
1159 2678 1241 2725 est
1263 2678 1439 2723 tamen
1467 2667 1579 2735 ipse
1599 2680 1721 2721 cum
1745 2663 1980 2731 Christo,
2002 2663 2260 2718 duntaxat

674 2781 773 2838 per
801 2765 1053 2836 speciem.
1079 2761 1212 2816 Nam
1239 2759 1509 2813 hominem
1538 2755 1624 2826 pie
1653 2755 1884 2820 ﬁdelem,
1918 2769 2022 2810 non
2049 2762 2131 2808 est
2158 2753 2256 2807 du-

674 2855 948 2914 bitandum
975 2867 1096 2909 cum
1133 2849 1345 2905 Christo
1373 2863 1491 2904 esse
1520 2861 1616 2917 per
1640 2846 1796 2903 ﬁdem
1827 2865 1842 2902 :
1875 2854 2090 2917 propter
2116 2845 2258 2914 quod

675 2948 824 3014 dicit,
853 2947 951 3014 Qui
979 2961 1081 2999 non
1125 2951 1198 2996 est
1239 2957 1451 3006 mecum,
1496 2939 1764 2993 adversum
1806 2953 1884 2991 me
1924 2945 1997 2991 est
2039 2936 2252 3007 (Matth.

675 3056 774 3107 xu,
794 3037 905 3111 50).
931 3036 1038 3094 Sed
1057 3051 1178 3091 cum
1200 3033 1341 3088 Patri
1361 3031 1469 3086 Deo
1487 3030 1718 3096 dicebat,
1739 3029 1877 3096 Quos
1901 3028 2086 3082 dedisti
2108 3029 2254 3095 mihi,

675 3132 790 3186 voto
812 3140 866 3184 ut
893 3127 976 3182 ubi
1005 3143 1094 3197 ego
1117 3141 1249 3191 sum,
1279 3132 1324 3177 et
1349 3122 1446 3192 ipsi
1474 3121 1573 3176 sint
1603 3136 1836 3185 mecum;
1862 3118 1929 3174 de
1954 3119 2137 3189 specie
2167 3119 2258 3174 illa

677 3222 894 3278 omnino
939 3217 1167 3283 dicebat,
1216 3215 1269 3270 in
1314 3227 1416 3283 qua
1467 3210 1763 3267 videbimus
1810 3224 1933 3266 eum
1983 3209 2136 3265 sicuti
2177 3218 2260 3264 est

677 3313 725 3385 (ι
743 3312 898 3368 Joan.
923 3307 1093 3378 una).

748 3408 802 3461 3.
841 3404 1008 3459 Nemo
1049 3397 1444 3455 serenissimum
1493 3408 1707 3449 sensum
1753 3391 1998 3446 nubilosa
2035 3399 2257 3447 contra-

678 3497 909 3552 dictione
937 3491 1240 3563 perturbet;
1269 3482 1644 3554 consequentia
1674 3480 1990 3552 perliibcant
2017 3481 2258 3535 testimo-

679 3588 824 3644 nium
847 3579 1268 3656 pratcedentibus
1285 3576 1482 3633 verbis.
1503 3573 1704 3642 Nempe
1721 3587 1842 3628 cum
1857 3571 2098 3637 dixisset,
2130 3569 2258 3625 Vota

679 3689 736 3734 ut
759 3678 843 3732 ubi
871 3692 960 3746 ego
996 3689 1107 3729 sum
1128 3713 1142 3737 ,
1171 3679 1218 3724 et
1247 3669 1344 3738 ipsi
1372 3668 1470 3722 sint
1499 3681 1691 3718 mecum
1716 3705 1732 3730 ,
1763 3663 2016 3718 continuo
2043 3670 2258 3717 secutus

680 3766 938 3838 adjunxit,
965 3764 1030 3818 Ut
1049 3763 1247 3817 videant
1267 3759 1546 3813 claritatem
1566 3772 1727 3810 meam
1739 3771 1890 3825 quam
1913 3754 2093 3808 dedisti
2109 3753 2249 3819 mihi,

681 3858 800 3931 quia
825 3855 1044 3909 dilexisti
1066 3869 1143 3906 me
1164 3859 1280 3905 ante
1297 3849 1698 3904 constitutionem
1720 3846 1914 3900 mundi.
1947 3843 2014 3899 Ut
2032 3844 2252 3910 videant,

681 3947 850 4010 dixit;
877 3958 1005 4010 non,
1035 3951 1092 3997 ut
1122 3940 1356 3997 credant.
1386 3937 1535 3994 Fidei
1558 3951 1763 3992 merces
1789 3944 1876 3992 est
1899 3935 2019 4004 ista,
2062 3950 2166 3990 non
2193 3934 2258 3988 ﬁ-

679 4041 797 4098 des.
823 4037 882 4094 Si
905 4036 1045 4093 enim
1076 4034 1205 4089 ﬁdes
1241 4032 1294 4088 in
1333 4029 1567 4101 Epistola
1593 4027 1661 4084 ad
1694 4027 1949 4084 Hebraeos
1986 4033 2135 4081 recte
2162 4024 2256 4080 de-

679 4132 828 4189 ﬁnita
855 4137 973 4195 est,
1013 4125 1264 4183 Conoictio
1311 4138 1479 4178 rerum
1521 4136 1635 4192 qua
1677 4136 1778 4175 non
1815 4120 2045 4173 videntur
2070 4117 2255 4188 (Hebr.

679 4241 755 4291 xi,
787 4222 876 4296 i);
901 4236 996 4278 cur
1025 4234 1131 4274 non
1171 4230 1375 4272 merces
1419 4213 1540 4269 ﬁdei
1567 4211 1872 4277 deﬁniatur,
1902 4210 2050 4266 Visio
2079 4225 2256 4267 rerum

680 4329 800 4386 quae
827 4311 1042 4368 credita:
1067 4304 1452 4379 sperabantur?
1493 4301 1626 4358 Cum
1655 4301 1946 4357 viderimus
1977 4301 2118 4356 enim
2143 4301 2256 4356 cla-

680 4404 892 4458 ritatem
916 4415 1074 4471 quam
1097 4397 1244 4453 dedit
1271 4397 1426 4450 Pater
1450 4392 1587 4447 Filio
1607 4434 1623 4459 ,
1653 4393 1860 4447 etiamsi
1885 4407 2004 4447 eam
2027 4392 2131 4447 dici
2158 4391 2259 4447 hoc

683 4493 803 4546 loco
819 4490 1193 4558 intelligamus,
1213 4500 1317 4539 non
1336 4499 1493 4554 quam
1515 4483 1672 4537 Pater
1685 4483 1872 4552 aequali
1891 4481 2024 4536 Filio
2041 4483 2260 4552 gignens

683 4598 805 4640 eum
829 4581 994 4645 dedit,
1023 4578 1115 4635 sed
1135 4593 1295 4648 quam
1319 4577 1455 4632 laeto
1474 4575 1704 4630 hominis
1733 4574 1839 4629 ﬁlio
1864 4576 1882 4607 ⁸
1903 4575 2050 4630 dedit
2071 4577 2118 4630 ei
2144 4585 2261 4646 post

683 4682 911 4732 mortem
947 4671 1121 4727 crucis
1159 4687 1173 4724 :
1217 4667 1586 4748 quandoergo
1620 4665 1916 4721 videbimus
1959 4667 2102 4722 illam
2140 4667 2259 4724 Filii

684 4764 996 4828 claritatem,
1027 4759 1263 4832 profecto
1293 4767 1419 4815 tunc
1443 4759 1533 4813 ﬁet
1554 4755 1812 4828 judicium
1836 4755 2075 4813 vivorum
2100 4767 2258 4829 atque

683 4866 1034 4921 mortuorum,
1063 4861 1188 4908 tunc
1211 4849 1425 4906 tolletur
1447 4848 1663 4919 impius,
1681 4863 1749 4903 ne
1767 4846 1943 4904 videat
1965 4848 2256 4905 claritatem

685 4947 892 5006 Domini
919 4943 1068 5019 (Isai.
1108 4959 1232 4999 xxvt
1258 4983 1273 5010 ,
1305 4941 1426 5012 £0);
1452 4955 1613 5012 quam
1638 4981 1654 5010 ,
1682 4941 1783 4998 nisi
1812 4938 1955 4995 illam
1983 4955 2086 5011 qua
2119 4941 2259 4997 Deus

684 5039 805 5094 est?
832 5037 977 5092 Beati
1002 5037 1144 5092 enim
1169 5033 1559 5098 mundicordes,
1591 5032 1840 5102 quoniam
1866 5032 1966 5102 ipsi
1993 5031 2157 5089 Deum
2183 5033 2261 5087 vi-

685 5130 886 5185 debunt
909 5128 1117 5198 (Matth.
1148 5142 1204 5193 v,
1247 5126 1306 5197 8)
1337 5143 1354 5179 :
1393 5140 1493 5181 nec
1531 5122 1907 5179 mundicordes
1933 5131 2058 5177 sunt
2087 5122 2254 5191 impii,

685 5229 963 5293 propterea
1006 5232 1112 5272 non
1153 5217 1424 5272 videbunt.
1472 5215 1622 5271 Tunc
1659 5213 1810 5269 ibunt
1836 5213 1936 5284 ipsi
1979 5213 2032 5268 in
2059 5213 2259 5284 suppli-

685 5312 826 5367 cium
863 5317 1153 5372 arternum;
1190 5307 1268 5362 sic
1308 5307 1450 5362 enim
1496 5305 1713 5361 tolletur
1741 5304 1934 5374 impius
1978 5319 2045 5358 ne
2083 5302 2259 5357 videat

684 5401 980 5460 claritatem
1008 5397 1212 5453 Domini
1240 5415 1255 5451 :
1281 5397 1408 5466 justi
1436 5406 1613 5451 autem
1641 5396 1794 5451 ibunt
1819 5395 1873 5449 in
1905 5395 2063 5449 vitam
2094 5404 2256 5448 arter-

687 5509 808 5550 nam
833 5489 944 5564 (Id.
989 5504 1113 5556 xxv,
1143 5487 1257 5555 46).
1291 5488 1355 5542 Et
1391 5502 1510 5556 quae
1551 5497 1636 5542 est
1661 5487 1766 5542 vita
1792 5485 2030 5542 aeterna?
2061 5483 2130 5540 Ut
2167 5501 2254 5539 co-

686 5591 926 5655 gnoscant
947 5621 963 5647 ,
993 5579 1197 5650 inquit,
1224 5586 1271 5634 te
1295 5577 1458 5634 solum
1488 5592 1658 5630 verum
1688 5575 1850 5630 Deum
1871 5617 1889 5644 ,
1918 5584 1966 5630 et
1987 5590 2134 5634 quem
2159 5577 2258 5630 mi-

678 5753 693 5782 L
750 5699 769 5731 ⁸
789 5701 864 5747 ει.
882 5693 1026 5762 Lugd.
1053 5703 1105 5746 et
1125 5701 1262 5756 νεα,
1289 5693 1417 5759 facta
1434 5689 1615 5743 homini
1627 5686 1747 5754 filio.
1802 5695 1859 5738 tt.

1578 285 1643 344 IN
1695 285 1972 343 JUANNIS
2010 280 2472 349 EVANGELIUM,
2513 282 2571 337 S.
2613 281 2976 340 AUGUSTINI

3692 303 3794 361 ms

2339 392 2448 446 sisti
2469 389 2644 447 Iesum
2668 392 2922 450 Christum
2947 394 3123 468 (Ioan.
3153 412 3281 463 xvu,
3301 398 3354 471 ὅ)
3380 417 3392 454 :
3419 416 3515 459 non
3540 409 3687 479 utique
3703 417 3802 474 simi

2341 499 2461 540 eum
2488 496 2853 557 cognoverunt
2877 491 2968 558 qui
3007 489 3130 544 licet
3155 505 3258 545 non
3294 493 3654 566 mundicordes,
3673 512 3801 565 tamen

2342 574 2578 666 informa
2599 578 2738 634 servi
2752 577 3038 634 clariﬁcata
3053 579 3370 649 iudicantem
3387 585 3549 642 videre
3565 602 3801 666 potuerunt;

2343 665 2437 722 sed
2457 668 2593 723 sicut
2609 670 3007 740 cognoscendus
3026 681 3109 727 est
3129 687 3159 726 a
3179 674 3382 731 mundis
3400 677 3546 734 corde
3566 682 3803 743 solusverns

2345 759 2511 822 Deus.
2543 775 2666 817 cum
2694 761 2853 818 Patre
2877 773 2932 818 et
2968 762 3166 834 Spiritu
3204 775 3382 822 sancto
3411 767 3583 836 Filius,
3611 775 3705 842 quia
3727 776 3801 847 ipsa

2344 849 2576 907 Trinitas
2598 862 2682 909 est
2709 855 2854 910 solus
2891 869 3050 911 verus
3078 856 3235 913 Deus.
3276 858 3332 913 Si
3373 874 3490 931 ergo
3523 868 3752 921 secundum
3771 871 3804 923 id

2346 941 2486 1012 quod
2510 941 2676 998 Filius
2700 943 2793 999 Dei
2819 944 2958 1000 Deus
2983 955 3066 1001 est
3091 946 3231 1002 Patri
3259 949 3468 1018 aequalis
3493 960 3630 1023 atque
3651 965 3806 1013 conter-

2348 1034 2828 1103 nus;accipiamus
2869 1034 2972 1091 hoc
3013 1036 3232 1102 dictum,
3267 1037 3385 1093 Volo
3405 1049 3454 1093 ut
3476 1039 3552 1095 ubi
3573 1059 3646 1113 ego
3666 1061 3809 1110 arma

2347 1123 2450 1194 ipsi
2470 1124 2570 1178 sint
2593 1141 2803 1192 mecum,
2832 1126 2885 1180 in
2912 1125 3068 1182 Patro
3085 1143 3204 1183 cum
3225 1127 3429 1186 Christo
3450 1132 3651 1197 erimus;
3670 1139 3739 1192 sed
3754 1139 3809 1195 ille

2349 1213 2489 1270 sicut
2515 1215 2624 1282 ille,
2652 1231 2751 1272 nos
2773 1218 2910 1273 sicut
2931 1233 3050 1283 nos,
3074 1220 3385 1292 ubicumque
3397 1239 3598 1296 corpore
3616 1225 3810 1286 fuerimus.

2351 1301 2409 1358 Si
2433 1305 2576 1360 enim
2623 1305 2738 1362 loca
2783 1307 3004 1364 dicenda
3043 1319 3203 1378 sunt,
3231 1321 3286 1367 et
3323 1314 3506 1383 quibus
3537 1329 3629 1372 non
3659 1333 3813 1389 corpora
3892 1333 3893 1389 ξ

2352 1393 2725 1463 continentur,
2757 1405 2812 1453 et
2851 1398 3001 1454 locus
3040 1408 3124 1456 cst
3162 1402 3354 1472 cuique
3380 1405 3452 1459 rei
3491 1405 3570 1460 ubi
3601 1385 3815 1473 est;locus
3892 1385 3893 1392 γ

2352 1480 2549 1538 Christi
2576 1493 2806 1542 aeternus
2835 1487 2922 1544 ubi
2948 1502 3159 1560 semper
3183 1499 3284 1556 est,
3315 1492 3423 1562 ipse
3445 1491 3587 1550 Pater
3605 1505 3687 1561 est.
3709 1509 3748 1554 et
3763 1499 3816 1556 lo-
3892 1489 3893 1494 “

2353 1587 2449 1630 cus
2475 1574 2646 1631 Patris
2675 1573 2837 1632 Filius
2862 1587 2981 1645 est;
3013 1580 3156 1650 quia,
3186 1579 3319 1652 Ego,
3350 1583 3527 1653 inquit,
3563 1587 3608 1639 in
3630 1585 3758 1653 Patre,
3788 1602 3817 1644 et
3892 1623 3893 1653 έ

2357 1661 2514 1719 Pater
2535 1667 2589 1720 in
2616 1683 2694 1721 nte
2707 1677 2778 1721 est
2805 1666 2916 1741 (Id.
2938 1643 3048 1738 xiv,
3073 1643 3164 1741 ιο)
3185 1689 3199 1737 ;
3219 1643 3272 1726 et
3298 1643 3349 1727 in
3371 1643 3465 1729 hac
3485 1643 3701 1742 oratione,
3721 1643 3816 1734 Sint
3892 1643 3893 1712 ἶ

2355 1765 2408 1808 tu
2439 1753 2594 1810 Pater
2613 1798 2628 1824 ,
2659 1759 2854 1828 inquit,
2885 1760 2936 1814 in
2962 1777 3041 1815 me
3062 1802 3077 1826 ,
3107 1772 3155 1816 et
3183 1779 3274 1833 ego
3299 1765 3350 1818 in
3377 1775 3423 1819 te
3446 1783 3465 1819 :
3487 1777 3535 1831 et
3559 1768 3678 1824 locus
3697 1782 3817 1826 noster

2356 1845 2457 1915 ipsi
2477 1857 2599 1902 sunt
2621 1888 2637 1912 ,
2666 1849 2788 1918 quia
2812 1851 3049 1920 sequitur
3070 1892 3084 1918 ,
3117 1851 3186 1905 Ut
3213 1862 3260 1906 et
3287 1854 3381 1924 ipsi
3408 1856 3456 1909 in
3481 1857 3605 1911 nobis
3619 1875 3739 1913 unum
3756 1863 3818 1914 sint
3892 1865 3893 1870 “

2358 1933 2467 2008 (Id.
2491 1952 2619 2003 xvtt,
2643 1936 2739 2010 21)
2767 1957 2779 1991 :
2813 1948 2867 1994 et
2893 1956 2988 1995 nos
3007 1941 3155 1996 locus
3179 1941 3274 1999 Dei
3301 1959 3492 2013 sumus,
3513 1950 3716 2017 quoniam
3734 1960 3819 2004 tern-

2357 2027 2504 2098 plum
2532 2028 2648 2098 ejus
2675 2044 2896 2097 sumus;
2923 2031 3059 2086 sicut
3095 2043 3215 2088 orat
3251 2049 3347 2105 pro
3385 2037 3526 2092 nobis
3556 2039 3633 2108 qui
3656 2048 3821 2094 mortuus

2358 2126 2441 2172 est
2466 2132 2563 2187 pro
2588 2117 2760 2186 nobis,
2791 2120 3020 2192 vivitque
3039 2139 3134 2193 pro
3158 2125 3333 2192 nobis,
3361 2136 3417 2182 ut
3439 2127 3488 2182 in
3515 2128 3625 2198 ipsis
3640 2145 3758 2184 unum
3777 2130 3821 2183 si-

2358 2223 2510 2274 mus;
2536 2211 2656 2280 quia
2677 2215 2840 2281 factus
2859 2223 2932 2267 est
2956 2214 3010 2268 in
3033 2231 3158 2285 pace
3177 2216 3314 2273 locus
3336 2219 3459 2289 eius,
3479 2230 3522 2274 et
3545 2221 3736 2276 habitatio
3751 2224 3820 2291 ejus

2357 2299 2412 2352 in
2433 2298 2558 2354 Sion
2581 2298 2751 2372 (Psat.
2779 2316 2938 2368 Lxxv,
2961 2303 3038 2374 5),
3063 2319 3185 2375 quae
3213 2321 3308 2362 nos
3331 2322 3521 2364 sumus.
3541 2309 3632 2365 Sed
3648 2312 3736 2380 quis
3750 2311 3822 2363 ido-

2359 2404 2490 2444 nens
2519 2391 2758 2469 ioca’ista
2781 2433 2798 2458 ,
2825 2394 2909 2447 vel
2939 2409 3057 2465 quae
3085 2405 3212 2451 sunt
3237 2397 3289 2452 in
3332 2398 3457 2454 locis
3478 2399 3599 2466 istis,
3624 2401 3713 2454 sine
3741 2415 3820 2468 spa-

2360 2482 2509 2536 tiosis
2526 2497 2584 2536 ca
2592 2483 2904 2552 pacitatibus
2922 2495 2973 2541 et
2988 2486 3104 2542 siue
3115 2491 3386 2559 corporeis
3417 2491 3618 2546 molibus
3633 2491 3822 2561 cogitare?

2358 2569 2474 2625 Non
2500 2587 2684 2642 parum
2714 2582 2889 2630 tamen
2917 2576 3190 2646 proﬁcitur
3212 2621 3229 2646 ,
3264 2581 3307 2634 si
3335 2582 3508 2636 saltem
3539 2581 3740 2652 quidquid
3758 2582 3822 2635 uie

2361 2663 2517 2716 oculo
2535 2663 2712 2719 cordis
2730 2667 2982 2732 occurrit,
3003 2679 3246 2738 negatur,
3266 2672 3535 2742 respuitur,
3555 2672 3820 2743 improbatur:

2362 2763 2416 2808 et
2436 2753 2526 2808 lux
2551 2755 2791 2823 quaedam
2819 2756 2874 2810 in
2897 2772 3002 2827 qua
3037 2759 3137 2814 ista
3165 2762 3399 2832 neganda
3421 2803 3436 2828 ,
3463 2764 3711 2833 respuenda
3730 2803 3740 2823 .
3762 2765 3823 2816 im-

2363 2842 2633 2912 probanda
2652 2853 2958 2914 cernuntur,
2979 2846 3117 2903 sicut
3133 2851 3383 2920 potuerit,
3396 2853 3649 2923 cogitatur;
3666 2862 3708 2908 et
3721 2867 3823 2922 quam

2362 2935 2432 2990 sit
2457 2944 2600 2990 certa
2629 2937 2982 3008 cognoscitur,
3010 2950 3064 2995 et
3084 2953 3316 3012 amatur,
3339 2953 3393 2998 ut
3420 2945 3532 2999 inde
3552 2955 3757 3014 surgatur,
3775 2952 3825 2996 at-

2362 3041 2466 3096 que
2492 3028 2558 3083 ad
2588 3028 2840 3085 interiora
2879 3031 3124 3088 tendatur
3150 3052 3165 3087 :
3195 3051 3314 3105 qua:
3339 3051 3454 3092 cum
3477 3045 3708 3107 penetrare
3726 3050 3823 3089 mens

2361 3115 2610 3180 invalida,
2642 3125 2697 3172 et
2724 3119 2900 3174 minus
2932 3136 3089 3190 quam
3132 3123 3228 3178 illa
3252 3135 3390 3190 sunt,
3417 3142 3554 3196 pura,
3582 3125 3822 3194 nequiverit:

2361 3222 2466 3262 non
2492 3207 2608 3262 sine
2628 3208 2826 3263 amoris
2842 3211 3042 3281 gemitu
3063 3222 3118 3267 et
3136 3213 3385 3271 desiderii
3412 3217 3629 3288 lacrymis
3646 3215 3738 3270 inde
3755 3214 3824 3283 ρει·

2361 3297 2533 3364 latur;
2561 3307 2616 3354 et
2639 3298 2900 3369 patienter
2922 3299 3060 3357 ferat
3084 3306 3340 3372 quamdiu
3369 3306 3466 3362 ﬁde
3491 3307 3722 3361 mundatnr
3739 3345 3751 3368 ,
3770 3313 3824 3356 at-

2360 3403 2466 3460 que
2505 3399 2557 3443 ut
2607 3390 2715 3445 illic
2747 3389 2985 3448 habitare
3031 3393 3208 3451 valeat
3230 3438 3247 3465 ,
3283 3397 3472 3454 sanctis
3512 3397 3705 3453 moribus
3730 3408 3823 3464 pre-

2363 3490 2578 3550 paratur
2605 3482 2643 3535 ί.

2432 3573 2484 3628 4.
2516 3573 2792 3640 Quomodo
2818 3591 2946 3648 ergo
2964 3593 3071 3633 non
3095 3578 3298 3636 erimus
3320 3596 3435 3636 cum
3459 3579 3641 3635 Christo
3662 3577 3726 3632 ubi
3745 3583 3819 3639 est,

2360 3665 2572 3735 quando
2600 3666 2654 3720 in
2680 3667 2835 3723 Patre
2862 3684 2984 3725 cum
3009 3671 3102 3727 illo
3134 3674 3335 3729 erimus
3363 3674 3416 3729 in
3454 3690 3550 3744 quo
3573 3672 3670 3727 est?
3700 3667 3822 3736 Neque

2363 3757 2487 3811 hinc
2509 3759 2795 3828 Apostolus
2817 3761 2991 3828 nobis,
3031 3766 3278 3834 quamvis
3304 3766 3522 3821 nondum
3545 3779 3638 3820 rem
3663 3758 3819 3817 tenenti-

2361 3845 2492 3912 bus,
2535 3849 2627 3904 sed
2657 3858 2832 3906 tamen
2870 3867 3019 3923 spem
3056 3855 3396 3923 gerentibus,
3427 3855 3586 3910 tacuit.
3611 3853 3681 3906 Ait
3699 3850 3820 3905 enim:

2363 3937 2425 3994 Si
2451 3941 2790 3996 resurrexistis
2809 3958 2923 3997 cum
2949 3943 3168 4010 Christo,
3195 3961 3309 4018 quia
3333 3962 3519 4001 sursum
3538 3952 3635 3999 sunt
3652 3939 3817 4012 (μεσήεις
3892 3927 3893 3952 Χ

2362 4028 2445 4088 ubi
2464 4027 2690 4085 Christus
2715 4042 2789 4086 est
2806 4033 2860 4087 in
2883 4033 3085 4088 dextera
3111 4033 3209 4090 Dei
3229 4037 3436 4099 sedens;
3458 4050 3560 4106 qua
3577 4046 3734 4088 sursum
3747 4034 3821 4080 sunt

2362 4122 2539 4192 sapite,
2562 4139 2660 4176 non
2681 4139 2795 4191 qua:
2810 4141 2963 4195 super
2983 4136 3189 4180 terram.
3219 4127 3406 4182 Μογικὶ
3423 4128 3542 4180 enim
3563 4123 3674 4188 estis,
3693 4117 3818 4188 inquit.

2364 4222 2411 4267 et
2438 4213 2540 4267 vita
2563 4223 2721 4268 vestra
2746 4214 3036 4270 abscondita
3065 4226 3136 4271 est
3176 4234 3292 4273 cum
3331 4218 3516 4274 Christo
3539 4218 3586 4270 in
3610 4214 3709 4268 Deo.
3732 4209 3819 4263 Ecce

2363 4304 2572 4360 interim
2599 4305 2702 4360 ﬁde
2728 4321 2791 4360 ac
2815 4321 2910 4376 spe
2935 4307 3040 4362 vita
3070 4318 3251 4364 nostra
3276 4309 3364 4364 ubi
3402 4308 3617 4364 Christus
3635 4311 3719 4366 est,
3740 4310 3818 4352 cum

2363 4397 2456 4452 illo
2479 4406 2589 4464 est;
2619 4398 2742 4467 quia
2764 4412 2883 4452 cum
2909 4398 3118 4454 Christo
3147 4400 3200 4455 in
3231 4401 3338 4456 Deo
3363 4409 3458 4456 est.
3483 4399 3604 4453 Ecce
3626 4392 3734 4449 velut
3748 4390 3818 4456 jam
3892 4383 3893 4416 ἒ

2363 4487 2560 4544 factum
2586 4498 2668 4544 est
2702 4489 2844 4559 quod
2882 4489 3048 4544 oravit
3071 4499 3130 4544 ut
3155 4490 3338 4556 ﬁeret,
3365 4490 3562 4553 dicens,
3595 4483 3695 4537 γοιο
3713 4473 3819 4531 stibi

2363 4595 2455 4649 ego
2495 4595 2632 4646 sum,
2673 4587 2720 4633 et
2755 4578 2857 4647 ipsi
2893 4580 2992 4633 sint
3029 4595 3217 4634 mecum
3246 4597 3266 4634 :
3292 4579 3383 4636 sed
3422 4591 3552 4633 nunc
3587 4589 3665 4645 per
3696 4567 3817 4624 ﬁdem.

2363 4670 2586 4738 Quando
2605 4679 2780 4725 autem
2807 4671 2898 4726 ﬁet
2918 4685 3010 4740 per
3031 4671 3300 4741 speciem?
3325 4669 3446 4726 Cum
3464 4667 3672 4727 Christus,
3691 4656 3818 4725 inquit.

2365 4761 2657 4832 apparuerit
2692 4761 2790 4814 vita
2817 4769 3006 4827 vestra,
3036 4770 3153 4814 tunc
3178 4771 3224 4814 et
3249 4777 3332 4815 vos
3353 4756 3625 4829 apparebitis
3645 4746 3818 4832 cauti”?

2363 4821 2607 4922 iii-gloria
2635 4849 2857 4923 (Coloss.
2889 4821 3157 4919 lupi-4).
3191 4850 3338 4906 Tunc
3375 4821 3696 4920 apparebimtls
3724 4830 3818 4923 1W!

2366 4917 2492 4998 tunc
2513 4917 2742 5006 erimus;
2769 4941 2890 5011 quia
2921 4949 3045 4996 tunc
3069 4917 3340 5012 apparebit
3367 4917 3466 4995 non
3489 4934 3679 4992 inaniter
3698 4939 3768 4982 nos
3784 4917 3817 4973 id

2364 5033 2655 5090 credidisse
2682 5048 2745 5088 ac
2770 5007 3013 5103 sperasse
3037 5007 3314 5104 antequam
3337 5042 3555 5087 essemus
3593 5020 3734 5079 Faciet
3753 5013 3819 5065 hoc

2364 5126 2449 5181 cui
2478 5125 2640 5180 Filius
2681 5140 2803 5180 cum
2827 5124 3109 5193 dixisset‘,
3144 5125 3211 5181 Ut
3245 5125 3433 5179 videant
3455 5120 3688 5176 claritatem
3709 5116 3818 5160 nteant

2364 5214 2516 5288 quam
2543 5216 2727 5271 dedisti
2752 5216 2904 5281 mihi,
2956 5192 3206 5272 continuo
3229 5213 3510 5284 subjunxit,
3535 5207 3643 5275 Quia

2364 5287 2444 5361 me
2479 5316 2594 5361 ante
2619 5307 3018 5361 constitutionem
3057 5306 3248 5360 mundi.
3288 5305 3343 5361 In
3367 5304 3452 5359 illo
3476 5299 3598 5357 enim
3625 5287 3763 5349 dilexit
3782 5291 3815 5333 ﬂ

2432 5445 2542 5493 ‘Pr

2429 5508 2450 5537 ³
2474 5503 2697 5568 Plerique
2721 5503 2837 5553 editi
2859 5503 2938 5552 hic
2959 5505 3087 5553 inter
3101 5503 3161 5552 se
3173 5503 3445 5563 disc-epam.
3459 5503 3522 5545 Sic
3539 5503 3642 5554 tegit
3656 5503 3734 5533 ua
3753 5503 3811 5525 τυ-

2365 5566 2460 5617 ciat
2490 5563 2577 5616 hoc
2611 5562 2760 5616 titius
2780 5563 2866 5624 qui
2898 5577 3008 5615 cum
3278 5567 3398 5624 mv.,
3433 5562 3646 5618 antequam

2363 5601 2637 5692 ῑιῑῖιί
2651 5601 3589 5692 ’ἦνςῑςιπάᾶεπίλιξξςνςῖῆέδε
3603 5604 3704 5674 quod
3727 5601 3812 5648 πω

2777 5680 3510 5742 ηεὲιαόιιῖιὶιιεασιῐάὶεἱιεα.
3556 5680 3604 5725 κο
3892 5693 3893 5730 1

2675 5446 2800 5505 τίτας,
2819 5441 2958 5505 iuxta
2977 5447 3052 5491 Er-
3075 5441 3219 5505 mea:
3244 5446 3358 5488 Ven-
3374 5444 3497 5505 ωντ.
3526 5440 3571 5505 λε-

3413 5483 3522 5549 ista
3539 5491 3642 5554 legit
3656 5491 3711 5533 ar.
3724 5495 3739 5554 εν
3753 5483 3812 5554 fg;
