3994 6412
472 492 612 554 1955

466 610 545 665 sic
586 601 947 674 respondere.
990 595 1084 654 sed
1124 593 1390 651 maxillam
1429 592 1610 647 debuit
1645 591 1863 644 alteram
1909 602 2043 657 pra!-

468 700 595 755 'rere
627 698 665 751 ⁸.
711 694 848 762 Quid
877 691 1017 762 quod
1043 700 1096 745 et
1138 690 1395 743 verat-iter
1418 728 1434 752 ,
1468 693 1742 740 rnansnete
1761 724 1775 743 .
1804 683 2047 751 justeque

464 788 782 863 respondit,
835 796 888 841 et
928 800 1033 840 non
1074 782 1247 838 solum
1292 781 1513 835 alteram
1558 778 1823 832 maxillam
1856 776 2047 830 iterum

468 893 788 953 percussuro
810 920 826 942 ,
872 876 966 932 sed
1007 883 1174 930 totum
1218 888 1411 942 corpus
1440 870 1703 937 ligendurn
1737 867 2050 939 prmparavit

468 977 522 1035 in
553 975 726 1045 ligno?
761 974 829 1029 Et
860 972 980 1026 liinc
1008 972 1185 1041 potius
1210 966 1591 1022 demonstravit
1614 1006 1630 1028 ,
1659 964 1799 1035 qtrod
1824 963 2049 1018 demou-

464 1067 742 1123 strandum
787 1063 904 1130 luit,
951 1077 1045 1117 sua
1089 1062 1293 1115 scilicet
1335 1074 1523 1129 magna
1565 1057 1653 1111 illa
1684 1065 1943 1125 praecepta
1969 1069 2049 1123 pa-

466 1159 666 1214 tienti:e
710 1174 814 1213 non
861 1155 1219 1211 ostentatione
1260 1152 1538 1221 corporis,
1589 1149 1684 1205 sed
1710 1149 1886 1204 cordis
1916 1163 2050 1217 pra:-

468 1251 745 1320 paratione
800 1246 1058 1302 facienda.
1116 1243 1254 1298 Fieri
1309 1243 1451 1297 enim
1511 1251 1684 1310 potest
1730 1250 1783 1294 ιιι
1828 1240 2049 1293 alteram

465 1341 733 1395 maxillam
760 1338 1037 1395 visibilitcr
1082 1336 1312 1405 pr.elieat
1341 1335 1500 1388 bomo
1539 1344 1594 1387 et
1627 1333 1814 1386 iratus.
1843 1331 2050 1398 Quanto

467 1446 599 1501 ergo
626 1432 815 1486 nrelius
840 1440 895 1484 et
944 1429 1231 1498 respondet
1276 1441 1396 1479 vera
1441 1426 1673 1494 placatus
1696 1466 1711 1488 ,
1743 1433 1794 1477 et
1832 1422 1896 1476 ad
1926 1437 2050 1491 per-

464 1519 683 1577 ferenda
729 1521 971 1591 graviora
1024 1517 1309 1587 tranquillo
1338 1516 1517 1568 aninro
1548 1513 1605 1566 lit
1634 1510 1883 1581 paratus?
1921 1511 2052 1565 Bea-

463 1623 553 1670 tus
580 1622 663 1669 est
699 1614 841 1667 enim
867 1611 956 1681 qui
987 1612 1037 1664 in
1063 1610 1309 1663 omnibus
1346 1622 1462 1675 qua:
1494 1605 1686 1671 injuste
1731 1618 1826 1671 pro
1847 1601 2049 1670 justitia

464 1706 698 1776 patitur,
739 1714 909 1775 potest
953 1701 1210 1755 veraciter
1234 1698 1447 1759 dicere,
1481 1694 1728 1747 Paratum
1754 1709 1840 1747 cor
1866 1708 2048 1757 meum,

465 1794 627 1860 Deus,
663 1806 895 1863 paratum
916 1808 1003 1845 cor
1028 1806 1191 1842 meum
1220 1803 1238 1839 :
1270 1787 1392 1839 lrinc
1420 1787 1477 1838 lit
1502 1784 1695 1854 quippe
1716 1782 1854 1854 quod
1880 1784 2052 1852 sequi-

465 1897 555 1942 tur
575 1929 590 1951 ,
622 1884 845 1940 Cantabo
872 1892 917 1935 et
958 1880 1172 1949 psallam
1201 1876 1372 1947 (Psal.
1405 1892 1486 1930 Lvt
1505 1918 1519 1942 ,
1547 1878 1642 1945 8);
1690 1875 1829 1945 quod
1859 1874 2053 1929 Paulus

466 1968 1370 2045 et8:rnrabas(a)etiaminvinculis
1407 1966 1706 2021 durissimis
1747 1966 1921 2021 facere
1952 1982 2050 2035 po-

464 2072 698 2120 tuerunt.
1690 2128 1693 2131 δ

535 2157 589 2211 5.
635 2153 739 2210 Sed
767 2152 833 2207 ad
866 2151 1186 2206 narrationis
1216 2149 1534 2217 evangelica:
1568 2150 1839 2217 sequentia
1869 2148 2052 2203 redea-

464 2262 604 2303 mus.
638 2245 703 2300 Et
738 2245 869 2299 misit
895 2260 1006 2297 eum
1037 2244 1209 2295 Annas
1246 2242 1456 2312 ligatum
1486 2242 1553 2293 ad
1578 2240 1821 2311 Caiplunn
1848 2242 2053 2309 ponti/i-

466 2355 592 2393 tem.
626 2336 705 2391 Ad
743 2335 889 2389 illum
917 2375 931 2397 ,
963 2335 1097 2389 sicut
1123 2333 1401 2386 Mattlra-us
1425 2332 1551 2385 dicit
1574 2373 1589 2394 ,
1619 2332 1686 2385 ab
1717 2332 1864 2385 initio
1888 2332 2051 2388 duce-

466 2430 642 2489 batur,
666 2428 915 2496 qrroniaur
946 2425 1058 2494 ipse
1079 2435 1191 2479 erat
1221 2424 1359 2478 illius
1386 2424 1507 2476 anni
1540 2423 1786 2493 princeps
1804 2423 2053 2478 Sacerdo-

464 2532 597 2576 tutn.
645 2520 895 2573 Alternos
924 2517 1121 2585 quippe
1164 2514 1490 2583 intelligendi
1530 2524 1653 2567 sant
1692 2529 1849 2583 agere
1878 2515 2053 2569 solere

463 2628 633 2668 annos
661 2611 819 2665 ambo
852 2610 1151 2679 pontiﬁces,
1194 2606 1244 2659 id
1277 2616 1356 2660 est
1388 2606 1652 2675 principes
1686 2605 2049 2670 sacerdotum,

462 2707 552 2777 qui
582 2714 736 2760 erant
758 2703 851 2757 illo
883 2713 1123 2771 tempore
1156 2702 1337 2753 Antias
1368 2709 1420 2752 et
1448 2698 1698 2767 Caiplizrs,
1728 2714 1860 2768 quos
1885 2698 2053 2752 luteas

461 2797 787 2867 evangelista
808 2801 1211 2852 commemm'at,
1245 2806 1465 2845 narrans
1492 2806 1597 2858 quo
1620 2800 1855 2858 tenrporc
1875 2805 2054 2858 corpe-

462 2889 533 2944 rit
579 2887 786 2941 Domini
844 2898 1143 2954 pra-curst'r
1192 2881 1427 2934 Joannes
1486 2879 1775 2949 pra-dieare
1832 2896 2050 2949 regnum

463 2981 721 3036 cwlnrnm
743 3019 758 3041 ,
800 2987 852 3032 ct
883 2988 1211 3044 congregare
1239 2970 1548 3040 discipulos.
1599 2970 1687 3024 Sic
1715 2971 1854 3023 enim
1883 2970 2046 3024 dicit:

464 3072 572 3128 Sub
599 3070 906 3141 principibus
935 3067 1251 3121 sacerdotum
1274 3065 1418 3117 Anna
1448 3073 1492 3115 et
1514 3061 1737 3131 Caiplta,
1766 3062 1953 3130 factum
1980 3070 2052 3115 est

462 3166 663 3217 t'erbnm
688 3159 892 3213 Domini
912 3156 1315 3229 superlounnem
1333 3154 1596 3207 Zaclmriw
1615 3154 1775 3221 [ilium
1798 3152 2051 3206 indi-serto

468 3254 618 3327 (Luc.
654 3270 729 3319 lti,
760 3251 849 3320 2).
875 3260 927 3305 et
959 3260 1175 3303 (uetera.
1224 3246 1451 3301 Proinde
1482 3246 1564 3299 isti
1591 3244 1749 3297 ambo
1777 3244 2052 3312 pontilit'cs

464 3346 700 3400 vicis.~inr
747 3357 875 3397 suos
911 3358 1080 3394 annos
1114 3339 1339 3409 agebant
1369 3356 1380 3388 :
1414 3346 1463 3390 et
1493 3345 1605 3391 erat
1635 3352 1806 3389 anntrs
1835 3336 1945 3404 Cai;
1969 3336 2050 3391 Ira:

461 3439 676 3505 quando
702 3446 889 3505 passus
900 3439 983 3486 est
1002 3431 1267 3484 Christus.
1298 3429 1420 3483 Ideo
1442 3427 1729 3481 secundum
1748 3427 2047 3482 Manlia-um

460 3543 583 3582 cum
623 3524 1043 3595 comprehensus
1074 3529 1216 3576 essi-t
1243 3560 1260 3583 ,
1306 3520 1371 3572 ad
1411 3533 1532 3571 eum
1574 3518 1764 3571 ductus
1793 3526 1871 3571 est
1908 3536 1919 3569 :
1952 3517 2047 3573 sed

460 3618 611 3689 prius
636 3615 703 3671 ad
743 3617 950 3669 Annam
995 3610 1287 3667 secundum
1329 3608 1588 3662 Joannem
1632 3617 1886 3661 venerunt
1926 3624 2045 3661 cum

462 3712 588 3774 illo;
639 3726 743 3764 non
794 3708 915 3778 quia
965 3705 1201 3774 collega,
1256 3701 1348 3756 sed
1396 3701 1515 3769 quia
1561 3714 1715 3753 socer
1757 3699 1873 3768 ejus
1912 3709 2043 3755 erat.

461 3800 533 3858 Et
582 3799 907 3855 credendum
961 3806 1043 3851 est
1093 3794 1385 3850 secrrmlurn
1444 3792 1773 3846 voluntateur
1828 3790 2046 3861 Caiplia:

460 3894 515 3949 id
558 3908 678 3948 esse
722 3890 957 3951 factum,
1005 3888 1085 3943 vel
1128 3886 1286 3940 etiam
1331 3885 1521 3940 domos
1546 3900 1727 3940 eorum
1769 3885 1838 3938 ita
1884 3884 2048 3941 fuisse

460 3987 661 4062 positas
681 4026 698 4054 ,
746 3994 803 4040 ut
831 4000 935 4039 non
966 3981 1186 4038 deberet
1213 3980 1394 4036 Antias
1423 3996 1453 4034 a
1483 3979 1880 4034 transeuntibus
1908 3993 2045 4049 pra:-

458 4080 630 4137 teriri.

531 4170 584 4227 6.
614 4169 720 4226 Sed
746 4184 867 4224 cum
893 4167 1113 4222 dixis-et
1140 4165 1472 4235 Evangelista
1502 4162 1643 4234 quod
1674 4178 1795 4217 cum
1821 4162 2038 4231 ligatum

459 4264 666 4319 miserit
686 4264 865 4317 Atinas
885 4260 950 4314 ad
972 4259 1248 4328 Caipbanr,
1275 4273 1521 4312 reversus
1544 4269 1622 4310 est
1642 4256 1706 4309 ad
1726 4256 1897 4311 locum
1922 4270 2044 4310 nar-

458 4356 714 4413 rationis,
748 4354 834 4406 tibi
880 4350 1167 4419 reli.pierat
1212 4348 1456 4412 l‘etrunr,
1505 4358 1559 4399 ut
1584 4347 1868 4415 explicaret
1899 4346 2039 4416 qrrod

459 4446 513 4500 in
542 4446 703 4498 domo
743 4443 909 4495 Anna:
955 4440 1021 4493 de
1061 4440 1194 4492 trina
1234 4442 1351 4504 ejus
1400 4438 1681 4506 negatione
1724 4438 2035 4507 contigerat.

461 4535 590 4591 Erat
617 4542 786 4587 autem
806 4572 822 4597 ,
854 4531 1017 4598 inquit
1040 4529 1264 4593 ,Simon
1298 4526 1478 4579 Petrus
1512 4539 1649 4580 stans
1673 4538 1717 4579 ιι
1741 4528 2039 4595 adcredens

456 4644 535 4682 se.
595 4626 705 4678 lloc
740 4620 1049 4689 recapitulat
1084 4618 1223 4687 quod
1263 4626 1383 4670 ante
1422 4617 1530 4684 jam
1569 4617 1775 4671 dixerat
1804 4635 1813 4667 :
1847 4618 2039 4672 deinde

457 4734 577 4789 quin
604 4722 783 4770 secrrta
810 4721 932 4766 sunt
966 4710 1157 4780 jungit.
1211 4708 1460 4763 Dixerunt
1500 4724 1615 4778 ergo
1655 4709 1700 4762 ei
1728 4725 1745 4761 :
1775 4706 2038 4781 Numquid

455 4820 502 4865 et
526 4819 578 4863 tu
604 4822 667 4861 ex
685 4802 947 4875 discipulis
975 4802 1083 4873 ejus
1109 4800 1202 4855 es?
1252 4798 1467 4870 Negavit
1490 4800 1578 4853 ille
1598 4841 1614 4865 ,
1644 4811 1689 4853 ct
1711 4800 1836 4853 dicit
1870 4815 1887 4853 :
1918 4799 2036 4855 Non

453 4918 586 4957 sum.
625 4896 742 4954 Jam
767 4894 933 4951 sernel
964 4905 1285 4964 negaverat;
1320 4906 1443 4947 ecce
1482 4891 1689 4945 iterum.
1744 4891 1940 4946 Deinde
1978 4902 2036 4947 ut

455 4992 611 5046 tertia
634 4990 842 5060 negatio
866 4988 1192 5056 compleatur
1211 5026 1224 5050 ,
1261 4982 1394 5037 Dicit
1417 5000 1545 5036 unus
1569 5000 1628 5037 ea
1648 4984 1802 5037 serris
1829 4984 2035 5054 pontiﬁ-

451 5084 559 5149 cis,
591 5093 834 5151 cognatus
875 5082 984 5151 ejus
1028 5079 1171 5148 cujus
1220 5077 1432 5131 abscidit
1475 5075 1660 5131 Petrus
1705 5076 1984 5131 auric:.lam
2013 5095 2032 5133 :

455 5172 643 5229 Nonne
669 5187 761 5239 ego
787 5180 833 5224 te
853 5170 952 5222 ridi
981 5170 1031 5222 in
1053 5171 1197 5222 horto
1222 5186 1333 5223 cum
1355 5171 1442 5223 illa
1465 5169 1490 5221 9
1518 5167 1710 5223 lterum
1735 5186 1853 5240 ergo
1873 5187 2031 5241 nega-

451 5267 519 5322 uit
545 5262 751 5325 Petrus,
782 5268 827 5313 et
860 5259 1028 5314 statim
1052 5262 1217 5330 gallus
1242 5262 1479 5314 cautarit.
1510 5260 1644 5316 Ecce
1666 5261 1855 5317 medici
1883 5276 2031 5317 Corn-

452 5359 593 5431 plcta
619 5364 702 5410 cst
728 5350 1018 5425 pradictio,
1050 5351 1231 5421 aigroti
1254 5352 1492 5407 convicta
1524 5353 1883 5421 praesumptio.
1912 5352 2027 5409 Non

448 5449 592 5505 cnitn
622 5446 819 5503 factum
847 5450 930 5498 est
952 5439 1091 5512 quod
1116 5440 1214 5495 iste
1238 5440 1466 5503 dixerat,
1496 5440 1731 5496 Animam
1757 5460 1915 5496 meam
1938 5461 2030 5512 pro

444 5551 497 5597 te
521 5554 748 5612 ponant;
791 5534 884 5591 sed
926 5534 1117 5588 factum
1142 5541 1223 5587 est
1256 5532 1396 5601 qtrod
1426 5531 1511 5589 ille
1551 5534 1865 5602 pne-dixerat
1887 5575 1902 5597 ,
1930 5533 2030 5590 Τει-

448 5649 529 5688 tne
552 5630 754 5703 negabis
783 5624 959 5699 (Joan.
988 5639 1078 5680 Xltl
1099 5664 1114 5689 ,
1142 5623 1254 5691 38).
1281 5621 1386 5677 Sed
1413 5622 1545 5675 trina
1580 5622 1716 5679 Petri
1749 5625 2028 5695 negatione

449 5724 733 5792 completa,
755 5720 866 5791 jam
901 5727 957 5774 et
982 5720 1081 5775 iste
1108 5731 1286 5774 sermo
1310 5714 1659 5787 compleatur,
1693 5726 1747 5773 ut
1777 5717 2028 5790 deinceps

518 5849 1192 5906 tnecemusis,praeparare.

514 5933 587 5999 (α)
605 5936 823 5980 Fortasse
848 5929 1109 5992 legendum
1130 5928 1269 5991 silos,
1294 5939 1357 5981 es
1384 5933 1482 5982 act.
1506 5939 1605 5991 sn,
1630 5925 1711 5982 8.

1413 476 1481 534 lN
1507 472 1785 532 JOANNIS
1822 460 2281 537 EVANGELIUM,
2322 471 2381 528 S.
2422 470 2785 531 AUGUSTI?"

3549 472 3671 542 ’1936

2153 602 2273 657 qua:
2309 588 2377 644 de
2427 590 2646 645 Domino
2696 592 2835 663 apud
2889 593 3137 650 Pontium
3181 594 3394 652 Pilatum
3435 598 3672 669 pmidem

2152 687 2301 748 gesta
2328 690 2472 747 sunt,
2495 681 2565 737 ab
2591 682 2695 737 alio
2719 683 3121 741 consideremus
3141 686 3374 742 exordio.

2626 818 3031 879 TRACTATUS
3076 820 3255 878 CXIV.

2153 926 2231 983 Ab
2272 945 2329 982 eo
2376 931 2525 996 loco,
2571 930 2850 989 Adducunt
2893 951 3021 1003 ergo
3058 935 3240 991 .lesum
3284 936 3347 992 ad
3378 936 3603 1009 Caipbam
3629 942 3670 997 la

2225 1025 2566 1092 pnetoriunr;
2594 1041 2751 1095 usque
2772 1027 2839 1080 ad
2867 1027 2941 1093 id,
2976 1028 3046 1084 Ut
3066 1044 3245 1083 sermo
3265 1029 3386 1085 Jesu
3417 1031 3678 1101 impleretur

2226 1127 2385 1182 quem
2408 1114 2566 1182 dixit,
2599 1117 2903 1185 signiﬁcans
2930 1135 3032 1190 qua
3063 1131 3235 1176 morte
3256 1131 3394 1178 esset
3415 1135 3680 1182 moriturus.

2226 1203 2353 1275 Cap.
2386 1220 2547 1273 xviri,
2592 1207 2622 1275 ᾗ
2649 1247 2662 1260 .
2693 1207 2878 1263 ἳὸ-ὂῖ.

2229 1320 2279 1372 1.
2312 1320 2440 1387 Qua-
2485 1337 2604 1375 eum
2650 1321 2876 1379 Donrino
2912 1326 2994 1382 vel
3035 1326 3103 1381 de
3124 1328 3347 1384 Domino
3386 1340 3553 1386 nostro
3583 1331 3687 1392 Iesu

2154 1406 2369 1463 Clrt'islo
2396 1412 2535 1480 apud
2566 1412 2807 1468 Pontirrrn
2842 1415 3063 1472 Pilatum
3094 1420 3371 1489 praesidem
3410 1433 3549 1492 gesta
3582 1425 3687 1491 sint,

2155 1513 2409 1569 quantum
2436 1503 2672 1559 Joannes
2698 1510 3029 1578 evangelista
3068 1511 3259 1567 indicat
3278 1554 3294 1578 ,
3342 1513 3522 1569 deinde
3544 1514 3691 1569 videa-

2157 1608 2293 1647 mus.
2338 1594 2495 1650 ltedit
2522 1597 2663 1652 enim
2690 1599 2755 1653 ad
2802 1601 2976 1656 locum
3024 1604 3340 1658 narrationis
3366 1619 3471 1659 sua:
3493 1605 3572 1659 ubi
3595 1620 3691 1661 eruti

2156 1686 2462 1755 reliquerat.
2494 1699 2547 1743 ut
2568 1692 2857 1759 explicaret
2876 1694 3014 1749 Petri
3039 1697 3391 1766 negationem.
3408 1696 3516 1751 .Iam
3534 1698 3692 1767 quippe

2160 1778 2397 1841 dixerat,
2432 1778 2495 1832 Et
2530 1782 2661 1835 misit
2690 1799 2803 1837 eum
2831 1784 3002 1839 Annas
3030 1787 3241 1857 ligatum
3261 1788 3328 1840 ad
3345 1786 3569 1859 Caip.'.am
3595 1806 3692 1858 pon-

2162 1871 2348 1937 tiﬁcem
2380 1872 2555 1943 (Joau.
2588 1890 2733 1940 xvru,
2759 1876 2851 1945 24)
2883 1894 2896 1931 :
2926 1888 3085 1949 atque
3107 1880 3231 1935 inde
3263 1895 3521 1950 regressus
3544 1881 3618 1933 ubi
3632 1881 3693 1935 di-

2156 1964 2374 2019 miserat
2424 1965 2635 2020 Petrum
2666 1969 3061 2025 calelhcieutem
3091 1987 3150 2025 se
3187 1972 3256 2026 ad
3302 1974 3467 2043 ignem
3493 1973 3539 2027 iu
3563 1973 3691 2041 atrio,

2158 2065 2498 2126 po-teaquam
2520 2066 2682 2111 totam
2709 2059 2824 2129 ejus
2853 2063 3209 2131 negationem,
3240 2080 3358 2132 qua:
3380 2072 3455 2118 ter
3471 2063 3591 2118 facta
3610 2073 3693 2127 est,

2161 2148 2481 2211 terminavit,
2513 2150 2777 2203 Adducunt
2801 2169 2917 2221 ergo
2931 2151 3129 2219 Iesum,
3162 2155 3348 2224 inquit,
3373 2154 3437 2207 ad
3455 2152 3695 2225 Caipharn‘

2156 2239 2208 2291 in
2259 2241 2571 2308 prtctoriunt.
2622 2244 2701 2296 Ad
2747 2242 3002 2313 Caillranr
3043 2246 3240 2315 quippe
3271 2248 3336 2301 ab
3365 2249 3504 2300 Anna
3532 2246 3697 2315 collega

2157 2339 2212 2384 et
2249 2347 2437 2385 socero
2472 2334 2589 2398 ejus
2615 2333 2823 2388 dixerat
2863 2336 3103 2389 missurn.
3153 2337 3263 2390 Sed
3295 2337 3337 2390 si
3367 2336 3430 2390 ad
3458 2336 3696 2405 Caiplram,

2157 2438 2253 2477 cur
2283 2423 2334 2476 in
2379 2425 2721 2492 pra-torium?
2773 2427 2925 2492 Quod
2974 2426 3107 2480 nihil
3154 2427 3301 2481 aliud
3348 2427 3453 2480 vult
3496 2427 3565 2480 int
3595 2425 3697 2495 lligi,

2158 2528 2313 2581 quam
2343 2512 2429 2565 tibi
2459 2529 2658 2581 pr:e.~cs
2688 2513 2886 2568 Pilatus
2918 2516 3211 2570 lnrliitaliat.
3266 2520 3370 2572 Atil
3390 2519 3537 2587 igitur
3557 2517 3700 2586 aliqua

2161 2614 2380 2673 urgente
2426 2622 2583 2658 eausa
2625 2606 2692 2661 de
2733 2607 2893 2661 dotrro
2935 2611 3133 2671 Aunze,
3181 2625 3297 2678 quo
3324 2608 3389 2662 ad
3426 2607 3703 2662 audiendum

2158 2695 2337 2751 Jesum
2388 2698 2546 2753 ambo
2597 2709 2989 2765 convenerant,
3042 2699 3274 2768 Caiplras
3330 2706 3617 2770 perrexerat
3653 2694 3707 2751 ad

2161 2792 2463 2860 pra'toritttrr
2499 2793 2779 2861 praesidis,
2828 2803 2883 2848 et
2925 2808 3113 2847 socero
3152 2810 3250 2848 suo
3300 2793 3474 2848 .lesaur
3513 2792 3705 2861 relique-

2159 2895 2241 2937 rat
2290 2883 2607 2938 arnlierrdnru
2654 2904 2665 2938 :
2706 2894 2796 2938 aut
2850 2886 2902 2938 in
2957 2885 3119 2939 domo
3162 2884 3389 2955 Caiplrze
3438 2882 3703 2955 pra'toriuui

2159 2975 2362 3030 Pilatus
2404 2987 2714 3048 acceperat,
2766 2988 2819 3031 et
2867 2987 3011 3031 tanta
3052 2977 3245 3031 domus
3296 2988 3445 3042 erat,
3489 2985 3541 3030 ut
3583 2987 3705 3028 seor-

2160 3082 2277 3120 sum
2316 3066 2638 3122 Irabitautem
2675 3067 2946 3122 dorrrirrurn
2999 3083 3186 3135 suum,
3223 3082 3469 3125 seorsum
3502 3065 3699 3138 judicent

2158 3157 2338 3213 ferret.

2228 3250 2283 3303 2.
2317 3248 2440 3303 Erat
2467 3260 2631 3302 mrtem
2658 3266 2803 3305 mane
2824 3290 2839 3313 ,
2876 3259 2921 3302 et
2957 3253 3051 3319 ipsi
3078 3291 3091 3313 ,
3143 3252 3195 3303 rd
3237 3261 3330 3306 est
3358 3251 3442 3321 qtri
3479 3246 3704 3303 ducebant

2156 3340 2338 3396 Jesnnr
2370 3360 2381 3393 :
2409 3360 2508 3396 non
2536 3344 2834 3396 introierunt
2864 3344 2915 3395 in
2938 3344 3228 3412 prtl’IOt‘ittttt
3250 3384 3267 3402 ,
3311 3344 3411 3399 hoc
3434 3353 3511 3397 est
3537 3346 3581 3395 itr
3606 3354 3703 3396 eam

2159 3446 2361 3504 partem
2412 3437 2602 3491 domus
2642 3453 2799 3505 qnanr
2843 3436 3041 3490 Pilatus
3082 3436 3300 3490 tenebat
3328 3477 3344 3501 ,
3392 3436 3436 3491 si
3479 3436 3579 3506 ipsa
3613 3440 3707 3488 erat

2156 3527 2347 3580 domus
2375 3527 2541 3598 Cnipli
2562 3547 2610 3580 e.
2653 3531 2761 3581 (iur
2780 3536 2956 3581 autem
2986 3542 3090 3581 non
3118 3526 3441 3581 introierunt
3471 3528 3520 3580 in
3549 3532 3708 3595 practo-

2157 3620 2315 3685 t‘itttn,
2346 3637 2617 3690 exponens
2643 3636 2857 3674 causam
2876 3662 2891 3683 ,
2934 3618 3000 3675 Ut
3030 3636 3129 3673 non
3149 3620 3613 3677 contaminarentur,
3639 3617 3718 3667 in-'

2155 3713 2269 3783 quit
2292 3754 2308 3772 .
2358 3713 2445 3767 scd
2476 3725 2530 3765 nt
2576 3714 2935 3767 manducarent
2968 3711 3190 3767 Pascha.
3237 3712 3375 3768 Dies
3407 3710 3544 3767 enim
3578 3719 3708 3777 agere

2156 3816 2433 3874 coegerant
2478 3821 2784 3876 azymorum
2830 3824 2843 3857 :
2884 3805 3076 3874 quibus
3124 3804 3320 3859 diebus
3368 3797 3708 3858 eontaminatio

2157 3896 2262 3950 illis
2283 3908 2398 3951 erat
2427 3897 2476 3950 in
2505 3898 2705 3968 alienig
2732 3912 2813 3951 inc
2859 3896 3213 3951 habitaculum
3258 3894 3482 3951 intmre.
3511 3894 3553 3949 0
3576 3889 3708 3959 impia

2154 3988 2366 4042 czeeitas
2385 3988 2398 4040 !
2432 3987 2741 4041 llabitaeulo
2766 3987 3015 4041 videlicet
3030 3986 3523 4041 eorruuninarentnr
3539 3983 3705 4042 alieno.

2152 4087 2207 4133 ct
2232 4094 2337 4133 non
2363 4079 2855 4133 contaminarentur
2888 4078 3092 4133 scelere
3124 4079 3385 4147 proprio?
3417 4076 3709 4144 Alienigena:

2148 4170 2343 4240 judicis
2380 4172 2631 4241 prwtorio
2655 4172 3005 4225 contaminari
3031 4171 3287 4225 timebant
3313 4212 3330 4238 ,
3367 4179 3421 4227 et
3448 4167 3618 4225 initiis
3642 4165 3707 4217 inv

2152 4264 2394 4318 nocentis
2441 4264 2695 4333 Sanguine
2741 4280 2844 4317 non
2889 4264 3144 4318 timebant
3172 4282 3185 4316 :
3218 4274 3275 4317 nt
3313 4264 3415 4319 hoc
3453 4264 3611 4317 stilum
3644 4258 3711 4312 itt-

2156 4356 2311 4410 terim
2344 4356 2542 4414 dicam,
2571 4355 2655 4409 tibi
2686 4370 2772 4407 rea
2798 4354 3057 4409 malorum
3078 4355 3409 4410 conscientia
3438 4351 3704 4409 tenebatur.

2152 4446 2280 4500 Nam
2310 4446 2450 4516 quod
2486 4449 2645 4500 etiam
2672 4446 2926 4500 Dominus
2947 4456 3088 4509 erat,
3120 4446 3208 4515 qtri
3239 4462 3428 4501 eornnr
3470 4444 3709 4512 impietate

2148 4540 2440 4592 ducebatur
2494 4539 2558 4593 ad
2605 4549 2860 4603 nrorterrr,
2910 4548 2965 4593 et
3008 4540 3128 4591 vita:
3166 4537 3325 4591 dator
3362 4536 3705 4596 occidebatur;

2148 4643 2255 4683 non
2284 4647 2466 4683 eorum
2492 4629 2831 4683 conscientia:
2850 4669 2865 4691 ,
2894 4630 2987 4683 sed
3018 4629 3329 4699 iguorantim
3359 4628 3640 4697 deputetur.

2218 4721 2270 4776 5.
2315 4719 2479 4774 Exit'it
2508 4738 2627 4791 ergo
2663 4719 2857 4773 Pilatus
2885 4721 2953 4772 tul
2978 4738 3061 4773 eos
3100 4720 3259 4791 foras,
3296 4730 3343 4774 et
3370 4720 3495 4773 dixit
3521 4732 3539 4770 :
3565 4716 3707 4781 Orioni

2146 4816 2512 4868 accusationem
2542 4813 2736 4881 offertis
2757 4814 2995 4867 adversus
3021 4814 3270 4866 hominem
3298 4811 3473 4866 hunc?
3499 4808 3707 4876 Respon-

2146 4910 2346 4971 derunt,
2367 4919 2414 4963 et
2436 4909 2664 4962 dixerunt
2695 4908 2738 4960 ei
2766 4923 2782 4961 :
2814 4907 2873 4961 Si
2902 4922 3001 4959 non
3030 4915 3153 4960 esset
3182 4905 3264 4958 hic
3292 4905 3599 4975 malefactor,
3619 4910 3705 4950 non

2145 5000 2232 5054 tibi
2281 4999 2659 5053 tradidissemns
2706 5014 2838 5052 eum.
2885 4998 3276 5066 lutert'ogt‘ltttrt‘
3314 5006 3475 5064 atque
3506 5002 3721 5081 πένθει’.

2144 5094 2306 5148 deant
2326 5092 2392 5144 ab
2423 5091 2709 5145 inunundis
2734 5090 3006 5161 spiritibus
3030 5089 3189 5144 libera
3219 5090 3255 5149 i.
3281 5086 3512 5158 languidi
3532 5078 3701 5141 sanati.

2143 5182 2339 5255 leprosi
2362 5181 2618 5244 mundati,
2642 5182 2786 5236 surdi
2810 5180 3105 5244 audientes,
3125 5180 3253 5234 rnrrti
3282 5185 3569 5248 loquentes,
3592 5166 3703 5227 circi

2142 5277 2406 5339 videntes,
2435 5277 2628 5331 mortui
2662 5285 3017 5346 resurgentes,
3044 5284 3098 5326 et
3122 5273 3257 5343 quod
3286 5270 3464 5325 omnia
3489 5270 3699 5337 supcrat,

2141 5369 2285 5424 stulti
2315 5370 2612 5439 sapientes,
2646 5380 2821 5423 utrum
2852 5368 2921 5421 sit
2949 5365 3257 5421 rnalel'actor
3282 5361 3460 5418 Iesus.
3489 5355 3588 5414 Sed
3615 5353 3700 5409 isla

2140 5461 2404 5520 dicebant,
2430 5461 2497 5517 de
2523 5461 2717 5530 quibus
2742 5474 2835 5527 rer
2857 5458 3167 5529 prophetam
3188 5457 3296 5527 jam
3317 5460 3433 5521 ipse
3460 5446 3695 5522 ιιι-Μηχα-

2140 5562 2221 5609 rat
2240 5594 2254 5615 ,
2288 5551 2641 5609 Retribuebant
2670 5552 2795 5606 mihi
2824 5553 2958 5606 mala
3001 5566 3093 5621 pro
3131 5549 3271 5604 bonis
3296 5546 3316 5614 (
3348 5542 3494 5600 Psal.
3523 5545 3695 5599 sum

2140 5644 2207 5701 te
2232 5646 2274 5715 ).

2159 800 2401 815 tu...

2202 5804 2218 5837 ί
2243 5804 2316 5853 sic
2359 5803 2505 5853 etiam
2530 5803 2576 5852 in
2603 5798 2725 5851 libro
2746 5801 2894 5864 tertio
2915 5800 2980 5851 de
3005 5806 3249 5851 consensu
3290 5788 3691 5864 Εκᾯιιδνοιίξίὲἶξίωέ

2351 5847 3326 5925 Ᾰίῖιέἁᾶἰὲῐιῖιθῐιῖἑῖιξῶἑιιιιι⁷ιιιιιιᾷαρο
3357 5847 3441 5908 tari
3458 5847 3640 5913 ι’σψιιαι
3661 5851 3692 5892 ο
