3994 6428
791 200 972 261 φα»

425 399 478 457 ι.
504 395 647 453 Dixit
673 412 800 466 ergo
827 397 898 454 eis
926 398 1126 454 Pilatus
1151 413 1170 453 :
1194 398 1415 466 Accipite
1437 412 1550 451 eam
1574 412 1680 459 ros,
1704 405 1750 448 et
1770 409 1948 448 secan-

362 495 477 548 dum
503 490 683 562 Legem
712 504 927 546 restrain
946 494 1175 564 jadicate
1200 508 1331 546 eam.
1366 489 1610 544 Dixerunt
1635 506 1754 559 ergo
1779 491 1824 541 ei
1841 487 1942 541 lu-

359 585 458 641 dci
467 600 489 638 :
505 581 553 637 Ν
558 583 668 636 ubis
682 599 784 636 non
803 586 915 638 licet
932 587 1210 652 interﬁcere
1223 599 1530 654 quemquam.
1556 581 1690 647 Quid
1707 593 1783 634 est
1803 580 1944 650 quod

344 677 576 750 loquitur
621 673 823 730 insana
866 676 1192 732 crudelitas?
1238 678 1317 730 An
1372 690 1476 728 non
1536 673 1941 737 iiiterlirielmnt,

333 784 484 843 quem
527 766 984 822 interﬁciendum
1023 767 1346 821 ofTert-liant?
1376 769 1451 818 .-\n
1497 765 1633 818 forte
1671 779 1799 817 crux
1841 777 1944 815 non

333 858 604 916 interﬁcit?
629 858 755 914 εἷς
780 859 1066 927 desipiunt,
1098 858 1183 925 qui
1223 874 1326 911 non
1357 865 1648 910 sectantur.
1677 854 1768 907 sed
1801 855 1944 907 insc-

331 961 534 1009 CIantnr
558 951 928 1019 Sapientiam.
956 949 1092 1017 Quid
1121 958 1202 1004 est
1243 957 1439 1010 autem,
1486 945 1645 1000 Nobis
1687 962 1786 999 non
1830 945 1944 998 licet

330 1043 608 1111 interﬁcere
649 1043 1021 1112 quamquam?
1057 1042 1112 1096 Si
1152 1040 1459 1095 mali-factor
1484 1049 1587 1103 εει,
1617 1054 1713 1092 cur
1742 1054 1844 1091 non
1877 1037 1942 1090 li-

333 1136 443 1192 cet’
465 1134 651 1189 Nonne
704 1134 811 1187 Lex
842 1136 920 1188 eis
948 1133 1214 1202 pr:ecepit,
1246 1149 1311 1184 ne
1338 1130 1782 1185 malefactoriluts.
1809 1143 1944 1199 prte-

337 1228 511 1282 sert'un
541 1226 807 1294 (qualem
837 1226 992 1279 istum
1023 1222 1296 1294 putabant)
1325 1240 1353 1276 a
1385 1239 1480 1276 suo
1512 1222 1621 1276 Deo
1649 1221 1944 1276 setluctori-

340 1318 434 1374 bus
459 1325 700 1388 pateant
728 1314 905 1386 (Deut.
933 1331 1044 1371 snt.
1076 1315 1158 1384 5)?
1179 1315 1283 1368 Sed
1316 1313 1710 1382 intelligemlltn
1742 1322 1821 1366 est
1850 1327 1944 1365 eus

345 1410 536 1464 dixisse
557 1425 679 1461 non
713 1408 817 1461 sibi
849 1407 1010 1462 licere
1041 1407 1341 1460 inter-licere
1367 1421 1702 1475 queinquam,
1731 1418 1944 1473 propter

349 1499 446 1555 diei
473 1498 595 1554 festi
626 1499 997 1561 sanctitatem,
1019 1515 1176 1567 quem
1203 1497 1479 1553 celebrare
1500 1497 1608 1562 jam
1639 1506 1939 1563 ιειγιιιοιιιιιις

350 1600 565 1662 propter
588 1605 757 1661 quem
783 1589 852 1644 de
878 1591 1117 1659 ingressu
1145 1590 1304 1642 etiam
1333 1588 1563 1658 pra'lurii
1594 1586 1941 1641 contaminari

352 1683 686 1738 metuebant.
719 1681 866 1735 Itane
908 1681 1266 1742 olnlurnistis,
1320 1681 1434 1735 falsi
1484 1679 1764 1733 Israelitr?
1801 1680 1942 1734 itane

357 1789 568 1829 omnem
594 1789 813 1827 sensum
841 1773 1000 1827 nimia
1032 1772 1225 1826 malitia
1255 1770 1574 1841 perdidistis,
1613 1779 1668 1823 ut
1701 1768 1820 1822 ideo
1846 1782 1942 1822 vos

357 1880 387 1919 a
422 1865 676 1934 sanguine
721 1863 1022 1918 innocentis
1061 1864 1362 1932 impollutus
1387 1877 1508 1915 csse
1532 1861 1788 1920 credatis,
1818 1860 1939 1930 quia

362 1973 479 2013 eum
508 1957 832 2012 l'undemlmn
863 1957 1014 2011 alteri
1042 1956 1362 2010 tradidistis?
1383 1954 1644 2019 Numquid
1665 1964 1719 2009 et
1743 1954 1941 2008 Pilatus

361 2049 525 2111 illiilli,
547 2048 638 2118 qui
665 2048 913 2116 potestati
939 2048 1056 2116 ejus
1081 2064 1109 2098 a
1137 2046 1288 2098 vultis
1313 2047 1568 2114 ingeritur
1596 2045 1936 2106 occidendus,

365 2137 471 2192 suis
494 2147 578 2193 est
606 2139 849 2193 manilius
878 2137 1185 2191 occisurus?
1210 2135 1265 2190 Si
1299 2151 1400 2189 lOtl
1430 2152 1549 2188 eum
1581 2135 1818 2188 voluistis
1842 2150 1936 2188 oc-

359 2227 491 2289 cidi.
529 2227 576 2282 si
620 2244 722 2282 non
768 2228 998 2282 insidiati
1035 2229 1182 2290 estis,
1214 2229 1258 2281 si
1295 2242 1398 2281 non
1439 2227 1586 2280 vobis
1625 2226 1935 2280 tradendum

361 2321 576 2389 pecunia
615 2323 988 2390 cuinparastis,
1016 2321 1060 2375 si
1100 2338 1204 2374 non
1243 2319 1738 2390 conipreltendistis,
1769 2318 1938 2372 \invi-

359 2412 469 2470 stis.
489 2412 808 2475 adduxistis,
825 2414 867 2464 si
896 2429 998 2466 non
1022 2412 1368 2467 occidendum
1388 2411 1628 2465 manibus
1647 2410 1932 2473 olitulistis,

359 2501 574 2556 vocibus
601 2503 938 2572 [rvpi-scistis,
964 2520 1067 2555 non
1096 2518 1216 2556 eum
1239 2519 1266 2554 a
1292 2503 1440 2554 vobis
1467 2499 1796 2555 interfectum
1817 2514 1937 2554 esse

354 2595 562 2662 jactate.
585 2594 641 2648 Si
673 2603 849 2647 autem
891 2594 990 2646 illis
1019 2591 1265 2646 omnibus
1287 2593 1474 2646 vestris
1514 2591 1935 2660 pmcmb-ntlms

359 2685 526 2752 laetis,
551 2687 714 2741 etiam
744 2685 1012 2755 Cruciﬁge,
1042 2686 1296 2754 crnciﬁge,
1325 2685 1595 2739 clamastis
1620 2683 1792 2755 (Joan.
1818 2699 1928 2748 χιιι,

358 2776 458 2844 6);
483 2778 664 2832 audite
702 2778 842 2847 quod
871 2787 1052 2832 contra
1089 2793 1185 2830 vos
1212 2778 1370 2832 etiam
1408 2776 1662 2845 propheta
1693 2777 1887 2830 clamat
1917 2794 1929 2829 :

360 2866 476 2922 Filii
501 2869 783 2926 hominum.
815 2869 983 2922 dentes
1015 2884 1188 2922 eorum
1206 2884 1348 2920 arma
1372 2877 1418 2920 et
1447 2868 1661 2936 sagittae,
1690 2876 1734 2919 et
1762 2867 1936 2936 lingua

355 2973 517 3012 eorum
543 2957 802 3011 mat-Iaera
827 2971 976 3011 acuta
1006 2957 1025 3026 (
1047 2956 1185 3012 l’sal.
1221 2973 1323 3022 ιιι,
1473 2957 1606 3011 Ecce
1633 2957 1822 3026 quibus
1849 2972 1936 3009 ar-

354 3050 469 3116 mis,
502 3051 702 3121 quibus
729 3051 954 3120 sagittis,
990 3067 1091 3120 qua
1124 3049 1383 3104 Inacha-ra
1421 3049 1620 3119 ju~tum
1662 3047 1934 3103 interfeci-

354 3143 461 3206 stis,
485 3142 708 3213 quando
736 3143 884 3196 vobis
924 3143 1223 3197 interllcere
1257 3157 1574 3212 quemquam
1620 3157 1724 3194 non
1774 3142 1934 3196 licere

352 3233 580 3290 dixistis.
609 3233 744 3289 llinc
769 3244 852 3289 est
877 3235 1018 3303 quod
1051 3233 1116 3287 ad
1150 3231 1704 3302 compreliemlendum
1729 3231 1930 3298 .lcsmn,

354 3341 461 3380 cum
502 3325 848 3380 sacerdotum
880 3341 986 3378 non
1017 3340 1063 3377 Vt
1085 3324 1285 3378 nissent
1318 3324 1603 3394 principes,
1633 3324 1724 3377 sed
1754 3323 1930 3376 misis-

353 3426 490 3479 sent;
526 3416 701 3472 Lucas
729 3425 905 3470 tamen
934 3415 1260 3482 evangelista
1304 3415 1355 3468 in
1396 3413 1582 3468 eodem
1615 3413 1932 3468 narrationis

353 3519 452 3561 sua‘
478 3509 606 3562 loco
630 3509 704 3560 ait
729 3524 741 3560 :
767 3505 908 3559 Dixit
931 3516 1119 3570 autem,
1154 3506 1341 3575 inquit,
1363 3503 1515 3559 Jesus
1543 3505 1610 3558 ad
1637 3521 1720 3558 eos
1743 3505 1828 3574 qni
1853 3521 1932 3558 ve-

353 3606 520 3651 nerant
545 3598 614 3648 od
637 3611 708 3656 se,
741 3596 990 3666 principes
1017 3596 1350 3656 sacerdotum,
1378 3605 1426 3648 et
1457 3595 1775 3664 magistratus
1802 3604 1929 3647 tent-

354 3686 434 3755 pli,
456 3697 505 3741 et
539 3687 760 3741 seniores
788 3701 806 3739 :
839 3686 998 3751 Quasi
1025 3685 1093 3738 ad
1121 3686 1366 3739 latronem
1400 3685 1572 3740 existis
1602 3690 1619 3756 (
1646 3683 1769 3738 an.
1797 3701 1927 3748 χχιι,

351 3777 449 3848 52),
476 3790 544 3833 et
575 3787 786 3834 cetera.
813 3777 963 3833 Sient
991 3793 1121 3849 ergo
1153 3777 1416 3847 principes
1457 3777 1790 3832 sacerdotum
1823 3793 1928 3832 non

354 3885 437 3940 per
454 3870 694 3942 scipsus.
717 3871 809 3924 sed
833 3886 924 3940 per
948 3884 1042 3926 eos
1063 3885 1195 3938 ιιιιιιε
1216 3870 1468 3923 adserant
1491 3869 1556 3922 ad
1582 3869 1929 3938 comprehcn-

357 3960 586 4016 dendmn
607 3960 812 4024 Jesum,
835 3961 959 4030 quid
988 3960 1128 4014 aliud
1149 3975 1308 4030 quam
1335 3961 1432 4030 ipsi
1464 3961 1514 4014 in
1542 3975 1652 4014 suae.
1675 3959 1929 4029 jnssionis

354 4063 613 4124 potestate
625 4063 881 4109 venerunt
895 4054 919 4108 ?
935 4054 1011 4108 sie
1031 4069 1218 4108 omnes
1232 4054 1318 4122 qui
1341 4052 1754 4122 crnciligenduni
1777 4050 1928 4105 Chri-

351 4155 482 4203 sttnn
540 4147 714 4218 impiis
758 4146 975 4202 vocibus
1015 4147 1395 4206 clatnavcrnnt,
1438 4159 1540 4198 non
1584 4143 1794 4214 quidem
1837 4158 1930 4212 per

352 4240 553 4309 seipsos
579 4254 725 4301 eum,
752 4237 845 4292 sed
875 4248 1047 4293 tamen
1079 4238 1174 4307 ipsi
1204 4251 1296 4306 per
1327 4238 1469 4290 illum
1497 4237 1586 4305 qni
1613 4251 1798 4290 eormn
1823 4236 1930 4290 cla-

349 4343 494 4385 more
519 4327 583 4383 ad
614 4329 715 4384 huc
739 4330 888 4383 nefas
918 4328 1177 4398 unpulsns
1203 4337 1304 4394 est,
1335 4327 1658 4383 occiderunt.

408 4423 465 4479 5.
509 4421 658 4489 Quod
700 4436 828 4477 vero
865 4420 1098 4477 Joannes
1141 4422 1460 4490 evangelista
1517 4420 1810 4490 subiungit,
1858 4417 1928 4476 Ut

349 4531 509 4570 sermo
529 4512 655 4569 Iesu
681 4514 971 4583 impleretur
995 4530 1140 4584 quem
1163 4514 1310 4576 dixit,
1340 4513 1630 4585 signiﬁcans
1652 4530 1752 4581 qua
1773 4523 1931 4566 morte

351 4618 469 4662 esset
508 4607 780 4660 moriturus
812 4606 900 4659 :si
931 4617 1156 4660 mortem
1198 4607 1371 4660 crucis
1411 4605 1494 4659 liic
1535 4605 1758 4659 velimus
1786 4603 1928 4659 acci-

351 4714 495 4771 pere,
519 4709 769 4767 tanquam
798 4697 918 4752 ideo
939 4699 1168 4751 dixerint
1187 4697 1377 4761 .lnda-i,
1402 4696 1561 4752 Nobis
1587 4714 1684 4751 non
1713 4697 1823 4752 licet
1849 4700 1929 4752 in-

351 4790 573 4858 terﬁcere
595 4805 915 4859 quamquam,
940 4789 1061 4859 quia
1093 4787 1313 4844 interﬁci
1342 4788 1482 4844 aliud
1511 4801 1613 4854 CSl,
1635 4790 1775 4843 aliud
1807 4807 1926 4846 cru-

349 4879 519 4952 ciﬁgi;
572 4896 677 4936 non
722 4879 878 4935 video
920 4880 1187 4948 quoinodo
1239 4880 1287 4934 id
1335 4880 1500 4951 possit
1541 4892 1928 4949 consequenter

352 4972 591 5042 intelligi,
619 4987 741 5026 cum
775 4971 873 5026 hoc
901 4971 967 5025 ad
1005 4971 1156 5025 l'itati
1195 4972 1354 5025 Verba
1391 4971 1783 5041 responderint,
1809 4973 1962 5040 qui--

349 5062 446 5118 bus
474 5065 556 5118 cis
579 5063 805 5128 dixerat,
833 5065 1058 5132 Accipite
1085 5080 1196 5117 eam
1226 5079 1330 5124 ros,
1367 5072 1412 5116 et
1446 5064 1718 5116 secundum
1747 5062 1925 5135 Legem

348 5163 559 5208 vestram
576 5153 806 5224 jadicate
826 5170 961 5207 eam.
982 5152 1246 5222 Numquid
1267 5167 1394 5222 ergo
1413 5169 1535 5206 eum
1557 5169 1659 5207 non
1684 5160 1928 5222 poterant

348 5247 610 5317 accipere,
649 5257 704 5302 et
752 5245 849 5316 ipsi
890 5262 1011 5300 cum
1050 5245 1382 5314 cruciﬁgere,
1412 5246 1454 5300 si
1497 5262 1530 5316 p
1565 5263 1591 5300 r
1625 5247 1728 5302 tale
1761 5261 1926 5316 genus

348 5339 590 5410 supplicii
621 5338 1044 5394 interfectionem
1069 5341 1379 5409 cujusquam
1413 5339 1578 5394 vitare
1604 5341 1925 5410 cupiebant?

346 5429 475 5497 Quis
501 5440 679 5486 autem
715 5447 820 5486 non
856 5430 1036 5487 videat
1060 5447 1218 5502 quam
1245 5431 1310 5486 sit
1345 5431 1630 5486 absurdum
1656 5433 1735 5487 eis
1765 5433 1924 5489 licere

346 5535 664 5590 quemquam
701 5522 1030 5593 cruciﬁgere,
1067 5522 1258 5592 quibus
1295 5538 1399 5577 nun
1445 5522 1568 5577 licet
1607 5539 1923 5595 quemquam

352 5609 686 5668 interﬁcere?
711 5611 846 5679 Quid
876 5612 1016 5683 quod
1048 5612 1160 5682 ipse
1195 5613 1450 5668 Dominus
1493 5611 1734 5668 eamdem
1777 5627 1922 5669 mor-

351 5709 456 5758 tem
482 5719 655 5773 suam,
678 5704 728 5759 id
749 5713 832 5761 est
856 5714 1076 5760 mortem
1097 5705 1288 5772 crucis,
1313 5706 1473 5761 etiam
1499 5703 1919 5761 interfectionem

1433 275 1842 336 TRACTATUS
1865 272 2024 332 CXV.
2065 272 2288 334 CAPUT
2331 275 2514 335 XVI".

3483 283 3624 344 £938

2053 401 2230 458 vocat,
2277 394 2414 450 sicut
2451 395 2671 464 legimus
2710 396 2845 467 apud
2892 398 3140 463 Marcum,
3172 399 3259 454 ubi
3283 399 3400 455 ait:
3434 418 3455 452 ι
3483 400 3626 458 Ecce

2051 485 2387 540 ascendimus
2413 486 2820 559 Jerosulyinam,
2845 499 2898 544 et
2926 490 3090 544 Filius
3120 491 3347 546 hominis
3387 492 3626 548 tradetur

2052 576 2381 647 principibus
2408 580 2739 634 sacerdotum
2771 590 2824 634 et
2843 581 3061 643 Scrilis.
3083 593 3135 636 ct
3155 583 3477 639 damnabunt
3497 602 3621 641 eum

2053 680 2242 730 morte,
2274 678 2327 722 et
2368 669 2574 723 tradent
2611 686 2730 724 cum
2767 670 3057 736 Gentibus;
3088 682 3141 727 et
3185 673 3406 727 illudent
3442 675 3527 738 ei,
3571 685 3646 743 ct_

2050 769 2346 828 conspnent
2372 776 2514 822 eum,
2554 770 2608 815 et
2646 762 2981 831 ﬂagellabant
3026 779 3168 829 eum,
3209 774 3264 818 et
3309 765 3628 822 izzterlieient

2051 865 2194 914 eum,
2223 860 2277 905 et
2304 854 2452 905 tertia
2483 852 2570 907 die
2601 865 2835 924 resurget
2867 874 2885 905 ι
2921 853 3110 924 (Marc.
3139 872 3190 919 κ,
3217 858 3302 918 55.
3326 859 3440 930 5i)?
3461 858 3625 914 Nimi-

2050 956 2167 995 rum
2199 959 2328 1010 ergo
2359 945 2454 997 ista
2482 944 2707 999 dicendo
2733 946 3044 1013 signilieavit
3077 945 3329 1002 Dominus
3353 966 3456 1018 qua
3485 959 3630 1014 esset

2049 1043 2219 1087 morte
2243 1036 2528 1088 inuriturus
2554 1053 2566 1090 :
2598 1051 2701 1088 ﬂ'lll
2730 1037 2866 1105 quod
2902 1037 2986 1091 ltic
3012 1049 3237 1093 mortetu
3268 1041 3442 1095 erucis
3468 1041 3629 1098 vellet

2049 1120 2290 1192 intelligi,
2327 1123 2418 1176 sed
2448 1124 2586 1192 quod
2630 1141 2751 1179 cum
2781 1125 2948 1180 .lndari
2983 1126 3196 1182 fuissent
3226 1127 3484 1184 Gentibus
3525 1141 3631 1185 lm-

2048 1212 2231 1276 diluri,
2266 1212 2364 1266 huc
2395 1225 2475 1267 est
2503 1215 2777 1269 Romanis.
2802 1216 2930 1270 Nam
2969 1217 3163 1272 Pilatus
3196 1218 3466 1275 Rullianus
3488 1231 3630 1292 erat,

2046 1321 2274 1376 cumque
2312 1308 2362 1360 in
2398 1307 2634 1362 .lmlaram
2675 1310 2896 1364 Rounani
2941 1312 3215 1379 president
3259 1315 3528 1368 miserant.
3559 1314 3630 1371 ΙΙΙ.

2047 1412 2173 1466 ergo
2205 1397 2304 1450 iste
2332 1414 2508 1451 sermo
2534 1399 2659 1453 Jesu
2685 1402 3016 1469 impleretur,
3046 1403 3094 1455 id
3135 1413 3217 1457 est
3236 1445 3250 1461 .
3289 1415 3342 1458 nt
3372 1421 3492 1458 eum
3527 1405 3628 1461 sibi

2049 1487 2295 1541 traditntn
2343 1488 2540 1544 Gentes
2593 1491 2972 1554 interﬁcerent,
3013 1494 3153 1562 quod
3196 1494 3351 1548 .li-sns
3395 1496 3627 1552 futurum

2046 1593 2165 1632 esse
2219 1581 2567 1648 praulixm-at;
2621 1582 2738 1636 ideo
2789 1582 2982 1636 l’ilatus
3026 1584 3111 1652 qui
3163 1585 3322 1650 jndes
3358 1586 3628 1642 ltoinanus

2045 1677 2180 1729 erat,
2218 1685 2337 1721 cum
2379 1670 2537 1723 \ellet
2579 1688 2698 1723 emn
2745 1673 2963 1726 reddere
3005 1672 3222 1738 Judaﬁs,
3254 1685 3310 1728 ut
3334 1677 3625 1744 secundum

2046 1757 2239 1827 Legem
2271 1774 2418 1813 suam
2443 1760 2741 1827 judicarent
2765 1779 2908 1825 eum,
2939 1764 3218 1819 noluerunt
3239 1781 3358 1819 eam
3383 1768 3628 1836 accipere

2043 1849 2300 1911 dicentes.
2335 1851 2496 1907 Nobis
2525 1870 2623 1906 non
2651 1855 2761 1908 licet
2791 1856 2958 1924 interii
2977 1873 3070 1910 ’τινα
3097 1874 3410 1926 quemquam.
3443 1860 3518 1913 Ae
3545 1861 3624 1914 sic

2046 1943 2293 2010 impletus
2316 1955 2398 1998 est
2425 1960 2600 1998 sermo
2626 1946 2772 2009 Jesn,
2796 1963 2952 2016 quem
2974 1947 3042 2002 de
3061 1965 3153 2001 sua
3176 1962 3345 2002 morte
3364 1968 3376 2016 ι
3397 1950 3625 2015 ra-dixit,

2046 2043 2100 2085 ut
2127 2049 2248 2085 eum
2274 2050 2302 2084 a
2331 2034 2528 2087 .lnda-is
2561 2036 2810 2090 traditutn
2857 2037 3216 2092 interﬁcerent
3251 2038 3481 2104 Gentes;
3525 2042 3627 2093 mi-

2044 2139 2175 2178 nore
2205 2126 2407 2180 scelere
2435 2143 2592 2196 quam
2620 2128 2810 2194 Juda-i,
2842 2131 2929 2199 qui
2963 2147 3020 2186 se
3061 2131 3160 2191 isto
3205 2131 3364 2190 mod"
3405 2131 3472 2187 ab
3511 2132 3629 2199 Plus

2044 2215 2414 2271 interiectione
2459 2219 2600 2272 velut
2652 2219 2857 2274 alienus
2903 2223 3074 2279 facere
3111 2227 3408 2289 Voluerunt,
3443 2238 3545 2283 exn
3571 2233 3631 2286 ut

2041 2321 2223 2360 eorum
2256 2309 2581 2374 im‘iocentia,
2613 2311 2705 2365 Sed
2739 2323 2793 2366 ut
2819 2314 3083 2369 dementia
3117 2328 3517 2375 monstraretur.

2527 2441 2942 2500 ΤΙΚΜΖΤΑἹῊΒ
2979 2445 3138 2500 CXV.

2041 2546 2118 2601 De
2143 2565 2198 2602 eo
2219 2550 2356 2619 quod
2380 2551 2586 2613 dicitur,
2613 2552 2848 2608 Introivit
2875 2571 3000 2626 ergo
3031 2558 3219 2612 iterum
3248 2560 3299 2613 in
3323 2564 3626 2629 pra-lotium

2111 2639 2342 2701 Pilatus;
2375 2657 2529 2702 usque
2566 2643 2635 2695 ad
2677 2645 2750 2709 id,
2787 2647 2910 2700 Erat
2943 2658 3118 2702 autem
3161 2649 3427 2706 Barabbas
3467 2655 3624 2710 latro.

2110 2729 2236 2800 Cap.
2263 2747 2405 2795 XVIII,
2449 2733 2481 2802 Ῡ
2507 2770 2522 2786 .
2551 2733 2740 2788 53-40.

2111 2866 2163 2920 l.
2205 2866 2342 2933 Quid
2380 2868 2576 2923 Pilatus
2611 2870 2806 2926 dixerit
2851 2871 3083 2936 Christo,
3120 2876 3314 2946 quidve
3342 2877 3511 2935 Pilato
3535 2879 3625 2938 ille

2038 2960 2375 3029 responderit
2399 3003 2413 3022 .
2445 2963 2548 3017 isto
2578 2981 2825 3022 sermone
2854 2969 3295 3026 considerandum
3327 2985 3483 3045 atque
3512 2985 3625 3030 tra-

2038 3052 2287 3105 CIantlum
2317 3063 2416 3106 cst.
2447 3055 2576 3108 Cum
2603 3058 2744 3111 enim
2775 3058 2974 3113 dictum
3005 3073 3144 3116 esset
3170 3062 3433 3128 Jttd:ris,«
3466 3066 3622 3121 Acci-

2044 3142 2151 3210 pite
2178 3158 2299 3197 eum
2329 3159 2444 3206 vos,
2477 3156 2530 3200 et
2562 3148 2852 3202 secundum
2885 3150 3076 3221 Legem
3119 3165 3345 3208 vestram
3387 3155 3623 3224 iudicato

2039 3247 2161 3286 eum
2200 3253 2218 3284 ›
2252 3245 2411 3303 atque
2441 3235 2514 3289 illi
2544 3239 2961 3306 respondissent,
2994 3261 3013 3291 ι
3041 3241 3205 3298 Nobis
3233 3260 3340 3298 non
3380 3245 3501 3300 licet
3524 3261 3621 3303 oc-

2038 3324 2220 3380 cidere
2249 3342 2600 3398 quemquam;
2635 3331 2868 3386 introivit
2899 3334 3086 3388 iterant
3115 3335 3165 3389 in
3198 3337 3500 3404 praztorium
3529 3338 3620 3394 Pi-

2041 3415 2198 3476 latus,
2246 3427 2299 3472 et
2346 3420 2554 3472 Vocavit
2599 3419 2800 3477 Jesum.
2829 3430 2883 3476 ct
2922 3423 3056 3477 dixit
3095 3425 3142 3478 ci
3174 3442 3188 3478 :
3219 3425 3296 3479 Tn
3325 3441 3384 3481 es
3412 3441 3501 3481 res
3527 3427 3622 3483 Ju-

2036 3504 2306 3560 dteurum?
2339 3506 2402 3560 Et
2440 3510 2713 3578 respondit
2739 3511 2893 3567 Jesus
2921 3531 2933 3566 :
2962 3514 3002 3568 Α
3037 3516 3314 3585 lemetipso
3344 3517 3442 3570 ltoc
3462 3517 3618 3585 Jieis,

2035 3612 2102 3650 an
2131 3598 2217 3652 alii
2250 3599 2340 3652 tibi
2371 3600 2612 3655 dixerunt
2642 3603 2709 3658 de
2739 3606 2860 3659 me?
2886 3625 2900 3656 I
2930 3606 3139 3660 Sciebat
3167 3608 3346 3678 utique
3361 3609 3619 3666 Dominus

2035 3699 2090 3742 et
2133 3692 2272 3759 quod
2325 3692 2438 3760 ilhc
2481 3693 2854 3764 interrogavit,
2889 3706 2941 3750 et
2979 3683 3117 3765 quod
3149 3698 3236 3753 ille
3267 3713 3616 3768 responsurus

2035 3779 2159 3844 fuit;
2187 3781 2280 3835 scd
2313 3792 2485 3837 tamen
2514 3784 2616 3838 dici
2642 3786 2834 3845 voluit.
2867 3802 2971 3840 non
3001 3798 3054 3840 ut
3085 3788 3194 3858 ipse
3219 3790 3410 3853 sciret,
3437 3791 3528 3846 sed
3559 3801 3618 3848 ut

2033 3870 2356 3925 scriberetur
2384 3873 2523 3942 quod
2566 3889 2663 3928 nos
2691 3876 2855 3929 voluit
2882 3886 2936 3930 ιιι
2964 3878 3240 3932 sciremus.
3269 3899 3288 3930 ι
3322 3880 3618 3950 Respondit

2034 3959 2232 4014 Pilatus
2260 3979 2271 4013 :
2295 3961 2559 4030 Numquid
2590 3979 2687 4033 ego
2715 3965 2931 4020 Juda-ns
2959 3969 3111 4022 sum?
3132 3969 3274 4024 Gens
3303 3980 3388 4024 tua
3411 3981 3464 4025 et
3487 3987 3616 4041 pon-

2035 4049 2205 4104 tiﬁces
2258 4051 2588 4105 tradiderunt
2631 4063 2682 4106 te
2730 4055 2858 4108 lllllll
2891 4074 2904 4110 :
2933 4059 3056 4122 quid
3091 4061 3294 4113 fecisti?
3323 4060 3616 4128 lli-stuntdit

2031 4142 2184 4198 Jesus
2215 4161 2227 4196 :
2262 4144 2498 4214 Regnum
2543 4162 2717 4199 meum
2749 4163 2850 4200 non
2881 4158 2963 4201 est
2998 4149 3064 4202 de
3092 4150 3192 4205 hec
3218 4153 3434 4205 mundo.
3465 4154 3520 4208 Si
3546 4168 3616 4208 ex

2035 4234 2135 4290 hoc
2163 4235 2360 4289 nutndu
2385 4247 2526 4291 esset
2562 4252 2776 4306 regnum
2809 4254 3015 4304 meum,
3043 4241 3268 4294 ministri
3299 4243 3401 4294 mei
3434 4243 3615 4314 utique

2032 4327 2390 4390 decu-tarem,
2416 4337 2595 4381 utnon
2626 4329 2864 4383 traderer
2884 4329 3081 4385 .lutlzeis
3113 4349 3125 4383 :
3159 4348 3295 4386 nttnc
3319 4343 3496 4389 autem
3525 4349 3613 4390 re-

2035 4435 2195 4489 gnum
2229 4437 2401 4474 meum
2430 4435 2534 4474 non
2559 4430 2642 4476 est
2671 4422 2811 4476 hinc.
2843 4441 2862 4474 ι
2891 4422 3000 4477 lloc
3027 4434 3109 4479 est
3133 4425 3272 4493 quod
3305 4424 3474 4480 bonus
3501 4441 3613 4481 Ina-

2031 4513 2194 4581 gister
2224 4513 2361 4567 scire
2395 4529 2490 4565 nos
2511 4512 2673 4566 voluit
2701 4530 2711 4564 :
2737 4513 2828 4567 sed
2863 4515 3006 4583 prius
3031 4515 3180 4569 uultis
3201 4515 3612 4572 demonstranda

2033 4603 2203 4659 fuerat
2233 4622 2362 4658 vana
2398 4605 2668 4658 hominum
2699 4605 2765 4659 de
2795 4621 2958 4673 regno
2977 4607 3093 4674 ejus
3117 4609 3312 4678 np’nio,
3336 4610 3448 4664 sive
3471 4609 3614 4666 Gen-

2033 4696 2185 4758 tium,
2226 4697 2337 4750 sive
2377 4695 2702 4752 .Iudarorum.
2741 4714 2769 4750 a
2806 4698 2995 4767 quibus
3027 4699 3075 4752 id
3105 4700 3301 4754 Pilatus
3325 4702 3610 4758 audierat:

2030 4785 2180 4854 quasi
2214 4797 2490 4856 propterea
2521 4799 2688 4841 inerte
2717 4788 2896 4843 fuisset
2929 4791 3256 4858 plectendas,
3285 4793 3424 4860 ιιιιοιΙ
3457 4793 3613 4848 illici-

2032 4885 2140 4929 ttttn
2170 4877 2494 4931 alfeelavcrit
2522 4894 2774 4947 regnum;
2810 4880 2888 4932 vel
2921 4881 3168 4948 quoniam
3210 4880 3383 4933 solent
3423 4897 3613 4952 regna-

2032 4968 2162 5022 turis
2194 4966 2429 5022 iIHidl'l'e
2462 4978 2760 5036 regnantes,
2803 4977 2857 5021 et
2887 4969 3128 5021 videlicet
3165 4969 3458 5024 t':t\'elltltttlt
3498 4979 3616 5027 erat

2032 5073 2099 5112 ne
2128 5059 2242 5126 ejus
2273 5073 2492 5127 regnum
2521 5058 2632 5110 sive.
2661 5057 2913 5111 llonnmis
2932 5099 2946 5120 ,
2981 5059 3092 5112 sive
3119 5059 3318 5115 Judtris
3342 5072 3486 5118 essrt
3515 5063 3613 5118 ad-

2020 5168 2261 5215 versum.
2291 5152 2501 5205 Poterat
2540 5159 2715 5204 antetn
2748 5151 3001 5205 Dominus
3041 5153 3181 5222 quod
3229 5155 3336 5216 ait,
3387 5156 3613 5226 Regnum

2031 5261 2194 5298 nteant
2214 5253 2399 5297 nonest
2429 5243 2491 5295 de
2519 5243 2612 5296 ltoc
2641 5245 2855 5305 nmndo,
2879 5255 3009 5308 ete.,
3035 5247 3101 5299 ad
3136 5247 3355 5316 primani
3385 5250 3616 5301 interro-

2030 5337 2296 5407 gationem
2328 5334 2571 5407 pnesidis
2597 5335 2943 5400 respondere.
2969 5337 3053 5390 ubi
3085 5338 3133 5394 ei
3161 5338 3312 5403 dixit,
3338 5336 3413 5390 Tn
3443 5352 3496 5390 es
3530 5352 3618 5389 rea:

2029 5429 2365 5485 Iudaeorum?
2389 5429 2482 5485 sed
2509 5446 2629 5484 cum
2662 5430 2896 5485 vicissim
2938 5431 3269 5500 interrogans
3309 5441 3482 5484 utrum
3519 5428 3617 5483 ltoc

2030 5540 2059 5579 a
2089 5524 2376 5593 semetipso
2400 5523 2622 5588 diceret,
2648 5539 2714 5578 an
2751 5525 2984 5578 audisset
3006 5525 3074 5575 ab
3099 5525 3236 5583 aliis.
3269 5523 3360 5576 illo
3387 5536 3617 5592 respon-

2031 5614 2190 5669 dente
2238 5613 2521 5687 ostendere
2561 5614 2724 5668 voluit
2768 5614 2866 5667 liOC
2905 5613 3002 5666 sibi
3037 5612 3173 5680 apud
3215 5612 3358 5666 illum
3390 5613 3553 5669 fuisse
3587 5626 3615 5664 a

2033 5704 2233 5761 Judteis
2259 5704 2404 5760 velut
2431 5704 2635 5760 crimen
2665 5703 2927 5771 objectum
2957 5719 2970 5753 :
3001 5702 3318 5768 patefaciens
3344 5699 3500 5757 nobis
3534 5715 3618 5757 co-
