3994 6370
455 321 593 380 1959
637 355 640 358 -
1407 311 1472 368 1N
1506 309 1784 369 JOANNIS
1822 303 2286 374 EVANGELIUM,
2326 307 2385 364 S.
2425 308 2786 368 AUGUSTINI
3588 318 3698 374 1950

453 439 736 510 gitationes
751 435 1050 501 hominum,
1072 447 1206 504 quas
1225 446 1340 502 ipse
1361 439 1601 495 noverat,
1624 427 1874 498 quoniam
1891 436 2040 480 vanae
2150 439 2316 478 meum
2342 441 2443 482 non
2468 437 2540 481 est
2567 428 2631 482 de
2655 430 2750 486 hoc
2779 429 3004 500 mundo;
3029 431 3113 488 vel
3129 475 3144 499 ,
3175 432 3413 508 Regnum
3433 453 3587 500 mn
3614 458 3697 498 non

455 539 580 585 sunt
608 527 796 601 (Psal.
830 540 977 591 xcnt,
1006 526 1065 581 11
1095 525 1136 595 );
1163 525 1346 594 eisque
1372 533 1492 594 post
1519 520 1920 590 responsionem
1950 515 2041 572 Pi~
2068 571 2100 608 η,
2149 515 2382 608 Gtt/tiae.
3226 592 3229 594 _

453 623 578 690 lati,
604 623 712 693 jam
754 619 954 676 ludatis
996 626 1052 675 et
1090 617 1349 674 Gentibus
1383 615 1731 686 opportunius
1763 613 2040 683 sptiusque
2174 606 2276 700 "3:
2313 605 2649 700 Disitiilaque
2673 613 2721 666 ei
2750 612 2951 670 Pilatus
2980 629 3000 668 :
3028 613 3164 690 Ergo
3185 633 3277 672 rea:
3300 634 3352 674 es
3379 621 3471 676 tu?
3495 621 3702 700 Respon-

452 717 810 785 reSpondens,
843 714 1076 787 Regnum
1117 729 1285 768 meum
1323 727 1425 765 non
1471 719 1544 765 est
1587 709 1652 763 de
1691 709 1784 762 hoc
1825 706 2036 762 mundo.
2149 697 2223 756 dit
2241 697 2393 792 iam
2418 719 2437 757 :
2462 699 2537 762 Tu
2563 703 2826 777 dicisquia
2851 722 2941 762 rex
2964 723 3077 762 sum
3117 725 3230 782 ego.
3255 709 3369 766 Non
3399 715 3515 791 quia
3539 697 3692 788 regem

449 805 601 876 Quod
654 809 697 862 si
743 806 1085 877 intemigauti
1141 805 1310 859 Pilato
1346 802 1598 858 continuo
1639 799 2034 868 reSpoudisset;
2075 790 2082 810 τ
2148 804 2206 846 se
2231 790 2404 850 timuit
2427 792 2703 865 conﬁteri;
2755 797 2850 854 sed
2875 797 2951 854 Tu
2969 799 3095 858 dicis
3120 799 3189 859 ita
3231 790 3480 860 librata
3525 818 3618 874 est,
3644 822 3694 868 ιιι

450 913 558 954 non
600 898 756 953 etiam
796 897 1015 964 Judmis,
1048 897 1141 952 sed
1170 896 1300 950 solis
1329 893 1587 950 Gentibus
1613 892 1714 946 hoc
1739 893 1806 946 de
1835 907 1895 946 se
1920 891 2034 961 opi~
2070 881 2096 966 ,ές
2147 897 2322 952 1⁸841υο
2349 899 2406 942 se
2427 902 2604 957 regem
2628 900 2783 960 neget
2804 891 2923 962 (rex
2943 902 3026 950 est
3043 895 3184 949 enim
3207 896 3362 966 cujus
3382 914 3587 971 regnum
3604 920 3695 964 non

451 989 701 1044 nantibus
737 989 1078 1060 reSpondisse
1117 989 1407 1043 videretur.
1438 985 1588 1040 Nunc
1626 999 1752 1039 vero
1786 983 2021 1053 quoniam

2147 988 2228 1034 est
2250 978 2320 1034 de
2347 980 2449 1036 hoc
2474 982 2718 1056 mundo).
2749 1000 2920 1055 neque
2948 1002 3127 1058 regem
3153 989 3316 1046 talem
3337 1007 3394 1048 se
3416 1008 3530 1052 esse
3548 994 3694 1054 fatea-

352 1062 355 1063 r
450 1083 722 1150 reSpondit
751 1082 969 1147 Pilatus,
995 1080 1260 1152 Numquid
1283 1095 1375 1150 ego
1394 1077 1608 1133 ludam
1629 1073 1926 1132 sum?Gens
1951 1083 2038 1127 tua
2079 1065 2092 1144 ’f
2144 1079 2250 1139 tur,
2281 1073 2435 1142 cujus
2463 1089 2683 1145 regnum
2714 1086 2924 1146 putetur
2949 1094 3071 1142 esse
3104 1080 3172 1137 de
3211 1081 3315 1138 hoc
3343 1085 3556 1147 mundo.
3606 1088 3694 1142 'I‘a-

447 1180 496 1224 et
524 1172 788 1243 pontiﬁces
814 1173 1126 1225 tradiderunt
1156 1182 1200 1225 te
1219 1171 1376 1235 mihi;
1395 1169 1612 1224 abstulit
1638 1182 1669 1221 a
1692 1182 1750 1223 se
1777 1165 2036 1236 suSpicio-
2143 1165 2246 1222 lem
2275 1167 2476 1237 quippe
2503 1169 2592 1224 ille
2625 1173 2887 1230 semiebat
2906 1175 2996 1243 qui
3013 1174 3239 1240 dixerat,
3267 1175 3406 1250 Ergo
3424 1196 3511 1238 rex
3533 1198 3580 1240 es
3602 1184 3682 1243 tu?

448 1278 592 1330 nem,
633 1278 735 1334 qua
763 1273 940 1332 posset
966 1264 1138 1332 putari
1168 1278 1197 1316 a
1225 1261 1511 1330 semetipso
1538 1260 1742 1314 dixisse
1771 1257 1911 1328 quod
1947 1256 2035 1310 ie-
2074 1299 2086 1342 Ξ
2141 1258 2226 1312 cui
2250 1273 2565 1328 responsum
2579 1271 2686 1328 est,
2723 1262 2799 1320 Tu
2822 1264 2948 1319 dicis
2976 1267 3096 1334 quia
3115 1283 3207 1321 rex
3232 1285 3348 1322 sum
3369 1287 3478 1341 ego.
3510 1273 3690 1336 Dictum

2079 1353 2084 1360 '
2139 1359 2223 1405 est
2244 1352 2408 1417 enim,
2437 1351 2516 1409 Tu
2540 1355 2687 1422 dicis,
2717 1371 2782 1411 ac
2799 1357 2844 1412 si
2872 1356 3074 1414 dictum
3093 1368 3258 1426 esset,
3288 1362 3514 1418 carnalis
3531 1380 3692 1426 carna-

2141 1442 2264 1499 liter
2292 1444 2444 1500 dieis.
3690 1449 3692 1452 ’

2211 1536 2263 1592 6.
2310 1536 2508 1592 Deinde
2523 1539 2795 1612 subjungit
2827 1559 2840 1596 :
2871 1541 2984 1613 Ego
3008 1545 3062 1600 in
3103 1545 3200 1600 hoc
3225 1556 3376 1602 natus
3403 1564 3528 1615 sum.
3553 1561 3594 1610 et
3632 1553 3691 1610 ad

2140 1627 2234 1681 hoc
2255 1628 2364 1682 veni
2387 1628 2441 1682 in
2463 1630 2730 1698 mundum,
2761 1642 2816 1686 ut
2839 1635 3172 1693 testimonium
3199 1639 3484 1709 perhibent»
3506 1643 3689 1700 raritati.

446 1366 563 1406 sum
588 1368 766 1424 regem
795 1354 999 1408 dixerat
1020 1370 1138 1408 esse
1156 1353 1480 1418 Judaeorum,
1504 1352 1557 1406 id
1579 1367 1636 1406 se
1665 1365 1693 1403 a
1719 1350 1916 1405 Judzeis
1942 1363 2035 1402 auo

447 1445 591 1502 disse
635 1446 1024 1502 demonstrans.
1084 1447 1289 1501 Deinde
1339 1446 1599 1508 dicendo,
1654 1442 1788 1510 Quid
1829 1441 2034 1513 fecisti?

444 1538 575 1591 satis
595 1537 831 1593 ostendit
855 1537 981 1592 illud
1009 1539 1055 1593 ei
1081 1555 1177 1610 pro
1203 1539 1426 1596 crimine
1449 1538 1713 1607 objectum
1740 1553 1753 1589 :
1781 1545 2030 1606 tanquam

443 1627 672 1695 diceret,
705 1629 758 1682 Si
791 1646 968 1700 regem
996 1639 1046 1685 te
1073 1647 1266 1702 negas,
1299 1630 1422 1700 quid
1457 1629 1624 1683 fecisti
1658 1639 1712 1682 ut
1743 1611 2086 1720 tradereris;

443 1719 611 1773 mihi?
632 1719 793 1788 Quasi
820 1723 1014 1775 mirum
1037 1738 1144 1776 non
1173 1731 1317 1778 esset
1345 1722 1389 1776 si
1421 1721 1715 1792 puniendus
1737 1721 1901 1791 judici
1926 1731 2032 1774 tra-
2140 1718 2255 1774 Non
2284 1729 2367 1775 est
2397 1721 2736 1790 producenda
2769 1723 2928 1795 hujus
2966 1729 3299 1796 pronominis
3333 1731 3543 1802 syllaba,
3567 1735 3686 1804 quod

442 1809 680 1878 derctur,
710 1813 799 1883 qui
829 1828 888 1868 se
914 1812 1115 1869 diceret
1144 1830 1320 1884 regem
1347 1831 1358 1866 :
1385 1815 1426 1866 si
1457 1823 1633 1868 autem
1677 1813 1775 1867 ltoc
1806 1829 1908 1868 non
1945 1813 2028 1867 di—
2136 1811 2232 1878 ait,
2257 1809 2322 1865 In
2358 1812 2454 1867 hoc
2479 1823 2629 1868 natus
2657 1832 2790 1882 sum,
2819 1826 3068 1890 tanquam
3097 1819 3314 1888 dixerit,
3343 1800 3398 1880 In
3418 1823 3511 1886 hac
3535 1800 3685 1883 reua-

440 1911 607 1969 ceret,
637 1905 980 1973 quaerendum
1008 1905 1075 1959 ab
1102 1905 1191 1960 illo
1217 1916 1357 1960 esset
1386 1905 1510 1976 quid
1536 1905 1677 1958 aliud
1709 1903 1845 1959 forte
1875 1904 2032 1960 fecis-
2137 1911 2222 1958 tus
2243 1918 2360 1958 sum
2392 1921 2404 1957 :
2428 1905 2522 1960 sed
2564 1907 2923 1977 corripienda,
2950 1917 3203 1980 tanquam
3227 1911 3442 1979 dixerit,
3480 1914 3552 1972 Ad
3573 1915 3688 1973 hanc

439 2004 542 2063 set,
575 1997 714 2053 unde
741 1997 874 2052 tradi
893 1997 1056 2067 judici
1083 1997 1272 2069 dignus
1299 2006 1461 2052 esset.
2043 1988 2092 2057 κέ,
2136 2009 2250 2048 rem
2280 2004 2436 2050 natus
2461 2011 2602 2062 sum,
2636 1999 2722 2054 vel
2747 1998 2814 2054 ad
2844 1999 2943 2054 hoc
2971 2010 3126 2056 natus
3153 2015 3305 2068 sum;
3339 2004 3470 2058 Sicut
3509 2006 3594 2070 ait.
3623 2006 3687 2060 Ad

509 2085 563 2143 2.
607 2089 800 2144 Audite
840 2105 987 2159 ergo,
1023 2091 1190 2145 ειυιιιιξί
1229 2099 1280 2143 et
1307 2087 1534 2154 Gentes;
1564 2089 1708 2155 audi,
1746 2089 2026 2144 circumci-
2136 2084 2230 2138 hoc
2256 2087 2366 2139 veni
2391 2086 2445 2140 in
2472 2089 2734 2142 mundum.
2771 2089 2827 2143 In
2855 2107 3030 2161 grzeco
3057 2107 3292 2163 namque
3331 2094 3597 2166 Evangelia
3615 2097 3686 2154 ni-

438 2181 551 2248 sio;
578 2181 724 2247 audi,
757 2184 1107 2252 praeputium;
1139 2181 1338 2248 audite,
1367 2182 1544 2236 omnia
1575 2197 1735 2254 regna
1766 2193 1977 2236 terrena
2009 2199 2022 2235 :
2134 2173 2206 2230 hil
2235 2186 2316 2230 est
2343 2175 2498 2246 hujus
2523 2177 2802 2235 locutionis
2827 2181 3132 2252 ambiguum
3163 2182 3268 2254 (α).
3302 2183 3450 2247 Unde
3492 2186 3686 2248 manife-

435 2272 553 2327 Non
598 2273 830 2342 impedio
870 2274 1284 2328 dominationem
1320 2281 1552 2329 vestram
1592 2275 1643 2328 in
1671 2267 1776 2329 hoc
1803 2255 2098 2358 mundo,
2132 2275 2272 2322 ﬁlum
2300 2277 2383 2323 εει
2406 2285 2526 2324 eum
2559 2273 2904 2342 ίεηῖβοτθιθῐη
2926 2276 3260 2332 Mill/“lle
3280 2292 3428 2334 Silam
3457 2279 3536 2335 hic
3559 2295 3682 2335 00m-

437 2364 668 2436 Regnum
710 2381 876 2418 meum
909 2381 1010 2420 non
1040 2374 1110 2420 est
1133 2367 1198 2420 de
1222 2365 1318 2420 hoc
1355 2366 1561 2420 mundo.
1588 2365 1761 2420 Nolite
1787 2376 2026 2421 metuere
2065 2375 2090 2444 μ
2133 2373 2479 2426 memorasse.
2527 2377 2632 2432 qua
2666 2364 2972 2423 incal‘nallls
2991 2368 3136 2423 venit
3179 2370 3546 2437 inmundum;
3591 2387 3678 2428 Bon

434 2466 583 2516 metu
610 2455 898 2510 vanissimo
921 2471 1026 2526 quo
1046 2456 1285 2513 Herodes
1310 2457 1398 2512 ille
1419 2457 1609 2527 major,
1633 2473 1754 2513 cum
1776 2457 2025 2512 Christus
2133 2453 2277 2508 illam
2307 2455 2423 2509 sine
2450 2457 2600 2511 initio
2627 2474 2730 2528 qm
2759 2459 2900 2514 Deus
2927 2469 3062 2527 erat,
3091 2478 3189 2531 per
3217 2479 3375 2534 quem
3400 2466 3548 2524 Pater
3566 2479 3678 2522 aon-

438 2558 595 2605 natus
625 2549 974 2617 nuntiaretur,
1012 2552 1242 2620 expavit,
1271 2559 1325 2604 et
1355 2559 1432 2604 tot
1468 2550 1696 2606 infantes
1723 2559 1780 2605 ut
1805 2551 1871 2606 ad
1900 2567 2022 2607 eum
2129 2543 2262 2600 didit
2318 2547 2597 2602 mundum.
2637 2549 2691 2603 In
2722 2549 2826 2606 hoc
2859 2567 2986 2622 ergo
3028 2567 3088 2608 se
3124 2555 3267 2612 dixit
3308 2565 3503 2622 natum,
3539 2558 3587 2614 id
3610 2567 3680 2614 est

436 2655 584 2696 mors
613 2641 937 2710 perveniret,
969 2642 1161 2696 occidit
1193 2644 1210 2713 (
1244 2641 1428 2696 Matth.
1459 2659 1516 2707 ιι,
1546 2643 1692 2710 5,16
1719 2642 1760 2710 ),
1790 2642 2024 2698 timendo
2131 2646 2348 2707 propter
2387 2638 2487 2693 hoc
2518 2649 2722 2707 natum,
2772 2653 2826 2696 et
2871 2643 2938 2698 ad
2961 2643 3061 2701 hoc
3093 2648 3314 2704 venisse
3343 2649 3396 2703 in
3435 2649 3678 2714 mundum,

435 2731 604 2802 magis
654 2747 812 2801 quam
868 2732 1147 2787 irascendo
1196 2732 1484 2798 crudelior,
1529 2731 1782 2804 Regnum,
1831 2733 2018 2805 inquit,
2060 2727 2078 2802 ί
2129 2729 2312 2798 utique
2363 2732 2632 2786 nascendo
2665 2733 2734 2788 de
2764 2733 3001 2805 Virgine,
3033 2745 3092 2793 ut
3123 2740 3484 2798 testimonium
3525 2742 3679 2809 perhi-

432 2837 599 2876 Inettnt
642 2838 744 2876 non
787 2831 860 2877 est
903 2823 966 2877 de
1002 2823 1097 2876 hoc
1138 2824 1344 2876 mundo.
1385 2823 1521 2893 Quid
1560 2825 1720 2878 vultis
1763 2809 2086 2914 amplius?
2132 2817 2251 2914 licet
2276 2821 2503 2914 veritati.
2543 2822 2648 2877 Sed
2687 2824 2808 2894 quin
2862 2842 2967 2881 non
3034 2829 3280 2884 omnium
3322 2840 3403 2886 est
3445 2831 3562 2888 ﬁdes
3603 2830 3673 2904 (li

431 2913 622 2970 Venite
646 2914 712 2970 ad
734 2930 955 2986 regnum
978 2915 1246 2985 quodnon
1268 2916 1438 2972 estde
1464 2915 1564 2969 hoc
1587 2917 1815 2982 mundo;
1842 2917 2021 2971 venite
2132 2908 2304 2965 Thess.
2335 2927 2414 2978 III,
2442 2912 2523 2982 2),
2547 2914 2811 2984 adjunxit,
2849 2925 3008 2988 atque
3051 2920 3127 2973 ait
3157 2937 3175 2975 :
3213 2920 3388 2976 Omnis
3412 2923 3492 2993 qui
3521 2932 3587 2977 est
3625 2937 3675 2976 es

430 3008 723 3075 credendo,
750 3018 804 3062 et
831 3009 992 3064 nolite
1019 3009 1211 3065 saavire
1233 3010 1538 3064 metuendo.
1563 3009 1702 3064 Dicit
1724 3009 1935 3079 quidem
1966 3010 2018 3063 in
2065 3006 2087 3088 Si
2125 3003 2352 3070 ueritate,
2383 3007 2526 3060 audit
2553 3025 2716 3062 meam
2742 3026 2928 3064 uocem.
2961 3011 3124 3066 Audit
3157 3014 3347 3084 utique
3375 3014 3675 3071 interioribus

431 3102 707 3170 prophetia
749 3101 816 3156 de
857 3102 971 3156 Deo
1010 3102 1188 3166 Patre,
1223 3101 1336 3174 Ego
1369 3111 1532 3156 autent
1571 3102 1867 3156 constitutus
1909 3118 2020 3156 sunt
2128 3096 2370 3164 auribUS,
2405 3099 2453 3151 id
2484 3109 2584 3164 est,
2615 3101 2992 3157 obauditmete
3023 3105 3179 3158 voci:
3217 3105 3354 3175 quod
3383 3106 3671 3162 tantumdem

431 3207 524 3245 rea:
545 3190 607 3245 ab
631 3207 688 3244 eo
717 3209 869 3260 super
890 3191 1018 3248 Sion
1041 3203 1256 3247 montem
1276 3203 1503 3247 sanctum
1530 3195 1639 3265 ejus
1664 3192 1834 3264 (Psat.
1856 3209 1912 3258 tt,
1935 3193 2014 3263 6);
2123 3189 2327 3244 valeret
2367 3190 2412 3243 si
2443 3189 2667 3257 diceret,
2697 3192 2878 3247 Credit
2913 3195 3062 3249 mihi.
3092 3194 3234 3250 Cum
3261 3199 3432 3267 itaque
3463 3197 3673 3253 Christus

429 3282 526 3337 sed
553 3283 679 3337 Sion
725 3283 814 3336 illa
858 3292 912 3338 et
958 3299 1110 3338 mons
1155 3284 1245 3338 ille
1295 3299 1398 3337 non
1447 3293 1529 3338 est
1565 3285 1631 3339 de
1667 3283 1769 3339 hoc
1794 3283 2014 3338 mundo.

428 3372 579 3442 Quod
620 3383 702 3430 est
746 3375 887 3430 enim
932 3374 1048 3444 ejus
1087 3391 1308 3444 regnum
1345 3377 1444 3430 nisi
1483 3376 1764 3431 credentes
1790 3377 1843 3430 in
1870 3392 2014 3444 eum,

429 3464 621 3533 quibus
643 3465 796 3528 dicit,
824 3464 900 3519 De
923 3465 1113 3519 mundo
1135 3483 1234 3520 non
1264 3467 1398 3530 estis,
1427 3467 1554 3521 sicut
1583 3477 1630 3521 et
1658 3484 1748 3538 ego
1778 3484 1878 3522 non
1905 3485 2016 3521 sum

429 3558 494 3614 de
517 3558 1022 3628 mundoiQuamvis
1051 3576 1142 3615 eos
1178 3575 1297 3615 esse
1325 3560 1486 3615 vellet
1533 3561 1583 3614 in
1625 3561 1824 3616 mundo
1852 3579 1864 3615 :
1892 3577 2016 3632 pro-

429 3660 552 3720 pter
581 3653 718 3721 quod
745 3652 810 3706 de
842 3652 946 3706 illis
968 3651 1100 3705 dixit
1125 3651 1187 3706 ad
1216 3653 1447 3717 Patrem,
1484 3651 1604 3706 Non
1632 3668 1754 3719 rogo
1783 3659 1838 3704 ut
1865 3651 2014 3705 tollas

428 3758 513 3798 eos
534 3743 596 3796 de
621 3743 828 3808 mundo,
853 3745 939 3797 sed
960 3754 1013 3796 ut
1031 3760 1193 3798 serves
1213 3761 1296 3798 eos
1320 3761 1382 3798 ex
1413 3747 1545 3799 malo
1568 3744 1746 3817 (Joan.
1769 3760 1897 3810 xvn,
1925 3745 2011 3813 i6,

426 3833 542 3902 15).
573 3833 726 3889 Unde
765 3843 818 3890 et
848 3835 933 3889 hic
962 3850 1068 3888 non
1098 3837 1190 3903 ait,
1221 3834 1452 3907 Regnum
1492 3853 1655 3890 meum
1698 3853 1799 3890 non
1841 3845 1915 3891 est
1961 3837 2013 3892 in

427 3923 532 3980 hoc
566 3924 798 3991 mundo;
829 3926 943 3991 sed,
977 3943 1076 3980 non
1112 3936 1185 3981 est
1217 3927 1279 3982 de
1308 3928 1400 3982 hoc
1441 3929 1646 3982 mundo.
1673 3929 1736 3983 Et
1766 3944 1884 3983 cum
1915 3928 2016 3984 hoc

425 4015 677 4086 probaret
698 4018 901 4084 dicens,
933 4017 995 4075 Si
1024 4036 1087 4074 ea:
1106 4021 1201 4075 hoc
1223 4023 1410 4076 mundo
1437 4032 1562 4078 esset
1590 4040 1798 4092 regnum
1825 4041 2009 4089 meum,

426 4112 646 4166 ministri
668 4112 764 4166 mei
786 4115 954 4186 utique
975 4114 1304 4180 depertarent,
1333 4127 1387 4169 ut
1415 4132 1512 4169 non
1535 4118 1758 4169 traderer
1777 4115 1971 4171 Juda’is
1996 4133 2012 4170 :

423 4217 532 4258 non
560 4206 651 4271 ait,
681 4203 833 4260 Nunc
857 4220 1026 4262 autent
1053 4226 1259 4280 regnum
1286 4225 1450 4262 meum
1493 4225 1594 4262 non
1632 4217 1715 4265 est
1742 4209 1825 4264 hic
1850 4229 1864 4275 ;
1897 4209 2010 4275 sed,

425 4311 526 4350 non
553 4306 624 4352 est
648 4298 784 4352 hinc.
809 4298 904 4354 ilic
933 4309 1016 4355 est
1036 4301 1179 4355 enim
1201 4316 1422 4371 regnum
1448 4300 1566 4370 ejus
1588 4316 1752 4371 usque
1776 4301 1827 4355 in
1852 4301 2012 4355 ﬁnem

425 4389 629 4455 saeculi,
663 4388 865 4444 habens
905 4393 1046 4446 inter
1088 4407 1146 4446 se
1184 4394 1469 4446 commixta
1506 4393 1702 4444 zizania
1743 4407 1909 4461 usque
1943 4393 2010 4445 ad

425 4498 655 4539 messem
682 4500 697 4548 ;
723 4485 912 4539 messis
939 4487 1081 4539 enim
1113 4486 1231 4538 ﬁnis
1259 4496 1338 4539 est
1379 4487 1556 4538 saeculi
1582 4529 1591 4544 ,
1620 4485 1832 4556 quando
1875 4501 2013 4539 mes—

424 4590 576 4630 sores
593 4575 828 4642 venient,
859 4575 909 4630 id
935 4588 1017 4629 est
1042 4576 1245 4645 Angeli,
1273 4585 1325 4630 et
1351 4577 1597 4644 colligent
1619 4577 1683 4630 de
1705 4591 1870 4645 regno
1897 4577 2013 4644 ejus

423 4667 602 4721 omnia
630 4665 877 4721 scandala
911 4665 1120 4741 (Matth.
1146 4684 1259 4734 xm,
1287 4667 1498 4739 584i);
1531 4670 1668 4737 quod
1701 4669 1879 4739 utique
1906 4684 2011 4724 non

426 4759 596 4824 fieret,
624 4758 667 4813 si
696 4774 916 4830 regnum
957 4761 1071 4830 ejus
1103 4775 1207 4815 non
1236 4773 1380 4817 esset
1409 4761 1515 4815 hic.
1542 4761 1645 4818 Sed
1688 4770 1862 4816 tamen
1903 4778 2009 4816 non

423 4861 506 4906 est
553 4851 709 4915 hinc;
759 4854 880 4924 quia
932 4853 1299 4924 peregrinatur
1341 4854 1393 4908 in
1445 4855 1681 4910 mundo:
1714 4869 1877 4924 regno
1914 4870 2010 4908 suo

422 4943 617 5014 quippe
643 4943 789 5010 dicit,
819 4943 899 5000 De
922 4944 1109 4998 mundo
1130 4963 1230 4999 non
1253 4947 1400 5014 estis,
1433 4946 1521 5001 sed
1547 4963 1636 5018 ego
1663 4962 1748 4999 vos
1786 4947 1912 5017 elegi
1950 4947 2011 5000 de

424 5034 614 5088 mundo
658 5033 836 5102 (Joan.
863 5051 950 5100 xv,
976 5034 1086 5109 l9).
1111 5036 1277 5092 Erant
1301 5053 1428 5110 ergo
1454 5038 1521 5094 de
1547 5037 1764 5100 mundo,
1797 5037 2009 5106 quando

423 5138 644 5196 regnum
676 5124 791 5192 ejus
818 5142 922 5178 non
951 5136 1124 5194 erant,
1146 5130 1240 5184 sed
1265 5130 1332 5184 ad
1359 5131 1537 5184 mundi
1570 5132 1858 5200 principem
1884 5147 2007 5200 per-

421 5215 682 5273 tinebaut.
725 5214 802 5269 De
847 5218 1046 5270 mundo
1085 5227 1168 5272 est
1209 5237 1336 5290 ergo
1375 5222 1628 5293 quidquid
1671 5223 1945 5277 hominum
1976 5239 2006 5277 a

422 5324 548 5363 vero
575 5308 789 5378 quidem
827 5305 940 5362 Deo
961 5316 1217 5376 creatum,
1245 5312 1336 5366 sed
1365 5329 1428 5368 ex
1456 5315 1623 5368 Adam
1651 5317 1829 5369 vitiata
1846 5324 2005 5385 atque

420 5397 667 5454 damnata
694 5399 859 5467 stirpe
887 5405 1197 5470 generatum
1229 5410 1309 5454 est
1338 5420 1349 5456 :
1382 5401 1578 5458 factum
1605 5417 1688 5460 est
1713 5415 1888 5462 autem
1921 5423 1998 5461 re-
2030 5454 2036 5464 .

2036 5473 2071 5504 ”
2114 5499 2197 5546 est
2221 5507 2282 5545 ex
2311 5493 2552 5555 veritate,
2581 5494 2702 5563 quia
2730 5492 2848 5562 ejus
2876 5493 3021 5547 audit
3046 5507 3268 5555 vocem;
3299 5487 3386 5544 sed
3429 5483 3540 5539 ideo‘
3559 5491 3636 5534 ευ·

419 5507 578 5560 gnum
624 5507 730 5547 non
767 5493 876 5563 jam
917 5492 985 5547 de
1019 5492 1237 5556 mundo,
1267 5494 1517 5563 quidquid
1562 5497 1681 5551 inde
1713 5499 1762 5553 in
1795 5499 2006 5568 Christo

419 5595 789 5656 regeneratum
827 5596 932 5644 est.
965 5585 1053 5642 Sic
1088 5587 1231 5641 enim
1267 5601 1364 5641 nos
1389 5587 1531 5643 Deus
1570 5591 1709 5645 eruit
1748 5592 1816 5646 de
1854 5602 2003 5661 pote-

421 5685 558 5734 state
587 5681 948 5746 teuebrarum,
977 5689 1031 5736 et
1052 5680 1320 5736 transtulit
1345 5682 1401 5736 in
1431 5697 1648 5753 regnum
1677 5683 1795 5739 Filii
1825 5686 2001 5740 chari-

420 5771 545 5830 satis
569 5784 684 5824 suae
712 5769 928 5836 (Coloss.
953 5788 991 5839 ι,
1022 5773 1108 5843 15)
1133 5789 1147 5828 :
1172 5773 1240 5831 de
1261 5789 1367 5847 quo
1397 5791 1562 5849 regno
1591 5777 1747 5847 dicit,
1772 5779 2002 5850 Regnum

2123 3274 2488 3328 testimonium
2521 3277 2761 3345 perhibet
2803 3278 3031 3342 veritati,
3065 3279 3310 3348 profecto
3348 3283 3668 3338 testimonium

2123 3365 2368 3435 perhibet
2395 3368 2494 3420 sibi
2523 3385 2536 3420 :
2571 3369 2685 3438 ejus
2711 3371 2906 3439 quippe
2941 3386 3044 3425 vox
3075 3381 3178 3438 est,
3223 3373 3332 3444 Ego
3376 3391 3482 3432 sunt
3518 3373 3668 3428 veritas

2123 3457 2301 3530 (Joan.
2330 3477 2439 3526 xiv,
2471 3461 2526 3532 6)
2559 3480 2570 3513 ε
2604 3473 2658 3516 et
2684 3463 2819 3518 dixit
2865 3465 2969 3518 alio
3015 3482 3234 3536 quoque
3264 3469 3400 3535 loco,
3427 3469 3532 3540 Ego
3552 3469 3667 3523 testi-

2121 3553 2343 3604 monium
2370 3553 2601 3623 perhibeo
2629 3555 2692 3608 de
2713 3573 2792 3609 me
2816 3557 2833 3624 (
2855 3555 2938 3609 Id.
2969 3573 3080 3620 vtu,
3111 3559 3227 3630 i8).
3256 3559 3406 3627 Quod
3432 3571 3550 3616 item
3584 3561 3664 3624 ait,

2125 3642 2303 3697 Omnis
2340 3645 2424 3713 qui
2447 3655 2531 3720 est
2567 3663 2630 3699 ea:
2658 3648 2881 3713 veritate,
2909 3650 3051 3703 audit
3076 3665 3250 3705 uocem
3270 3669 3442 3717 meum,
3471 3650 3663 3720 gratiam

2121 3736 2512 3790 commendavit
2563 3753 2664 3807 qua
2709 3740 2998 3794 secundum
3031 3744 3361 3813 propositum
3400 3751 3556 3797 vocat.
3602 3739 3666 3796 De

2120 3845 2225 3900 quo
2253 3833 2528 3900 proposito
2557 3831 2683 3886 dicit
2728 3834 3030 3901 Apostolus,
3061 3832 3265 3890 Scimus
3283 3837 3397 3909 quia
3436 3833 3659 3903 diligenti-

2121 3923 2210 3976 bus
2236 3921 2393 3976 Deum
2421 3926 2588 3978 omnia
2612 3942 2848 3995 cooperar
2865 3937 2947 3979 tur
2975 3927 3026 3980 in
3062 3926 3274 3996 bonum,
3307 3931 3384 3983 his
3405 3929 3491 3999 qui
3512 3943 3662 3981 secun-

2121 4012 2242 4066 dum
2263 4016 2574 4084 prepositum
2604 4015 2696 4068 Dei
2727 4017 2890 4070 vocati
2926 4028 3045 4072 sunt
3085 4017 3264 4090 (Rom.
3296 4036 3403 4085 vin,
3430 4018 3534 4092 28);
3558 4032 3662 4087 [lo-

2122 4108 2348 4176 positum
2381 4109 2581 4163 scilicet
2603 4110 2862 4177 vocantis,
2895 4125 3000 4164 non
3029 4120 3339 4169 vocatorum
3369 4132 3381 4166 :
3411 4110 3544 4184 quod
3559 4107 3660 4164 alibi

2121 4201 2354 4270 apertius
2377 4202 2445 4254 ita
2468 4203 2694 4271 positum
2717 4212 2820 4269 est,
2847 4203 3111 4258 Coitabora
3127 4204 3400 4278 Evangelia
3425 4201 3659 4260 secundum

2120 4293 2348 4347 uirtutem
2377 4292 2485 4357 Dei,
2515 4295 2678 4349 salvos
2721 4311 2812 4348 nos
2845 4295 3077 4364 facientis
3102 4306 3146 4350 et
3174 4298 3395 4352 uocantis
3439 4293 3660 4350 vocatione

2117 4401 2210 4437 sua
2228 4394 2439 4449 sancta;
2465 4403 2562 4438 non
2585 4386 2860 4440 secundum
2887 4403 3042 4455 opera
3062 4398 3256 4454 nostra,
3291 4388 3381 4443 sed
3418 4385 3657 4442 mundum

2118 4493 2265 4550 suum
2286 4479 2596 4548 propositum
2626 4489 2671 4531 et
2699 4480 2916 4547 gratiam
2957 4482 2973 4549 (
3002 4479 3043 4534 li
3064 4478 3199 4534 Tim.
3227 4498 3263 4548 I,
3287 4481 3342 4543 8,
3369 4479 3443 4550 9).
3487 4476 3601 4532 Nam
3619 4472 3655 4527 Ii

2108 4545 2363 4622 naturam
2385 4569 2678 4638 cogitemus
2705 4570 2754 4622 in
2778 4585 2883 4638 qua
2903 4571 3068 4625 creati
3093 4587 3297 4633 sumus,
3341 4585 3456 4625 cum
3493 4577 3654 4622 omnes

2118 4659 2312 4712 veritas
2331 4660 2612 4726 creaverit,
2654 4661 2772 4730 quis
2797 4675 2900 4715 non
2945 4671 3030 4717 est
3054 4679 3119 4718 ex
3149 4663 3396 4719 veritate?
3444 4657 3539 4716 Sed
3565 4670 3650 4710 I0"

2116 4761 2305 4801 ernnes
2350 4760 2474 4802 sunt
2513 4750 2706 4818 quibus
2736 4759 2794 4804 ut
2817 4751 3036 4807 audiant
3057 4757 3352 4820 veritatem,
3379 4753 3474 4816 hoc
3513 4756 3584 4804 est
3605 4753 3649 4800 ιιι

2117 4838 2404 4893 obaudiunt
2430 4840 2659 4903 veritati,
2704 4851 2756 4896 et
2800 4843 3099 4898 credantin
3127 4849 3415 4911 veritatem,
3453 4859 3512 4896 ex
3557 4840 3649 4906 illst

2063 4953 2078 4964 ·
2117 4933 2338 4990 veritate
2366 4943 2676 5002 praestatur;
2707 4936 2865 4990 nullis
2915 4940 3099 5006 procul
3141 4939 3304 4994 dubio
3342 4929 3648 5007 prteoedmti-

2119 5026 2215 5080 bus
2241 5026 2463 5091 meritis,
2493 5040 2564 5081 ne
2583 5028 2752 5096 gratia
2791 5044 2896 5083 non
2939 5030 3009 5083 sit
3031 5031 3218 5100 gratia.
3253 5029 3312 5086 Si
3349 5027 3478 5082 enim
3503 5021 3644 5078 dixis—

2117 5126 2216 5181 set,
2240 5119 2424 5173 Omnis
2441 5121 2531 5189 qui
2576 5120 2726 5174 audit
2761 5137 2932 5176 meam
2962 5137 3167 5188 vocem,
3213 5138 3275 5177 ex
3311 5119 3514 5174 veritate
3549 5120 3643 5170 est}

2117 5210 2238 5266 ideo
2260 5210 2432 5265 dictus
2465 5226 2531 5269 ex
2583 5213 2805 5268 veritate
2846 5225 3139 5285 putaretur,
3185 5214 3304 5284 quia
3354 5209 3643 5275 obtemperat

2115 5306 2323 5361 veritati
2355 5323 2366 5356 :
2397 5321 2502 5359 non
2549 5315 2727 5360 autem
2759 5306 2858 5362 hoc
2881 5309 2984 5371 sit;
3035 5308 3125 5362 sed
3145 5309 3235 5373 ait,
3262 5303 3430 5360 Omnis
3469 5297 3546 5369 qui
3582 5298 3641 5345 αι

2113 5415 2180 5454 ea:
2201 5400 2422 5464 veritate,
2471 5400 2613 5454 audit
2638 5417 2798 5453 meam
2823 5416 3011 5457 uocem.
3048 5403 3125 5456 Ac
3153 5416 3245 5471 per
3265 5398 3362 5452 hoc
3397 5407 3494 5449 non
3543 5384 3633 5440 ἰὼ*

2113 5583 2211 5649 dit,
2243 5585 2364 5653 quia
2390 5600 2456 5639 ex
2492 5587 2714 5640 veritate
2737 5595 2838 5651 est,
2870 5585 2919 5640 id
2940 5595 3044 5650 est,
3065 5587 3186 5657 quia
3233 5585 3328 5639 hoc
3355 5579 3424 5635 iiii
3463 5575 3630 5630 dolum

2113 5687 2184 5730 ex
2213 5675 2437 5731 veritate
2464 5679 2710 5731 collatum
2741 5687 2839 5732 est.
2870 5678 3023 5744 Quod
3052 5678 3271 5748 quidest
3295 5670 3444 5733 aliud,
3491 5671 3622 5734 (1³³1³

2112 5841 2152 5850 ,η
2172 5789 2247 5856 (ιι)
2277 5796 2445 5851 (ξι-ωε..
2468 5792 2536 5842 eis
2559 5790 2697 5842 ιαιιο.
