3994 6408
557 365 696 426 εει-γ

556 483 729 551 tioops
754 471 1090 550 pinguedinis
1109 467 1244 527 oleze
1262 507 1278 535 ,
1308 478 1418 520 non
1458 461 1577 516 olea
1609 457 1872 551 particeps
1894 452 2030 508 facta
2052 458 2135 551 est

552 542 925 632 ana-riudinis
949 561 1164 622 oleastri
1193 556 1370 631 (Rom.
1397 571 1474 621 si,
1499 553 1607 623 17).
1639 550 1770 607 Nam
1808 549 1860 602 in
1887 561 1954 602 eo
1991 542 2133 615 quod

552 665 624 724 ds
641 661 859 723 atriolo
887 655 1145 712 veraciter
1172 652 1402 720 scriptus
1430 657 1516 706 est
1536 645 1750 708 titulus,
1781 641 1894 697 Rex
1917 637 2135 694 Juda'o-

555 774 693 824 nos,
721 755 810 825 qui
831 762 954 810 sunt
978 745 1304 817 intelligendi
1325 743 1493 801 Judaei
1509 781 1526 808 ,
1550 739 1652 795 nisi
1679 751 1862 792 semen
1885 731 2134 794 Abrahaz,

557 851 654 912 ﬁlii
696 844 1094 922 promissionis.
1124 840 1213 910 qui
1242 846 1367 896 sunt
1389 837 1550 892 etiam
1578 831 1669 887 lilii
1712 826 2134 922 Deilouoniam

559 959 664 1002 non
681 914 768 1009 qui
792 934 1104 1008 ﬁliicarnis,
1125 933 1200 988 sit
1226 927 1552 999 Apostolus,
1581 925 1631 977 m‘
1653 923 1748 991 [itii
1773 920 1905 985 Dei;
1936 917 2024 973 sed
2051 914 2138 1009 qui

557 1032 656 1102 ﬂii
679 1005 1048 1102 promissionis,
1074 1025 1381 1095 deputantur
1408 1019 1462 1072 in
1495 1017 1685 1072 semine
1712 1012 1823 1085 (Id.
1853 1010 2040 1102 11,],
2057 1005 2134 1102 8).

558 1097 628 1182 ἧι
646 1097 844 1178 fientes
862 1125 1016 1175 erant
1054 1115 1245 1184 quibus
1263 1109 1473 1166 dicebat
1489 1147 1506 1174 ,
1537 1107 1597 1162 Si
1624 1113 1788 1160 autem
1815 1117 1900 1156 vos
1920 1097 2134 1159 Christi,

554 1227 678 1284 σου
707 1208 924 1267 Abram
955 1222 1123 1263 seuseu
1143 1203 1260 1260 estis
1279 1243 1295 1267 ,
1319 1200 1594 1255 secundum
1631 1192 2008 1267 promissionem
2035 1189 2143 1240 hie-

559 1280 702 1360 radcs
749 1298 946 1374 (Colat.
978 1313 1033 1352 ut
1055 1337 1070 1362 ,
1096 1295 1208 1366 9.9).
1235 1296 1346 1348 lie:
1374 1306 1501 1362 ergo
1524 1288 1827 1344 Judaeorum
1857 1280 2134 1374 Christus,

556 1392 652 1452 Iud
676 1371 980 1450 Judteorum
1005 1386 1408 1443 circumcisione
1435 1381 1638 1444 cordis,
1665 1376 1852 1446 spiritu
1873 1414 1890 1439 ,
1921 1387 2025 1426 non
2054 1371 2140 1426 lit-

547 1493 712 1548 Mn;
743 1497 972 1553 quorum
1000 1481 1117 1536 laus
1146 1494 1251 1532 non
1299 1491 1365 1532 ex
1409 1470 1742 1534 hominibus,
1784 1465 1879 1520 sed
1921 1479 1982 1519 ex
2028 1463 2138 1517 Deo

558 1583 643 1634 est
665 1573 837 1645 (Rom.
862 1589 921 1639 ιι,
946 1570 1062 1639 29);
1091 1565 1466 1638 pertinentium
1488 1561 1556 1618 ad
1586 1557 1882 1616 Jerusalem
1907 1555 2124 1608 liberam

559 1674 788 1734 malum
833 1671 1067 1718 nostram
1111 1670 1364 1712 aeternam
1394 1655 1450 1712 io
1470 1648 1658 1716 allis,
1683 1649 1866 1704 Soram
1895 1645 2139 1714 Spiritus-

562 1757 670 1814 lem
693 1797 709 1822 ,
750 1754 996 1809 ancillam
1024 1760 1080 1806 et
1101 1748 1238 1801 ﬁlios
1267 1745 1385 1813 ejus
1413 1745 1427 1774 ¹
1451 1744 1524 1796 de
1562 1738 1725 1793 domo
1766 1736 2020 1791 libertatis
2039 1734 2138 1802 eji-

555 1848 790 1906 cientem
840 1842 1036 1915 (Galat.
1081 1855 1156 1904 tv,
1203 1836 1416 1906 22-51).
1451 1833 1573 1888 ideo
1602 1830 1743 1884 eiiim
1772 1829 1972 1884 Pilatus
1999 1825 2137 1896 quod

557 1937 802 2010 scripsit,
831 1933 1077 2002 scripsit;
1108 1929 1230 1999 quia
1258 1926 1518 1984 Dominus
1541 1922 1681 1994 quod
1707 1922 1869 1988 dixit,
1896 1920 2048 1976 dixit.

1013 2040 1424 2099 TRACTATUS
1460 2036 1688 2094 CXVllI.

562 2149 630 2216 Iit
657 2159 767 2216 Eata
795 2157 975 2224 verba,
1007 2151 1196 2209 Milites
1223 2167 1350 2223 ergo
1387 2165 1509 2206 cum
1551 2146 1938 2204 cruciﬁxissent
1979 2159 2100 2198 eum
2121 2187 2137 2213 ,

629 2257 951 2321 aceeperunt
974 2249 1288 2304 vestimenta
1329 2245 1444 2314 ejus
1465 2286 1479 2310 ,
1513 2251 1605 2297 etc.
1652 2239 1781 2311 Cap.
1813 2254 1906 2294 xu
1928 2281 1942 2304 ,
1989 2237 2026 2310 γ
2061 2237 2134 2308 γ.

627 2339 716 2409 15,
748 2340 838 2398 24.

633 2459 685 2514 1.
725 2455 803 2514 Ea
846 2471 962 2526 quae
1002 2462 1150 2526 gesta
1177 2460 1300 2508 sunt
1322 2450 1470 2520 juxta
1496 2463 1706 2503 crucem
1738 2443 1990 2512 Domini,
2017 2457 2138 2498 cum

534 2533 666 2626 jam
709 2547 989 2606 cruciﬁxus
1031 2554 1207 2611 esset,
1246 2545 1377 2610 isto,
1425 2549 1679 2613 quantum
1725 2537 1975 2607 adjuvat,
2029 2549 2142 2590 ser-

564 2657 723 2697 mone
755 2649 1060 2696 tractemus.
1108 2656 1127 2689 i
1161 2637 1352 2692 Milites
1404 2649 1531 2706 ergo
1584 2648 1703 2687 cum
1752 2629 2142 2684 cruciﬁxissent

560 2752 683 2796 eum
706 2777 721 2802 ,
764 2742 1085 2805 acceperunt
1108 2731 1426 2786 vestimenta
1453 2727 1567 2798 ejus
1589 2768 1603 2793 ,
1656 2733 1710 2779 et
1737 2717 1980 2778 fecerunt
2007 2733 2142 2790 qua-

563 2837 684 2881 tuor
710 2833 926 2896 partes;
978 2821 1264 2892 unicuique
1293 2818 1445 2873 militi
1491 2825 1732 2886 partem,
1787 2822 1841 2868 et
1886 2813 2138 2866 tunicam.

561 2915 688 2972 Erat
706 2926 881 2970 autem
912 2915 1088 2969 tunica
1119 2908 1479 2976 inconsutilis,
1509 2905 1742 2976 desuper
1769 2909 2018 2958 contexta
2047 2917 2144 2972 per

561 2993 730 3063 totum
761 3025 773 3061 :
806 3005 1055 3061 dixerunt
1102 3018 1228 3074 ergo
1273 3000 1340 3056 ad
1388 3001 1613 3054 invicem
1638 3039 1654 3064 ,
1694 2993 1808 3050 Non
1840 2993 2141 3049 scimlamus

561 3113 680 3156 eam
701 3139 715 3160 ,
739 3097 832 3151 sed
855 3097 1136 3152 sortiamnr
1156 3091 1223 3148 de
1253 3093 1341 3147 illa
1362 3090 1513 3160 cujus
1541 3090 1629 3144 sit.
1659 3085 1729 3144 Ut
1752 3085 2024 3154 Scriptura
2047 3085 2145 3136 im-

562 3187 798 3260 pleretur
818 3185 1002 3241 dicens
1025 3229 1040 3253 ,
1071 3185 1252 3239 Partiti
1280 3192 1401 3238 sunt
1430 3181 1741 3235 vestimenta
1769 3191 1887 3231 mea
1909 3175 2007 3230 sibi
2033 3215 2048 3239 ,
2089 3183 2142 3228 et

564 3277 620 3333 in
647 3285 845 3332 vestem
873 3293 1046 3330 meam
1069 3276 1325 3331 miserunt
1352 3281 1569 3328 sortem.
1602 3290 1622 3322 ι
1655 3269 1872 3322 Factum
1899 3275 1980 3320 est
2002 3263 2142 3334 quod

527 3439 532 3446 ι
564 3369 846 3425 voluerunt
872 3365 1079 3423 Judaei:
1113 3382 1218 3422 non
1245 3366 1378 3436 ipsi,
1410 3364 1504 3418 sed
1537 3360 1731 3416 milites
1771 3359 1860 3429 qui
1890 3356 2144 3429 parebant

563 3459 736 3518 Pilato
756 3501 769 3524 ,
812 3457 1084 3531 judicantc
1114 3458 1230 3528 ipso
1252 3498 1265 3522 ,
1307 3455 1685 3512 cruciﬁxerunt
1711 3451 1926 3516 Jesum;
1977 3459 2031 3504 et
2059 3458 2143 3504 ta-

565 3566 689 3611 men
715 3549 759 3606 si
784 3551 1080 3605 voluntates
1101 3591 1116 3616 ,
1163 3547 1210 3602 si
1252 3546 1503 3612 insidias,
1533 3545 1578 3600 si
1607 3559 1821 3614 Operam
1842 3583 1858 3609 ,
1891 3541 1933 3596 sl
1980 3542 2144 3595 tradi-

565 3643 766 3704 tionem
787 3686 802 3712 ,
831 3652 1103 3718 postremo
1133 3643 1176 3696 si
1229 3647 1610 3710 extorquentes
1654 3637 1916 3694 clamores
1959 3651 2142 3692 eorum

563 3737 856 3814 cogitemus
873 3777 886 3798 ,
920 3733 1086 3806 magis
1109 3734 1286 3804 utique
1306 3731 1476 3787 Judaei
1505 3727 1879 3784 cruciﬁxerunt
1903 3727 2105 3782 Iesum.

635 3818 691 3882 2.
735 3826 838 3883 Sed
868 3825 935 3881 de
965 3826 1244 3894 partitione
1289 3833 1344 3879 et
1390 3824 1664 3878 sortitione
1709 3821 2144 3876 vestimentorum

567 3917 684 3988 ejus
713 3932 818 3972 non
848 3928 929 3972 est
953 3925 1335 3986 pra-.tereunter
1359 3914 1699 3983 loquendum.
1723 3911 1976 3981 Quamvis
2002 3910 2142 3964 enim

530 4021 756 4080 omnes
781 4006 1130 4078 Evangelistte
1173 4013 1399 4074 quatuor
1441 4003 1595 4072 hujus
1643 4002 1720 4056 rei
1765 4000 2142 4065 meminerint,

535 4097 746 4155 caeteri
783 4107 955 4152 tamen
986 4094 1204 4153 brevius
1242 4113 1398 4168 quam
1429 4095 1661 4150 Joannes
1696 4113 1709 4147 :
1741 4102 1795 4148 et
1819 4094 2000 4147 clause
2030 4089 2140 4158 illi,

531 4240 543 4264 _.
569 4189 672 4248 iste
714 4205 842 4245 vero
865 4190 1222 4261 apertissime.
1252 4185 1382 4242 Nam
1412 4183 1688 4241 Matthteus
1716 4184 1789 4237 ait
1818 4202 1832 4238 :
1865 4180 2144 4252 Postquam

565 4292 734 4336 autem
760 4283 1119 4351 cruciﬁxerunt
1159 4298 1305 4346 eum,
1355 4277 1626 4332 diviserunt
1671 4277 1959 4331 vestimenta
2001 4277 2142 4344 ejus,

534 4384 747 4431 -sortem
782 4369 1072 4443 mittentes(
1101 4368 1286 4424 Matth.
1317 4386 1487 4437 xxvu,
1520 4370 1632 4442 '55).
1661 4367 1866 4424 Marcus
1898 4386 1910 4422 :
1942 4367 2006 4421 Et
2026 4385 2144 4421 cru-

567 4464 820 4536 ciﬁgentes
861 4479 1003 4527 eum,
1059 4463 1332 4514 diuiserunt
1386 4461 1672 4512 vestimenta
1721 4460 1864 4530 ejus,
1905 4458 2147 4510 mittentes

569 4561 752 4607 sortem
778 4568 927 4621 super
947 4553 1016 4606 eis
1033 4593 1049 4617 ,
1075 4551 1186 4622 quis
1207 4549 1328 4622 quid
1348 4548 1535 4602 tolleret
1560 4546 1749 4620 (Marc.
1776 4563 1868 4613 xv,
1897 4546 2011 4618 Ἡ).
2037 4543 2146 4600 Lu-

536 4634 538 4636 ⁷
568 4655 661 4700 cas
691 4659 705 4694 :
737 4640 1027 4716 Dividentes
1074 4657 1187 4694 vero
1213 4639 1502 4694 uestimenta
1539 4640 1678 4711 ejus,
1731 4638 1967 4691 miserunt
1992 4647 2148 4690 sortes

534 4797 536 4800 τ
574 4733 724 4806 (Luc.
753 4749 906 4800 xxnl,
939 4732 1049 4808 54).
1077 4731 1312 4788 Joannes
1332 4739 1508 4786 autem
1531 4739 1586 4789 et
1610 4738 1739 4802 quot
1760 4739 1936 4800 partes
1960 4729 2025 4785 de
2053 4745 2148 4785 ve-

530 4829 838 4896 _stimentis
886 4828 1000 4902 ejus
1027 4827 1275 4906 fecerint,
1309 4824 1481 4894 dixit,
1532 4827 1583 4884 id
1629 4838 1741 4891 est,
1793 4837 2051 4898 quatuor,
2093 4817 2149 4882 ut

527 4984 536 4989 _
571 4922 803 4995 singulas
834 4921 1099 4978 tollerent.
1148 4921 1299 4978 Unde
1327 4929 1546 4991 apparet
1587 4930 1813 4990 quatuor
1843 4919 2003 4974 fuisse
2046 4921 2147 4975 mi-

571 5015 694 5089 lites
718 5014 807 5087 qui
838 5016 888 5069 in
917 5030 982 5070 eo
1018 5013 1375 5086 crucifigendo
1404 5014 1614 5084 praesidi
1643 5021 1949 5084 paruerunt.
1983 5011 2149 5066 Mani-

527 5149 529 5151 .
575 5105 704 5159 reste
731 5105 924 5174 quippe
945 5105 1056 5168 ait,
1085 5103 1274 5158 Milites
1293 5120 1411 5174 ergo
1440 5120 1554 5157 cum
1589 5104 1958 5172 cruciﬁxissent
1995 5118 2108 5156 eum
2131 5143 2146 5168 ,

572 5203 872 5264 acceperunt
898 5197 1185 5248 uestimenta
1212 5197 1321 5266 ejus
1343 5236 1358 5262 ,
1388 5204 1437 5249 et
1467 5197 1687 5265 fecerunt
1707 5205 1922 5264 quatuor
1945 5203 2112 5264 partes
2131 5236 2146 5261 ,

572 5283 840 5355 unicuique
887 5285 1035 5338 militi
1076 5295 1298 5356 partem,
1339 5294 1385 5340 et
1431 5288 1683 5352 tunicam;
1731 5287 2146 5341 subaudiendum

572 5387 688 5447 est,
737 5386 1058 5446 acceperunt
1085 5394 1097 5429 :
1143 5385 1202 5431 ut
1230 5377 1330 5432 iste
1354 5379 1422 5432 sit
1453 5394 1674 5444 sensus,
1706 5379 2036 5450 Acceperunt
2060 5396 2153 5436 ve-

573 5469 820 5523 stimenta
849 5465 966 5538 ejus
989 5508 1005 5534 ,
1035 5474 1089 5522 et
1109 5465 1346 5521 fecerunt
1371 5479 1593 5539 quatuor
1614 5480 1789 5539 partes
1810 5511 1827 5537 ,
1871 5473 2152 5542 unicuique

565 5561 728 5642 militi
768 5571 1004 5634 partem;
1035 5569 1357 5632 acceperunt
1379 5570 1432 5616 et
1461 5563 1713 5618 tunicam.
1746 5565 1812 5619 Et
1841 5564 1917 5620 sic
1945 5564 2152 5620 locutus

536 5730 539 5733 π
575 5660 693 5720 est,
748 5663 804 5706 ut
830 5652 897 5709 de
921 5652 1131 5710 caeteris
1159 5653 1487 5708 vestimentis
1516 5653 1712 5709 nullam
1769 5665 1964 5711 sortem
2024 5658 2150 5711 mis-

645 5765 660 5795 ’
685 5763 758 5816 Sic
777 5776 950 5817 omnes
968 5773 1074 5818 Mss.
1099 5764 1219 5819 aditi
1243 5779 1360 5819 vero
1376 5766 1576 5831 habent,
1601 5773 1648 5820 et
1668 5764 1825 5834 ﬁlium
1845 5767 1967 5831 ejus.

1476 345 1541 399 IN
1577 333 1854 398 remeas
1892 287 2353 400 aususnon,
2397 332 2454 388 s.
2495 332 2858 393 AUGUSTINI

3651 348 3761 408 ίθιε

2243 464 2356 507 sum
2398 466 2520 508 esse
2544 453 2849 518 videamus;
2879 449 2974 509 sed
3009 452 3077 511 de
3105 455 3278 512 tunica
3301 472 3462 527 quam
3483 462 3640 520 simul.
3667 484 3764 528 cum

2241 543 2449 597 creteris
2500 553 2862 612 acceperunt,
2893 543 2991 599 sed
3035 546 3449 604 uerisimiliter
3497 550 3771 616 diviserunt.

2243 632 2321 690 De
2351 635 2448 690 hac
2483 636 2624 690 enim
2654 637 2893 706 sequitur
2915 652 3217 707 exponens,
3273 639 3403 696 Erat
3435 653 3598 700 autem
3636 655 3770 708 tunica

2241 723 2569 792 inoonsutilis,
2599 726 2815 795 desuper
2840 736 3072 781 contemta
3099 745 3186 798 per
3208 739 3390 787 totum.
3409 731 3516 790 Cur
3539 747 3694 796 autem
3717 744 3767 801 de

2242 819 2330 876 illa
2354 829 2552 876 sortem
2582 821 2841 876 miserunt
2867 836 3089 876 narrans
3116 839 3130 875 :
3158 823 3412 881 Dixerunt
3439 845 3552 900 ergo
3573 865 3592 896 ,
3618 834 3768 904 inquit.

2241 909 2311 963 ad
2334 911 2561 974 invicem,
2607 909 2726 964 Non
2751 911 3043 967 scindamus
3065 930 3196 977 eam,
3227 915 3320 969 sed
3344 919 3609 973 sortiamur
3633 925 3686 976 de
3705 925 3773 978 ills

2242 1002 2387 1072 cujus
2414 1003 2496 1055 sit.
2529 1003 2759 1071 Apparet
2782 1004 2958 1074 itaque
2986 1004 3038 1058 in
3065 1005 3182 1060 aliis
3207 1007 3451 1062 vestibus
3469 1014 3680 1078 aequales
3700 1030 3770 1070 eos

2245 1091 2495 1146 habuisse
2525 1101 2731 1161 partes,
2775 1103 2835 1149 ut
2875 1097 3055 1150 sortiri
3106 1111 3330 1152 necesse
3380 1115 3486 1154 non
3533 1099 3770 1160 fueritzin

2243 1181 2332 1238 illa
2356 1197 2484 1238 vero
2505 1198 2605 1237 una
2632 1199 2736 1238 non
2763 1200 2856 1240 eos
2879 1185 3077 1242 habere
3105 1189 3345 1258 potuisse
3367 1189 3594 1260 singulas
3617 1205 3770 1263 partes,

2244 1272 2346 1326 nisi
2374 1274 2705 1329 scinderetur
2726 1315 2742 1342 ,
2782 1285 2840 1330 ut
2870 1291 3070 1346 pannos
3094 1279 3211 1347 ejus
3250 1279 3510 1336 inutiliter
3538 1285 3770 1351 tollerent;

2243 1364 2383 1434 quod
2412 1381 2479 1420 ne
2511 1365 2778 1432 facerent,
2811 1368 2874 1421 ad
2905 1385 3064 1423 unum
3092 1385 3211 1425 eam
3239 1373 3522 1442 pervenire
3545 1377 3772 1434 sortitione

2243 1456 2566 1511 maluerunt.
2614 1459 2783 1528 Hujus
2833 1461 3171 1532 evangelista:
3220 1465 3514 1519 narrationi
3561 1479 3774 1524 consonat

2243 1547 2402 1602 etiam
2434 1549 2801 1619 propheticum
2830 1553 3186 1608 testimonium
3207 1595 3223 1620 ,
3271 1555 3418 1628 quod
3443 1567 3493 1612 et
3513 1557 3615 1626 ipse
3635 1562 3773 1615 conti-

2243 1655 2352 1694 nuo
2378 1640 2730 1711 subjungens,
2766 1641 2834 1696 Ut
2873 1645 3144 1714 scriptura,
3177 1646 3382 1716 inquit,
3417 1647 3678 1718 impleretur
3717 1653 3776 1704 di-

2244 1746 2380 1795 cens,
2419 1728 2601 1784 Partiti
2624 1741 2739 1786 sunt
2763 1733 3053 1788 vestimenta
3092 1752 3201 1789 mea
3225 1736 3354 1804 sibi,
3389 1746 3436 1791 et
3465 1754 3606 1808 super
3632 1752 3774 1795 uestem

2247 1835 2407 1872 meam
2430 1821 2671 1874 miserunt
2697 1831 2901 1876 sortem.
2932 1823 3046 1877 Non
3072 1825 3212 1878 enim
3239 1866 3256 1891 ,
3311 1826 3417 1892 ait,
3445 1828 3633 1892 sortiti;
3669 1829 3744 1884 sed
3762 1873 3773 1894 ,

2247 1911 2419 1979 partiti
2451 1926 2469 1963 :
2495 1926 2597 1965 nec
2621 1914 2694 1965 ait
2711 1952 2726 1977 ,
2761 1913 3050 1970 sortientes
3078 1915 3256 1983 partiti
3282 1923 3445 1982 sunt;
3471 1916 3557 1972 sed
3583 1917 3627 1972 in
3650 1927 3772 1974 caete-

2246 2005 2324 2059 ris
2347 2005 2676 2059 vestimentis
2701 2015 2901 2061 sortem
2922 2009 3140 2062 omnino
3169 2024 3278 2063 non
3304 2009 3578 2064 nominans
3594 2051 3607 2074 ,
3631 2020 3770 2078 postea

2245 2093 2409 2160 dixit,
2439 2105 2484 2150 et
2511 2097 2562 2149 in
2586 2106 2764 2150 vestem
2790 2114 2950 2150 meum
2980 2099 3225 2152 miserunt
3269 2109 3455 2154 sortem
3472 2142 3488 2166 ,
3520 2109 3703 2171 propter
3724 2101 3770 2156 il-

2244 2187 2350 2242 lam
2399 2189 2654 2257 reliqnsm
2701 2190 2949 2245 tunicam.
2985 2190 3062 2244 De
3087 2207 3190 2260 qua
3236 2206 3300 2246 re
3348 2191 3518 2246 dicam
3545 2191 3666 2262 quod
3691 2193 3772 2262 ipse

2246 2271 2558 2337 donaverit,
2590 2289 2709 2327 eum
2742 2274 2885 2341 prius
2913 2290 3029 2328 eam
3059 2291 3177 2344 quae
3220 2276 3426 2329 oboriri
3477 2283 3661 2346 potest,
3686 2284 3772 2330 tan-

2247 2377 2402 2434 quam
2451 2363 2796 2432 Evangelisue
2839 2364 2974 2418 inter
3022 2378 3082 2418 se
3125 2365 3471 2434 discrepent,
3517 2365 3772 2419 calumniam

2245 2453 2625 2524 prepulsavero
2648 2492 2662 2518 ,
2695 2453 3069 2508 demonstrans
3097 2454 3302 2508 nullius
3330 2463 3625 2510 ceterorum
3655 2453 3771 2508 verba

2248 2542 2535 2597 narrationi
2566 2542 2783 2596 Joannis
2812 2558 2931 2598 esse
2952 2545 3235 2598 contraria.

2271 2665 2286 2685 ι
2319 2634 2370 2688 3.
2413 2634 2688 2687 liatthams
2715 2632 2856 2688 enim
2895 2633 3160 2701 dicendo,
3209 2631 3506 2688 Divisertmt
3545 2634 3774 2687 vestimenta

2248 2727 2356 2797 ejus
2375 2766 2392 2793 ,
2420 2736 2604 2781 sortem
2631 2727 2897 2792 mittentes,
2930 2720 2996 2780 ad
3019 2733 3180 2780 totam
3207 2725 3523 2782 divisionem
3548 2725 3775 2780 vestimen-

2247 2827 2423 2872 torum
2446 2817 2613 2870 voluit
2634 2817 2849 2885 intelligi
2871 2817 3030 2872 etiam
3053 2817 3295 2872 tunicam
3318 2817 3599 2888 pertinuere,
3624 2815 3679 2871 de
3700 2829 3773 2886 qua

2249 2917 2447 2964 Sortem
2498 2909 2790 2972 miserunt;
2843 2909 2965 2980 quia
3021 2909 3202 2979 utique
3248 2925 3446 2966 omnes
3481 2917 3637 2964 vestes
3677 2906 3774 2961 divi-

2246 2998 2424 3054 dendo
2442 3041 2458 3066 ,
2488 2997 2540 3053 in
2565 3000 2754 3069 quibus
2776 3008 2830 3052 et
2857 3001 2940 3053 illa
2968 2999 3083 3066 fuit,
3107 3000 3174 3055 de
3207 3000 3328 3072 ipsa
3351 3002 3513 3056 sortiti
3537 3010 3660 3054 sunt.
3679 2995 3775 3054 Tale

2249 3098 2331 3144 est
2358 3090 2515 3143 etiam
2545 3089 2685 3158 quod
2715 3089 2787 3143 ait
2815 3083 2985 3165 Lucas
3005 3131 3020 3155 ,
3048 3090 3348 3146 Dividentes
3384 3093 3646 3146 vestimenta
3669 3105 3771 3157 (με.

2250 3181 2493 3233 miserunt
2513 3191 2669 3234 sortes
2690 3196 2707 3232 :
2726 3179 3021 3236 dividentes
3041 3182 3182 3236 enim
3209 3195 3468 3238 venerunt
3487 3181 3546 3236 ad
3571 3183 3771 3246 tunicam,

2249 3269 2315 3325 de
2342 3286 2440 3340 qua
2469 3269 2599 3326 facta
2629 3280 2710 3326 est
2733 3274 2944 3328 sortitio
2963 3313 2977 3338 ,
3025 3274 3248 3329 ut'inter
3285 3289 3377 3331 eos
3407 3276 3626 3330 universa
3648 3271 3773 3327 vesti~

2247 3371 2550 3417 mentorum
2571 3362 2686 3431 ejus
2712 3362 2900 3418 divisio
2923 3363 3311 3433 compleretur.
3331 3363 3462 3436 Quid
3485 3375 3638 3421 autem
3650 3364 3774 3418 inter-

2249 3464 2330 3508 est
2365 3461 2539 3508 utrum
2591 3453 2797 3510 dicatur
2816 3496 2829 3520 ,
2876 3455 3165 3511 Dividentes
3197 3461 3444 3513 miserunt
3471 3469 3638 3523 sortes,
3668 3455 3770 3526 quod

2249 3546 2323 3599 ait
2346 3545 2549 3610 Lucas;
2582 3562 2647 3600 an
2670 3589 2684 3612 ,
2715 3547 3000 3602 Diviserunt
3019 3591 3033 3616 ,
3062 3559 3244 3604 sortem
3279 3553 3518 3606 mittentes
3539 3593 3552 3616 ,
3582 3548 3697 3620 quod
3717 3547 3770 3600 ait

2249 3635 2528 3690 Matthzeus
2558 3653 2574 3691 :
2605 3639 2705 3692 nisi
2736 3640 2875 3708 quod
2909 3639 3079 3694 Lucas
3103 3641 3338 3697 dicendo
3361 3651 3539 3706 sortes,
3568 3639 3767 3710 pluralem

2249 3743 2348 3799 pro
2374 3730 2626 3798 singulari
2677 3747 2898 3786 numero
2918 3734 3128 3805 posuit;
3159 3751 3281 3805 qua:
3310 3736 3498 3791 locutio
3542 3730 3770 3802 Scripturis

2249 3822 2449 3876 sanctis
2499 3824 2707 3878 insolita
2756 3841 2858 3878 non
2908 3834 3023 3880 est:
3056 3814 3304 3897 quamvis
3344 3826 3567 3882 nonnulli
3606 3823 3769 3879 codices

2250 3923 2434 3967 sortem
2483 3917 2814 3984 reperiantur
2859 3916 3055 3972 habere
3081 3914 3177 3988 (a),
3224 3935 3338 3973 non
3382 3917 3571 3972 sortes?
3613 3914 3769 3968 Marcus

2251 4004 2429 4074 itaque
2473 4006 2617 4060 solus
2659 4007 2864 4061 videtur
2891 4009 3119 4077 aliquam
3152 4009 3395 4063 intulisse
3440 4006 3766 4078 qumstioncm:

2252 4095 2476 4151 dicendo
2503 4098 2642 4152 enim
2662 4137 2678 4164 ,
2711 4097 2964 4152 Mittentes
3008 4110 3189 4154 sortem
3232 4116 3388 4172 super
3410 4101 3507 4162 eis,
3551 4097 3645 4167 quis
3675 4090 3768 4164 quid

2253 4185 2481 4253 tolleret,
2533 4197 2781 4258 tanquam
2832 4205 2992 4258 super
3037 4191 3282 4246 omnibus
3313 4189 3650 4254 vestimentis,
3687 4199 3765 4240 non

2253 4291 2412 4346 super
2448 4277 2562 4333 sola
2588 4279 2760 4332 tunica
2786 4295 2903 4334 sors
2927 4281 3086 4336 missa
3112 4281 3182 4336 sit
3198 4323 3214 4343 ,
3241 4275 3445 4339 locutus
3468 4280 3664 4335 videtur.
3687 4268 3763 4329 Sed

2253 4371 2413 4424 etiam
2436 4369 2520 4424 hic
2534 4370 2765 4426 brevitas
2792 4371 3165 4428 obscuritatem
3193 4376 3312 4428 iacit
3332 4393 3346 4429 :
3366 4375 3440 4430 sic
3458 4371 3591 4428 enim
3608 4366 3764 4423 dictum

2254 4469 2337 4516 est
2356 4502 2372 4529 ,
2401 4459 2657 4516 Mittentes
2685 4473 2868 4516 sortem
2913 4479 3066 4533 super
3090 4464 3160 4518 eis
3181 4480 3287 4530 ,‘ac
3311 4465 3354 4521 si
3383 4464 3622 4518 diceretur
3639 4498 3653 4523 ,
3678 4453 3767 4509 Mit-

2255 4559 2430 4606 tentes
2457 4561 2656 4607 sortem
2683 4568 2801 4605 cum
2847 4553 3208 4608 dividerentur
3231 4572 3244 4607 :
3273 4553 3410 4624 quod
3431 4561 3482 4608 et
3505 4551 3668 4604 factum
3689 4550 3764 4598 est.

2255 4641 2501 4695 Omnium
2532 4643 2727 4712 quippe
2756 4644 3188 4698 vestimentorum
3219 4645 3334 4713 ejus
3354 4640 3534 4699 divisio
3554 4633 3764 4703 complet!

2220 4803 2222 4805 _
2256 4747 2361 4785 non
2388 4741 2564 4798 esset,
2597 4732 2692 4786 nisi
2716 4741 2860 4786 sorte
2887 4733 3164 4788 claruisset
3189 4737 3304 4805 quis
3332 4733 3483 4789 etiam
3512 4730 3638 4784 illam
3661 4721 3766 4780 tuni—

2255 4837 2371 4876 cam
2403 4822 2646 4888 tolleret,
2698 4833 2754 4876 ut
2779 4823 2856 4877 sic
2882 4825 3152 4878 contentio
3178 4825 3512 4880 dividentium
3540 4818 3762 4874 ﬁniretur.

2256 4921 2342 4976 vel
2368 4921 2517 4982 nulla
2543 4921 2716 4990 potius
2760 4921 3007 4976 oriretur.
3051 4919 3201 4990 Quod
3242 4937 3366 4998 ergo
3414 4919 3502 4984 ait,
3546 4902 3766 4998 Quisquid

2260 5007 2453 5069 tolleret
2480 5056 2492 5078 ,
2539 5015 2966 5085 quandoquidem
2997 5014 3098 5069 hoc
3121 5014 3251 5069 sorti
3275 4995 3573 5084 deputatur,
3607 5017 3693 5059 non
3714 4995 3762 5050 ad

2258 5107 2436 5163 omnia
2468 5123 2584 5175 quae
2627 5106 2793 5161 divisa
2834 5115 2955 5160 sunt
2984 5106 3292 5161 vestimenta
3323 5099 3626 5158 referendum
3668 5095 3758 5149 est;

2259 5213 2377 5254 sors
2402 5199 2540 5253 enim
2568 5199 2727 5253 missa
2765 5209 2847 5254 est
2865 5240 2879 5263 ,
2908 5199 3024 5269 quis
3050 5197 3189 5252 illam
3223 5198 3444 5251 tunicam
3470 5191 3652 5246 tolleret
3675 5200 3686 5236 :
3708 5177 3760 5233 de

2258 5304 2360 5358 qua
2386 5288 2637 5358 quoniam
2689 5303 2906 5342 narrare
2957 5287 3290 5356 praetermisit
3331 5282 3491 5355 qualis
3515 5276 3673 5338 fuerit,
3718 5275 3757 5322 ⁸³

2259 5379 2704 5450 quemadmodum
2731 5379 3020 5448 aequalibus
3039 5378 3190 5432 factis
3217 5376 3442 5449 partibus
3465 5369 3564 5426 sola
3591 5371 3755 5418 remanv

2262 5471 2422 5536 serit,
2475 5485 2594 5542 quae
2641 5485 2708 5523 ne
2749 5468 3214 5534 conscinderetnr,
3263 5467 3449 5522 veniret
3497 5459 3541 5514 in
3568 5460 3751 5509 sortem;

2261 5577 2543 5637 propterea
2573 5563 2798 5633 positum
2845 5569 2928 5616 est
2949 5561 3086 5632 quod
3116 5561 3221 5628 ait,
3265 5558 3382 5624 Quis
3421 5549 3530 5624 quid
3552 5542 3744 5637 tolleret.

2260 5631 2312 5712 id
2336 5631 2415 5714 est
2435 5700 2448 5722 ,
2480 5631 2597 5727 quis
2620 5671 2735 5710 eam
2764 5631 3005 5710 tolleret:
3036 5663 3278 5722 tanquam
3309 5648 3349 5705 si
3377 5654 3525 5703 totum
3553 5639 3611 5692 ita
3632 5631 3742 5685 dice.

2325 5770 2398 5834 (a)
2420 5772 2492 5819 sic
2507 5768 2650 5819 hodie
2671 5767 2722 5818 in
2741 5779 2917 5830 grvem,
2938 5763 3113 5818 σιὰ-οη,
