3994 6366
132 341 258 403 im

127 471 295 526 retur,
336 457 636 516 Dlvtserunt
663 454 982 510 vestimenta
1009 453 1156 523 eius,
1184 454 1457 510 mittentes
1481 461 1684 509 sortem

123 565 271 624 super
294 549 406 623 eis,
431 547 549 619 quis
569 546 805 603 tunicam
846 557 965 616 qua:
992 544 1230 614 partibus
1258 543 1552 614 aqualibus
1593 556 1690 598 sa-

122 644 378 716 perﬁterlt
395 682 412 706 ,
434 639 660 694 tolleret.

178 738 229 791 ι.
268 733 479 804 Quam
503 729 641 786 fons
664 724 876 798 aliquis,
903 726 1028 798 quid
1053 725 1312 796 signiﬁcet
1329 727 1382 782 in
1404 733 1483 780 tot
1506 734 1690 796 partes

117 827 540 883 vestimentorum
568 819 706 875 taeta
729 818 940 880 divisio.
962 826 1015 874 et
1040 817 1112 874 de
1139 818 1314 872 tunica
1345 817 1430 871 illa
1456 817 1684 874 sortitio.

116 913 494 986 Quadripertita
520 909 684 970 vestis
712 909 921 965 Domini
951 907 1076 962 leau
1115 907 1341 971 Christi,
1369 907 1687 977 quadripar-

116 1010 252 1062 titatn
281 1003 524 1076 ﬁguravit
551 1003 670 1071 eius
691 999 982 1057 Ecclesiae!
1002 1039 1016 1063 ,
1052 1007 1162 1052 toto
1187 997 1413 1060 scilicet,
1436 997 1526 1066 qui
1550 1011 1685 1066 qna-

115 1109 222 1154 tasr
270 1095 511 1167 partibus
549 1100 783 1157 constat,
827 1099 1094 1144 terram
1136 1088 1266 1144 orbe
1305 1087 1588 1154 dilatam,
1631 1095 1686 1142 et

111 1189 343 1246 milies
359 1185 566 1242 eisdem
595 1182 834 1253 partibus
847 1179 1140 1250 indutanter,
1157 1178 1212 1234 id
1230 1186 1315 1235 est
1351 1177 1686 1234 concorditer

114 1279 454 1335 “tributam.
479 1275 704 1344 Propter
733 1271 873 1341 quod
895 1270 1023 1327 alibi
1047 1269 1174 1325 dicit
1199 1268 1485 1326 missurum
1503 1282 1562 1323 se
1584 1269 1686 1324 Αιιο

113 1373 246 1442 gelos
270 1383 417 1433 alios,
453 1376 514 1422 ut
539 1366 790 1434 colligant
820 1363 1021 1418 electos
1057 1361 1172 1430 eius
1197 1371 1227 1415 a
1256 1368 1482 1429 quatuor
1509 1359 1682 1419 ventis

111 1461 300 1532 (leua.
322 1475 472 1522 xxiv,
497 1458 591 1529 δι)
616 1474 628 1510 :
655 1454 793 1524 quod
824 1452 950 1523 quid
989 1459 1092 1518 est,
1121 1452 1223 1506 nisi
1250 1467 1282 1510 ιι
1305 1459 1533 1520 quatuor
1561 1464 1683 1520 pllh

114 1552 234 1608 tibus
265 1549 484 1614 mundi,
535 1546 772 1608 Oriente,
819 1543 1127 1607 Occidente,
1159 1541 1420 1611 Aquilone
1467 1549 1525 1595 et
1571 1540 1682 1598 κο*

110 1643 254 1698 ridis?
275 1641 480 1697 Tunica
511 1653 640 1694 vero
666 1637 754 1695 illa
780 1635 988 1699 sortita,
1009 1633 1246 1688 omnium
1272 1632 1500 1703 partium
1528 1631 1684 1700 signi.-

110 1735 212 1792 lieit
241 1733 533 1795 unitatem,
560 1743 676 1798 qua:
700 1725 975 1782 charitatis
1018 1724 1227 1780 vinculo
1254 1723 1574 1778 continetur.
1604 1723 1682 1780 De

107 1825 345 1882 claritate
390 1831 568 1876 aute
612 1818 881 1876 localwrus
919 1815 1243 1886 Apostolus,
1284 1813 1680 1884 Supersminen.

109 1925 208 1978 ισιιι,
237 1912 435 1980 inquit,
463 1911 594 1966 viain
617 1907 753 1964 vobis
781 1907 1068 1962 demonstro
1101 1903 1295 1976 (lCor.
1326 1919 1396 1960 xu
1416 1945 1430 1966 ,
1460 1904 1555 1975 5i)
1585 1923 1597 1958 :
1626 1913 1682 1962 et

105 2004 194 2065 alio
215 2004 328 2059 loco
364 2003 457 2064 ait.
481 1999 793 2071 Cognoscere
816 1997 968 2057 etiam
993 1997 1442 2066 aupersminsntem
1459 1995 1682 2049 scientiis

104 2093 386 2150 Mittunt
411 2090 598 2148 Christi
619 2087 833 2162 (Ephsa.
868 2103 946 2154 ιιι,
975 2086 1102 2156 l9);
1131 2095 1360 2154 Itemque
1389 2083 1544 2149 alibi,
1576 2083 1680 2138 Su-

109 2202 182 2254 per
206 2186 385 2242 omnia
412 2193 579 2236 autem
606 2181 713 2238 hac
731 2180 1048 2243 alacritatem,
1068 2193 1179 2246 qua
1194 2185 1264 2230 est
1288 2174 1540 2230 uinculum
1558 2191 1678 2246 per-

107 2277 307 2344 fectionis
345 2273 564 2345 (Coloaa.
598 2287 674 2338 ιιι,
711 2272 824 2342 ll).
862 2270 918 2330 Si
952 2285 1080 2339 ergo
1115 2269 1347 2323 ebaritas
1381 2276 1436 2322 et
1468 2280 1679 2335 supero-

111 2370 469 2426 tainentiorem
498 2366 656 2424 habet
681 2365 841 2430 viam,
870 2373 924 2420 et
947 2361 1309 2431 supereminet
1333 2359 1569 2416 scientia
1585 2400 1600 2424 ,
1623 2366 1679 2413 et

107 2475 241 2532 super
263 2458 450 2519 milia
480 2466 742 2527 praecepta
767 2464 884 2517 est;
911 2453 1101 2508 merito
1126 2452 1289 2508 vestis
1325 2465 1428 2521 qua
1472 2450 1675 2520 signiti—

106 2564 247 2616 catur.
274 2553 518 2620 desuper
555 2556 802 2606 contexta
837 2546 1160 2617 perhibetur.
1196 2544 1532 2601 lnconsutilis
1576 2558 1674 2600 au-

111 2656 230 2708 δια.
273 2656 352 2703 no
395 2640 679 2709 aliquando
703 2639 972 2696 dissuatur
995 2654 1008 2692 ς
1034 2645 1089 2692 et
1112 2635 1180 2694 ad
1209 2651 1370 2692 unum
1400 2635 1671 2703 pervenit,

107 2734 206 2803 quia
232 2735 282 2790 in
313 2746 488 2788 unum
528 2745 718 2786 omnes
758 2728 974 2797 colligit.
1005 2727 1156 2784 Sicut
1178 2727 1232 2782 in
1260 2725 1528 2795 Apostolis
1553 2740 1672 2780 cum

107 2836 226 2890 esset
244 2827 411 2882 etiam
444 2825 560 2893 ipso
588 2838 836 2880 numerus
862 2821 1240 2886 duodenarius,
1268 2821 1320 2874 id
1347 2830 1428 2875 est
1455 2820 1671 2889 quadri-

107 2919 305 2986 partitus
339 2917 392 2974 in
423 2928 624 2978 ternos.
651 2923 708 2974 et
731 2928 918 2972 omnes
947 2921 1128 2969 essent
1157 2912 1504 2982 interrogati,
1527 2911 1672 2966 solus

110 3009 269 3070 Petrus
300 3007 604 3078 respondit.
637 3007 712 3062 Tu
735 3021 788 3064 es
812 3005 1045 3067 Christus
1073 3004 1236 3060 Filius
1262 3003 1361 3060 Dei
1383 3005 1516 3068 eisi;
1542 3013 1598 3059 et
1619 3003 1671 3058 ei

108 3099 291 3166 dicitur,
339 3099 452 3154 Tibi
493 3097 624 3154 dabo
660 3099 822 3152 claues
863 3098 1003 3166 regni
1037 3099 1275 3152 calorum
1304 3093 1513 3164 (Matth.
1547 3111 1630 3149 xw
1650 3134 1668 3162 ,

110 3186 184 3257 ili.
215 3193 272 3248 l6
291 3231 312 3258 ,
339 3192 428 3262 l9)
448 3233 462 3256 ,
497 3199 745 3260 tanquam
774 3189 967 3258 ligandi
995 3197 1048 3243 et
1074 3186 1315 3241 solvendi
1343 3188 1487 3242 solus
1515 3201 1668 3241 acce-

107 3283 222 3350 perit
261 3290 582 3358 potestatem
625 3298 638 3333 :
673 3293 794 3336 cum
838 3288 892 3332 et
935 3276 1063 3333 illud
1110 3291 1247 3332 unus
1285 3291 1383 3346 pro
1425 3276 1672 3331 omnibus

107 3369 292 3439 dixerit,
324 3382 380 3428 et
406 3372 509 3426 hoc
547 3386 667 3425 cum
707 3369 954 3424 omnibus
985 3377 1232 3438 tanquam
1264 3382 1543 3437 personam
1575 3383 1669 3438 ge-

108 3479 212 3520 rens
249 3464 418 3534 ipsius
458 3462 673 3518 unitatis
713 3461 978 3529 acceperit
1008 3477 1022 3512 :
1052 3458 1171 3514 ideo
1200 3475 1335 3514 unus
1366 3474 1462 3527 pro
1490 3460 1667 3515 omni-

111 3554 353 3624 bus,qnia
389 3556 565 3608 unitas
609 3562 690 3606 est
738 3553 793 3606 in
836 3550 1098 3605 omnibus.
1131 3549 1280 3604 Unde
1323 3558 1376 3605 et
1423 3548 1510 3604 hic
1549 3565 1670 3604 cum

110 3643 336 3710 dixisset,
371 3647 587 3714 desuper
615 3652 877 3707 contexta;
911 3641 1148 3706 addidit,
1189 3658 1276 3713 per
1313 3652 1488 3696 totum.
1519 3642 1671 3708 Quod

111 3737 145 3794 si
168 3738 450 3794 referamus
479 3737 543 3793 ad
572 3737 623 3791 id
655 3735 794 3807 quod
821 3734 1110 3804 signiﬁcat,
1140 3749 1296 3788 nemo
1327 3734 1440 3804 ejus
1474 3743 1554 3789 est
1581 3751 1672 3788 ex-

112 3845 210 3895 pers
249 3830 338 3898 qui
384 3828 648 3899 pertinere
691 3827 955 3882 invenitur
992 3825 1060 3880 ad
1106 3833 1270 3879 totum
1297 3840 1309 3876 :
1337 3839 1366 3878 a
1401 3839 1505 3894 quo
1536 3834 1666 3889 toto,

116 3917 221 3974 "cut
255 3921 430 3991 graeca
467 3919 664 3976 indicat
692 3918 867 3988 lingua
887 3959 900 3982 ,
932 3915 1192 3972 catholica
1240 3924 1452 3970 vocatur
1479 3915 1668 3970 Eccle-

113 4013 176 4066 sia
199 4013 296 4082 (a).
323 4013 376 4067 In
404 4022 548 4068 sorte
572 4021 752 4068 autem
779 4009 936 4081 quid,
958 4010 1056 4064 nisi
1089 4009 1177 4066 Dei
1206 4008 1369 4078 gratia
1396 4022 1672 4062 commen-

112 4100 210 4156 data
237 4103 354 4158 est?
373 4102 463 4158 Sic
487 4102 682 4172 quippe
707 4102 758 4158 in
789 4115 898 4156 uno
925 4099 989 4154 ad
1026 4114 1216 4158 omnes
1246 4099 1514 4168 pervenit,
1545 4113 1666 4152 cum

115 4205 209 4247 sort
234 4195 480 4250 omnibus
507 4194 722 4264 placuit,
750 4193 872 4262 quia
899 4201 954 4248 et
983 4192 1074 4247 Dei
1095 4191 1266 4262 gratia
1294 4191 1344 4246 in
1375 4192 1575 4246 unitate
1600 4190 1666 4244 ad

113 4299 274 4340 omnes
295 4285 792 4354 pervenitzetcum
831 4299 948 4339 sors
987 4284 1230 4346 mittitur,
1278 4298 1382 4337 non
1429 4297 1666 4353 persona:

112 4375 338 4446 cujusque
366 4377 450 4431 vel
481 4375 716 4444 meritis,
749 4375 840 4430 sed
863 4377 1072 4432 ecculm
1089 4374 1286 4443 judicio
1319 4375 1412 4429 Dei
1439 4375 1660 4430 ceditur.

170 4464 215 4517 5.
255 4465 358 4520 Nec
394 4466 515 4520 ideo
556 4465 655 4520 ista
695 4481 799 4520 non
826 4464 1020 4535 aliquid
1045 4464 1168 4520 boni
1198 4464 1520 4533 signiﬁcasse
1548 4465 1665 4535 quis

113 4554 316 4622 dixerit,
355 4560 475 4627 quia
522 4573 616 4627 per
659 4557 824 4614 malos
854 4556 990 4612 laeta
1016 4566 1168 4622 sunt,
1199 4573 1304 4612 non
1335 4557 1536 4614 scilicet
1573 4573 1666 4626 per

115 4661 196 4700 eos
216 4651 297 4718 qui
320 4649 590 4706 Christum
621 4651 809 4713 secuti,
831 4649 927 4707 sed
953 4651 1041 4717 qui
1069 4659 1194 4708 sunt
1224 4653 1507 4720 persecuti.
1528 4651 1663 4719 Quid

112 4738 235 4794 enisi
259 4739 322 4796 de
347 4743 459 4814 ipsa
485 4756 644 4800 cruce
663 4741 854 4800 dicturi
880 4756 1082 4804 sumus,
1110 4755 1229 4810 quae
1253 4750 1397 4797 certe
1422 4743 1665 4798 similiter

112 4826 173 4881 ab
196 4829 408 4894 inimicis
425 4841 588 4904 atque
612 4832 788 4902 impiis
814 4832 1026 4888 Christo
1054 4832 1190 4887 facta
1216 4841 1270 4888 et
1301 4833 1522 4902 impacta
1547 4836 1662 4888 est?

115 4917 170 4973 Et
203 4930 364 4980 tamen
413 4939 475 4978 ea
534 4923 816 4994 signiﬁcari
861 4933 1004 4980 recte
1046 4923 1353 4994 intelligitur
1398 4924 1536 4994 quod
1591 4927 1665 4980 ait

116 5012 396 5078 Apostolus,
426 5015 553 5078 Quae
579 5015 643 5067 ait
672 5015 884 5068 latitudo
903 5056 918 5081 ,
954 5023 1000 5068 et
1033 5014 1322 5084 longitudo,
1355 5024 1401 5068 et
1426 5012 1659 5077 altitudo,

114 5106 155 5148 et
199 5105 486 5171 profundum
527 5104 736 5175 (Ephea.
790 5121 882 5169 Ill,
935 5104 1042 5174 l8).
1076 5105 1203 5158 Lata
1249 5115 1331 5158 est
1375 5106 1568 5174 quippe
1613 5107 1661 5158 in

140 5201 390 5246 filllS\el:0
416 5194 575 5262 ligno,
608 5208 710 5262 quo
748 5192 1102 5247 extenduntur
1128 5193 1408 5262 pendentis
1439 5210 1658 5256 manus;

114 5282 160 5326 ct
202 5278 442 5348 signiﬁcat
483 5295 646 5352 opera
690 5283 861 5343 bona,
919 5284 970 5336 in
1023 5281 1298 5337 latitudine
1344 5283 1658 5337 charitatis:

118 5366 253 5437 longa
293 5382 368 5427 est
393 5385 421 5427 a
450 5383 754 5428 transverso
801 5373 941 5443 ligno
984 5389 1148 5444 usque
1185 5373 1251 5428 ad
1300 5382 1528 5440 terram,
1574 5375 1662 5429 ubi

114 5455 308 5513 dorsum
339 5464 597 5533 pedesque
627 5462 884 5534 ﬁguntur;
916 5471 972 5520 et
1005 5464 1265 5534 signiﬁcat
1309 5478 1660 5534 perseveran-

117 5544 228 5597 tiam
257 5547 302 5602 in
331 5551 648 5622 longitudine
674 5554 927 5622 temporis
957 5568 1122 5623 usque
1147 5556 1197 5609 in
1227 5553 1384 5610 ﬁnem
1414 5574 1424 5607 :
1451 5557 1554 5609 alta
1582 5566 1664 5609 est

118 5649 160 5685 lit
191 5642 457 5706 cncinninc,
480 5659 584 5711 quo
616 5654 973 5698 transversum
1002 5646 1200 5714 lignum
1233 5663 1436 5700 sursum
1478 5665 1662 5702 versus

172 5749 238 5807 (α)
257 5761 385 5804 “ire.
413 5755 536 5815 olori,
554 5763 728 5806 ιοιιιιιι.

1201 335 1610 399 TRAC'I‘ATUS
1642 335 1830 400 οιιι.
1867 339 2098 407 CAPUT
2135 347 2278 407 XIX.

3233 368 3373 425 £950

1799 457 2104 523 excuditur:
2127 471 2182 516 et
2202 463 2465 532 signiﬁcat
2499 477 2788 538 asperum
2827 472 2986 530 littetn
3006 515 3024 540 ,
3049 489 3157 546 quo
3179 489 3370 536 cincta

1795 555 1956 616 opera
1980 550 2315 620 refenntnr;
2341 558 2590 625 quatiam
2616 572 2806 617 cuneta
2839 575 2958 634 qua
2998 567 3274 626 latitudine
3307 587 3373 628 ac

1796 638 2122 731 longitudine
2146 645 2283 701 bene
2303 661 2369 703 ae
2391 660 2794 719 perseveranter
2826 656 2977 725 ﬁunt,
3002 671 3219 731 propter
3244 665 3370 722 alti-

1796 730 2032 828 tudinem
2077 735 2376 828 divinorum
2405 741 2642 798 iacienda
2683 756 2812 801 sunt
3204 772 3218 809 :
3241 771 3370 828 pro-

1795 817 1951 876 lunda
1977 833 2060 916 est
2086 826 2138 880 in
2164 842 2228 881 ea
2259 839 2407 897 parte
2432 846 2537 901 qua
2571 834 2626 889 in
2660 843 2800 891 terra
2831 837 3040 908 ﬁgitur;
3071 843 3142 900 ibi
3163 817 3359 916 quippe

1791 917 1843 964 et
1869 912 2079 968 occulta
2103 925 2215 973 est.
2242 933 2340 974 nec
2363 919 2528 978 videri
2554 932 2759 992 potest,
2783 926 2883 984 sed
2908 941 3100 988 salicta
3126 912 3244 1002 ejus
3260 912 3369 1004 ap-

1791 1003 2032 1069 psrentia
2069 1019 2124 1063 ω
2165 1009 2454 1066 eminentia
2490 1012 2614 1069 inde
2653 1027 3007 1086 comem;
3047 1021 3187 1080 sicut
3229 1003 3370 1080 bona
3407 1031 3415 1040 '

1793 1101 1977 1148 noun
2001 1094 2070 1149 de
2101 1098 2456 1163 proinnditate
2475 1105 2661 1172 gratia:
2695 1107 2788 1162 Dei
2804 1141 2819 1171 ο
2843 1122 2964 1176 qui
2986 1113 3381 1182 comprehendi

1789 1186 2154 1255 aodijndicari
2202 1206 2306 1247 non
2354 1204 2558 1263 mest,
2605 1199 2850 1258 universa
2897 1204 3209 1270 procedunt.
3259 1207 3366 1264 Sed

1789 1276 1889 1368 etsi
1912 1283 2043 1332 erus
2065 1279 2261 1335 Christi
2281 1283 2382 1338 hoc
2407 1285 2582 1340 solum
2610 1287 2870 1358 signiﬁcet
2889 1294 3030 1362 quod
3055 1297 3132 1354 sit
3152 1299 3370 1368 Aposto-

1790 1365 1894 1432 lus,
1926 1370 2027 1433 Qui
2072 1381 2239 1426 autem
2261 1372 2386 1430 Iesu
2409 1372 2595 1432 Christi
2612 1388 2728 1432 sunt
2745 1417 2762 1444 ,
2787 1397 2988 1436 metu
3025 1401 3172 1442 suam
3197 1365 3336 1443 cruci
3351 1418 3368 1428 -

1790 1455 2008 1524 [inserunt
2044 1475 2157 1514 cum
2199 1464 2516 1530 pastionibus
2550 1475 2597 1519 et
2632 1470 3046 1540 concupiscentiis
3074 1472 3272 1543 (Galat.
3304 1493 3360 1542 ν,

1786 1544 1901 1615 ει),
1929 1563 2087 1618 quam
2113 1567 2358 1621 magnum
2387 1554 2583 1610 bimum
2604 1559 2722 1615 est?
2748 1560 2856 1617 Nec
2882 1570 3056 1621 tamen
3087 1565 3212 1622 facit
3238 1568 3363 1634 hoc,

1787 1636 1888 1692 nisi
1915 1641 2301 1709 concupiscens
2339 1643 2599 1702 adversus
2637 1662 2854 1708 carnem
2891 1654 3109 1723 spiritus
3151 1657 3359 1724 bonus,

1787 1739 1907 1820 cum
1938 1728 2082 1786 illam
2107 1745 2319 1792 crucem
2346 1733 2542 1792 Christi
2573 1736 2757 1794 fecerit
2781 1741 3042 1810 inimicus.
3074 1746 3124 1802 id
3151 1758 3236 1803 est
3255 1753 3366 1820 spi.

1786 1817 1922 1874 ritus
1938 1821 2127 1878 malus.
2152 1823 2425 1882 Postremo
2443 1828 2568 1896 quid
2588 1838 2693 1892 est.
2708 1832 2848 1901 quod
2870 1847 3057 1894 omnes
3079 1817 3360 1907 noverimt,

1790 1910 2008 1980 Signum
2033 1913 2231 1971 Christi
2256 1956 2269 1979 ,
2298 1918 2399 1975 nisi
2425 1933 2554 1977 crux
2578 1920 2814 1980 Christi?
2837 1924 2988 1992 and
3014 1931 3221 1999 signum
3259 1935 3358 1989 nisi

1787 2000 2104 2057 adhibeatur
2128 2005 2241 2060 sive
2262 2005 2525 2063 frontibus
2553 2012 2914 2081 credentium,
2942 2019 3054 2080 sive
3084 2020 3182 2090 ipsi
3205 2037 3360 2092 aquas

1783 2107 1851 2149 ea
1873 2109 1976 2163 qua
2004 2107 2400 2165 regenerantur,
2432 2101 2546 2156 sive
2568 2103 2695 2158 oleo
2719 2120 2826 2174 quo
2845 2105 3130 2169 chrismate
3157 2126 3364 2182 ungun-

1785 2193 1894 2251 tur,
1919 2187 2031 2241 sive
2057 2188 2320 2248 sacriﬁeio
2343 2207 2449 2262 quo
2478 2192 2712 2259 aluntur,
2741 2196 2873 2252 nihil
2898 2213 3082 2257 eorum
3107 2201 3210 2261 rite
3237 2219 3361 2271 per-

1784 2276 1973 2332 ﬁeiwr.
2004 2278 2284 2345 Quoniodo
2307 2297 2437 2351 ergo
2459 2299 2552 2351 per
2582 2285 2632 2340 id
2661 2286 2804 2356 quod
2833 2290 2953 2344 ntali
2985 2289 3204 2359 faciunt,
3229 2295 3359 2352 nihil

1783 2366 1908 2424 boni
1951 2370 2281 2440 signiﬁcatur
2301 2390 2316 2437 ;
2337 2375 2550 2444 quando
2574 2391 2671 2446 per
2700 2393 2914 2435 crucem
2939 2380 3138 2440 Christi
3156 2425 3171 2448 ,
3201 2401 3362 2456 quam

1783 2457 2023 2516 fecerunt
2051 2461 2206 2524 mali.
2250 2463 2306 2518 in
2344 2464 2701 2522 celebratione
2742 2468 3202 2530 Sacramentorum
3245 2475 3364 2545 ejus

1782 2546 1980 2606 bonum
2006 2552 2159 2608 nobis
2187 2567 2344 2610 omne
2368 2555 2636 2624 signatur?
2663 2557 2765 2614 Sed
2789 2559 2902 2615 haec
2930 2560 3219 2620 hactenus:
3243 2579 3360 2639 qua:

1778 2649 1958 2699 autem
1985 2652 2299 2712 sequuntur,
2331 2646 2481 2712 alias,
2513 2655 2572 2702 ut
2611 2649 2747 2705 Deus
2788 2652 3146 2723 opitulabitur,
3179 2654 3348 2712 disse-

1779 2731 1950 2790 rendo
1977 2732 2298 2792 videbimus.

2254 2841 2665 2906 TRAC’I'ATUS
2701 2851 2886 2909 CXIX.

1777 2953 1852 3008 Ab
1896 2971 1952 3009 eo
1991 2957 2126 3026 quod
2168 2961 2416 3029 sequitur,
2451 2957 2516 3016 Et
2568 2963 2762 3018 milites
2807 2965 3017 3037 quidem
3061 2967 3174 3024 hac
3209 2969 3354 3028 fece-

1849 3058 1999 3113 runt;
2027 3066 2178 3121 usque
2213 3051 2281 3106 ad
2319 3051 2391 3115 id.
2419 3055 2484 3108 Et
2512 3055 2762 3140 inclinato
2789 3057 2960 3128 capite
2989 3058 3199 3117 tradidit
3227 3063 3336 3134 spi-

1847 3140 2026 3195 ritum.
2066 3140 2194 3212 Cap.
2225 3157 2338 3211 nx,
2376 3145 2413 3214 ᾗ
2435 3185 2450 3198 .
2472 3144 2664 3201 24-30.

1847 3275 1900 3332 ί.
1925 3271 2190 3331 Cruciﬁxo
2219 3275 2470 3343 Domino,
2500 3286 2843 3350 posteaquam
2863 3279 3055 3338 divisio
3073 3283 3360 3342 vestimen-

1779 3375 1956 3424 torum
1997 3367 2118 3435 ejus
2167 3369 2329 3424 etiam
2374 3379 2521 3428 sorte
2563 3373 2724 3429 missa
2769 3374 3035 3444 completa
3080 3383 3200 3442 est,
3241 3392 3360 3451 qua:

1774 3456 1968 3514 deinde
2007 3468 2187 3516 narret
2222 3459 2456 3518 Joannes
2508 3463 2830 3536 evangelista
2879 3463 3173 3520 videamus.
3227 3485 3246 3520 ι
3289 3468 3358 3524 Et

1775 3548 1972 3606 milites
1997 3551 2233 3618 quidem,
2261 3571 2278 3604 ι
2311 3552 2508 3623 inquit,
2542 3571 2560 3606 t
2590 3554 2707 3611 haec
2733 3554 2989 3612 fecerunt.
3019 3555 3242 3614 Stabant
3264 3573 3358 3614 au-

1776 3648 1881 3698 tem
1925 3639 2073 3708 juxta
2105 3655 2316 3698 crucem
2344 3641 2472 3700 Jesu
2499 3684 2514 3710 ,
2557 3653 2726 3699 mater
2750 3645 2885 3715 ejus,
2913 3653 2968 3700 et
2994 3659 3146 3701 soror
3171 3649 3356 3707 matris

1775 3733 1894 3801 ejus
1919 3731 2079 3791 Maria
2102 3730 2354 3803 Cleophat
2373 3775 2387 3798 ,
2420 3742 2478 3790 et
2499 3733 2660 3794 Maria
2686 3733 3013 3807 Magdalene.
3037 3735 3170 3796 Cum
3193 3738 3356 3797 vidis-

1773 3832 1856 3882 set
1893 3838 2020 3892 ergo
2055 3823 2212 3879 Jesus
2251 3834 2472 3882 matrem
2512 3836 2564 3882 et
2601 3826 2917 3897 discipulum
2947 3837 3174 3886 stantem
3197 3846 3356 3902 quem

1771 3913 2052 3982 diligebat,
2084 3914 2213 3970 dicit
2252 3917 2403 3970 matri
2446 3931 2584 3982 suae,
2613 3917 2817 3981 Mulier,
2859 3933 2986 3976 ecce
3024 3919 3165 3976 ﬁlius
3194 3930 3352 3980 tuus:

1771 4003 1966 4062 deinde
1993 4005 2121 4060 dicit
2144 4005 2424 4074 discipulo,
2443 4007 2580 4062 Ecce
2604 4015 2777 4063 mater
2800 4016 2908 4062 tua.
2937 4009 3002 4064 Et
3023 4024 3086 4064 ex
3111 4010 3196 4063 illa
3225 4009 3354 4068 hora

1770 4097 1974 4166 accepit
1997 4111 2113 4152 eam
2143 4095 2434 4166 discipulus
2463 4096 2515 4150 in
2540 4110 2654 4152 sua.
2681 4115 2699 4147 ι
2727 4096 2850 4151 Haec
2878 4097 3127 4152 nimirum
3155 4109 3236 4154 est
3264 4099 3354 4154 illa

1773 4185 1904 4246 liora
1947 4186 2016 4244 de
2063 4201 2167 4257 qua
2211 4187 2371 4242 Jesus
2407 4178 2600 4256 aquan't
2649 4203 2997 4243 conversurus
3040 4187 3092 4242 in
3133 4188 3308 4242 vinum
3334 4229 3350 4255 ,

1770 4277 1977 4334 dixerat
2025 4279 2214 4344 matri,
2248 4276 2382 4342 Quid
2427 4278 2549 4330 mihi
2595 4287 2640 4331 et
2685 4278 2772 4334 tibi
2817 4288 2927 4345 est,
2969 4278 3188 4334 mulier?
3226 4295 3354 4336 non-

1769 4370 1891 4428 dum
1917 4372 2043 4426 uenit
2069 4372 2196 4426 liora
2221 4387 2331 4425 ιιιεα
2359 4371 2534 4440 (Joan.
2567 4388 2624 4438 ιι,
2647 4371 2726 4442 4).
2759 4371 2906 4429 lianc
2946 4372 3123 4443 itaque
3169 4373 3352 4430 horam

1771 4463 2092 4534 praedixerat
2119 4480 2238 4534 quze
2269 4473 2395 4520 tunc
2434 4464 2668 4524 nondum
2697 4473 2912 4520 venerat
2932 4507 2948 4529 ,
2979 4465 3031 4521 in
3056 4481 3160 4536 qua
3187 4465 3353 4524 debe-

1769 4563 1856 4612 ret
1892 4570 2181 4624 agnoscere
2223 4557 2543 4620 moriturus,
2584 4557 2653 4612 de
2693 4572 2797 4629 qua
2841 4556 3013 4614 fuerat
3057 4557 3352 4615 mortaliter

1769 4653 1943 4708 natus.
1972 4646 2122 4704 Tunc
2145 4662 2271 4718 ergo
2296 4645 2473 4702 divina
2503 4647 2756 4711 facturus,
2786 4663 2889 4704 non
2915 4647 3224 4718 divinitatis,
3257 4651 3349 4706 sed

1770 4739 2090 4800 inﬁrmitatis
2107 4747 2326 4796 matrem
2350 4739 2495 4800 velut
2522 4740 2842 4810 incognitam
2870 4741 3190 4812 repellebat:
3208 4759 3350 4801 nunc

1767 4840 1948 4890 autem
1996 4831 2225 4890 humana
2267 4831 2378 4902 iam
2419 4832 2661 4905 patiens,
2706 4847 2773 4888 ex
2817 4848 2918 4902 qua
2966 4832 3137 4889 fuerat
3180 4833 3352 4893 factus

1770 4920 1949 4987 homo,
1980 4921 2169 4976 aﬁ'eetu
2200 4919 2611 4977 commendabat
2635 4920 2888 4977 humano.
2919 4921 3068 4979 Tunc
3091 4923 3234 4981 enim
3261 4925 3348 4994 qui

1768 5010 1983 5065 Mariam
2025 5019 2334 5075 creaverat,
2378 5010 2744 5064 innotescebat
2783 5011 3022 5066 virtute:
3050 5026 3190 5067 nunc
3225 5028 3353 5069 vero
3457 5022 3460 5024 ‘

1767 5101 1907 5172 quod
1938 5101 2095 5156 Maria
2123 5108 2420 5170 pepererat,
2452 5099 2716 5168 pendebat
2744 5099 2794 5154 in
2821 5115 2979 5157 cruce
3011 5103 3115 5175 (α).

1837 5197 1891 5252 2.
1935 5195 2146 5250 Muralis
2174 5195 2331 5262 igitur
2356 5195 2650 5248 insinuatur
2692 5193 2860 5250 locus.
2903 5194 3053 5250 Facit
3092 5198 3234 5267 quod
3281 5199 3355 5252 Ωι-

1767 5287 2011 5344 ciendum
2065 5285 2346 5348 admonet,
2395 5297 2448 5338 et
2493 5284 2739 5353 exemplo
2787 5299 2884 5339 suo
2929 5302 3058 5343 suos
3105 5288 3354 5344 instruxit

1771 5385 2069 5450 prmceptor
2094 5377 2266 5430 bonus
2284 5414 2300 5439 ,
2329 5383 2386 5428 ut
2409 5389 2438 5428 a
2471 5373 2590 5428 ﬁliis
2615 5375 2717 5445 piis
2748 5376 3082 5445 impendatur
3103 5394 3227 5433 cura
3262 5395 3352 5448 pa.

1773 5468 2009 5526 rentibus
2033 5484 2044 5516 :
2072 5473 2315 5534 tanquam
2355 5465 2553 5534 lignum
2603 5464 2728 5520 illud
2752 5464 2840 5520 ubi
2870 5475 3024 5522 erant
3050 5467 3151 5521 ﬁxa
3179 5482 3337 5520 ment-

1771 5560 1864 5620 bra
1896 5556 2172 5613 morientis
2191 5597 2208 5620 ,
2233 5556 2393 5611 etiam
2423 5555 2672 5612 cathedra
2702 5556 2859 5613 fuerit
2885 5555 3119 5629 magistri
3143 5555 3312 5612 decen

1774 5651 1859 5707 tis.
1902 5650 1982 5704 Ex
2018 5648 2117 5704 hac
2153 5662 2280 5702 sana
2317 5647 2555 5702 doctrina
2579 5647 2834 5702 didicerat
2859 5647 3052 5702 Paulus
3073 5647 3345 5705 apostolus

1843 5762 1917 5826 (rt)
1936 5761 2036 5812 vid.
2057 5773 2222 5824 sulm,
2243 5767 2394 5810 'l‘ract.
2413 5758 2458 5808 8.
