3994 6366
675 353 802 412 1351

670 465 810 540 quod
836 460 1095 523 docebat,
1113 450 1324 526 quando
1357 446 1563 504 dicebat
1580 463 1593 498 :
1611 444 1671 498 Si
1696 442 1806 507 quis
1837 448 2003 492 autem
2033 434 2136 488 suis
2155 472 2172 494 ,
2195 440 2242 485 et

673 521 889 614 maxime
907 549 1190 605 domesticis
1208 561 1304 598 non
1322 539 1559 612 providet,
1577 535 1727 604 ﬁdem
1744 531 1957 601 negarit.
1981 536 2025 580 et
2047 536 2116 579 est
2133 521 2248 586 inﬁ-

675 651 774 705 deli
790 645 1004 701 deterior
1016 642 1056 713 (I
1079 639 1209 694 Tim.
1231 653 1284 697 v,
1303 635 1375 701 8).
1398 629 1532 700 Quid
1551 638 1726 682 autern
1742 634 1847 678 tam
1860 622 2050 690 cuique
2065 616 2249 670 dumc-

674 743 864 798 sticum
900 706 1057 806 quam
1087 741 1334 801 parentes
1361 726 1502 782 liliis.
1522 711 2062 788 autparentilutslilii?
2090 706 2254 776 llujus

677 836 854 903 itaque
869 797 1200 884 saluberrimi
1215 817 1458 892 pra-copti
1475 817 1588 886 ipse
1605 812 1852 882 magister
1866 813 2169 860 sanctorum
2184 797 2253 853 de

679 926 855 994 seipso
880 915 1236 976 constituebat
1260 909 1580 978 exemplum,
1602 901 1810 974 quando
1837 913 1942 953 non
1970 906 2020 948 ut
2048 890 2257 947 famulae

683 1016 824 1070 Deus
854 1026 1011 1081 quam
1040 1011 1314 1062 creaverat
1341 1009 1396 1055 et
1424 997 1665 1066 regebat,
1691 991 1783 1047 sed
1811 999 1868 1044 ut
1907 986 2060 1042 matri
2099 983 2258 1037 homo

682 1108 748 1163 de
776 1120 876 1176 qua
906 1111 1119 1158 creatus
1149 1096 1318 1172 [iterat
1354 1105 1407 1145 et
1447 1105 1603 1159 quam
1644 1082 1967 1151 relinquebat
1988 1119 2004 1137 .
2034 1075 2259 1130 alterum

687 1215 780 1268 pro
809 1210 868 1250 se
893 1165 1286 1264 quodammodo
1318 1183 1480 1238 lilium
1523 1175 1852 1248 providebat.
1879 1170 2008 1224 Nam
2037 1183 2132 1222 cur
2162 1165 2263 1219 hoc

685 1288 889 1351 fecerit,
910 1282 1064 1352 quod
1083 1279 1320 1349 sequitur
1369 1273 1564 1328 imlieat
1593 1288 1605 1321 :
1635 1271 1706 1321 ait
1731 1266 1872 1320 enim
1901 1259 2259 1327 Evangelista,

688 1379 754 1434 Et
782 1394 843 1432 es:
869 1351 960 1430 illo
989 1375 1112 1427 liora
1139 1370 1331 1439 accepit
1352 1381 1458 1420 eum
1483 1360 1757 1431 discipulus
1783 1358 1832 1409 in
1861 1371 1970 1416 sua,
1995 1352 2060 1406 de
2087 1351 2264 1419 seipso

686 1471 889 1525 dicens.
921 1466 1008 1523 Sic
1034 1465 1230 1535 quippe
1261 1467 1677 1514 cmnmcmorare
1699 1466 1757 1504 se
1781 1449 1937 1506 solet,
1960 1442 2099 1514 quod
2143 1455 2266 1496 eum

687 1561 937 1631 diligebat
962 1554 1266 1623 Jesuszqui
1313 1552 1492 1618 utique
1531 1557 1753 1602 omnes,
1805 1537 1896 1593 sed
1940 1537 2109 1605 ipsmn
2159 1547 2268 1602 pra:

688 1652 898 1708 etctcris
951 1657 1004 1702 et
1045 1643 1350 1700 familiarius
1391 1634 1669 1704 diligebat,
1714 1632 1783 1684 ita
1833 1638 1889 1681 ut
1931 1627 1981 1680 in
2027 1623 2270 1679 convivio

690 1759 853 1813 super
891 1749 1076 1810 pectus
1115 1751 1267 1790 suum
1307 1727 1638 1785 discumbere
1683 1725 1878 1777 laceret
1925 1719 2103 1789 (Joon.
2146 1732 2267 1780 stu,

690 1805 783 1903 23')
810 1848 825 1895 ;
852 1805 1012 1884 credo
1039 1836 1093 1879 ιιι
1121 1824 1272 1878 istius
1305 1815 1574 1888 Evangelii
1597 1857 1611 1880 ,
1643 1812 1782 1884 quod
1824 1825 1916 1880 per
1944 1824 2063 1864 eum
2103 1805 2274 1860 fuerat

694 1920 1075 1993 pnedicaturus
1096 1955 1110 1981 ,
1143 1913 1374 1968 divinam
1405 1906 1770 1964 excellentiam
1803 1902 1904 1958 hoc
1933 1898 2090 1955 tnodo
2115 1896 2273 1951 altius

693 2010 1108 2069 commendaret.

765 2107 818 2162 5.
856 2103 959 2160 Sed
989 2103 1039 2156 in
1065 2114 1183 2170 qua:
1212 2112 1306 2150 sua
1338 2095 1570 2150 Joannes
1615 2099 1841 2145 matrem
1871 2084 2079 2140 Domini
2114 2093 2273 2135 arce-

699 2197 816 2271 pit?
839 2195 1019 2265 Neque
1041 2192 1183 2247 enim
1211 2206 1313 2243 non
1334 2203 1398 2242 ex
1424 2185 1502 2240 eis
1527 2191 1640 2238 erat
1664 2179 1753 2251 qui
1776 2179 2023 2233 dixerunt
2049 2174 2120 2236 ei,
2146 2171 2276 2225 Erce

697 2308 788 2348 nos
812 2289 1090 2343 dimisimus
1121 2283 1310 2346 omnia,
1347 2290 1392 2334 et
1419 2277 1571 2332 secuti
1597 2289 1768 2329 sumus
1811 2281 1874 2323 te.
1899 2267 2004 2323 Sed
2043 2265 2110 2319 ibi
2148 2277 2280 2334 quo-

697 2398 798 2454 que
822 2377 1426 2444 andicrat.Qaienmqne
1471 2370 1568 2423 ista
1609 2363 1867 2420 dimiserit
1914 2366 2126 2438 propter
2171 2367 2276 2416 nte,

697 2432 875 2543 a'ccipi'
899 2482 921 2526 t
947 2473 998 2524 in
1027 2469 1126 2523 hoe
1146 2432 1568 2521 sa-culn-ceutics
1588 2465 1788 2511 tantmn
1817 2450 2027 2522 (Matth.
2050 2432 2162 2506 ais,
2185 2443 2276 2508 27,

695 2536 1078 2634 29).'ll:tlteltat
1122 2571 1249 2627 ergo
1285 2555 1372 2608 ille
1411 2547 1700 2619 discipulus
1727 2541 2092 2611 eeutuplicitcr
2130 2536 2281 2606 plura

698 2671 857 2728 qttam
884 2652 1161 2708 dimiserat
1181 2691 1196 2712 ,
1224 2649 1277 2702 in
1308 2661 1424 2715 qua:
1453 2641 1746 2710 susciperet
1786 2637 1902 2705 ejus
1941 2642 2161 2687 matrem
2191 2626 2281 2697 qui

701 2722 784 2803 illa
833 2745 1144 2800 donaverat.
1192 2738 1296 2794 Sed
1341 2738 1391 2790 in
1435 2750 1496 2790 ea
1543 2733 1796 2786 societate
1837 2729 2023 2782 beatus
2049 2722 2282 2778 Joannes

701 2844 978 2908 receperat
1000 2829 1328 2900 centuplum,
1353 2826 1438 2879 ubi
1467 2837 1622 2877 nemo
1651 2819 1861 2874 dicebat
1889 2813 2082 2884 aliquid
2104 2824 2278 2873 smun,

701 2928 795 2986 sed
842 2933 993 2982 erant
1035 2922 1141 2978 illis
1187 2919 1362 2974 omnia
1403 2912 1736 2974 communia;
1764 2910 1897 2966 sicut
1927 2907 1977 2960 iu
2005 2899 2286 2973 Apostolo-

704 3033 822 3075 rum
845 3015 1061 3072 Aetibns
1088 3011 1341 3080 scriptum
1372 3015 1470 3062 est.
1503 3004 1591 3058 Sic
1635 3002 1776 3055 enim
1822 2995 2056 3066 Apostoli
2101 3001 2279 3057 erant,

704 3107 852 3178 quasi
885 3104 1014 3158 nihil
1041 3102 1317 3163 habentes,
1345 3105 1396 3151 et
1422 3095 1596 3151 omnia
1627 3088 1954 3161 possidentes
1977 3085 2040 3155 (ll
2069 3082 2186 3140 Cor.
2209 3098 2277 3148 vt,

705 3174 819 3265 (ο).
850 3191 1127 3263 Quomodo
1153 3205 1280 3258 ergo
1306 3195 1528 3240 matrem
1576 3180 1811 3250 magistri
1857 3188 1914 3232 et
1955 3176 2160 3231 Domini
2203 3174 2284 3228 sui

704 3285 992 3355 discipulus
1013 3293 1066 3337 et
1088 3281 1315 3336 latnnlus
1339 3277 1543 3345 accepit
1572 3275 1623 3328 iu
1654 3287 1768 3333 sua,
1797 3271 1881 3326 ubi
1909 3269 2106 3339 aliquid
2133 3284 2285 3322 suum

704 3391 862 3435 nemo
890 3374 1136 3430 dicebat?
1167 3373 1244 3427 An
1287 3369 1408 3440 quia
1453 3365 1610 3437 paulo
1659 3373 1778 3434 post
1824 3363 1876 3416 in
1919 3360 2104 3416 eodem
2153 3360 2285 3414 libro

702 3470 914 3542 legitur,
943 3467 1194 3536 Quotquot
1217 3463 1348 3518 enim
1379 3473 1685 3531 possessores
1732 3455 2036 3526 prtediorum
2073 3451 2151 3507 vel
2194 3453 2285 3506 do-

703 3581 900 3621 momm
928 3570 1088 3625 erant,
1111 3557 1370 3612 uendentes
1396 3552 1669 3621 u/I‘erebunt
1699 3551 1857 3619 pretia
1875 3564 2075 3612 eorum,
2115 3557 2160 3600 et
2191 3563 2284 3617 po-

704 3658 886 3712 nebant
905 3653 973 3707 ad
999 3650 1146 3724 pedes
1168 3647 1558 3718 Apostolorum:
1583 3640 1966 3698 distribuebatur
1989 3649 2153 3691 autem
2175 3638 2288 3691 nni-

707 3750 888 3818 cuique
916 3753 1062 3817 prout
1092 3757 1219 3812 apus
1247 3748 1352 3794 erat
1379 3738 1513 3806 (Act.
1543 3752 1612 3798 tv,
1643 3732 1857 3805 52-55),
1890 3729 2286 3799 intelligendum

706 3848 788 3896 est
821 3838 899 3892 sic
926 3835 1261 3890 distributum
1303 3829 1464 3885 fuisse
1511 3827 1633 3881 huic
1670 3824 1928 3894 discipulo
1970 3821 2112 3892 quod
2154 3835 2288 3892 opus

708 3940 824 3988 erat
841 3971 856 3994 .
888 3938 944 3983 ιιι
969 3928 1076 3982 illic
1101 3926 1258 3981 etiam
1286 3922 1452 3978 beatae
1478 3920 1652 3975 Maria:
1679 3929 1925 3986 utuquam
1967 3914 2150 3969 matris
2173 3914 2290 3981 ejus

709 4023 883 4098 portio
937 4026 1247 4092 poneretur;
1300 4015 1570 4082 magisque
1618 4011 1695 4065 sic
1744 4008 2000 4062 debemus
2049 4003 2290 4075 accipere

706 4096 848 4191 quod
885 4115 1083 4171 dictum
1111 4122 1224 4175 est,
1258 4108 1337 4163 Ex
1360 4107 1603 4174 illujtora
1637 4102 1851 4171 suscepit
1877 4116 1985 4152 eam
2015 4096 2292 4166 discipulus

707 4212 762 4266 in
790 4225 903 4271 sua,
931 4215 988 4261 nt
1011 4204 1074 4257 ad
1096 4203 1210 4272 ejus
1230 4215 1410 4254 curam
1432 4194 1683 4266 quidquid
1705 4194 1752 4247 ei
1773 4201 1914 4247 esset
1934 4189 2290 4244 necessarium

712 4295 1040 4374 pertineret?
1079 4291 1327 4361 Suscepit
1367 4306 1494 4356 ergo
1535 4302 1651 4340 eam
1702 4285 1754 4338 in
1795 4297 1910 4346 sua,
1937 4297 2040 4335 nott
2071 4278 2290 4349 praedia,

712 4406 832 4459 qua:
850 4387 988 4443 tmlla
1008 4383 1218 4454 pr0pria
1251 4380 1548 4450 possidebat
1573 4394 1587 4440 ;
1612 4375 1703 4429 sed
1726 4374 1920 4438 ol‘licia,
1943 4389 2060 4442 qua:
2081 4371 2294 4440 propria

712 4479 1104 4549 dispensatione
1130 4470 1464 4542 exsequenda
1490 4469 1726 4522 curabat.

783 4571 837 4625 ι.
886 4565 1087 4622 Deinde
1132 4563 1400 4630 snhjnngit
1443 4578 1457 4614 :
1510 4578 1528 4610 ι
1577 4559 1760 4612 Postea
1792 4559 1966 4613 sciens
1991 4557 2146 4612 Jesus
2173 4558 2294 4626 quia

715 4659 890 4715 omnia
912 4663 1276 4710 consummata
1297 4661 1439 4708 sunt.
1465 4659 1516 4703 ιιι
1533 4648 2294 4717 ronsununart-turScri,:tora,

714 4750 847 4807 dicit
893 4765 907 4802 :
958 4745 1113 4802 Sitio.
1153 4743 1256 4797 Vas
1294 4758 1421 4813 ergo
1461 4741 1687 4812 positum
1733 4750 1843 4794 erat
1873 4751 2024 4794 acc-to
2051 4741 2296 4810 plenum;

719 4843 793 4900 illi
822 4850 998 4896 autem
1029 4835 1299 4909 spongiam
1330 4835 1534 4904 p'euam
1563 4840 1714 4886 aceto
1742 4831 1974 4903 hyssopo
2001 4832 2299 4902 circumpo-

716 4943 922 4998 nentes,
951 4930 1254 4985 obtulerunt
1276 4926 1354 4980 ori
1375 4925 1511 4994 ejus.
1537 4920 1667 4978 Cum
1694 4939 1821 4994 ergo
1840 4924 2124 4995 accepisset
2146 4924 2300 4980 Jesus

719 5037 923 5083 acetum
949 5066 964 5090 ,
1011 5021 1141 5076 dixit
1187 5038 1200 5074 :
1246 5019 1680 5073 Consummatum
1708 5024 1808 5069 est.
1841 5015 1900 5068 lit
1932 5015 2181 5070 inclinato
2209 5029 2299 5070 ca-

719 5119 855 5188 pite.
905 5115 1120 5169 tradidit
1163 5112 1424 5182 spiritum.
1461 5129 1479 5160 ι
1534 5108 1662 5175 Quis
1703 5115 1875 5175 potest
1898 5123 2015 5177 qua:
2045 5108 2202 5171 facit,
2231 5107 2301 5162 ita

721 5207 1034 5278 disponere,
1074 5203 1338 5272 quomodo
1377 5201 1637 5269 disposuit
1666 5199 1825 5252 homo
1851 5199 1949 5253 iste
1975 5214 2092 5268 qua:
2118 5212 2303 5268 passus

721 5297 845 5355 est?
886 5295 988 5352 Sed
1036 5293 1194 5346 homo
1223 5292 1482 5347 mediator
1512 5291 1602 5345 Dei
1630 5301 1678 5345 et
1713 5291 2022 5353 hominum;
2057 5290 2214 5343 homo
2238 5289 2305 5346 de

721 5407 830 5464 quo
853 5387 1162 5460 praedictum
1195 5384 1402 5451 legitur,
1432 5383 1500 5437 Et
1527 5383 1685 5437 homo
1709 5391 1790 5436 est
1809 5422 1824 5444 ,
1846 5382 2037 5452 etquis
2055 5389 2306 5450 agnoscet

723 5481 890 5538 eum?
933 5475 1182 5550 quoniam
1231 5474 1470 5530 homines
1507 5490 1600 5543 per
1640 5489 1773 5544 quos
1805 5473 1916 5528 hare
1945 5473 2173 5540 hebant,
2202 5488 2307 5529 non

727 5572 1083 5646 agnoscebant
1119 5567 1382 5622 hominem
1417 5567 1598 5620 Deum.
1631 5565 1800 5620 llomo
1829 5579 2054 5636 namque
2082 5579 2308 5634 appare-

730 5665 822 5720 bat
843 5664 929 5734 ιιιιί
957 5664 1096 5717 Deus
1115 5659 1346 5723 latebat;
1373 5657 1669 5728 patiebatur
1692 5657 1805 5711 ltzee
1835 5658 2009 5710 omnia
2036 5657 2122 5727 qtti
2144 5671 2307 5725 appa-

735 5755 904 5823 rebat,
932 5763 986 5812 ct
1011 5754 1147 5810 idem
1180 5753 1292 5823 ipse
1309 5749 1626 5822 diSponebat
1655 5750 1769 5805 lucc
1783 5747 1958 5803 omnia
1977 5750 2068 5802 aui
2093 5747 2302 5803 latebat.

1603 329 1672 386 IN
1707 320 1984 385 JOANNIS
2020 308 2490 376 EVANGELIUSI,
2530 308 2587 365 S.
2626 305 2992 366 AUGUSTINI

3716 321 3815 380 1953

2356 421 2498 477 Vidit
2523 439 2650 493 ergo
2675 424 2796 493 quia
2823 428 3186 478 consummata
3214 430 3335 478 sunt
3357 424 3519 480 omnia
3544 441 3642 497 qua!
3661 447 3814 503 Oporte.

2356 516 2444 571 bat
2482 525 2538 570 ut
2580 519 2763 571 tierent
2798 525 3076 586 antequam
3106 517 3363 591 acciperet
3385 529 3570 574 acetum
3593 528 3818 586 etuach

2357 609 2596 675 spiritum
2627 625 2641 671 ;
2681 619 2837 678 atque
2877 619 2934 663 ut
2971 608 3072 663 hoc
3112 609 3269 663 etiam
3304 624 3704 670 consutnnntretur
3723 623 3817 690 quod

2358 696 2625 768 Scriptura
2672 701 3018 770 pmulixrrat,
3064 699 3129 754 Et
3169 701 3219 755 in
3261 703 3343 756 siti
3383 720 3484 757 mea
3520 715 3820 774 potationum

2359 802 2498 846 aceto
2541 792 2707 864 (Psrtl.
2751 809 2951 859 vatu,
2994 792 3123 864 ἓξ),
3167 792 3318 858 Sitio,
3345 794 3540 866 inquit:
3566 805 3822 871 tauqttamtli-

2361 896 2538 951 ceret,
2590 885 2701 940 lloc
2745 885 2920 940 ntiuus
2969 885 3198 953 fecistis,
3251 886 3372 942 date
3417 890 3546 957 quod
3566 893 3817 952 estislulci

2363 980 2556 1048 quippe
2605 979 2701 1048 ipsi
2746 987 2897 1033 erant
2935 989 3142 1033 acetum
3164 1019 3179 1042 ,
3217 977 3580 1050 degenerantes
3599 998 3626 1038 a
3647 985 3740 1039 vino
3757 987 3823 1042 Pa-

2367 1072 2716 1127 triareharum
2753 1080 2807 1126 et
2847 1071 3264 1142 Prophetarum;
3303 1082 3356 1126 et
3399 1083 3625 1144 tanquam
3648 1077 3700 1133 tle
3719 1081 3822 1147 pleno

2366 1178 2490 1218 vase
2509 1206 2524 1229 ,
2570 1164 2638 1218 de
2663 1164 2934 1233 iniquitate
2960 1164 3140 1219 mundi
3171 1165 3329 1231 hujus
3354 1166 3539 1236 impleti
3557 1209 3572 1232 ,
3595 1184 3673 1224 cor
3694 1171 3826 1228 haben-

2369 1265 2451 1311 tes
2491 1256 2634 1310 velut
2670 1256 2976 1324 spongiam,
3012 1257 3316 1310 cavernosis
3351 1258 3698 1326 quodammodo
3728 1273 3831 1333 atque

2373 1349 2624 1405 tortuosis
2648 1348 2876 1404 latibulis
2897 1347 3311 1404 fmundulentum.
3341 1350 3616 1422 llyssoltum
3631 1361 3761 1409 autem
3775 1359 3830 1412 uti

2370 1442 2863 1510 circumposuerunt
2909 1441 3180 1510 spongiam
3224 1451 3376 1496 aceto
3417 1444 3633 1512 plenam,
3664 1449 3834 1515 quoniam
3920 1423 3921 1492 Ῑ

2375 1531 2535 1586 herba
2575 1541 2656 1586 est
2705 1531 2953 1594 lunnilis,
2997 1541 3050 1586 et
3094 1543 3282 1601 peetus
3321 1543 3527 1605 purgat,
3555 1535 3835 1605 ipsinsCltristl

2373 1623 2722 1679 luuuilitatem
2745 1625 3100 1694 congruenter
3123 1627 3409 1695 accipimus
3439 1643 3612 1697 :quam
3632 1630 3839 1686 circumde-
3920 1609 3921 1614 η

2373 1713 2600 1777 derunt,
2651 1723 2706 1770 et
2749 1729 2808 1770 se
2850 1716 3264 1771 circmnvenisse
3305 1726 3615 1787 putaverunt.
3653 1719 3765 1777 Unde
3789 1734 3841 1779 est
3920 1743 3921 1778 ι

2376 1806 2500 1860 ἰΙΙιιιΙ
2549 1807 2600 1860 in
2649 1807 2885 1876 psalmo,
2935 1808 3178 1879 Asperges
3228 1825 3307 1864 me
3344 1811 3843 1880 Ityssopo,etmsdolor

2378 1896 2546 1967 (Psal.
2595 1914 2625 1951 L
2643 1939 2658 1962 ,
2677 1901 2710 1952 υ
2736 1899 2776 1966 ).
2803 1899 2996 1952 Christi
3027 1915 3257 1969 namque
3283 1899 3562 1957 luuniliutte
3583 1903 3841 1968 mandantur;

2377 1993 2498 2059 quia
2547 1989 2646 2043 uisi
2695 1989 3016 2046 humiliasset
3063 1993 3442 2061 sentetipsum,
3487 1992 3634 2049 laetus
3666 1994 3844 2050 obediens
3920 1989 3921 2030 ξ

2381 2097 2546 2151 usque
2581 2081 2645 2136 ad
2687 2093 2908 2137 mortem
2937 2085 3113 2139 erucis
3142 2083 3398 2156 (Philipp.
3429 2102 3460 2140 ιι
3479 2128 3494 2152 ,
3519 2086 3600 2158 8).
3623 2100 3706 2140 non
3725 2087 3844 2156 utique
3920 2113 3921 2156 ;

2381 2174 2593 2242 sanguis
2619 2174 2735 2244 ejus
2761 2175 2812 2228 in
2843 2184 3178 2242 peccatorum
3216 2179 3563 2234 remissionem
3581 2218 3595 2244 ,
3619 2178 3794 2245 hocest,
3811 2179 3844 2231 is

2381 2273 2613 2318 nostram
2645 2264 3038 2320 mundationcm
3070 2265 3261 2322 fuisset
3286 2269 3498 2324 ell‘usus.

2453 2354 2506 2408 5.
2553 2354 2661 2408 Nec
2700 2365 2914 2410 moveat
2945 2356 3219 2425 quomodo
3247 2360 3458 2430 spongia
3483 2361 3555 2414 ori
3577 2361 3673 2430 ejus
3693 2360 3847 2429 potuerit

2383 2443 2652 2499 admoveri
2679 2486 2694 2508 ,
2721 2445 2808 2514 qui
2839 2447 2889 2498 in
2918 2461 3078 2500 cruce
3107 2448 3277 2503 fuerat
3301 2450 3590 2504 exaltatusa
3617 2448 3847 2505 tem.Siat

2383 2539 2524 2592 enim
2563 2538 2702 2609 apud
2748 2539 2881 2593 alios
2919 2541 3278 2611 evangelistas
3303 2544 3514 2614 legitur,
3540 2543 3659 2613 quod
3681 2544 3847 2613 hicpre-

2387 2629 2689 2694 termisit,in
2704 2630 3052 2685 arundiueest
3065 2632 3472 2704 hnetumwottlt.
3487 2631 3845 2702 xsvu,i8,etllm.

2386 2738 2473 2788 xv,
2502 2723 2615 2786 56),
2648 2733 2705 2777 ut
2731 2723 2782 2777 in
2803 2725 3020 2794 spongia
3043 2725 3161 2781 talis
3182 2736 3343 2796 [unus
3364 2727 3427 2781 ad
3446 2727 3602 2782 erucis
3614 2723 3848 2779 ειιιιΙιιιιίιΙο-

2385 2825 2615 2871 varetur.
2649 2816 2750 2870 Per
2763 2817 3075 2874 arundinem
3097 2833 3234 2873 vero
3253 2819 3510 2889 Scriptura
3530 2817 3847 2888 significabatur,

2386 2922 2502 2976 qua:
2523 2907 2834 2976 implebatur
2852 2907 2952 2962 hoe
2978 2907 3134 2963 laeto.
3155 2908 3306 2964 Sient
3324 2910 3460 2965 enim
3479 2911 3630 2979 lingua
3650 2903 3849 2962 diciturtel

2385 3013 2556 3068 gneca
2579 3000 2661 3053 vel
2685 2999 2840 3053 latina
2863 3039 2877 3061 ,
2906 2999 2986 3053 vel
3016 3000 3116 3054 alia
3145 3001 3401 3070 qumlibet
3420 3015 3594 3056 sonum
3613 2997 3848 3070 signiﬁcans.

2385 3093 2474 3163 qui
2519 3093 2691 3164 lingua
2736 3092 3032 3162 promitur;
3079 3094 3156 3148 sic
3194 3094 3402 3150 arundo
3427 3094 3520 3150 diei
3548 3103 3690 3163 potest
3710 3091 3849 3152 littera,

2388 3199 2508 3254 quze
2545 3184 2805 3239 arundine
2831 3185 3097 3239 scribitur.
3125 3183 3240 3241 Sed
3269 3201 3427 3241 sonos
3452 3185 3750 3256 signiﬁcantes
3763 3179 3852 3235 rods
3920 3179 3921 3248 ξ

2390 3274 2634 3329 humanm
2686 3275 3025 3330 usitatissitne
3063 3275 3297 3333 dicimus
3334 3253 3526 3346 linguas
3569 3293 3582 3331 :
3623 3273 3851 3341 Scriptum

2390 3383 2517 3422 vero
2539 3368 2849 3422 arundinem
2875 3368 2977 3424 dici
2998 3411 3013 3433 ,
3041 3385 3146 3438 quo
3173 3371 3355 3426 minus
3377 3380 3456 3425 est
3474 3370 3702 3431 usitatum,
3719 3376 3852 3418 conta-

2389 3460 2470 3529 gis
2507 3469 2589 3515 est
2625 3460 2844 3531 mystice.
2883 3462 3182 3531 ﬁguratum.
3233 3462 3474 3518 Faciebat
3502 3463 3587 3516 ista
3609 3455 3856 3531 p0pulasiu-

2392 3553 2543 3621 pius,
2588 3554 2881 3622 patiebatur
2925 3555 3021 3608 ista
3058 3555 3368 3611 misericors
3396 3555 3631 3610 Christus.
3652 3550 3728 3618 Qui
3752 3546 3854 3602 [acleo

2393 3641 2510 3708 bat,
2557 3643 2682 3714 quid
2728 3646 2924 3700 laceret
2965 3645 3238 3702 nesciebat
3275 3664 3288 3699 :
3329 3647 3414 3717 qui
3441 3643 3854 3716 patielmturautetn.

2393 3750 2500 3790 non
2544 3736 2714 3790 solum
2761 3737 2886 3807 quid
2935 3737 3086 3793 ﬁeret
3131 3747 3186 3792 et
3228 3754 3326 3794 cur
3357 3739 3499 3794 fieret
3525 3735 3856 3797 sciendum!!!

2394 3830 2553 3884 etiam
2582 3829 2650 3884 de
2678 3830 2814 3884 male
2845 3828 3157 3884 facientibus
3186 3831 3330 3887 bene
3352 3831 3460 3900 ipse
3483 3828 3691 3884 faciebat.

2465 3923 2518 3978 6.
2549 3921 2676 3976 Cum
2702 3939 2820 3992 ergo
2847 3923 3112 3992 accepisset
3133 3922 3294 3979 Iesus
3315 3933 3522 3990 acetum,
3542 3915 3859 3974 diriulkmm-

2396 4025 2587 4067 matum
2613 4023 2704 4067 est.
2733 4013 2898 4082 Quid,
2929 4014 3028 4068 nisi
3051 4013 3187 4084 quod
3221 4014 3490 4085 prophetia
3511 4021 3641 4067 tanto
3661 4018 3754 4062 ante
3772 4015 3859 4072 Ρη·

2395 4107 2642 4160 dixerat?
2671 4104 2866 4159 Deinde
2885 4105 3004 4175 quia
3028 4105 3156 4159 nihil
3183 4113 3502 4161 remanserat
3521 4100 3645 4173 quod
3662 4104 3857 4163 ant-quam

2399 4205 2693 4251 moreretur
2720 4196 2831 4250 ﬁeri
2861 4195 3037 4250 adlme
3063 4205 3356 4264 oporteret,
3387 4205 3616 4266 tanquam
3643 4191 3713 4246 ille
3726 4185 3787 4257 qui
3803 4195 3861 4251 νο-
3920 4185 3921 4248 ι

2400 4296 2642 4342 testatem
2692 4286 2914 4342 habebat
2958 4287 3184 4356 ponendi
3227 4288 3452 4342 animam
3489 4299 3650 4341 suum.
3675 4287 3719 4334 et
3739 4278 3860 4330 iterum

2401 4378 2641 4434 sumendi
2663 4393 2780 4434 eam
2804 4377 2981 4449 (.loon.
3016 4394 3044 4431 ι
3066 4378 3193 4449 ,18)
3215 4419 3230 4443 ,
3263 4377 3484 4448 peractis
3509 4373 3718 4430 ontuihus
3738 4367 3864 4436 ιιιι-τιίι

2401 4479 2777 4540 peragerentur
2823 4470 3164 4538 exspectabat
3193 4512 3208 4534 ,
3262 4469 3510 4523 luclmoto
3551 4464 3690 4535 capite
3727 4449 3863 4510 tradidit
3920 4467 3921 4500 ι

2400 4561 2652 4630 spiritum.
2679 4559 2810 4629 Quis
2836 4561 2903 4614 ita
2931 4560 3127 4615 dormit
3153 4560 3367 4630 quando
3393 4557 3628 4619 voluerit,
3648 4553 3753 4608 sicut
3765 4545 3863 4602 tam

2403 4665 2645 4710 mortuus
2685 4661 2764 4707 est
2811 4653 3022 4722 quando
3072 4654 3280 4708 voluit?
3321 4653 3448 4722 Q-tis
3492 4652 3555 4706 ita
3591 4656 3752 4700 vestem
3773 4632 3864 4708 ιιοσιίί

2405 4745 2617 4814 quando
2638 4744 2896 4808 voluerit,
2930 4745 3066 4800 sicut
3091 4761 3148 4798 se
3174 4759 3336 4800 uiroc
3363 4744 3506 4799 exuit
3530 4737 3710 4812 quando
3732 4722 3863 4785 voluit?

2407 4838 2534 4907 Quis
2557 4838 2625 4890 ita
2647 4852 2766 4890 cum
2795 4836 3018 4890 voluerit
3044 4835 3181 4899 abit,
3204 4834 3470 4903 quomodo
3483 4848 3592 4888 eum
3611 4825 3742 4881 voluit
3755 4812 3864 4871 duit?

2406 4905 2610 5000 Quanta
2648 4927 2907 4996 speranda
2945 4927 3023 4983 vel
3052 4925 3280 4982 timenda
3314 4933 3535 4997 potestas
3556 4929 3628 4977 est
3645 4905 3864 4988 judicanlis.

2409 5023 2453 5077 si
2479 5021 2720 5090 apparuit
2745 5029 2890 5075 tanta
2919 5018 3232 5074 morientis?

2903 5131 3308 5190 TRACTATUS
3352 5129 3507 5188 CXX.

2411 5256 2486 5312 Ab
2520 5271 2578 5311 eo
2606 5254 2741 5326 quod
2769 5253 3018 5324 sequitur,
3046 5249 3210 5306 Juda-i
3237 5263 3364 5320 ergo
3381 5290 3398 5314 ,
3425 5244 3649 5318 quoniam
3675 5234 3868 5326 [lanificii
3920 5245 3921 5316 ᾖ

2482 5358 2617 5414 erat,
2635 5358 2758 5413 etc.;
2788 5361 2942 5416 usque
2964 5344 3032 5398 ad
3055 5343 3138 5408 id,
3160 5314 3400 5398 Nondum
3421 5314 3551 5394 enim
3568 5329 3765 5388 sciebant
3780 5314 3870 5373 δαί·

2484 5450 2724 5512 pturam.
2774 5439 2894 5509 quia
2941 5444 3149 5507 Oportet
3189 5448 3311 5488 eum
3352 5447 3382 5485 a
3425 5425 3629 5484 mortuis
3661 5418 3872 5478 retur?”
3920 5399 3921 5424 ἶ

2484 5511 2611 5599 Cap.
2641 5547 2729 5585 six
2752 5571 2768 5597 ,
2808 5530 2882 5599 ᾖ.
2909 5526 3104 5592 lii-42,
3133 5534 3178 5578 et
3207 5540 3321 5594 cap.
3350 5538 3450 5584 xx,
3489 5518 3555 5587 ᾗ.
3579 5511 3672 5569 ιοθ.

2488 5653 2538 5705 1.
2584 5649 2932 5714 Posteaquam
2983 5639 3232 5695 Dominus
3271 5634 3422 5689 Iesus
3443 5672 3458 5698 ,
3486 5620 3682 5699 peractis
3703 5603 3876 5714 οφηξδξδ

2417 5759 2535 5817 qua:
2567 5749 2690 5795 ante
2728 5751 2878 5792 suam
2920 5743 3140 5788 mortem
3164 5725 3342 5800 peragi
3368 5696 3593 5796 oportere
3616 5696 3873 5784 przl‘wich‘b
