3994 6368
17 2633 40 2818 έὲ

6 2829 40 2890 ιὲ

6 3017 40 3054 αξ

0 3219 40 3272 fi.

2 3277 40 3348 .ιὶ

23 3339 40 3416 ἐ

4 3505 18 3534 r

1 3599 10 3614 .

2 4057 20 4092 Ι

6 4235 50 4261 ,-.

8 4335 14 4366 ι

4 4427 12 4458 ι

8 4607 54 4644 3..

12 4875 18 4916 ἰ

170 413 274 481 1933

171 532 341 606 quando
383 527 551 584 voluit
589 521 804 582 tradidit
843 523 1120 592 Spiritum,
1160 538 1278 593 qua:
1311 521 1503 576 deinde.
1532 527 1714 574 secuta

170 639 263 684 sinit
282 667 295 687 ,
335 620 665 690 Evangelista
694 627 944 672 narrante
970 617 1257 670 videamus.
1295 633 1314 666 ι
1349 613 1516 669 Judmi
1546 625 1675 682 ergo
1696 653 1712 676 ,

172 716 332 784 injuit,
371 712 620 784 quoniam
663 724 949 781 parasceve
984 717 1130 772 erat,
1160 716 1216 761 ut
1243 721 1350 762 non
1379 713 1717 760 remanerent

173 813 211 864 in
243 821 383 863 cruce
409 819 631 873 corpora
660 801 881 856 sabbato
911 807 1047 872 (erat
1071 799 1211 854 enim
1241 811 1460 866 magnus
1485 795 1598 850 dies
1628 794 1716 851 ille

171 899 395 969 sabbati),
440 904 763 966 rogaverunt
792 892 1016 948 Pilatum
1047 901 1102 945 ιιι
1128 890 1498 961 fungerentur
1526 901 1713 943 eorum

170 1009 291 1050 cnira
309 1033 324 1060 ,
351 1000 400 1046 et
432 988 574 1045 tolle:
589 998 765 1044 eutur.
803 1005 822 1039 ι
849 983 962 1039 Non
991 998 1145 1039 crura
1169 983 1510 1041 tollerentur.
1537 979 1630 1034 sed
1659 979 1713 1033 hi

170 1087 325 1157 quibus
349 1082 465 1139 ideo
492 1080 874 1153 frangebantur
897 1089 953 1132 ut
976 1085 1310 1131 morerentur
1330 1118 1344 1140 ,
1367 1085 1420 1131 et
1441 1075 1715 1129 auferren-

171 1189 236 1233 tur
257 1193 313 1233 es
341 1175 513 1245 ligno;
545 1190 614 1227 ne
645 1170 935 1241 pendentes
956 1171 1006 1224 in
1029 1169 1274 1222 crucibus
1296 1183 1543 1237 magnum
1571 1165 1710 1220 diem

171 1269 326 1326 festum
349 1266 426 1320 sui
450 1265 626 1320 diurni
658 1265 675 1296 ⁸
700 1265 963 1318 cruciatus
993 1262 1212 1316 horrore
1238 1259 1516 1315 fmdarent.

222 1360 267 1415 Ξ.
297 1379 314 1412 ι
346 1357 611 1414 Venerunt
634 1371 762 1425 ergo
783 1354 976 1408 milites
996 1395 1010 1416 ,
1041 1364 1093 1409 et
1121 1353 1276 1423 primi
1302 1351 1514 1421 quidem
1542 1350 1714 1419 frege-

171 1461 266 1510 runt
295 1465 436 1506 crura
455 1491 472 1514 ,
504 1459 561 1504 et
589 1447 804 1502 alterius
832 1447 920 1516 qui
951 1447 1235 1500 cruciﬁxus
1259 1455 1342 1498 ρει
1367 1458 1487 1498 cum
1516 1458 1600 1497 eo.
1632 1442 1712 1497 Ad

168 1541 314 1599 Jcsum
358 1553 527 1597 autem
570 1556 691 1596 cum
738 1539 1040 1600 venissent,
1087 1547 1143 1592 ut
1182 1536 1424 1590 viderunt
1458 1550 1579 1590 eum
1599 1535 1711 1603 jam

169 1634 393 1689 mortuum
415 1675 431 1699 ,
479 1648 584 1686 non
616 1631 887 1701 fregerunt
909 1629 1026 1698 ejus
1055 1644 1208 1683 crum
1237 1646 1249 1680 :
1281 1626 1374 1681 sed
1408 1641 1542 1680 unus
1569 1625 1710 1679 mili-

168 1738 258 1784 tum
283 1730 447 1784 lancea
469 1729 606 1781 latus
630 1727 746 1792 ejus
773 1724 982 1794 aperuit
1005 1765 1020 1789 ,
1047 1733 1101 1777 et
1123 1722 1377 1777 continuo
1401 1721 1564 1776 exivit
1589 1735 1713 1775 san-

169 1823 260 1892 guis
283 1830 332 1875 et
351 1799 794 1890 aqiia.r\iigilaiiti
823 1817 986 1872 verbo
1013 1815 1342 1885 Evazgelista
1374 1830 1500 1868 usus
1519 1821 1626 1875 cst,
1655 1820 1712 1867 ut

167 1931 250 1968 nou
273 1913 461 1968 diceret
477 1953 493 1976 ,
525 1913 685 1966 Latus
704 1912 819 1981 ejus
843 1909 1140 1980 percussit,
1170 1916 1260 1961 aut
1285 1905 1600 1970 vulneravit,
1620 1911 1713 1958 aut

163 2004 264 2074 quid
304 2003 472 2068 aliud;
516 2001 611 2058 sed
633 2045 646 2063 ,
678 2001 874 2072 aperuit
906 2015 925 2054 :
954 2009 1007 2054 ut
1037 1999 1142 2053 illic
1167 1996 1560 2066 quodammodo
1591 2005 1710 2049 vita:

158 2095 329 2149 Ostium
355 2093 700 2166 panderetur,
724 2091 866 2148 unde
885 2090 1227 2147 Sacramenta
1259 2087 1509 2143 Ecclesia:
1530 2101 1713 2140 mana-

157 2195 356 2252 vcnint,
397 2187 510 2240 sine
534 2184 726 2255 quibus
751 2183 818 2237 ad
847 2184 1006 2237 vitam
1035 2198 1154 2251 quae
1185 2195 1306 2234 vera
1337 2180 1438 2232 vita
1465 2187 1574 2239 est,
1603 2193 1708 2232 non

153 2275 372 2330 intratur.
402 2275 492 2331 Ille
518 2277 733 2346 sanguis
761 2275 812 2329 in
845 2273 1212 2328 remissionem
1241 2270 1388 2324 fusus
1414 2279 1494 2324 est
1525 2284 1710 2338 pecca-

152 2378 306 2424 torum
335 2386 350 2422 :
377 2384 510 2439 aqua
542 2369 626 2422 illa
658 2367 888 2422 salutare
915 2375 1171 2432 temperat
1203 2363 1446 2434 poculum
1472 2377 1487 2426 ;
1520 2361 1632 2415 ha-c
1657 2369 1711 2414 et

150 2460 391 2517 bvacrmn
429 2471 641 2532 pra-stat
661 2503 676 2525 ,
705 2470 760 2515 et
787 2470 988 2530 potum.
1023 2458 1133 2513 Iloc
1161 2457 1544 2528 pur-nuntiabat
1567 2453 1708 2525 quod

146 2553 244 2608 Hoc
275 2555 324 2608 in
351 2555 516 2610 latere
535 2569 676 2609 arca:
699 2552 893 2606 ostium
928 2551 1296 2619 laerrejussus
1322 2558 1404 2601 est
1433 2546 1584 2616 (lien.
1619 2563 1665 2600 vi
1688 2586 1703 2610 ,

146 2644 259 2711 16).
301 2661 396 2715 qua
442 2645 701 2699 intrarent
735 2642 984 2697 animalia
1023 2657 1141 2711 qiui:
1182 2657 1286 2694 non
1326 2650 1474 2695 erant
1508 2640 1709 2693 diluvio

144 2737 358 2804 peritura
377 2777 392 2796 ,
415 2735 609 2805 quibus
633 2735 906 2804 prazligura
917 2733 1069 2786 batur
1089 2733 1344 2786 Ecclesia.
1370 2730 1589 2800 Propter
1610 2732 1711 2785 hoc

143 2827 299 2894 prima
342 2828 533 2882 mulier
569 2828 700 2880 facta
735 2834 820 2881 est
847 2825 914 2879 de
943 2825 1106 2878 latere
1133 2823 1231 2877 viai
1257 2822 1569 2877 dormientis
1595 2821 1706 2890 (ld.

143 2932 195 2980 ti,
236 2918 362 2988 ἥ).
401 2928 455 2973 et
491 2918 752 2986 appellata
783 2927 867 2970 est
895 2916 998 2970 vita
1028 2926 1302 2985 materque
1327 2914 1564 2968 vivorum
1595 2913 1707 2984 (Id.

141 3023 228 3073 iu,
270 3009 378 3079 20).
419 3009 666 3079 Magnum
707 3009 904 3079 quippe
947 3007 1261 3077 signiﬁcavit
1305 3007 1499 3059 bonum
1533 3047 1548 3069 ,
1589 3015 1711 3061 ante

141 3119 374 3174 maguum
405 3103 852 3174 prievaricationis
873 3103 1066 3156 malum
1091 3103 1128 3153 ⁸.
1153 3100 1247 3155 llic
1263 3099 1526 3154 secundus
1544 3099 1710 3154 Adam

141 3194 383 3251 inclinato
416 3195 589 3266 capite
630 3194 682 3248 in
720 3209 879 3248 cruce
903 3193 1187 3256 dormivit,
1222 3200 1278 3246 ιιι
1306 3193 1428 3245 imle
1453 3193 1712 3247 foriuare-

143 3295 227 3341 tur
268 3288 314 3344 ei
357 3288 544 3356 conjuv
567 3329 583 3350 ,
625 3304 661 3359 q
697 3287 765 3342 od
792 3287 859 3342 de
890 3288 1055 3342 latere
1084 3287 1396 3340 dormientis
1423 3285 1641 3340 cllluvit.
1667 3285 1713 3341 0

143 3394 283 3434 mors
318 3381 451 3436 unde
498 3381 693 3436 mortui
740 3380 1096 3437 reviviscunt!
1147 3379 1282 3448 Quid
1329 3381 1431 3434 isto
1458 3378 1716 3450 sanguine

143 3471 379 3527 mundius
394 3473 418 3528 ?
439 3473 564 3544 quid
589 3474 808 3528 vulnere
834 3474 936 3528 isto
952 3472 1257 3529 salubrius?

211 3564 263 3621 3.
309 3563 372 3619 Et
408 3571 491 3637 qui
539 3567 690 3633 cidit,
736 3568 907 3650 inquit
930 3617 945 3638 ,
989 3574 1324 3629 testimonium
1363 3575 1644 3643 perhibuit,
1672 3578 1719 3628 et

153 3682 313 3722 rerum
335 3679 405 3725 est
431 3669 768 3724 testimonium
797 3669 908 3738 ejus
934 3684 954 3723 :
981 3678 1028 3722 et
1051 3667 1138 3722 ille
1155 3668 1246 3721 scit
1265 3669 1384 3740 quia
1414 3685 1526 3722 rrra
1552 3668 1675 3720 dicit
1698 3708 1714 3732 ,

147 3766 201 3811 It
234 3769 282 3813 et
320 3776 400 3815 ros
423 3761 658 3814 credatis.
691 3759 804 3814 Non
831 3759 993 3823 dixit,
1024 3769 1074 3813 ut
1106 3771 1156 3812 et
1187 3775 1280 3811 vos
1301 3759 1514 3823 sciatis;
1547 3758 1638 3812 sed
1665 3768 1719 3812 ut

148 3850 350 3904 credatis
379 3867 399 3906 :
425 3849 526 3904 Scit
561 3849 702 3904 enim
731 3850 818 3921 qui
847 3849 1001 3910 vidit,
1030 3848 1181 3915 cujus
1207 3849 1390 3903 credat
1417 3849 1719 3903 tesﬁmonio

148 3938 232 4008 qui
268 3957 365 3994 non
392 3942 540 3995 vidit.
571 3940 734 4012 Magis
758 3948 933 3994 autem
963 3940 1031 3994 :zd
1063 3939 1216 3994 ﬁdem
1247 3941 1465 3995 credere
1493 3941 1721 4008 pertinet

149 4042 296 4098 quam
323 4032 516 4087 videre.
545 4030 675 4086 Nam
702 4030 826 4100 quid
853 4040 935 4084 est
958 4030 1096 4084 aliud
1116 4031 1354 4094 credere,
1378 4045 1534 4100 quam
1561 4031 1716 4083 ﬁdem

153 4125 539 4177 accommodare
559 4124 584 4174 τ
625 4121 788 4177 Facta
811 4133 926 4177 sani
955 4123 1083 4175 enim
1110 4123 1237 4185 hac,
1256 4122 1455 4191 inquit.
1489 4132 1540 4174 ui
1571 4122 1716 4175 Scri-

157 4221 292 4281 ptura
326 4215 629 4284 impleretur.
657 4213 729 4270 0s
755 4233 853 4269 non
883 4215 1225 4270 comminuetis
1253 4231 1318 4269 ea:
1336 4230 1412 4268 eo.
1444 4213 1508 4269 Et
1535 4216 1716 4270 iterum

153 4304 251 4356 alia
293 4306 555 4373 Scriptura
595 4307 715 4360 dicit
739 4349 754 4369 ,
813 4307 1057 4363 Videbunt
1101 4309 1152 4361 in
1193 4323 1340 4374 quem
1377 4307 1712 4374 con/iurant.

159 4393 266 4452 Duo
305 4400 600 4456 testimonia
640 4401 707 4455 de
746 4401 1033 4471 Scripturis
1059 4400 1284 4455 reddidit
1309 4400 1533 4470 singulis
1561 4399 1720 4456 rebus

159 4502 279 4555 quas
321 4491 482 4546 laetas
529 4492 692 4548 fuisse
740 4494 990 4548 narravit.
1038 4493 1167 4547 Nam
1211 4494 1330 4562 quia
1370 4493 1611 4557 dixerat,
1643 4491 1723 4546 Ad

159 4574 317 4634 Iesum
341 4593 502 4637 autem
533 4600 647 4637 cum
673 4584 913 4638 venissent
936 4625 950 4646 ,
981 4593 1032 4636 ut
1060 4583 1288 4637 viderunt
1317 4601 1428 4638 eam
1443 4585 1556 4654 jam
1589 4601 1723 4638 mor-

164 4677 287 4725 tui»
307 4714 323 4739 ,
351 4692 446 4728 non
476 4676 733 4744 [regerant
762 4677 869 4744 ejus
897 4691 1047 4728 crura
1066 4716 1080 4739 ,
1108 4676 1173 4728 ad
1205 4673 1303 4729 hoc
1325 4675 1550 4744 pertinet
1577 4675 1720 4729 testi-

164 4764 378 4820 Inimiqu
395 4808 412 4831 ,
447 4765 521 4821 Os
548 4784 645 4819 non
668 4767 1011 4819 comminueiis
1039 4782 1103 4820 ea:
1120 4783 1177 4819 eo
1201 4767 1376 4836 :quod
1402 4777 1720 4836 praecepimu

166 4867 236 4910 est
269 4860 343 4915 cis
379 4863 463 4932 qui
499 4861 770 4918 celebrare
809 4862 1005 4916 Pascha
1027 4863 1160 4930 jussi
1187 4873 1307 4917 sunt
1332 4864 1445 4917 ovis
1477 4865 1719 4918 inuuola-

169 4947 292 5006 tione
324 4955 372 5006 in
401 4955 565 5008 veteri
597 4951 763 5024 Lege,
791 4971 908 5025 qua:
935 4954 1222 5009 Dominica:
1252 4955 1511 5024 passionis
1535 4955 1720 5011 umbra

170 5060 502 5116 "recesserat.
532 5049 682 5108 Unde
713 5050 913 5106 Pascha
933 5062 1158 5106 nostrum
1178 5053 1464 5106 immolatus
1485 5063 1555 5107 est
1577 5053 1724 5106 Chri-

170 5143 320 5214 stus-(l
346 5143 461 5199 Cor.
487 5161 552 5204 ν.
584 5145 637 5217 7)
668 5144 770 5200 :de
791 5162 896 5215 quo
917 5155 970 5200 et
993 5144 1152 5200 Isaias
1175 5145 1428 5215 propheta
1461 5147 1719 5214 pra-dixe-

172 5243 255 5299 rat,
282 5237 413 5294 Sient
441 5240 547 5294 ovis
570 5238 640 5292 ad
667 5237 1029 5292 immolandum
1049 5238 1228 5292 ductas
1245 5248 1317 5292 est
1339 5236 1492 5307 (lsai.
1517 5255 1621 5300 Ltlt,
1644 5239 1719 5308 7).

174 5322 278 5386 Irin
311 5331 427 5400 quia
464 5332 810 5400 subjunxerat
837 5331 1053 5395 dicens,
1083 5331 1189 5387 Sed
1218 5348 1350 5386 unus
1373 5332 1586 5386 militum
1610 5333 1724 5387 lan-

172 5436 242 5478 cis
277 5425 399 5483 latus
430 5429 547 5500 ejus
583 5426 822 5498 aperuit;
855 5425 924 5483 ad
951 5425 1052 5483 hoc
1073 5426 1304 5498 pertinet
1324 5427 1549 5483 alterum
1577 5425 1723 5482 testi-

222 5653 380 5715 ἔων..
423 5653 663 5709 diutini.
706 5651 792 5704 Αιιι
829 5653 1052 5712 culices.
1092 5653 1274 5704 diariis.

222 5713 300 5784 ita
323 5712 479 5772 tribus
523 5734 630 5784 εαξη
658 5726 707 5784 et
727 5725 850 5784 a_ud
869 5727 1064 5784 Ateium
1087 5744 1132 5784 τε
1174 5712 1593 5784 [caduco-verba.
1615 5722 1725 5784 ante

169 5773 797 5902 Womcationis
818 5779 1012 5848 malum,
1040 5773 1246 5840 audiar,
1270 5775 1321 5830 in
1342 5773 1506 5828 habitu
1515 5773 1725 5840 jacentis

1199 396 1607 461 TRACTATUS
1641 393 1806 454 CXX.
1860 397 2086 460 CAPUT
2123 400 2268 462 XIX.

3269 424 3408 485 £954.

1828 517 2084 582 monium,
2115 516 2360 574 Videbunt
2380 522 2431 577 in
2455 540 2602 594 quem
2628 529 2944 598 con/iterant
2965 537 3086 592 :ubi
3114 542 3409 608 promissus

1825 615 1902 661 est
1925 608 2187 674 Christus,
2207 612 2256 666 in
2274 630 2335 668 ea
2352 631 2454 684 qua
2472 619 2756 674 cruciﬁxus
2774 634 2855 679 est
2882 643 3044 684 carne
3071 643 3347 689 venturus.

1893 701 1948 798 ι.
2002 719 2044 798 ιΔ
2070 701 2194 798 Post
2234 704 2347 762 ha'c
2384 719 2560 765 autem
2603 715 2805 784 rogavit
2846 716 3070 775 Pilatum
3107 723 3300 798 Joseph
3335 732 3406 789 ab

1821 791 2114 847 Arimathia
2163 795 2250 868 (eo
2286 801 2426 869 quod
2467 814 2611 860 esset
2647 807 2934 879 discipulus
2971 812 3135 879 .Iesu,
3169 791 3405 880 occultus

1821 893 1998 986 autem
2031 901 2254 986 propter
2276 904 2473 986 metum
2499 894 2829 972 inda-orum)
2849 945 2864 968 ,
2895 914 2953 959 ut
2978 907 3188 966 tolleret
3212 928 3406 986 Corpus

1820 975 1944 1077 {esu
1970 995 1982 1030 :
2001 987 2060 1077 et
2091 981 2329 1047 permisit
2360 984 2576 1040 Pilatus.
2612 989 2764 1046 Venit
2791 1009 2953 1065 ergo,
2985 1008 3038 1054 et
3069 1001 3187 1057 tulit
3211 975 3405 1077 corpus

1818 1065 1963 1122 Jesu.
2001 1068 2154 1125 Venit
2191 1083 2366 1129 autem
2393 1075 2711 1136 Nieodemus
2733 1124 2748 1146 ,
2775 1086 2862 1154 qui
2893 1101 3108 1146 venerat
3132 1095 3196 1149 ad
3223 1065 3401 1155 les-mn

1819 1170 1976 1215 nocte
2033 1163 2260 1232 primum
2285 1205 2300 1230 ,
2349 1166 2524 1223 ferens
2565 1173 2845 1230 mixturam
2890 1181 3120 1250 myrrha:
3162 1194 3216 1241 et
3255 1189 3403 1244 aloes

1818 1253 1966 1343 quasi
1993 1252 2155 1308 libras
2182 1268 2415 1313 centum.
2447 1281 2466 1312 ι
2501 1261 2612 1316 Νοιι
2643 1264 2715 1319 ita
2738 1267 3163 1341 distinguendum
3207 1289 3284 1333 est
3303 1322 3319 1343 ,
3346 1293 3402 1337 ut

1818 1340 2082 1406 dicamus,
2127 1346 2344 1414 primum
2391 1354 2557 1417 ferens
2601 1355 2871 1412 mixturam
2911 1340 3133 1430 myrrha:
3153 1382 3172 1430 ,'
3215 1340 3318 1424 sed
3345 1381 3400 1427 ut

1817 1433 1955 1502 quod
1987 1435 2183 1490 dictum
2209 1441 2564 1508 esi,primum,
2595 1445 2660 1498 ad
2685 1449 3013 1516 superiorem
3039 1470 3253 1513 sensum
3275 1475 3397 1528 per-

1820 1524 2002 1578 tineat.
2040 1526 2267 1581 Venerat
2296 1533 2436 1585 enim
2463 1533 2781 1592 NicoJeums
2805 1541 2870 1595 ad
2899 1541 3079 1599 Jcsiuu
3109 1524 3396 1622 nocte-pri-

1817 1628 1960 1667 mum
1984 1655 2001 1682 ,
2026 1617 2166 1685 quod
2191 1618 2327 1674 idem
2351 1619 2584 1678 Joannes
2605 1629 2838 1684 narravit
2862 1632 2912 1684 in
2936 1634 3198 1701 prioribus
3225 1617 3396 1696 Evan-

1815 1707 1934 1776 gelii
1973 1709 2054 1763 sui
2099 1712 2335 1778 partibus
2382 1714 2554 1784 (Joan.
2599 1734 2683 1784 ui,
2730 1722 2794 1787 l,
2823 1722 2902 1790 2).
2933 1725 3028 1781 llic
3052 1745 3180 1799 ergo
3205 1733 3397 1791 intelli-

1815 1799 2045 1868 gendum
2077 1815 2156 1856 est
2185 1805 2250 1857 ad
2274 1804 2454 1860 Jesum
2473 1849 2489 1873 ,
2515 1824 2618 1864 non
2642 1819 2766 1866 tunc
2787 1814 2993 1882 solum,
3016 1821 3108 1874 sed
3137 1833 3259 1878 tunc
3288 1827 3398 1895 pri-

1818 1905 1959 1944 nium
1989 1893 2195 1947 venisse
2221 1894 2601 1961 Nicodeunuu;
2629 1902 2913 1960 ventitaSse
2932 1916 3108 1963 autem
3136 1893 3316 1981 postea
3339 1927 3396 1974 ut

1816 1983 1967 2038 ﬁeret
1991 1986 2254 2041 audiendo
2279 1988 2567 2058 discipulus
2600 2011 2611 2044 :
2641 1995 2780 2062 quod
2811 2007 2957 2053 certe
2986 2002 3143 2056 modo
3169 2006 3220 2059 in
3250 2023 3399 2066 reve.

1816 2076 2014 2131 latione
2035 2094 2228 2146 corpor
2248 2095 2275 2132 s
2296 2079 2584 2136 heatiSsinii
2611 2087 2864 2155 Stephani
2889 2090 2998 2145 lere
3009 2095 3396 2170 ouiuibusgcu-

1816 2168 1954 2224 tihus
1996 2170 2293 2224 declaratur
2330 2173 2426 2244 (a).
2465 2176 2775 2246 Acceperunt
2809 2199 2926 2252 ergo
2953 2201 3136 2256 corpus
3160 2168 3320 2256 Iesu,
3349 2205 3398 2250 et

1814 2261 2089 2330 ligaverunt
2128 2261 2258 2316 illud
2293 2263 2459 2319 linteis
2496 2283 2609 2320 cum
2647 2274 2986 2336 arumaiibus,
3029 2279 3158 2333 sicut
3189 2297 3297 2337 mos
3322 2297 3394 2341 est

1811 2351 2005 2408 Judwis
2031 2355 2260 2424 sepelire.
2314 2356 2426 2410 Non
2459 2359 2586 2413 mihi
2617 2362 2823 2417 videtur
2847 2365 3176 2438 Evangelista
3203 2373 3395 2433 frustra

1812 2445 1988 2502 dicere
2033 2449 2291 2511 voluisse.
2341 2453 2467 2506 sicut
2513 2470 2620 2507 nios
2661 2467 2732 2509 est
2776 2456 2973 2514 Judicis
3019 2466 3230 2532 sepelire
3268 2483 3287 2521 .'
3324 2470 3396 2526 ita

1811 2538 2042 2610 quippe,
2084 2541 2183 2595 uisi
2229 2543 2415 2603 fallar,
2455 2544 2730 2600 adniuuuit
2771 2549 2820 2601 iu
2861 2547 3163 2618 huju~modi
3203 2557 3395 2616 ofﬁciis

1813 2650 1931 2704 qua:
1957 2635 2180 2689 mortuis
2205 2634 2523 2691 exhibentur
2539 2679 2552 2703 ,
2583 2653 2786 2695 morem
2812 2643 3065 2713 cujusque
3085 2649 3257 2717 gentis
3275 2665 3395 2708 esse

1812 2725 2149 2779 scrvamlum.

1886 2820 1938 2875 5.
1988 2819 2112 2872 Erat
2148 2829 2315 2873 autem
2357 2821 2409 2873 in
2446 2822 2556 2876 loco
2585 2822 2667 2877 ubi
2695 2825 2966 2894 cruciﬁxus
2989 2839 3094 2891 est,
3118 2830 3320 2899 hortus,
3346 2844 3395 2890 et

1812 2912 1866 2965 iii
1892 2912 2036 2966 horto
2063 2923 2433 2967 monumentum
2458 2931 2638 2968 natum
2659 2957 2672 2977 ,
2701 2917 2751 2969 in
2773 2935 2871 2986 qua
2893 2922 3114 2975 nondum
3134 2925 3397 2994 quisquam

1815 3004 2007 3074 positus
2044 3014 2168 3057 erat.
2212 3005 2358 3059 Sicut
2388 3006 2438 3058 iu
2466 3005 2639 3060 Marize
2673 3009 2889 3078 virginis
2917 3021 3068 3066 utero
3094 3029 3248 3070 remo
3273 3029 3397 3075 autc

1817 3097 1962 3150 illum
1981 3139 1995 3161 ,
2029 3114 2185 3152 nemo
2215 3108 2329 3167 post
2355 3099 2498 3153 illum
2523 3111 2810 3171 conceptus
2829 3113 2943 3162 est;
2973 3107 3040 3158 ita
3069 3107 3118 3160 in
3148 3110 3248 3164 hoc
3277 3126 3395 3165 mo-

1818 3200 2068 3243 uumeuio
2100 3204 2256 3242 inemo
2282 3198 2406 3244 ante
2434 3191 2614 3256 illum,
2648 3207 2804 3247 nemo
2834 3204 2950 3262 pest
2982 3195 3128 3251 illiilli
3159 3201 3399 3269 sepultus

1815 3289 1919 3336 cst.
1958 3299 1975 3330 ι
2016 3280 2089 3335 lbi
2131 3295 2258 3351 ergo
2303 3290 2516 3350 propter
2562 3298 2879 3352 par-ascevcti
2906 3285 3244 3352 inda-orum,
3276 3293 3397 3365 quia

1812 3373 1959 3444 juxta
1988 3383 2102 3428 crat
2125 3384 2553 3436 moutitiicuttttti.
2591 3394 2879 3449 posuerunt
2897 3377 3097 3444 Iesum.
3130 3411 3150 3444 ι
3180 3393 3402 3451 Αορριθ.

1825 3483 1992 3526 ratam
2019 3473 2129 3525 vult
2157 3469 2374 3542 intelligi
2407 3479 2770 3543 sepulturam,
2802 3493 2868 3533 ne
2897 3481 3398 3553 advesperasceret;

1821 3560 2030 3630 quando
2053 3562 2163 3630 jam
2191 3575 2408 3632 propter
2429 3579 2745 3632 parasceveu
2762 3606 2778 3629 ,
2811 3584 2968 3636 quam
2989 3585 3195 3626 cienam
3219 3590 3401 3642 puram

1821 3651 1988 3707 Judzci
2015 3654 2174 3707 latine
2196 3655 2437 3708 usitatius
2461 3656 2598 3724 apud
2626 3675 2724 3712 uos
2743 3673 2953 3726 vocant,
2977 3662 3154 3720 facere
3178 3667 3283 3722 tale
3302 3667 3403 3722 ali-

1821 3744 1944 3814 quid
1977 3761 2079 3798 non
2112 3745 2319 3800 lieehat.

1893 3839 1945 3894 li.
1983 3839 2098 3895 Una
2125 3850 2291 3894 mitem
2318 3841 2508 3895 sabbati
2539 3841 2704 3899 Maria
2733 3845 2784 3899 Μ
2793 3850 3034 3920 agilalene
3075 3854 3204 3907 venit
3229 3871 3395 3923 inane,

1823 3947 1937 3983 cum
1954 3930 2119 3982 adhuc
2143 3930 2355 3983 tenebra:
2373 3942 2553 3996 essent,
2577 3934 2645 3985 ad
2666 3950 3038 3993 monumentum
3059 3957 3076 4001 .'
3099 3951 3145 3996 et
3173 3944 3292 3997 vidit
3319 3946 3402 4000 ια.

1825 4023 1990 4094 piilem
2013 4021 2263 4075 sublatam
2289 4040 2319 4074 a
2347 4035 2687 4078 monumenta.
2716 4024 2824 4080 Una
2858 4031 3060 4084 sabbati
3095 4041 3211 4095 est,
3239 4050 3400 4102 quem

1820 4116 1929 4186 jam
1961 4116 2098 4170 diem
2130 4115 2162 4168 il
2189 4115 2452 4169 nuiuicum
2474 4126 2689 4183 propter
2721 4118 2924 4172 Domini
2956 4124 3400 4181 resurrectionem

1825 4224 1940 4263 litos
1984 4208 2317 4264 Citl‘isliaillls
2354 4207 2578 4278 appellat
2603 4225 2616 4260 :
2643 4225 2798 4277 quem
2845 4210 3121 4267 Slittlueus
3166 4218 3312 4272 solus
3341 4219 3395 4274 in

1827 4299 2183 4369 Evangeli~tis
2205 4299 2428 4369 primam
2452 4300 2653 4354 sabbati
2675 4301 2962 4357 nominavit
2979 4303 3190 4374 (Matth.
3215 4324 3402 4376 xxviii,

1828 4392 1899 4461 1).
1934 4388 2168 4445 Cucurrit
2198 4407 2337 4457 ergo,
2379 4400 2426 4442 it
2454 4391 2582 4444 venit
2625 4390 2692 4443 ad
2723 4391 2982 4446 Simonem
3016 4393 3240 4462 Petrum,
3268 4408 3313 4451 et
3339 4400 3407 4454 ad

1826 4483 1982 4537 alium
2010 4483 2311 4575 iliscijiiilqiii
2341 4499 2483 4552 quem
2512 4483 2709 4537 amabat
2734 4482 2916 4547 Iesus;
2945 4496 2990 4539 et
3024 4487 3144 4541 dicit
3165 4489 3235 4543 eis
3259 4505 3277 4543 :
3299 4489 3407 4545 Tu-

1828 4577 1990 4630 lernnt
2040 4575 2309 4628 Dominum
2351 4576 2414 4628 de
2437 4586 2774 4631 monumento.
2807 4585 2853 4630 et
2897 4579 3145 4634 nescimus
3201 4580 3287 4635 ubi
3317 4600 3408 4654 po-

1826 4677 2034 4723 suerunt
2069 4683 2200 4719 eum.
2234 4665 2481 4720 Nonnulli
2525 4667 2736 4721 codices
2773 4669 2931 4723 etiam
2976 4671 3133 4739 gen-ci
3187 4671 3405 4741 habent,

1827 4761 2072 4816 Tnlcrunt
2105 4759 2375 4812 Dominum
2408 4776 2588 4817 meum.
2621 4759 2757 4825 quod
2807 4759 2970 4815 videri
3001 4761 3200 4817 dictum
3231 4773 3405 4834 potest

1829 4853 2176 4924 propensiore
2205 4851 2476 4905 charitatis
2501 4851 2580 4903 vel
2615 4849 2892 4904 l'autulalus
2919 4853 3109 4905 all'eczu
3134 4870 3148 4913 ;
3173 4855 3266 4907 sed
3295 4854 3399 4910 hac

1830 4950 1880 5002 in
1909 4947 2141 5020 pluribus
2162 4943 2434 4998 codicibus
2450 4959 2583 5012 (llllh
2611 4941 2660 4995 in
2691 4953 2937 5012 promptu
2965 4941 3264 5009 habuimus,
3298 4962 3402 5002 non

1831 5041 2060 5096 iuven'm
2091 5059 2097 5076 σ
2137 5077 2150 5091 .

1902 5134 1954 5186 7.
1989 5130 2123 5185 Ε.ι·ἱὶι
2155 5145 2271 5198 ergo
2304 5125 2484 5180 Petrus
2504 5135 2550 5178 et
2576 5125 2659 5178 ille
2696 5124 2826 5178 alius
2851 5124 3153 5192 discipulus,
3184 5136 3232 5182 et
3258 5144 3407 5183 rene.

1830 5235 1944 5280 rimi
1975 5223 2041 5276 ad
2091 5228 2485 5274 nionnnmiium.
2520 5215 2792 5270 Currebam
2835 5227 3002 5272 autem
3031 5218 3131 5272 duo
3159 5219 3334 5287 simul,
3361 5230 3408 5276 et

1830 5319 1870 5373 il
1940 5316 2070 5369 alias
2118 5312 2393 5381 ιιι.-‹ἱμιιιιιε
2437 5308 2762 5377 praecucurrit
2799 5309 2947 5362 citius
2980 5307 3152 5371 l’etro.
3202 5312 3403 5366 etvenit

1833 5415 2023 5483 primus
2051 5408 2116 5462 ad
2155 5413 2546 5460 moniuiientum.
2574 5401 2904 5457 Advrrteuda
2934 5402 3019 5458 hic
3045 5413 3098 5458 et
3125 5417 3370 5458 coanucn
3393 5429 3407 5444 ο

1832 5505 2006 5562 danda
2047 5513 2129 5559 est
2159 5497 2544 5569 recapitulatio,
2589 5495 2856 5566 quomodo
2886 5496 3108 5550 reditum
3145 5503 3223 5550 est
3249 5493 3316 5549 ad
3347 5493 3400 5550 id

1893 5645 1965 5707 (a)
1999 5649 2105 5691 liam
2135 5636 2512 5707 revelatimem,
2550 5632 2701 5707 quani
2722 5633 2836 5707 Isius
2866 5630 3010 5707 etiam
3035 5627 3410 5707 θ’ὶᾳιόςιιιξοοοιιο

1833 5687 2199 5773 [ul-"'déilléiuyd
2234 5703 2318 5772 nit,
2359 5697 2417 5745 ad
2445 5687 2685 5773 ¹λιιιὶξιῑῖξ
2721 5691 3144 5773 hausurum-tierunt,
3175 5687 3287 5740 freti
3328 5705 3416 5745 an.

1831 5750 2282 5823 iiiii-i'iatevbuciaui
2309 5750 2632 5825 'prixb..teri,
2653 5756 2720 5828 iu
2759 5752 2924 5821 libello
2959 5753 3049 5805 hac
3083 5750 3150 5806 de
3184 5765 3242 5806 re
3295 5769 3416 5816 con.

1829 5835 2026 5902 σσὶνωο
