3994 6372
613 439 635 493 l
645 433 748 493 959

609 542 861 604 intuendo
880 582 894 600 ,
925 539 1040 593 sive
1078 535 1237 590 etiam
1276 526 1540 599 tangendo
1560 566 1576 588 ,
1609 523 1739 588 Quia
1760 520 1929 575 vidisti
1961 533 2068 580 me,
2099 516 2181 569 in-

609 637 719 707 quit
743 676 756 691 .
783 629 1056 688 credidisti.
1082 622 1334 694 Quamvis
1356 619 1457 670 dici
1489 614 1653 683 possit
1682 627 1786 666 non
1814 625 1999 663 ansmn
2024 607 2186 660 fuisse

609 697 926 793 disi-ipulum
958 727 1201 783 tangere,
1232 723 1352 763 emn
1382 721 1440 760 se
1464 703 1682 757 oll‘erret
1709 702 1796 755 ille
1825 697 2143 766 tangeudum
2171 712 2184 746 :

614 835 718 873 non
748 786 887 868 i-nin
916 807 1169 872 Scriptum
1195 810 1313 866 est,
1345 798 1407 852 Et
1446 796 1614 866 tetigit
1657 792 1912 848 ΤΙ;ιιιιιεις.
1940 788 2044 844 Sed
2075 786 2190 841 sive

611 901 918 976 aspicienda
965 905 1198 956 tantum,
1231 892 1345 945 sive
1390 890 1550 942 etiam
1593 883 1859 955 tingendo
1913 879 2100 936 viderit
2137 885 2194 932 et

613 969 931 1056 crediderit,
961 986 1083 1042 illud
1105 983 1245 1054 quod
1272 979 1529 1050 sequitur,
1561 976 1728 1047 ntagis
1763 974 2000 1045 gentimn
2035 969 2192 1024 Iidem

616 1090 868 1160 pra'dicttl
893 1091 1052 1151 atque
1091 1074 1462 1136 Commendat,
1491 1069 1634 1124 Beati
1667 1069 1752 1138 qui
1797 1082 1897 1120 non
1923 1065 2152 1118 viderunt
2175 1099 2191 1124 ,

617 1154 662 1238 et
687 1177 1026 1233 crediderunt.
1049 1165 1306 1224 Praeteriti
1326 1163 1580 1230 temporis
1606 1175 1730 1212 usus
1755 1167 1838 1210 est
1864 1154 2059 1216 verbis,
2079 1160 2196 1205 tan-

617 1287 774 1342 quam
803 1267 888 1321 ile
911 1265 1000 1334 qui
1024 1259 1165 1328 quod
1186 1269 1298 1310 erat
1330 1256 1561 1308 l‘nturmn
1580 1293 1595 1316 ,
1626 1252 1677 1304 in
1707 1264 1800 1302 sua
1823 1254 2043 1300 noverat
2064 1258 2196 1313 pra:-

619 1339 972 1417 dcstinatione
1006 1354 1115 1423 jam
1147 1351 1364 1404 factum.
1397 1345 1501 1400 Sed
1542 1344 1650 1412 jam
1682 1357 1859 1395 sermo
1887 1339 1986 1391 istc
2013 1353 2042 1387 a
2071 1350 2197 1404 pro-

622 1452 822 1508 lixitate
859 1442 1189 1502 cohibendus
1227 1450 1310 1495 est
1333 1456 1346 1492 :
1371 1435 1588 1490 donabit
1634 1431 1887 1487 Dominus
1924 1438 1981 1484 ut
2019 1427 2088 1483 de
2116 1426 2200 1483 his

621 1558 740 1615 qua:
763 1547 967 1596 restant
1027 1535 1158 1589 alias
1186 1531 1535 1600 disputemus.

1083 1678 1492 1739 'l'llAllTA'I'US
1527 1674 1736 1732 CXXII.

627 1824 707 1881 De
733 1839 790 1878 eo
824 1818 958 1892 quod
992 1815 1235 1884 sequitur,
1265 1810 1419 1864 Multa
1447 1808 1660 1878 quidem
1687 1814 1740 1860 ct
1765 1804 1866 1859 alia
1905 1803 2052 1873 signa
2079 1800 2204 1856 fecit

698 1913 848 1968 Jesus
872 1928 886 1971 ;
913 1921 1068 1975 usque
1094 1905 1160 1956 ad
1204 1901 1258 1954 id
1282 1942 1296 1962 ,
1332 1900 1398 1953 Et
1433 1914 1552 1952 cmn
1585 1897 1714 1950 tanti
1741 1905 1921 1950 essent
1944 1934 1958 1957 ,
1993 1907 2096 1946 non
2122 1899 2207 1947 est

710 2221 761 2274 ι.
803 2216 927 2272 Post
972 2214 1327 2268 narrationem
1373 2209 1448 2265 rei
1495 2217 1693 2280 gestm,
1724 2207 1774 2261 in
1819 2221 1921 2276 qua
1977 2204 2209 2260 Thomas

633 2309 922 2378 discipulus
942 2304 1136 2360 oblatis
1164 2305 1263 2356 sibi
1297 2300 1575 2372 tangondis
1600 2299 1653 2352 in
1681 2297 1880 2352 Christi
1907 2312 2068 2350 carne
2097 2295 2210 2348 vnl-

635 2418 820 2458 ncrum
853 2398 1009 2459 locis,
1041 2397 1168 2450 vidit
1211 2394 1351 2464 quod
1395 2391 1612 2445 credere
1639 2389 1849 2443 nolebat
1878 2397 1931 2443 ct
1950 2385 2208 2449 credidit;

635 2489 921 2563 interponit
947 2487 1059 2540 h.ec
1081 2485 1401 2554 evangedsta
1427 2482 1691 2544 Joannes,
1721 2488 1774 2533 et
1796 2478 1925 2531 dicit
1951 2493 1965 2528 :
2001 2496 2019 2527 ι
2053 2475 2212 2530 Multa

635 2585 847 2654 quidem
870 2589 922 2634 ct
944 2578 1046 2631 alia
1075 2578 1221 2646 signa
1255 2575 1376 2629 iecit
1399 2573 1553 2627 Jesus
1580 2571 1631 2625 in
1659 2579 1948 2640 coaspectu
1978 2568 2212 2637 dis:-ipu-

639 2674 806 2728 lorqu
850 2685 1104 2729 suorum,
1131 2683 1248 2735 que
1295 2681 1398 2718 non
1429 2674 1551 2717 sunt
1587 2662 1782 2730 scripta
1823 2662 1873 2713 in
1919 2659 2054 2713 libro
2093 2659 2212 2714 hoc.

643 2765 767 2818 Ila-c
793 2772 970 2816 autem
1013 2759 1207 2826 scripta
1251 2766 1410 2819 sunt,
1444 2765 1495 2807 ut
1535 2753 1766 2808 credulis
1792 2752 1912 2821 quia
1953 2749 2110 2805 Jesus
2135 2758 2218 2804 est

639 2855 884 2911 Christus
927 2849 1087 2903 Filius
1117 2847 1240 2910 Dei;
1264 2855 1317 2899 et
1347 2853 1405 2898 ιιι
1429 2843 1707 2898 medentes
1726 2883 1740 2904 ,
1773 2843 1932 2894 vitam
1976 2839 2213 2894 habeatis

642 2945 698 3000 in
726 2950 938 2998 nomine
957 2941 1075 3009 ejus
1132 2957 1150 2989 ι
1185 2937 1294 2990 lloc
1316 2934 1604 3004 capitulum
1628 2932 1898 2987 vetutlihri
1917 2928 2219 3000 hujuslndi-

642 3046 730 3092 eat
752 3036 910 3089 liuent
940 3050 952 3084 :
983 3031 1077 3086 sed
1108 3038 1350 3083 narratur
1377 3025 1461 3081 hic
1481 3025 1673 3079 deinde
1697 3021 2139 3094 quemadmodum
2161 3034 2220 3075 se

647 3126 1064 3182 tnzmil'estavcril.
1114 3121 1368 3175 Dominus
1415 3118 1481 3170 ad
1531 3133 1676 3170 mare
1716 3112 2118 3171 Tiberiadis.et
2168 3110 2222 3163 in

649 3227 867 3284 raptura
896 3213 1117 3284 piscium
1147 3207 1597 3264 continemlavcnt
1638 3203 1890 3258 Ecclesia:
1917 3217 2221 3255 sacramen-

651 3318 798 3369 tum,
825 3305 997 3376 qualis
1024 3305 1194 3356 latura
1235 3310 1318 3356 est
1362 3300 1542 3353 ultima
1573 3297 1965 3353 rc-urrectione
1991 3303 2224 3350 mortuo-

647 3420 766 3460 rum
791 3402 828 3454 ⁸.
858 3401 937 3455 Ad
982 3398 1083 3452 hoc
1133 3397 1306 3466 itaque
1344 3392 1820 3448 conum-mlaqutn
1869 3389 2047 3444 valere
2082 3389 2225 3443 arbi-

651 3505 783 3557 tror,
811 3491 950 3562 quod
979 3499 1229 3558 tanquam
1271 3487 1392 3540 linis
1421 3482 1763 3554 interpositus
1789 3493 1868 3538 est
1908 3481 2053 3543 libri.
2083 3479 2225 3550 quod

648 3596 788 3644 esset
814 3585 973 3639 etiam
1014 3591 1275 3636 secutura-
1318 3577 1633 3633 narrationis
1681 3577 1828 3646 quasi
1873 3574 2223 3644 proauuimn,

650 3679 792 3752 quod
822 3680 871 3733 ei
901 3673 1293 3747 quodammodo
1337 3673 1532 3725 laceret
1580 3668 1982 3723 eminentiorem
2015 3666 2186 3719 locum
2207 3705 2224 3731 ,

650 3787 771 3842 quas
813 3768 1049 3824 narratio
1101 3767 1285 3836 incipit
1336 3765 1442 3818 ita:
1476 3782 1493 3812 ι
1545 3762 1729 3816 Postea
1775 3759 2128 3814 manifestavit
2169 3771 2230 3813 se

653 3865 844 3919 iterum
874 3860 1029 3915 Jestts
1047 3857 1112 3912 ad
1144 3873 1292 3912 mare
1319 3854 1647 3918 'I‘iberiadis;
1679 3851 2227 3907 ntanifestavitautem

653 3954 733 4010 sic
784 3952 945 4007 l‘ltaut
969 3949 1126 4006 siuml
1155 3947 1336 4005 Simon
1370 3947 1556 4002 Petrus
1583 3955 1637 3999 ct
1663 3945 1894 3999 Thomas
1922 3943 2010 4013 qui
2042 3943 2232 3996 dicitur

656 4044 908 4116 Didymus
929 4084 945 4107 ,
976 4053 1031 4096 et
1066 4040 1355 4095 Nathanael
1393 4038 1481 4107 qui
1508 4047 1622 4092 erat
1658 4054 1686 4088 ιι
1713 4034 1856 4090 Cana
1885 4033 2114 4090 Galilaac
2134 4073 2150 4098 ,
2178 4041 2233 4086 ct

654 4140 744 4196 lilii
771 4136 1011 4192 Zebedasi
1029 4175 1044 4197 ,
1071 4143 1124 4189 et
1163 4134 1251 4188 alii
1278 4149 1342 4186 ex
1372 4132 1474 4186 ιιίει
1492 4131 1646 4200 ipulis
1685 4128 1800 4199 ejus
1827 4127 1953 4182 duo.
1997 4127 2128 4180 Dicit
2153 4124 2233 4179 eis

652 4232 836 4287 Simon
876 4229 1098 4284 l‘etrus:
1129 4224 1277 4280 Vade
1309 4223 1519 4293 piscari.
1565 4222 1754 4276 Dicunt
1781 4222 1828 4275 ci
1859 4236 1872 4272 :
1905 4218 2154 4274 Venimus
2178 4226 2235 4273 et

654 4339 753 4378 nos
773 4331 966 4376 tecum.
1006 4339 1024 4370 ι

727 4413 781 4465 ‘3.
823 4410 997 4477 Quaeri
1043 4409 1174 4462 solet
1225 4407 1294 4461 de
1344 4409 1441 4462 hac
1492 4405 1780 4475 piscatione
1821 4403 1872 4458 di
1905 4403 2230 4472 cirulorum,

658 4518 754 4558 cur
782 4499 1036 4553 redierint
1063 4497 1248 4551 l’etrns
1277 4507 1328 4549 et
1372 4497 1461 4550 lilii
1501 4493 1744 4548 Zehedaei
1770 4494 1834 4544 ad
1864 4493 1911 4545 id
1938 4492 2076 4561 quod
2123 4491 2236 4547 l'uc-

658 4602 784 4648 runt
823 4591 1128 4660 priusquam
1173 4606 1201 4639 a
1249 4587 1476 4641 Domino
1522 4595 1871 4640 vocarentur:
1899 4596 2050 4639 erant
2093 4586 2235 4640 enim

661 4685 950 4754 pirczuorcs
974 4678 1185 4749 quando
1209 4679 1286 4732 eis
1312 4677 1444 4732 dixit
1463 4720 1479 4742 ,
1514 4676 1686 4731 Venite
1707 4687 1814 4745 post
1845 4693 1954 4741 me,
1976 4688 2021 4730 et
2051 4680 2234 4746 faciam

658 4791 743 4829 ros
794 4772 1066 4842 piscatores
1115 4770 1372 4823 honiiaum
1410 4768 1619 4838 (.llatth.
1654 4783 1726 4831 Iv,
1777 4769 1885 4838 l9).
1930 4767 2076 4823 'l‘unc
2113 4784 2234 4823 eum

657 4865 853 4937 quippe
871 4862 942 4917 illi
968 4879 1006 4916 se
1027 4862 1133 4916 cuti
1151 4871 1293 4924 sunt,
1309 4870 1364 4914 ut
1387 4859 1818 4930 magisterioejus
1845 4860 2042 4914 relictis
2065 4860 2235 4913 ιιιιιιιί⁸

664 4958 761 5010 bus
804 4955 1136 5010 adhaereri-nt
1178 4970 1192 5007 :
1222 4954 1273 5006 in
1303 4962 1504 5007 talltum
1557 4962 1611 5004 ttt
1635 4967 1755 5005 cum
1789 4953 1944 5004 abeo
1972 4952 2120 5006 dives
2148 4951 2238 5008 ille

660 5048 827 5100 tristis
854 5047 1198 5110 abscederet,
1221 5048 1306 5099 cui
1337 5046 1574 5108 dixerat,
1615 5041 1785 5104 Vade,
1819 5044 1975 5098 vende
2007 5059 2119 5114 qua:
2146 5045 2238 5096 lia-

660 5140 771 5198 bcs.
804 5148 848 5190 et
891 5138 958 5190 da
981 5138 1286 5208 pauperibus
1308 5180 1323 5201 ,
1344 5149 1391 5191 et
1438 5135 1635 5190 habebis
1660 5135 1950 5189 thesaurum
1987 5137 2039 5188 in
2071 5134 2238 5200 calo;

659 5240 704 5284 et
730 5228 869 5288 veni.
897 5244 1098 5297 sequere
1117 5245 1194 5280 me
1213 5271 1225 5288 .
1254 5227 1457 5283 duceret
1485 5229 1531 5280 ei
1562 5227 1753 5282 Petrus
1773 5269 1787 5288 ,
1821 5225 1950 5280 Ecce
1971 5243 2060 5280 nos
2090 5226 2239 5279 dimi-

658 5325 815 5379 simus
839 5319 1028 5383 omnia,
1060 5330 1103 5372 et
1123 5322 1279 5373 secuti
1307 5336 1481 5373 smmis
1502 5329 1550 5372 te
1575 5317 1681 5385 (Id.
1717 5334 1801 5373 xix
1823 5360 1836 5381 ,
1867 5319 1928 5372 2|
1956 5358 1971 5375 .
2006 5318 2094 5380 ‘22,
2118 5317 2234 5388 ‘27).

659 5416 796 5489 Quid
818 5425 900 5471 est
922 5431 1048 5484 ergo
1066 5412 1207 5486 quod
1231 5429 1368 5466 tltlltc
1391 5413 1539 5482 quasi
1563 5414 1872 5481 Apostolatu
1903 5412 2085 5466 relicto
2107 5411 2238 5466 linat

661 5510 802 5582 quod
831 5507 1062 5572 fuerunt,
1095 5518 1142 5562 et
1174 5504 1314 5576 quod
1341 5504 1653 5558 dimiserant
1683 5514 1921 5573 repetunt
1945 5545 1961 5565 ,
1987 5513 2236 5573 tauquam

661 5605 811 5660 obliti
855 5605 993 5674 qttod
1038 5599 1348 5664 audierant,
1401 5595 1563 5651 Nemo
1615 5613 1804 5665 ponens
1844 5613 2046 5651 manum
2090 5613 2241 5664 super

663 5701 921 5754 aratrum,
947 5701 994 5745 et
1023 5689 1291 5761 respiciens
1330 5695 1461 5741 retro
1479 5692 1672 5755 ,optus
1697 5694 1768 5737 est
1809 5700 1962 5756 regno
2001 5683 2242 5736 caelorum

731 5851 751 5888 ι
773 5855 848 5910 ιιι.
870 5849 1018 5916 Lugd.
1037 5856 1090 5902 et
1113 5856 1254 5911 ven.,
1276 5839 1566 5899 resurrectio
1585 5845 1896 5894 mortuorum.
1950 5845 2005 5891 ιι.

1558 412 1623 468 IN
1660 407 1936 468 JOANNIS
1973 371 2435 467 evanescunt,
2477 399 2534 453 s.
2575 392 2940 454 AUGUSTINI

3673 393 3774 458 1960

2292 513 2438 587 (Luc.
2491 529 2578 579 Ix,
2631 511 2778 582 62)?
2830 508 2980 578 Quod
3034 505 3078 562 si
3111 505 3353 562 fecissent
3395 504 3618 562 dchtncto
3653 509 3775 582 lusu,

2293 607 2594 676 priuSquam
2617 601 2986 657 resut-rcxisset
3019 615 3047 652 a
3071 594 3291 653 mortuis
3314 617 3325 652 :
3351 599 3480 662 αιιυιΙ
3503 600 3680 670 quidem
3701 620 3776 660 non

2296 703 2538 766 poterant
2556 734 2572 758 ,
2601 693 2848 762 quoniam
2879 691 2995 744 dies
3026 705 3132 758 quo
3154 690 3430 744 cruciﬁxus
3454 699 3553 754 est,
3577 701 3688 745 totos
3709 709 3776 748 eos

2296 787 2506 842 tenebat
2531 794 2780 844 attentos,
2810 797 2977 847 usque
3001 781 3065 835 ad
3091 781 3203 850 ejus
3223 781 3552 850 St'pttlltll'lllll.
3578 799 3675 852 qua:
3693 793 3780 840 ante

2297 892 2571 946 vCSpcram
2605 876 2736 930 facta
2764 883 2842 928 cst
2863 890 2877 936 ;
2901 888 3132 943 sequens
3151 881 3324 926 autem
3351 871 3460 926 dies
3486 883 3587 927 erat
3610 875 3778 938 salilmi,

2297 967 2509 1039 quando
2535 967 2614 1022 eis
2639 981 2841 1020 morem
2866 965 3090 1035 patriuut
3121 963 3449 1025 servantibus
3472 1005 3485 1026 ,
3509 965 3683 1034 operari
3706 967 3779 1021 uti-

2298 1077 2402 1132 que
2427 1075 2532 1114 non
2563 1058 2784 1118 licebat;
2816 1057 2971 1112 tertio
3005 1070 3131 1109 vero
3156 1055 3242 1109 die
3271 1055 3513 1108 lloiuiuus
3534 1056 3781 1123 resurrexit,

2299 1166 2500 1221 eosque
2535 1149 2799 1204 revocavit
2840 1147 2905 1202 ad
2935 1162 3083 1216 spent
3109 1161 3266 1215 quant
3313 1144 3380 1199 de
3407 1145 3491 1198 illo
3518 1159 3608 1199 non
3643 1145 3785 1202 habere

2295 1244 2404 1314 jam
2450 1248 2722 1312 cmperant
2753 1256 2765 1293 :
2794 1249 2967 1293 tamen
3014 1238 3057 1290 si
3102 1247 3225 1291 tunc
3264 1236 3534 1294 fecissent.
3559 1245 3786 1304 punirentur:

2299 1349 2394 1390 eos
2424 1334 2510 1388 illa
2532 1349 2650 1403 qua:
2669 1331 2874 1384 animos
2892 1345 3075 1384 corum
3100 1335 3440 1394 occupaverat
3463 1367 3476 1384 .
3501 1325 3788 1395 desperatione

2305 1426 2514 1478 fecisse.
2557 1422 2705 1476 Nunc
2733 1435 2860 1476 vero
2891 1428 3008 1488 post
3037 1434 3156 1472 eum
3188 1417 3286 1470 sibi
3327 1416 3391 1469 de
3413 1416 3632 1483 si-pulrro
3662 1415 3790 1470 reddi-

2305 1524 2413 1570 tum
2441 1513 2648 1577 vivum,
2674 1520 2793 1581 post
2812 1509 3038 1564 oblatam
3061 1507 3169 1561 suis
3195 1506 3366 1559 oculis
3391 1514 3442 1559 et
3467 1505 3699 1565 manibus.
3718 1520 3789 1560 non

2303 1605 2474 1659 solum
2509 1602 2817 1666 videndam,
2847 1615 3027 1653 verum
3053 1597 3212 1652 etiam
3239 1595 3542 1665 tingendum
3567 1607 3694 1664 atque
3715 1597 3792 1666 palo

2304 1695 2530 1767 pandam
2579 1693 2824 1748 rediviva:
2866 1690 3039 1745 carnis
3078 1687 3520 1743 evidentissimum
3557 1689 3790 1752 veritatem;

2307 1800 2428 1860 post
2482 1789 2716 1857 inspecta
2774 1785 3048 1838 vulnerum
3103 1781 3252 1840 loca,
3307 1791 3468 1847 usque
3516 1779 3572 1830 ad
3629 1779 3793 1845 apostoli

2307 1879 2529 1935 Thoma:
2567 1875 2990 1937 coulcs~ionem,
3019 1871 3107 1941 qui
3149 1885 3210 1924 se
3253 1869 3405 1923 aliter
3426 1867 3796 1921 crediturumml

2309 1985 2427 2026 esse
2482 1968 2832 2038 pra-dixerat;
2879 1974 2999 2034 post
3045 1969 3323 2031 acceptum
3365 1959 3478 2027 ejus
3527 1959 3598 2013 ins
3630 1955 3798 2010 l'llatiuue

2311 2064 2566 2133 Spiritum
2595 2070 2832 2116 sanctum
2850 2100 2864 2119 ,
2896 2064 3016 2128 post
3043 2057 3202 2109 verba
3235 2053 3285 2106 in
3320 2067 3441 2106 suas
3468 2066 3606 2104 aures
3625 2049 3716 2116 ejus
3733 2061 3796 2102 ore

2311 2155 2513 2226 prolata
2533 2195 2549 2218 ,
2579 2153 2721 2207 Sirut
2750 2149 2882 2203 misit
2921 2164 2998 2201 me
3024 2144 3201 2205 Pater,
3247 2154 3292 2197 et
3322 2159 3410 2214 rgo
3435 2141 3563 2194 mitto
3587 2155 3657 2193 ros
3676 2155 3690 2192 :
3710 2153 3796 2207 qta-

2312 2265 2427 2303 rum
2469 2244 2753 2300 remiseritis
2803 2249 3005 2311 peccatu
3025 2280 3039 2299 ,
3083 2237 3406 2290 remittuntur
3453 2233 3543 2294 eis.
3569 2242 3611 2286 et
3651 2244 3796 2299 quorum

2308 2335 2636 2394 retinueritis.
2659 2342 2849 2388 retenta
2873 2341 2986 2385 sunt
3006 2327 3185 2397 (Joau.
3217 2342 3310 2390 xx,
3327 2324 3512 2396 ’ὶΙ-ίὶό)
3526 2344 3537 2376 ;
3551 2323 3695 2377 subito
3710 2322 3797 2373 littttt

2316 2431 2450 2484 sicut
2475 2428 2713 2489 fuerant,
2743 2441 2846 2478 non
2871 2421 3140 2476 hominum
3161 2461 3177 2481 .
3208 2418 3303 2471 sed
3335 2417 3544 2488 piscium
3564 2414 3796 2483 piscatores.

2387 2521 2441 2576 '5.
2486 2519 2578 2573 llis
2611 2533 2737 2584 ergo
2775 2531 2910 2586 quos
2949 2513 3049 2567 hoc
3086 2521 3270 2564 nntvet
3311 2504 3691 2577 rt-Spmuletuhnn
3720 2510 3797 2567 est,

2319 2625 2542 2668 noneos
2572 2609 2731 2663 fuisse
2761 2604 3055 2677 prohibitos
3092 2611 3214 2656 arte
3257 2615 3380 2660 sua,
3407 2599 3534 2652 licita
3571 2595 3799 2650 silit-elat-

2319 2718 2424 2774 que
2473 2715 2756 2761 concessa,
2811 2695 3003 2751 victum
3061 2692 3422 2748 necessarium
3476 2702 3707 2759 qua-rete,
3747 2679 3799 2733 sui

2321 2773 2660 2865 Apostolatus
2683 2787 2981 2858 integritate
3003 2792 3215 2840 servata
3239 2825 3254 2846 ,
3282 2784 3324 2835 si
3353 2797 3419 2851 qu
3439 2779 3550 2833 mdo
3573 2777 3687 2830 nando
3707 2773 3803 2825 vite-

2323 2883 2606 2943 rcntaliud
2657 2879 3056 2936 nonhahcrent.
3102 2874 3215 2930 Nisi
3263 2872 3396 2928 forte
3423 2870 3653 2941 quispiam
3678 2875 3804 2933 putate

2323 2976 2538 3032 audebit
2561 2983 2652 3028 aut
2670 2975 2865 3034 dicere,
2895 2967 3193 3038 apostolum
3221 2965 3435 3019 Paulam
3458 2978 3551 3016 noo
3573 2955 3804 3028 [monuisse

2325 3069 2390 3123 ad
2420 3083 2604 3123 eorum
2637 3063 3012 3136 perfectionem
3033 3059 3120 3128 qui
3144 3057 3262 3111 relic
3281 3056 3346 3110 tis
3364 3053 3593 3109 ontnihus
3608 3047 3801 3104 Chrislun

2325 3160 2490 3217 secuti
2514 3167 2662 3219 sunt,
2688 3156 2937 3228 quoniam
2981 3169 3047 3207 ne
3088 3165 3410 3220 quemquam
3436 3159 3602 3199 eorum
3634 3144 3805 3210 gravaret

2327 3253 2518 3324 quilms
2555 3226 2895 3319 Evangelium
2943 3243 3303 3315 prwdicabat,
3347 3255 3491 3294 suum
3539 3237 3698 3289 victum
3734 3226 3806 3282 suis

2329 3319 2573 3398 titanibus
2599 3337 2915 3408 transigebat
2940 3335 3005 3407 (ll
3031 3332 3214 3388 Thess.
3248 3348 3302 3386 tu
3324 3374 3338 3395 ,
3362 3329 3415 3399 8)
3441 3344 3454 3381 :
3483 3326 3561 3380 ubi
3589 3319 3807 3408 ntagisim-

2331 3435 2526 3505 pletum
2564 3440 2646 3486 est
2685 3407 2828 3499 quod
2871 3427 2976 3491 ait,
3014 3423 3136 3478 Plus
3165 3423 3398 3476 omnibus
3441 3417 3537 3472 illis
3560 3407 3809 3505 laborari;

2328 3491 2602 3593 adjunsit,
2637 3491 2757 3574 Non
2799 3528 2966 3571 autem
2990 3531 3117 3586 ego,
3151 3513 3246 3567 sed
3284 3511 3444 3582 gratia
3485 3505 3569 3560 υειὶ
3602 3491 3811 3565 ιιιεαυιι(1

2332 3587 2448 3672 Cor.
2483 3631 2569 3681 sv,
2602 3610 2691 3685 lli)
2716 3633 2729 3666 ε
2758 3621 2815 3665 ιιι
2845 3613 2944 3663 hoc
2973 3621 3184 3678 quoque
3209 3611 3457 3675 apt-area!
3490 3598 3571 3653 Dei
3592 3592 3735 3666 gratia-
3751 3587 3813 3640 dcc

2333 3708 2651 3780 putandum,
2681 3703 2822 3775 quod
2861 3713 2916 3758 et
2954 3701 3131 3754 animo
3155 3709 3215 3754 et
3253 3712 3473 3767 corpore
3503 3697 3677 3762 potem
3700 3692 3813 3749 us'pte

2332 3803 2467 3857 adeo
2498 3800 2612 3872 plus
2653 3797 2757 3853 illis
2782 3795 3027 3851 omnibus
3063 3792 3308 3846 laborare
3328 3831 3343 3853 ,
3375 3799 3430 3842 ut
3467 3800 3620 3855 neque
3648 3777 3816 3833 cessata

2333 3897 2400 3952 ab
2432 3891 2716 3963 Evangelii)
2755 3883 3122 3960 praullcaudo.
3155 3898 3329 3954 neque
3356 3891 3520 3935 tamen
3559 3890 3616 3929 ex
3647 3870 3817 3933 Evange-

2336 3989 2408 4042 lio
2429 4029 2443 4045 .
2476 3959 2613 4040 sicut
2638 3983 2745 4046 illi,
2773 3984 3094 4035 sustentaret
3119 3974 3257 4028 hanc
3279 3974 3466 4032 vitam;
3493 3983 3602 4024 cum
3625 3961 3666 4016 id
3685 3959 3818 4028 perlol

2335 4087 2523 4151 gentes
2549 4075 2600 4129 in
2627 4073 2818 4144 quibus
2847 4069 3039 4125 Christi
3072 4081 3268 4120 nonn-n
3301 4082 3403 4118 non
3431 4063 3586 4116 l'uetul
3610 4047 3817 4151 ιιπψιδξίξς

2339 4130 2448 4224 rum
2483 4168 2521 4229 ¹,
2550 4130 2716 4219 nudto
2770 4161 2925 4216 latins
2970 4169 3129 4228 atque
3179 4155 3405 4210 fertilius
3443 4150 3708 4206 seminaret.
3753 4130 3818 4229 libi

2338 4257 2570 4315 ostendit
2597 4270 2661 4310 ex
2714 4250 2999 4322 Evangelio
3026 4247 3269 4311 vitetnli,
3319 4247 3417 4300 hoc
3461 4250 3538 4297 est
3578 4239 3732 4290 victum
3753 4226 3816 4322 lu:

2341 4349 2528 4413 bendi,
2557 4363 2659 4402 non
2714 4345 3084 4398 necessitatem
3137 4337 3404 4408 Apostolis
3455 4309 3818 4400 llltjllsliilllloV-‘l

2342 4450 2656 4513 potestatem
2701 4437 2902 4492 datam.
2946 4434 3112 4502 Quam
3165 4438 3474 4501 potestatem
3525 4411 3820 4477 conuocmtml

2342 4535 2480 4589 idem
2507 4530 2779 4601 apostolus
2804 4529 2987 4582 dicens
3021 4543 3032 4577 :
3069 4543 3087 4575 ι
3123 4523 3178 4580 Si
3209 4538 3305 4576 nos
3327 4520 3472 4574 vobis
3497 4505 3739 4583 spiritualia

2342 4623 2658 4680 minavinnts
2677 4663 2691 4686 ,
2715 4635 2960 4690 magnum
2987 4627 3070 4672 est
3094 4617 3138 4670 si
3159 4623 3333 4669 vestra
3359 4606 3575 4665 carnalia
3601 4586 3820 4690 ειη-1311111λῖ

2342 4720 2397 4774 Si
2428 4719 2514 4773 alii
2557 4715 2830 4788 potestatis
2856 4722 3045 4767 vestra:
3074 4711 3383 4780 participant
3403 4747 3417 4768 ,
3453 4718 3548 4757 non
3574 4694 3709 4765 magit
3731 4679 3820 4788 n0:3

2342 4812 2446 4868 Sed
2487 4827 2590 4864 non
2649 4823 2835 4871 untus,
2873 4825 2890 4857 ι
2927 4803 3129 4874 inquit,
3164 4821 3180 4852 ι
3213 4801 3292 4855 usi
3338 4798 3433 4853 hac
3476 4798 3715 4864 potestate.
3743 4771 3821 4829 »Εί

2344 4904 2498 4977 paulo
2525 4913 2668 4971 post:
2691 4921 2708 4950 ι
2729 4900 2826 4967 Qui
2850 4898 3000 4950 altari
3017 4895 3270 4953 rerviunt,
3295 4910 3315 4943 ι
3338 4887 3516 4958 inquit,
3539 4902 3554 4932 ι
3577 4876 3700 4934 altari
3716 4880 3821 4923 com-

2347 4993 2768 5066 p:u'tinntur;sic
2798 5001 2849 5045 et
2878 4988 3133 5044 Duniuus
3162 4982 3422 5039 ordinavit
3447 4978 3523 5030 his
3545 4972 3621 5042 qui
3651 4967 3821 5066 Evangf'

2347 5047 2373 5066 ,κ
2417 5047 2426 5049 ρ
2450 5047 2477 5048 ρ
2661 5047 2670 5056 .

2344 5089 2470 5144 lium
2487 5087 2816 5147 annuntiaut,
2835 5084 2901 5136 de
2921 5079 3203 5149 Evangelio
3224 5078 3397 5131 vivere
3416 5090 3426 5125 ε
3445 5084 3536 5139 (⁸8⁸⁸
3554 5072 3700 5116 ³¹¹ί⁶¹¹¹
3717 5047 3821 5149 mino

2347 5181 2532 5234 hormn
2562 5193 2689 5231 usus
2712 5191 2848 5229 smn.
2876 5193 2892 5225 ι
2927 5173 3066 5227 Satis
3092 5171 3243 5242 igitur
3268 5174 3500 5236 apertum
3531 5165 3620 5219 est,
3645 5164 3726 5242 non
3753 5142 3822 5242 iat-

2346 5278 2606 5341 pi-ralum,
2620 5266 2710 5321 sed
2730 5267 2780 5318 in
2801 5272 3058 5334 potestate
3077 5227 3338 5328 grauidis
3361 5252 3588 5324 positum,
3609 5227 3824 5341 ttlﬂalilﬂlde

2349 5378 2450 5416 non
2465 5361 2702 5414 vivereat
2722 5356 2819 5410 nisi
2835 5371 2898 5411 ex
2920 5352 3222 5423 Evangelia,
3240 5347 3370 5403 ctah
3384 5346 3458 5399 eis
3468 5339 3632 5411 quibus
3645 5331 3823 5423 Etangs?

2348 5454 2472 5508 limn
2489 5448 2823 5522 pra-dicando
2837 5444 3125 5514 spiritualia
3143 5436 3480 5496 suninahant,
3495 5421 3688 5484 carnalia
3706 5416 3824 5522 ιιιειῗθ

2349 5559 2462 5605 rent
2481 5564 2495 5610 ;
2518 5547 2614 5599 hoc
2629 5552 2729 5605 est,
2747 5539 2892 5595 carui
2907 5570 2922 5588 ς
2943 5539 3097 5604 Ιιιιζιιε
3113 5529 3504 5590 sustentaculum
3529 5511 3758 5610 minuerent.
3773 5501 3812 5610 ξε

2351 5653 2596 5710 tanquam
2613 5635 2803 5691 milites
2815 5630 3009 5687 Christi
3022 5624 3332 5699 stipendium
3344 5617 3557 5674 debitum
3567 5596 3812 5670 acciperem»

2348 5773 2598 5889 “iam,
2642 5770 2974 5835 propagatum.
3013 5761 3107 5816 Sed
3145 5769 3241 5811 Ant.
3286 5753 3393 5806 53d.
3428 5756 3477 5804 et
3511 5750 3631 5804 και.
3664 5724 3812 5797 ’1⁸⁸⁸⁵⁸

2358 6064 2373 6092 ι
