3994 6376
264 386 399 446 1961

273 507 410 563 sicut
450 521 482 561 a
528 502 939 577 provincialibus
986 503 1179 561 Christi
1218 502 1321 578 (a).
1351 506 1506 563 Unde
1554 507 1694 562 idem
1741 508 1856 578 ipse

277 600 426 655 miles
454 598 701 669 egregius
733 598 889 667 paulo
911 600 1153 667 superius
1178 597 1245 653 de
1271 597 1369 652 hac
1390 614 1448 653 re
1468 598 1704 665 dixerat,
1735 599 1859 667 Quis

282 692 453 745 militat
475 691 581 745 suis
607 690 873 761 stipendiis
911 706 1133 759 unquam
1153 690 1199 759 (Ι
1228 689 1344 743 Cor.
1377 706 1464 755 ιχ,
1513 678 1716 756 11415,
1764 691 1858 760 7)?

284 781 425 852 Quod
457 791 630 837 tamen
659 782 773 859 ipse
806 781 1060 859 faciebat,
1083 782 1204 850 quia
1229 783 1350 852 plus
1381 781 1483 836 illis
1507 783 1753 837 omnibus
1780 782 1858 836 la-

283 875 507 932 borabat.
535 871 592 928 Si
611 878 740 942 ergo
764 872 950 928 beatus
974 870 1167 927 Paulus
1196 883 1252 926 ut
1276 888 1338 928 ea
1369 882 1630 944 potestate
1650 914 1664 940 ,
1697 888 1854 944 quam

283 965 504 1038 proiecto
533 978 656 1020 cum
678 965 889 1020 caeteris
917 962 1189 1037 Evangelii
1212 965 1652 1036 praedicatoribus
1687 966 1853 1022 habe-

282 1058 365 1113 bat
382 1098 397 1122 ,
424 1072 523 1111 non
545 1070 669 1112 cum
699 1056 909 1111 caneris
937 1048 1192 1123 uteretui‘,
1219 1056 1436 1111 sed’suo
1461 1054 1725 1129 stipendio
1749 1057 1853 1111 mi-

281 1149 470 1215 litaret,
496 1164 562 1203 ne
591 1155 780 1219 gentes
819 1163 848 1200 a
892 1148 1106 1202 nomine
1144 1145 1346 1202 Christi
1393 1149 1602 1218 penitus
1648 1148 1852 1204 alienas

280 1241 501 1297 doctrina
528 1238 646 1310 ejus
686 1238 836 1309 quasi
876 1238 1076 1293 venalis
1118 1237 1444 1305 oll‘enderet,
1472 1240 1627 1294 aliter
1654 1240 1851 1295 educa-

280 1341 387 1396 tus,
420 1341 583 1387 artem
624 1346 784 1400 quam
825 1344 930 1384 non
974 1339 1196 1384 noverat
1237 1329 1455 1393 didicit,
1489 1339 1547 1384 nt
1571 1330 1695 1385 dum
1740 1328 1852 1386 suis

212 1432 218 1441 '
276 1425 503 1481 manibus
547 1422 858 1492 transigitur
906 1421 1114 1487 doctor,
1145 1422 1321 1477 nullus
1348 1433 1657 1490 gravaretur
1697 1423 1848 1478 audi-

1357 390 1768 450 TRACTATUS
1803 390 2018 449 CXXII.
2059 395 2288 454 CAPUT
2325 400 2445 457 XX.

3413 420 3557 479 i962

1966 509 2019 563 in
2048 510 2260 577 littore;
2289 514 2411 584 quia
2440 518 2600 571 etiam
2630 515 2777 574 littus
2803 516 2922 579 ﬁnis
2948 534 3030 578 est
3055 528 3235 593 maris,
3267 539 3322 585 et
3350 533 3470 588 ideo
3491 536 3556 590 ﬁ-

1964 616 2087 655 nem
2119 602 2379 673 significat
2407 607 2606 662 surculi.
2634 609 2891 666 Eumdem
2921 614 3081 670 ﬁnem
3112 623 3291 674 saeculi
3314 626 3552 682 ostendit

1963 702 2018 747 et
2038 695 2179 764 quod
2209 697 2401 755 Petrus
2423 710 2535 757 rete
2563 704 2791 759 extraxit
2821 705 2873 759 in
2906 716 3125 776 terram,
3150 710 3251 766 hoc
3276 725 3359 769 cst
3389 718 3444 770 in
3464 718 3554 773 lit-

1964 791 2067 872 tus.
2098 786 2251 855 Quod
2273 789 2385 859 ipse
2407 791 2661 849 Dominus
2680 797 2905 865 aperuit,
2933 799 3024 853 ubi
3050 800 3154 853 alio
3181 802 3408 872 quodam
3432 806 3550 864 loco

1961 871 2028 926 de
2056 888 2262 951 sagena.
2281 880 2332 931 in
2360 898 2504 955 mare
2532 884 2693 939 missa
2711 884 3107 945 similitudinem
3135 871 3282 949 dedit
3307 914 3318 948 ε
3343 896 3414 953 Et
3437 916 3551 956 eam

1954 964 2182 1032 trahunt,
2208 967 2498 1059 inquit,
2527 971 2687 1043 littus.
2717 975 2867 1041 Quod
2895 980 3040 1037 littus
3065 984 3191 1057 quid
3218 996 3363 1043 esset
3380 1004 3548 1059 expo-

1958 1068 2126 1120 nens,
2169 1058 2243 1111 ait
2284 1073 2296 1111 :
2334 1060 2425 1114 Sic
2456 1056 2553 1133 erit
2586 1062 2641 1117 in
2674 1074 3106 1149 consummatione
3126 1056 3300 1133 saeculi
3322 1056 3542 1152 (Matth.

1959 1161 2073 1210 xm,
2106 1147 2195 1215 48,
2223 1150 2334 1223 49).
2724 1208 2727 1215 ν
2762 1218 2779 1231 ο
2820 1224 2825 1231 ο
3016 1144 3023 1149 ’
3086 1228 3089 1231 _

2031 1240 2081 1292 7.
2124 1241 2227 1295 Sed
2262 1242 2349 1297 illa
2379 1245 2522 1300 verbi
2553 1234 2667 1319 est,
2702 1266 2807 1305 non
2847 1252 2923 1307 rei
2965 1265 3129 1327 gesta:
3164 1250 3417 1333 parabola
3446 1281 3460 1315 :
3489 1281 3549 1321 re

1954 1340 2131 1385 autem
2159 1342 2328 1402 gesta,
2355 1336 2491 1391 sicut
2517 1340 2616 1394 hoc
2645 1341 2762 1395 loco
2778 1340 3007 1417 qualiter
3034 1348 3085 1402 in
3117 1352 3298 1408 saeculi
3330 1356 3434 1412 ﬁne
3457 1356 3544 1411 fu-

1955 1428 2071 1511 tura
2100 1422 2167 1478 sit
2188 1464 2203 1491 ,
2251 1425 2321 1479 ita
2355 1425 2615 1484 Dominus
2635 1432 2734 1507 alia
2754 1435 3059 1511 piscatione
3087 1418 3399 1511 signiﬁcavit
3430 1447 3540 1503 Ec-

276 1526 382 1582 tor;
410 1516 603 1587 quanto
630 1506 799 1584 magis
848 1513 1033 1569 beatus
1077 1513 1295 1583 Petrus,
1328 1516 1417 1585 qui
1455 1516 1565 1585 jam
1617 1516 1849 1587 piscator
1952 1510 2169 1566 Clesiam
2197 1516 2423 1583 qualiter
2467 1535 2605 1573 nunc
2643 1506 2730 1583 sit.
2754 1506 2911 1591 Quod
2949 1506 3294 1587 autem‘illud
3328 1535 3454 1591 fecit
3485 1538 3540 1593 in

274 1607 429 1663 fuerat
448 1649 463 1671 ,
488 1605 626 1677 quod
655 1613 874 1660 noverat
900 1604 1023 1660 fecit
1042 1648 1056 1671 ,
1090 1605 1135 1660 si
1174 1604 1239 1659 ad
1290 1621 1526 1675 praesens
1556 1606 1680 1661 illud
1709 1616 1843 1662 tem-
1952 1601 2102 1659 initio
2130 1606 2520 1676 praedicationis
2553 1592 2661 1666 suae
2682 1657 2696 1678 ,
2740 1614 2841 1693 hoc
2885 1612 3010 1672 vero
3037 1633 3157 1690 post
3184 1592 3536 1685 resurrectio;

276 1713 398 1769 pus,
428 1697 567 1753 aliud
589 1697 730 1753 unde
754 1699 989 1764 viveret,
1022 1713 1126 1751 non
1157 1697 1398 1752 invenit?
1948 1710 2071 1749 nem
2113 1711 2262 1753 suam
2286 1740 2301 1765 ,
2354 1694 2476 1756 hinc
2515 1706 2749 1759 ostendit
2790 1708 2932 1763 illam
2970 1723 3241 1781 capturam
3277 1720 3531 1792 piscium,

346 1790 392 1844 6.
431 1788 530 1844 Sed
552 1787 893 1857 respcudebit
919 1788 1180 1859 quiSpiam
1216 1805 1228 1840 :
1261 1788 1325 1842 Et
1346 1802 1441 1843 cur
1466 1803 1571 1843 non
1602 1784 1841 1857 invenit,
1946 1787 2117 1844 bonos
2142 1800 2196 1845 et
2224 1794 2394 1848 malos
2415 1794 2735 1866 signiﬁcare,
2767 1816 2901 1869 quos
2923 1818 3061 1859 nunc
3091 1805 3250 1862 habet
3269 1784 3533 1883 Ecclesia;

287 1897 396 1936 cum
419 1881 667 1935 Dominus
688 1880 992 1952 promiserit
1019 1881 1203 1935 dicens
1223 1923 1238 1947 ,
1269 1881 1491 1947 Qumite
1515 1882 1733 1952 primum
1757 1899 1839 1937 re-
1947 1877 2100 1934 istam
2130 1897 2257 1937 vero
2287 1888 2655 1941 tantummodo
2678 1888 2866 1956 bonos,
2899 1909 3033 1964 quos
3059 1896 3272 1954 habebit
3304 1903 3353 1954 in
3376 1877 3536 1959 mter;

278 1992 421 2047 guunt
443 1984 485 2028 et
518 1975 779 2046 justitiam
800 1973 894 2027 Dei
913 2017 927 2041 ,
959 1984 1003 2028 et
1033 1974 1139 2029 htec
1167 1976 1337 2029 omnia
1362 1986 1678 2046 apponentur
1706 1976 1840 2030 vobis
1945 1985 2071 2024 num
2098 2012 2113 2037 ,
2144 1976 2409 2043 completa
2453 1976 2504 2030 in
2558 1976 2660 2031 ﬁne
2707 1963 2865 2052 hujus
2913 1963 3115 2041 Surculi!
3147 1994 3537 2052 resurrectione

282 2062 483 2139 (Matth,
513 2082 580 2133 vx,
628 2063 766 2137 53)?
808 2064 1039 2121 Prorsus
1066 2066 1230 2121 etiam
1277 2067 1354 2120 sic
1396 2066 1653 2121 Dominus
1699 2064 1838 2138 quod
1943 2072 2292 2118 mortuorum.
2318 2066 2555 2136 Denique
2584 2068 2654 2123 ibi
2686 2054 2841 2127 Iesus
2994 2058 3134 2133 lsicu’t
3168 2080 3253 2135 hic
3278 2081 3329 2135 ill
3357 2085 3537 2143 littore

271 2148 764 2227 promisitimplevit.
796 2155 930 2211 Nam
956 2157 1075 2229 quis
1100 2156 1237 2211 alius
1267 2158 1439 2227 pisces
1465 2158 1553 2227 qui
1575 2173 1837 2227 caperen-
1942 2157 2153 2223 stabat,
2186 2156 2399 2228 quando
2424 2161 2582 2228 jussit
2608 2152 2784 2233 pisces
2806 2156 2979 2239 ‘capi;
3027 2170 3119 2226 sed
3162 2177 3434 2231 ascendens
3476 2179 3531 2233 in

272 2259 354 2304 tur
381 2250 648 2321 apposuit?
682 2249 773 2320 qui
809 2265 914 2304 non
945 2249 1013 2303 ob
1038 2248 1180 2304 aliud
1204 2248 1504 2305 credendus
1540 2260 1622 2305 est
1650 2251 1727 2305 eis
1757 2251 1838 2304 in-
1941 2263 2095 2301 unam
2129 2250 2295 2303 navim
2324 2268 2436 2321 qua:
2459 2262 2565 2305 erat
2592 2254 2849 2337 Simonis,
2887 2242 3079 2333 roga-vit
3121 2282 3235 2318 eum
3261 2278 3368 2321 uta
3397 2280 3531 2325 terra

278 2340 489 2412 gessisse
509 2340 780 2411 penuriam
807 2356 910 2410 qua
932 2339 1378 2409 compellerentur
1423 2339 1503 2394 ire
1534 2339 1796 2409 piscatum
1817 2382 1831 2407 ,
1938 2342 2196 2396 reduceret
2232 2342 2508 2413 pusillum;
2538 2356 2584 2398 et
2606 2347 2658 2400 in
2685 2364 2743 2400 ea
2767 2352 2942 2403 sedens
2969 2351 3176 2409 docebat
3221 2359 3409 2413 turbas.
3462 2361 3532 2416 Ut

274 2432 368 2487 nisi
392 2430 693 2503 dispositum
724 2432 909 2486 volens
939 2430 1191 2488 exhibere
1223 2430 1534 2485 miraculum
1557 2448 1571 2485 :
1593 2440 1648 2485 ut
1676 2430 1835 2487 simul

273 2535 326 2580 et
362 2527 722 2596 praedicatores
774 2524 1047 2595 Evangelii
1102 2524 1181 2579 sui
1228 2532 1497 2594 pasceret,
1552 2533 1607 2580 et
1659 2525 1831 2593 ipsum

275 2617 590 2689 Evangelium
633 2626 780 2673 tanto
825 2626 1158 2679 sacramento
1187 2616 1328 2687 quod
1367 2626 1481 2671 erat
1507 2616 1575 2671 de
1611 2632 1832 2671 numero

274 2710 472 2779 piscium
499 2708 963 2766 commendaturus
978 2719 1214 2780 augeret.
1245 2710 1319 2765 De
1339 2724 1439 2779 qua
1468 2724 1528 2771 re
1552 2710 1710 2765 etiam
1732 2723 1832 2765 nos

273 2800 401 2870 quod
429 2802 534 2870 ipse
562 2800 888 2873 apposuerit,
917 2800 1095 2855 dicere
1114 2800 1227 2869 jam
1259 2799 1540 2857 debemus.

339 2890 384 2945 5.
422 2889 548 2945 Dicit
572 2906 698 2961 ergo
729 2889 909 2946 Simon
943 2889 1129 2944 Petrus
1154 2906 1173 2943 :
1210 2889 1353 2943 Vada
1381 2890 1587 2960 piscari.
1638 2889 1830 2946 Dicunt

276 2983 320 3036 ei
343 2983 419 3054 qui
448 2998 561 3038 cum
587 2984 678 3038 illo
702 2993 856 3039 erant
884 2999 896 3035 :
936 2980 1174 3037 Venimus
1198 2990 1244 3037 et
1270 2998 1361 3036 nos
1387 2991 1569 3037 tecum.
1595 2980 1663 3037 Et
1688 2985 1827 3039 exie-

276 3086 378 3129 runt
395 3087 437 3130 et
456 3078 778 3132 ascenderunt
804 3078 857 3131 in
887 3092 1063 3131 navem
1085 3093 1103 3130 :
1129 3087 1175 3131 et
1201 3077 1291 3131 illa
1317 3086 1461 3132 nocte
1480 3078 1608 3135 nihil
1635 3095 1825 3149 appre-

276 3165 539 3222 henderunt.
566 3167 720 3222 Mane
746 3177 912 3222 autem
927 3168 1043 3239 jam
1068 3172 1203 3238 facta
1228 3169 1357 3223 stetit
1374 3169 1526 3224 Iesus
1546 3171 1599 3224 in
1626 3169 1823 3233 littore;

277 3273 363 3311 non
390 3268 541 3313 tamen
577 3268 913 3332 cognoverunt
949 3259 1187 3332 discipuli
1224 3261 1345 3331 quia
1376 3261 1527 3314 Iesus
1569 3270 1659 3315 est.
1688 3259 1826 3314 Dicit

280 3363 384 3420 ergo
400 3351 462 3405 eis
483 3351 629 3405 Iesus
658 3368 676 3406 :
705 3349 883 3420 Pueri,
905 3352 1152 3423 numquid
1178 3351 1569 3424 pulmentarium
1590 3352 1778 3407 habetis
1798 3354 1824 3406 ?

283 3436 631 3510 Responderunt
660 3445 706 3498 ei
739 3460 758 3497 :
786 3443 928 3497 Non.
970 3440 1105 3497 Dicit
1129 3442 1201 3498 eis
1228 3459 1248 3498 :
1278 3442 1464 3497 Mittite
1486 3445 1541 3498 in
1567 3444 1825 3500 dexteram

279 3532 435 3603 ιλιιυὲςῆ
454 3543 566 3600 rete,
591 3544 636 3589 et
661 3534 938 3588 invenietis.
974 3532 1223 3588 Miserum
1242 3551 1379 3605 ergo,
1403 3547 1449 3588 et
1465 3536 1581 3605 jam
1607 3552 1709 3591 non
1730 3553 1821 3591 va-

276 3622 415 3677 lebant
439 3625 561 3681 illud
605 3627 802 3679 trahere
825 3642 857 3677 a
881 3625 1204 3680 multitudine
1247 3627 1477 3696 piscium.
1522 3626 1660 3682 Dicit
1705 3646 1822 3701 ergo

274 3714 519 3785 discipulus
547 3718 631 3771 ille
657 3733 804 3787 quem
842 3716 1077 3787 diligebat
1104 3714 1290 3782 Iesus,
1335 3715 1492 3771 Petro
1529 3736 1549 3773 :
1581 3718 1823 3775 Dominus

272 3820 351 3863 est.
382 3808 545 3865 Simon
579 3808 764 3865 Petrus
790 3827 905 3865 cum
928 3810 1146 3865 audisset
1168 3811 1288 3881 quia
1319 3809 1569 3866 Dominus
1598 3821 1673 3867 est
1691 3854 1704 3876 ,
1737 3822 1821 3867 tu-

272 3900 370 3954 nica
386 3904 617 3958 succinxit
640 3921 694 3958 se
714 3946 727 3969 ,
765 3912 870 3958 erat
894 3904 1025 3958 enim
1052 3903 1241 3971 nudus,
1274 3912 1319 3958 et
1348 3904 1482 3958 misit
1512 3905 1638 3959 sein
1662 3892 1818 3959 mare.

273 3992 361 4045 Alii
388 4004 539 4049 autem
575 3995 811 4064 discipuli
857 3996 1055 4066 navigio
1093 4004 1328 4048 venerunt
1368 3995 1494 4066 (non
1516 3996 1648 4048 enim
1674 3996 1821 4067 longe

274 4097 394 4140 erant
415 4104 443 4140 a
467 4098 614 4156 terra,
642 4087 730 4142 sed
753 4088 899 4158 quasi
923 4087 1100 4141 cubitis
1130 4086 1405 4157 ducentis),
1438 4088 1689 4163 trahentes
1717 4096 1819 4143 rete

274 4176 476 4243 piscium.
503 4176 568 4232 Ut
585 4194 700 4248 ergo
728 4178 1083 4231 descenderunt
1117 4179 1168 4232 in
1190 4186 1407 4241 terram,
1440 4178 1667 4232 viderunt
1694 4196 1818 4250 pru-

271 4281 349 4321 nas
374 4270 549 4337 positas
568 4310 583 4335 ,
629 4278 677 4322 et
710 4269 897 4339 piscem
928 4269 1300 4340 superpositum
1325 4312 1339 4333 ,
1382 4280 1427 4322 et
1456 4285 1654 4339 panem.
1682 4268 1818 4323 Dicit

271 4358 332 4410 eis
351 4357 521 4415 Iesus:
551 4356 740 4428 Alferte
768 4360 830 4413 de
857 4359 1074 4429 piscibus
1091 4376 1213 4427 quos
1243 4360 1643 4432 apprehendistis
1663 4379 1815 4415 nunc.

272 4448 478 4504 Ascendit
499 4451 677 4506 Simon
705 4448 889 4503 Petrus
907 4489 923 4516 ,
947 4460 991 4503 et
1020 4450 1173 4505 traxit
1194 4460 1294 4504 rete
1318 4451 1370 4503 in
1401 4461 1586 4504 terram
1614 4450 1818 4518 plenum

269 4547 438 4615 magnis
474 4545 689 4617 piscibus
729 4553 929 4597 centum
982 4544 1339 4614 quinquaginta
1385 4543 1559 4598 tribus.
1611 4543 1676 4599 Et
1704 4561 1819 4599 cum

267 4638 372 4690 tanti
398 4644 568 4701 essent,
602 4651 702 4689 non
725 4642 796 4689 est
819 4635 1032 4689 scissum
1060 4645 1181 4689 rete.

324 4726 371 4780 6.
408 4726 516 4782 Hoc
535 4735 617 4781 est
637 4740 886 4796 magnum
906 4734 1296 4782 sacramentum
1314 4729 1365 4781 in
1384 4742 1576 4798 magno
1600 4728 1817 4785 Joannis

263 4816 560 4891 Evangelio;
605 4824 742 4875 etut
774 4817 1143 4879 vehementius
1171 4819 1632 4879 commendaretur
1654 4863 1668 4888 ,
1701 4821 1817 4877 loco

268 4909 436 4967 ultimo
462 4910 737 4981 scripturn.
771 4907 922 4976 Quod
948 4923 1076 4981 ergo
1104 4918 1308 4981 septem
1339 4910 1580 4982 discipuli
1608 4910 1819 4968 fuerunt

266 5001 312 5056 in
338 5003 431 5058 ista
454 5004 767 5074 piscatione,
796 5001 1005 5069 Petrus,
1036 5010 1091 5055 et
1119 5001 1381 5069 Thomas,
1408 5010 1463 5057 et
1486 5002 1776 5058 Nathanael
1800 5045 1815 5068 ,

260 5106 308 5152 et
329 5096 430 5152 duo
453 5097 544 5152 ﬁlii
573 5094 814 5151 Zebcdazi
834 5135 850 5161 ,
897 5103 952 5149 et
989 5094 1077 5149 alii
1105 5094 1212 5149 duo
1241 5109 1467 5165 quorum
1502 5095 1716 5150 nomina
1742 5106 1819 5150 ta-

262 5200 460 5257 centur,
507 5189 595 5245 isti
616 5201 719 5242 suo
739 5185 1044 5258 septenario
1075 5199 1299 5251 numero
1324 5185 1483 5240 ﬁnem
1514 5186 1817 5256 signiﬁcant

263 5282 513 5352 temporis.
544 5280 861 5345 Universum
891 5278 1088 5349 quippe
1126 5286 1332 5348 septem
1374 5277 1561 5333 diebus
1583 5279 1818 5334 volvitur

265 5382 468 5444 tempus.
496 5372 576 5428 Ad
601 5371 703 5428 hoc
731 5369 963 5442 pertinet
989 5367 1133 5441 quod
1156 5383 1311 5424 mane
1337 5366 1476 5422 facto
1496 5367 1651 5423 Jesus
1671 5369 1819 5423 stetit

318 5527 386 5598 (tt)
417 5496 587 5577 milites
606 5527 773 5598 itaque
812 5504 1107 5598 stipendium
1145 5536 1175 5598 ξι
1212 5523 1586 5598 provincialibus
1616 5523 1819 5598 accipie-

265 5582 399 5662 ἕνεωέ
429 5600 532 5662 ,ςιιο
569 5582 791 5662 διαβαίης
806 5661 813 5662 ,
828 5582 1030 5662 diem!
1044 5584 1179 5662 the;
1196 5582 1350 5662 ius?
1374 5587 1425 5662 is
1448 5582 1735 5662 testari;
1767 5603 1817 5662 n;

269 5644 344 5695 t7:
377 5665 399 5693 ι
418 5644 676 5711 Aliquando
693 5649 823 5711 enim
847 5653 900 5697 et
920 5648 1143 5711 desertor
1166 5644 1321 5711 terret
1340 5644 1821 5711 provincialemsed

274 5830 414 5884 uult".
437 5850 460 5879 ι

490 5916 715 5980 ΒΑΜ-ι’.
756 5919 1033 5980 Aususr.
1077 5917 1168 6007 [II

1938 2434 2146 2487 cessavit
2172 2446 2341 2488 autent
2365 2434 2523 2506 loqui,
2547 2438 2674 2492 dixit
2700 2440 2768 2493 ad
2800 2441 3058 2496 Simonem
3090 2463 3113 2513 :q
3137 2448 3250 2503 Duc
3273 2453 3323 2504 in
3345 2454 3525 2520 altum,

1937 2535 1984 2579 et
2010 2525 2175 2579 laxate
2198 2528 2324 2579 retia
2345 2538 2507 2581 vestra
2528 2530 2579 2583 in
2600 2526 2881 2599 capturam.
2913 2533 2977 2588 Et
3013 2535 3120 2590 illic
3141 2541 3281 2606 quod
3312 2552 3525 2610 captum

1936 2628 2018 2673 est
2047 2618 2267 2687 piscium
2298 2619 2348 2673 in
2375 2621 2632 2699 naviculis
2665 2623 2781 2690 fuit,
2826 2640 2928 2679 non
2962 2626 3095 2680 sicut
3138 2627 3225 2682 hic
3268 2644 3382 2687 rete
3433 2649 3525 2688 cx—
3558 2661 3585 2699 ι

1935 2719 2211 2768 traxerunt
2241 2712 2291 2768 in
2321 2698 2537 2768 terram.
2564 2712 2661 2797 llis
2680 2717 2844 2799 signis
2861 2728 2913 2772 et
2933 2718 3096 2789 siqua
3127 2721 3227 2775 alia
3250 2725 3523 2793 potuerint

1933 2806 2191 2874 reperiri,
2225 2804 2294 2860 ibi
2327 2804 2567 2860 Ecclesia
2593 2807 2645 2861 in
2677 2806 2779 2871 hoc
2807 2800 3003 2865 szeculo
3025 2852 3037 2875 ,
3078 2811 3163 2866 hic
3187 2829 3311 2869 vero
3333 2816 3384 2869 in
3413 2818 3521 2874 ﬁne

1934 2897 2115 2951 saeculi
2145 2897 2367 2968 ﬁgurata
2396 2907 2477 2952 est
2519 2916 2530 2952 :
2562 2897 2682 2963 ideo
2711 2899 2841 2978 illud
2867 2910 2990 2967 ante
3013 2944 3028 2967 ,
3076 2902 3175 2957 hoc
3200 2915 3371 2960 autem
3399 2920 3523 2980 post

1930 2989 2375 3043 resurrectionem
2398 2989 2601 3043 Domini
2632 2984 2827 3057 tactum
2855 3001 2972 3061 est;
3003 2996 3122 3063 quia
3148 2994 3216 3049 ibi
3246 3012 3344 3051 nos
3363 2997 3521 3055 Chri-

1930 3086 2044 3132 stus
2071 3074 2634 3148 sigttiﬁcavitt'ocztttis,
2660 3078 2744 3135 hic
2767 3064 3128 3138 resuscitatus.
3158 3083 3232 3140 lbi
3261 3089 3388 3142 retia
3412 3106 3520 3146 non

1930 3164 2211 3224 mittuntur
2258 3169 2308 3223 in
2352 3170 2661 3251 dexteram,
2712 3186 2778 3255 ne
2818 3174 2962 3225 solos
2991 3174 3289 3246 signiﬁcent
3318 3180 3517 3249 honos,

1929 3260 2106 3316 necin
2137 3260 2406 3314 sinistram
2439 3304 2453 3328 ,
2501 3276 2567 3317 ne
2594 3261 2738 3315 solos
2774 3264 2974 3329 malos;
3009 3266 3099 3319 sed
3135 3265 3516 3337 indifferenter,

1928 3349 2142 3418 Laxate,
2176 3351 2362 3422 inquit,
2404 3351 2530 3405 retia
2553 3362 2715 3429 vestra
2736 3353 2788 3405 in
2815 3363 3102 3423 capturam,
3138 3367 3191 3409 ut
3220 3360 3513 3427 permixtos

1928 3442 2281 3513 intelligamus
2307 3442 2473 3497 bonos
2501 3453 2553 3498 et
2584 3434 2762 3497 'malos
2787 3461 2799 3496 :
2836 3442 2920 3500 hic
2948 3456 3147 3513 autem,
3176 3450 3360 3519 inquit,
3389 3450 3517 3507 Mit-

1928 3535 2014 3588 tite
2033 3536 2084 3589 in
2111 3536 2367 3589 dexteram
2396 3536 2579 3606 navigii
2601 3546 2724 3609 rete,
2759 3546 2815 3591 ut
2841 3537 3159 3607 signiﬁcaret
3180 3557 3274 3595 eos
3295 3545 3381 3613 qui
3407 3555 3517 3599 sta-

1927 3626 2054 3682 bant
2081 3628 2147 3681 ad
2178 3628 2472 3694 dexteram,
2502 3629 2645 3683 solos
2663 3632 2848 3685 bonos.
2875 3630 2948 3685 Ibi
2983 3641 3093 3687 rete
3119 3646 3333 3704 propter
3352 3639 3517 3708 signi-

1928 3718 2128 3774 ﬁcanda
2179 3720 2463 3775 schismata
2513 3722 2859 3791 rumpebatur
2901 3740 2915 3778 :
2960 3724 3046 3779 hic
3091 3742 3218 3781 vero
3262 3732 3515 3799 quoniam

1927 3817 2053 3863 tunc
2093 3811 2201 3879 jam
2234 3809 2284 3863 in
2330 3811 2417 3864 illa
2461 3827 2665 3866 summa
2692 3828 2823 3883 pace
2853 3826 3157 3871 sanctorum
3188 3821 3328 3873 nulla
3358 3834 3515 3878 erunt

1927 3901 2231 3966 schismata,
2264 3902 2513 3969 pertinuit
2544 3903 2608 3955 ad
2641 3903 3031 3971 Evangelistam
3060 3906 3261 3974 dicere,
3295 3910 3364 3963 Et
3392 3930 3508 3967 cum

1925 3992 2051 4044 tanti
2078 4001 2268 4055 essent,
2288 3984 2354 4045 'id
2384 3998 2464 4045 est
2486 4032 2500 4055 ,
2530 4000 2635 4045 tam
2666 3994 2876 4062 magni,
2900 4011 3000 4048 non
3029 4008 3102 4049 est
3134 4001 3345 4054 scissum
3372 4013 3510 4071 rete;

1926 4091 2174 4153 tauquam
2207 4080 2336 4135 illud
2370 4082 2659 4151 reSpiceret
2688 4083 2776 4138 ubi
2807 4086 3030 4140 scissum
3058 4098 3135 4143 εει
3159 4131 3173 4151 .
3199 4100 3253 4145 et
3283 4093 3334 4146 in
3367 4096 3507 4151 illius

1923 4175 2049 4229 mali
2078 4173 2475 4244 comparatione
2503 4175 2901 4230 commendaret
2927 4177 3027 4231 hoc
3058 4164 3274 4233 bonum.
3312 4182 3386 4237 lbi
3413 4200 3507 4239 ca-

1925 4275 2012 4337 pta
2033 4277 2116 4322 est
2142 4267 2421 4321 multitudo
2449 4267 2671 4337 piscium
2696 4277 2868 4335 tanta,
2902 4278 2957 4321 ut
2978 4269 3193 4340 impleta
3222 4271 3327 4328 duo
3352 4276 3504 4331 navi-

1924 4360 2005 4430 gia
2036 4369 2402 4429 mergerentur
2427 4358 2574 4428 (Luc.
2606 4376 2660 4427 ν,
2684 4359 2802 4430 5-7)
2825 4400 2839 4425 ,
2869 4360 2920 4414 id
2948 4369 3062 4428 est,
3096 4362 3147 4415 in
3176 4363 3507 4422 submersio-

1924 4466 2045 4506 nem
2072 4438 2439 4520 premerentur
2472 4470 2485 4505 :
2515 4466 2621 4504 non
2651 4450 2794 4504 enim
2821 4466 2992 4504 mersa
3022 4461 3147 4506 sunt
3173 4495 3185 4517 ,
3209 4455 3303 4509 sed
3326 4465 3501 4513 tamen

1923 4539 2238 4608 periclitata.
2266 4538 2416 4595 Unde
2441 4541 2582 4594 enim
2604 4540 2834 4595 existunt
2860 4541 2910 4595 in
2943 4541 3198 4609 Ecclesia,
3225 4552 3366 4601 tanta
3388 4564 3508 4618 quas

1923 4633 2215 4704 gemimus;
2252 4632 2352 4687 nisi
2375 4648 2494 4687 cum
2517 4642 2677 4687 tanta:
2706 4633 3025 4689 multitudini
3066 4635 3252 4690 obsisti
3279 4654 3383 4694 non
3410 4656 3508 4711 po-

1922 4732 2047 4790 test,
2078 4739 2193 4793 qua:
2209 4722 2272 4777 ad
2303 4722 2742 4793 submergendam
2766 4723 3147 4793 prouemodum
3173 4725 3505 4798 disciplinam

1925 4814 2085 4869 intrat
2111 4830 2231 4869 cum
2260 4813 2498 4869 moribus
2527 4816 2636 4869 suis
2664 4830 2693 4867 a
2723 4824 3029 4869 sanctorum
3069 4815 3259 4872 itinere
3297 4823 3507 4889 penitus

1925 4905 2149 4961 alienis?
2185 4904 2279 4959 Hic
2328 4916 2507 4960 autem
2538 4906 2795 4959 miserunt
2824 4916 2936 4960 rete
2971 4908 3022 4959 in
3047 4906 3320 4963 dexteram
3378 4928 3505 4981 par-

1926 5008 2053 5065 tem,
2085 5010 2129 5052 et
2141 5002 2253 5069 jam
2276 5014 2375 5051 non
2398 4997 2623 5051 valebant
2653 4997 2782 5051 illud
2803 5000 2999 5051 trahere
3016 5017 3048 5052 a
3070 5000 3390 5058 multitudine
3422 5010 3505 5077 pi-

1925 5090 2102 5143 scium.
2132 5088 2266 5158 Quid
2293 5097 2408 5152 est,
2441 5089 2555 5157 jam
2591 5104 2689 5141 non
2716 5086 2943 5140 valebant
2976 5088 3105 5143 illud
3125 5092 3356 5160 trahere,
3407 5097 3508 5153 nisi

1925 5168 2047 5255 quia
2078 5183 2151 5236 illi
2177 5183 2264 5252 qui
2292 5180 2560 5250 pertinent
2586 5177 2650 5232 ad
2681 5179 3124 5235 resurrectionem
3155 5182 3274 5237 vitae
3295 5225 3309 5249 ,
3348 5186 3398 5240 id
3427 5199 3512 5243 est

1925 5272 1993 5328 ad
2022 5273 2289 5326 dexteram
2317 5312 2330 5331 ,
2359 5276 2415 5324 et
2434 5271 2572 5323 intra
2593 5268 2867 5324 christiani
2898 5271 3130 5326 nominis
3153 5274 3283 5327 retia
3314 5275 3507 5331 deiun-

1926 5372 2123 5437 guntur
2146 5404 2161 5430 ,
2206 5360 2416 5415 nonnisi
2443 5361 2496 5415 in
2522 5361 2732 5424 littore,
2781 5359 2832 5414 id
2858 5368 2938 5415 est
2963 5360 3015 5415 in
3046 5361 3149 5415 line
3177 5363 3355 5416 saeculi
3379 5380 3501 5420 cum

1927 5457 2341 5519 resuta-exeruit,
2392 5453 2764 5523 apparebunt?
2808 5452 2935 5508 ideo
2978 5470 3080 5506 non
3115 5454 3387 5510 valuerunt
3426 5460 3507 5514 sic

1928 5548 2139 5604 trahere
2165 5546 2295 5600 retia
2319 5586 2333 5612 ,
2366 5554 2419 5599 ut
2446 5544 2497 5598 in
2520 5560 2705 5599 navem
2731 5544 3073 5599 refundereut
3099 5558 3232 5612 quos
3251 5560 3504 5616 ceperant

1929 5641 2127 5710 pisces;
2161 5638 2295 5691 sicut
2320 5635 2386 5690 de
2415 5636 2518 5690 illis
2547 5638 2790 5691 omnibus
2818 5634 3010 5689 factum
3039 5643 3140 5701 est,
3172 5636 3361 5704 quibus
3388 5652 3507 5699 rete

1927 5729 2221 5800 disruptum
2250 5769 2264 5796 ,
2306 5736 2357 5782 et
2398 5730 2650 5783 naviculae
2691 5742 2887 5797 pressae
2930 5734 3071 5779 sunt.
3121 5726 3287 5784 llabet
3324 5743 3506 5793 autem

1927 5824 2059 5882 istos
2083 5822 2297 5879 dextros
2323 5821 2561 5877 Ecclesia
2578 5828 2697 5892 post
2724 5818 2879 5872 ﬁnem
2903 5817 3022 5870 vitae
3055 5817 3211 5886 hujus
3238 5819 3290 5875 in
3318 5838 3505 5886 solum

2704 5903 3303 5987 (Soixante—déux.)
