3994 6378
539 443 680 502 1963

537 558 704 630 pacis,
735 554 880 610 velut
903 551 955 606 in
985 544 1249 620 profundo
1269 545 1517 614 latentes,
1543 543 1714 598 donec
1739 541 1804 597 ad
1830 541 1977 595 littus
2001 548 2118 593 rete

538 648 810 722 perveniat
834 657 940 713 quo
969 639 1311 704 trahebatur,
1366 635 1513 707 quasi
1561 651 1590 689 a
1630 634 1822 689 cubitis
1851 630 2116 688 ducentis.

537 737 688 806 Quod
717 745 895 792 autem
919 732 1025 787 illic
1050 731 1255 786 duabus
1284 726 1559 789 naviculis,
1591 735 1810 797 pr0pter
1837 723 2118 778 circumci-

539 831 742 885 siouetn
767 837 821 883 et
847 823 1160 896 pneputium
1184 838 1200 888 ;
1237 821 1340 876 hoc
1379 817 1481 873 isto
1511 819 1628 872 loco
1653 815 1900 870 ducentis
1927 811 2120 866 cubitis

539 921 785 977 existimo
809 919 1110 990 ﬁguratum,
1131 923 1346 985 prepter
1371 912 1644 977 utriusque
1662 907 1874 977 generis
1899 905 2119 971 eiectos,

531 1007 591 1070 "et
642 1009 1060 1068 circumeisionis
1105 1014 1160 1058 et
1209 999 1486 1073 pra-petii,
1530 1007 1780 1070 tanquam
1825 1006 2040 1052 centum
2068 1004 2123 1050 et

537 1113 786 1165 centum;
809 1102 927 1168 quia
957 1097 1008 1150 in
1036 1109 1242 1149 summa
1268 1090 1556 1148 centenarii
1587 1102 1837 1150 numerus
1855 1087 1920 1142 ad
1935 1085 2123 1142 dexte-

537 1211 648 1251 ram
679 1191 884 1248 transit.
914 1188 1188 1244 Postremo
1217 1185 1268 1239 in
1297 1185 1382 1238 illa
1409 1183 1700 1254 piscatione
1741 1181 1994 1236 numerus
2043 1179 2125 1248 pi-

537 1285 705 1343 scium
735 1298 838 1345 non
875 1259 1219 1351 exprimitur,
1271 1277 1523 1348 tanquam
1570 1273 1697 1328 illud
1740 1273 1808 1328 ibi
1851 1272 1940 1325 ﬁat
1978 1271 2120 1343 quod

529 1357 955 1449 prtedictuni'est
987 1390 1082 1445 per
1107 1372 1420 1444 prophetam
1445 1412 1462 1437 ,
1511 1363 1820 1422 Anmmtiuvi
1843 1377 1890 1420 et
1919 1367 2116 1424 locutus

533 1453 646 1544 sum
667 1490 687 1540 ;
720 1469 1042 1544 multiplicati
1077 1477 1194 1524 sunt
1222 1482 1372 1537 super
1414 1479 1676 1518 numerum
1703 1453 1876 1529 (Psali
1904 1475 2075 1514 χχχιι
2096 1501 2112 1526 ,

537 1543 594 1638 6)
625 1584 636 1618 :
668 1567 752 1621 hic
772 1543 899 1619 vero
915 1579 1019 1628 non
1049 1568 1173 1616 sunt
1191 1558 1348 1628 aliqui
1370 1571 1530 1624 super
1551 1568 1850 1616 numerum,
1880 1551 1973 1607 sed
2001 1567 2118 1606 cer-

534 1644 622 1714 tus
651 1668 730 1713 est
759 1670 1010 1712 numerus
1035 1661 1249 1707 centum
1277 1647 1655 1718 quinquaginta
1684 1656 1824 1710 tres;
1851 1644 2002 1716 cujus
2021 1661 2120 1708 nu:

534 1751 668 1807 ineri
699 1751 834 1806 ratio
867 1745 1088 1800 Domino
1115 1743 1398 1814 adjuvante
1420 1738 1689 1794 reddenda
1713 1747 1813 1791 est.

609 1844 662 1898 8.
702 1841 757 1896 Si
793 1840 936 1894 enim
968 1850 1244 1890 unum-rum
1285 1831 1668 1884 constituamus
1694 1828 1782 1900 qui
1819 1827 2014 1896 Legem
2041 1827 2118 1911 εἰς

533 1907 746 2010 ξιιίίίορῑ
769 1971 784 1998 ,
835 1927 962 2000 quid
999 1932 1156 1982 erunt
1185 1923 1285 1978 nisi
1315 1920 1540 1976 decem?
1566 1919 1896 2010 Decalogum
1922 1907 2116 1990 quippe

533 2003 689 2096 Legis-
712 2061 728 2086 ,
773 2019 824 2073 id
850 2027 964 2084 est,
993 2015 1178 2070 decem
1207 2013 1479 2068 notissima
1519 2009 1608 2066 illa
1648 2019 1909 2079 praecepta
1950 2009 2116 2079 digito

535 2112 630 2168 Dei
661 2111 866 2165 duabus
893 2107 1112 2178 lapideis
1138 2103 1335 2162 tabulis
1360 2104 1591 2174 primum
1619 2100 1783 2156 fuisse
1811 2103 2114 2170 conscripta

533 2178 886 2278 certissimum
913 2199 1068 2254 nobis
1089 2205 1171 2253 est
1190 2193 1364 2270 (Deut.
1390 2211 1464 2260 lx,
1493 2194 1606 2268 l0).
1633 2193 1738 2248 Sed
1768 2191 1878 2247 Lex
1907 2191 2116 2264 quando

531 2310 640 2351 non
669 2293 882 2362 adjuvat
907 2290 1072 2361 gratia
1092 2331 1108 2356 ,
1138 2287 1572 2360 prmvaricatores
1601 2284 1754 2350 facit,
1801 2293 1854 2338 et
1878 2292 2122 2354 tantum:

531 2385 694 2440 modo
721 2381 772 2438 in
802 2383 979 2437 littera
1025 2387 1150 2434 est:
1195 2385 1414 2448 propter
1460 2376 1560 2430 hoc
1599 2375 1741 2430 enim
1773 2375 2004 2428 maxime
2041 2375 2115 2428 ait

533 2471 819 2551 Apostolus
837 2511 850 2533 ,
897 2470 1085 2523 Littera
1105 2465 1288 2522 occidit
1308 2508 1322 2532 ,
1361 2467 1568 2540 spiritus
1595 2475 1760 2520 autem
1789 2466 2004 2535 riviﬁcat
2028 2465 2046 2538 (
2070 2464 2122 2550 Il.

532 2565 648 2624 Cor.
679 2581 758 2628 lli,
782 2563 860 2630 6).
887 2561 1119 2616 Accedat
1137 2574 1263 2628 ergo
1292 2557 1357 2612 ad
1386 2557 1616 2612 litteratn
1645 2557 1864 2628 spiritus
1884 2598 1898 2620 ,
1927 2572 1991 2610 ne
2017 2570 2111 2610 oc-

529 2638 670 2714 cidat
691 2657 866 2710 littera
887 2670 1041 2727 quem
1070 2668 1173 2706 non
1202 2649 1431 2704 viviﬁcat
1455 2649 1702 2719 spiritus;
1725 2648 1818 2703 sed
1844 2657 1900 2702 ut
1927 2662 2115 2716 opere-

530 2765 650 2802 mur
680 2751 940 2814 prarcepta
961 2741 1136 2811 chis,
1166 2755 1271 2794 non
1292 2739 1494 2794 viribus
1521 2739 1738 2804 nostris,
1767 2740 1862 2795 sed
1895 2752 2113 2792 munere

527 2835 836 2896 Salvatoris.
865 2817 1011 2888 Cum
1038 2837 1219 2886 autem
1263 2831 1470 2885 accedit
1496 2827 1562 2883 ad
1597 2827 1790 2898 Legem
1821 2828 1986 2898 gratia
2008 2871 2022 2895 ,
2059 2828 2113 2882 id

529 2911 640 2994 est,
689 2930 752 2984 ad
799 2927 1026 2982 litteram
1072 2923 1320 2995 Spiritus,
1351 2919 1742 2994 quodammodo
1766 2922 1985 2974 denario
2015 2937 2114 2974 nu-

531 3015 681 3077 mero
705 3020 916 3075 additur
943 3015 1294 3088 septenarius.
1321 3015 1430 3070 isto
1457 3015 1651 3085 quippe
1679 3029 1925 3080 numero,
1954 3014 2004 3066 id
2033 3021 2115 3068 est

529 3113 853 3182 septenario,
883 3109 1169 3180 signiﬁcari
1197 3105 1452 3180 Spiritum
1479 3116 1721 3162 sanctum
1742 3147 1756 3171 ,
1784 3105 2106 3160 advertenda

529 3193 852 3262 Litterarum
894 3216 1166 3258 sacrarum
1212 3199 1529 3256 documenta
1573 3207 1853 3254 testantur.
1907 3197 2109 3268 Nempe

529 3271 672 3354 enim
704 3293 954 3349 sanctitas
982 3293 1066 3347 vel
1107 3289 1458 3346 sanctiﬁcatio
1497 3288 1564 3342 ad
1611 3299 1852 3343 sanctum
1897 3287 2113 3359 proprie

531 3370 762 3459 pertinet
787 3381 1042 3453 Spiritum
1069 3399 1082 3434 :
1115 3380 1258 3436 unde
1286 3395 1406 3436 eum
1436 3388 1491 3434 et
1527 3379 1682 3434 Pater
1707 3380 1921 3450 Spiritus
1946 3379 2034 3442 sit,
2057 3389 2114 3436 et

530 3466 697 3532 Filius
739 3474 956 3544 Spiritus
994 3472 1060 3526 sit
1085 3513 1100 3538 ,
1132 3470 1378 3542 quoniam
1407 3467 1549 3524 Deus
1578 3469 1795 3538 spiritus
1823 3480 1902 3524 est
1929 3468 2108 3540 (Joan.

530 3560 604 3630 1v,
627 3565 754 3635 2i);
779 3573 833 3618 et
863 3559 1018 3618 Pater
1051 3570 1292 3626 sanctus,
1325 3569 1380 3616 et
1408 3558 1572 3614 Filius
1607 3569 1821 3614 sanctus
1848 3560 1953 3615 sit:
1986 3576 2112 3629 pro-

531 3655 648 3728 prio
677 3667 852 3711 tamen
883 3653 1098 3708 nomine
1131 3651 1409 3706 amborum
1445 3649 1674 3720 Spiritus
1703 3662 1919 3706 vocatur
1947 3649 2114 3720 Spiri-

533 3758 617 3803 tus
639 3755 873 3801 sanctus.
906 3745 1005 3800 Ubi
1031 3757 1158 3814 ergo
1185 3742 1410 3812 primum
1437 3741 1486 3795 in
1509 3739 1648 3812 Lege
1675 3742 1854 3796 sonuit
1875 3743 2112 3797 sanctiﬁ-

533 3839 701 3904 catio,
745 3837 844 3890 nisi
895 3835 946 3888 in
996 3834 1081 3890 die
1127 3832 1388 3903 septimo?
1429 3817 1546 3886 Non
1591 3833 1732 3887 enim
1767 3833 2115 3888 sanctilicavit

534 3917 675 3986 Deus
704 3928 846 3984 diem
886 3927 1109 3997 primtttn
1132 3967 1148 3992 ,
1197 3927 1248 3980 in
1285 3941 1389 3994 quo
1419 3923 1544 3980 fecit
1569 3923 1776 3992 lucem;
1805 3932 1894 3980 aut
1921 3941 2113 3980 secun-

532 4008 680 4086 dum,
725 4021 775 4074 in
803 4034 910 4089 quo
939 4017 1362 4082 ﬁrmamentum;
1393 4023 1482 4070 aut
1515 4015 1728 4070 tertium
1753 4059 1768 4082 ,
1795 4017 1848 4072 in
1875 4033 1978 4087 qtto
1999 4015 2112 4071 dis-

531 4115 699 4170 crevit
744 4127 890 4166 mare
939 4126 967 4163 a
1019 4120 1194 4176 terra,
1247 4115 1300 4164 et
1344 4116 1485 4164 terra
1540 4108 1760 4164 herbam
1809 4110 2113 4182 lignumque

531 4205 815 4277 produxit;
845 4213 935 4258 aut
955 4212 1222 4272 quartum,
1247 4203 1297 4256 in
1321 4217 1424 4272 quo
1445 4200 1619 4256 sidera
1645 4209 1767 4258 sunt
1794 4214 1968 4258 creata
1988 4219 2007 4266 ;
2025 4211 2116 4258 aut

532 4297 774 4368 quintum
794 4338 809 4362 ,
844 4297 895 4349 in
936 4311 1040 4364 quo
1079 4293 1326 4348 animalia
1351 4310 1469 4362 qua:
1513 4293 1565 4347 in
1592 4295 1741 4364 aquis
1766 4295 1949 4349 vivunt
1976 4303 2031 4350 et
2062 4295 2116 4350 in

535 4404 658 4444 aere
679 4389 937 4447 volitant;
984 4391 1072 4438 aut
1115 4393 1357 4450 sextum,
1404 4385 1462 4436 in
1493 4399 1599 4454 quo
1639 4387 1903 4440 terrestris
1941 4385 2116 4440 anima

533 4481 652 4534 viva
683 4489 738 4532 et
762 4480 874 4547 ipse
905 4477 1064 4530 homo
1097 4494 1110 4528 :
1141 4475 1232 4530 sed
1265 4475 1609 4528 sanctiﬁcavit
1639 4476 1778 4530 diem
1806 4480 2112 4548 septimum,

535 4573 592 4624 in
641 4585 746 4638 quo
799 4565 1056 4636 requievit
1107 4567 1175 4619 ab
1214 4566 1464 4634 operibus
1490 4567 1598 4620 suis
1621 4564 1774 4637 (Gen.
1797 4585 1840 4635 ι,
1868 4579 1915 4622 et
1942 4586 2001 4636 tt,
2031 4571 2111 4642 ὃ).

539 4659 932 4716 Convenienter
982 4655 1138 4726 igitur
1181 4656 1483 4725 septenario
1527 4671 1750 4711 numero
1793 4659 2119 4728 signiﬁcatur

535 4751 765 4824 Spiritus
801 4759 1032 4824 sanctus.
1077 4745 1234 4802 Isaias
1259 4747 1416 4802 etiam
1457 4748 1714 4819 propheta
1737 4790 1751 4816 ,
1797 4750 2114 4822 Requiescet,

537 4845 728 4915 inquit,
756 4843 810 4896 in
839 4858 894 4896 eo
923 4837 1144 4912 Spiritus
1165 4837 1300 4893 Dei:
1329 4853 1554 4910 eumque
1579 4839 1826 4908 deinceps
1842 4858 2116 4900 commen-

537 4935 672 4992 dans
701 4950 862 5004 opere
889 4933 972 4988 vel
997 4949 1216 4988 munere
1245 4933 1576 5001 septenario,
1609 4931 1833 5004 Spiritus
1853 4976 1866 4999 ,
1915 4935 2112 5005 inquit,

538 5027 797 5097 sapientirc
825 5039 870 5082 et
899 5027 1208 5094 intellectus,
1237 5026 1445 5098 spiritus
1467 5026 1662 5080 consilii
1693 5037 1740 5080 et
1761 5027 2076 5097 fortitudinis
2099 5071 2114 5096 ,

539 5122 746 5192 spiritus
773 5121 992 5174 scientia:
1011 5130 1056 5173 et
1090 5120 1308 5188 pietatis,
1333 5128 1379 5172 et
1408 5119 1630 5190 implebit
1653 5117 1802 5174 illum
1824 5122 2028 5192 spiritus
2051 5122 2117 5174 ti-

539 5214 695 5270 moris
723 5213 816 5266 Dei
847 5210 996 5280 (lsai.
1027 5229 1100 5276 xl,
1121 5211 1185 5278 ‘2,’
1208 5211 1283 5282 5).
1312 5212 1446 5281 Quid
1474 5215 1524 5266 itt
1555 5214 1914 5286 Apocalypsi?
1943 5230 2119 5270 nonne

541 5318 744 5376 septem
777 5299 992 5372 spiritus
1019 5301 1110 5354 Dei
1135 5299 1380 5354 dicuntur
1408 5301 1600 5374 (Apoc.
1633 5319 1724 5370 ιιι,
1766 5301 1868 5376 i),
1899 5319 2016 5357 cum
2051 5305 2120 5358 sit

540 5415 680 5460 unus
707 5407 864 5471 atque
894 5391 1032 5466 idem
1055 5391 1302 5460 Spiritus,
1333 5391 1574 5446 dividens
1597 5393 1803 5462 propria
1835 5394 2118 5464 unicuique

539 5503 699 5566 prout
729 5489 835 5541 vult
864 5483 912 5566 (I
941 5482 1059 5542 Cor.
1091 5499 1165 5538 xu
1186 5524 1200 5547 ,
1235 5483 1293 5538 il
1318 5480 1378 5554 )?
1424 5481 1528 5538 Sed
1559 5485 1800 5554 Operatio
1822 5487 2118 5554 septenaria

539 5563 698 5640 unius
726 5563 956 5651 Spiritus
985 5577 1062 5634 sic
1086 5575 1345 5646 appellata
1373 5584 1456 5630 est
1475 5576 1542 5629 ab
1570 5577 1756 5632 eodem
1784 5577 2003 5649 Spiritu,
2031 5581 2120 5649 qui

543 5676 795 5730 scribenti
825 5669 1024 5736 adfuit,
1059 5680 1116 5726 ut
1150 5679 1352 5739 septem
1381 5670 1597 5740 spiritus
1625 5671 1947 5728 dicerentur.
1983 5673 2117 5728 Cum

540 5764 721 5834 itaque
741 5763 894 5832 Legis
918 5761 1136 5816 denario
1160 5761 1386 5832 Spiritus
1406 5772 1618 5817 sanctus
1645 5778 1738 5831 per
1762 5765 2122 5834 septenarium

545 5869 824 5909 numerum
843 5853 1066 5924 accedit,
1093 5853 1224 5909 ﬁunt
1249 5854 1434 5914 decem
1463 5860 1519 5910 et
1541 5863 1744 5924 septem
1773 5873 1785 5908 :
1817 5856 1906 5924 qui
1930 5872 2118 5914 nume-

1490 429 1560 488 IN
1593 425 1873 486 JOANNIS
1908 419 2372 490 EVANGELIUM,
2412 425 2469 482 S.
2513 423 2882 486 AUGUSTINI

3633 441 3734 505 196!

2228 554 2318 594 rus
2365 539 2432 594 ab
2472 555 2579 596 uno
2615 557 2782 613 usque
2825 543 2890 598 ad
2935 543 3165 614 seipsum
3215 550 3514 618 computatis
3537 557 3736 623 omnibus

2225 644 2473 686 crescens
2491 673 2508 698 ,
2537 631 2605 686 ad
2637 643 2848 688 centum
2875 634 3253 706 quinquaginta
3291 647 3400 694 tres
3426 646 3654 710 pervenit.
3673 651 3736 708 Ad

2229 735 2390 776 unum
2419 722 2560 776 enim
2587 723 2632 778 si
2655 723 2874 812 adjicips
2897 726 3004 780 duo
3022 769 3056 792 ,.
3079 726 3212 782 ﬁunt
3247 731 3420 800 utique
3449 741 3578 798 tres;
3605 735 3672 791 itis
3703 741 3736 794 si

2227 811 2446 885 adjicias
2475 824 2584 869 tres
2611 826 2666 870 et
2701 811 2956 887 quatuor,
2986 816 3118 874 [lunt
3137 835 3318 878 omnes
3345 823 3550 892 decem;
3584 829 3741 892 deinde

2228 904 2273 959 si
2317 903 2535 972 adjicias
2583 921 2770 964 omnes
2816 923 3068 964 numeros
3095 911 3187 980 qui
3221 925 3503 982 sequuntur
3527 933 3669 990 usque
3689 923 3742 981 ad

2226 995 2412 1056 decem
2437 1007 2490 1052 et
2514 1008 2752 1066 septem,
2796 997 2861 1054 ad
2895 1001 3254 1072 supradictum
3289 1021 3551 1062 numerum
3575 1025 3742 1074 summa

2219 1075 2560 1170 perducitur;
2591 1090 2640 1144 id
2663 1101 2764 1165 est,
2791 1091 2833 1146 si
2863 1087 2929 1148 ad
2955 1092 3160 1162 decem,
3191 1111 3294 1164 quo
3321 1095 3387 1153 ab
3411 1113 3510 1153 uno
3536 1104 3744 1176 usquead

2225 1189 2451 1259 quatuor
2473 1195 2808 1253 perveneras,
2835 1181 3002 1238 addas
3017 1178 3270 1256 quinque,
3305 1186 3433 1243 ﬁunt
3455 1187 3740 1259 quindecim;

2226 1258 2310 1326 his
2330 1269 2494 1326 addas
2522 1286 2650 1338 sex,
2693 1283 2749 1328 et
2777 1275 2908 1326 ﬁunt
2950 1275 3134 1346 viginti
3173 1259 3374 1346 utinm;
3407 1258 3651 1336 his'addas
3673 1299 3743 1340 ιε·

2227 1371 2367 1430 ptem
2385 1405 2399 1427 ,
2431 1370 2486 1418 et
2515 1363 2643 1418 ﬁunt
2678 1363 2860 1434 vig’nti
2888 1375 3048 1432 octo;
3087 1365 3170 1422 his
3193 1363 3362 1424 addas
3387 1381 3502 1440 octo
3523 1383 3571 1428 et
3591 1391 3743 1432 novem

2223 1453 2277 1509 et
2303 1451 2488 1510 decem
2511 1497 2526 1521 ,
2563 1468 2618 1510 et
2649 1457 2779 1512 ﬁunt
2818 1453 3193 1530 quinquaginta
3221 1452 3488 1533 quinque;
3526 1465 3598 1519 his
3615 1467 3746 1524 addas

2225 1546 2468 1600 undecim
2497 1557 2548 1601 et
2568 1544 2846 1606 duodecim
2872 1557 2928 1603 et
2955 1550 3208 1606 tredecim
3229 1595 3244 1619 ,
3273 1562 3327 1608 et
3361 1552 3487 1608 ﬁuut
3508 1549 3744 1626 nonaginta

2223 1627 2417 1702 unum;
2467 1637 2548 1691 bis
2606 1654 2812 1696 rursum
2863 1641 3265 1710 quatuordecim
3307 1653 3361 1699 et
3401 1645 3667 1716 quindecim
3701 1658 3744 1704 et

2221 1727 2511 1792 sexdecim,
2540 1738 2595 1782 et
2615 1729 2745 1784 ﬁunt
2773 1740 2986 1787 centum
3015 1732 3225 1803 triginta
3246 1747 3342 1790 ses
3373 1753 3386 1788 :
3427 1733 3544 1792 huic
3569 1754 3746 1795 numero

2222 1817 2361 1876 adde
2392 1821 2538 1877 illum
2570 1823 2658 1894 qui
2687 1833 2851 1880 restat
2873 1823 2940 1880 de
2975 1841 3080 1895 quo
3104 1830 3313 1898 agitur,
3356 1828 3406 1882 id
3431 1837 3511 1884 est
3532 1829 3688 1886 demat
3705 1841 3746 1886 et

2221 1921 2428 1982 septem
2462 1953 2498 1979 ,.
2529 1922 2585 1967 et
2614 1913 2835 1982 piscium
2875 1932 3128 1971 numerus
3155 1915 3247 1974 ille
3271 1921 3618 1992 compiebitur.
3657 1919 3745 1978 Non

2219 2016 2348 2070 ergo
2375 2001 2742 2058 tantummodo
2770 2017 2980 2062 centum
3009 2009 3396 2078 quinquaginta
3417 2022 3518 2066 tres
3536 2013 3673 2067 sancti
3695 2012 3747 2070 ad

2221 2093 2378 2148 vitam
2406 2096 2752 2150 resurrecturi
2793 2097 3158 2172 signiﬁcantur
3183 2083 3470 2170 internata,
3510 2103 3597 2158 sed
3619 2102 3742 2160 millia

2220 2177 2525 2264 sanctorum
2569 2185 2634 2240 ad
2689 2189 2910 2255 gratiam
2966 2187 3194 2258 Spiritus
3242 2191 3600 2260 pertinentium
3633 2209 3742 2264 :qua

2217 2257 2383 2346 gratia
2423 2268 2542 2330 cum
2591 2273 2730 2346 Lege
2761 2276 2856 2330 Dei
2899 2286 3144 2348 tanquam
3179 2297 3306 2335 cttm
3335 2281 3625 2340 adversario
3647 2300 3744 2340 con-

2218 2365 2497 2431 cordatur;
2521 2376 2574 2419 ut
2596 2366 2892 2422 vivilicante
2911 2367 3108 2437 Spiritu
3129 2370 3308 2424 littera
3327 2389 3428 2426 non
3451 2373 3653 2440 occidat,
3673 2373 3743 2428 sed

2217 2458 2356 2528 quod
2402 2473 2496 2525 per
2537 2457 2573 2510 ii
2603 2464 2767 2512 teram
2811 2457 3062 2527 jubetur,
3109 2457 3312 2530 Spiritu
3337 2465 3598 2533 adjuvante
3635 2480 3746 2520 com-

2219 2547 2445 2618 pleatur,
2474 2557 2528 2602 et
2553 2549 2597 2602 si
2626 2547 2749 2618 quid
2779 2553 2953 2604 minus
2973 2553 3050 2628 iit,
3080 2553 3404 2608 remittatur.
3450 2555 3628 2612 Omnes
3651 2572 3744 2626 ergo

2217 2639 2282 2693 ad
2309 2639 2465 2694 istam
2495 2643 2720 2710 gratiam
2741 2645 3087 2711 pertinentes,
3113 2645 3210 2699 hoc
3239 2663 3464 2702 numero
3489 2650 3742 2720 ﬁgurtmtur,

2217 2730 2320 2786 hoc
2347 2739 2426 2784 est
2459 2729 2679 2802 ﬁgurate
2715 2734 3093 2804 signiﬁcantur.
3121 2723 3224 2802 Qui
3253 2754 3502 2794 numerus
3525 2749 3594 2794 ter
3625 2741 3746 2794 habet

2215 2821 2374 2877 etiam
2396 2823 2913 2893 _quinquagen.trium
2962 2843 3241 2882 numerum
3267 2870 3284 2896 ,
3341 2837 3394 2884 et
3435 2831 3629 2904 insuper
3662 2831 3744 2899 ipsa

2215 2913 2315 2969 tria
2365 2921 2578 2984 propter
2620 2919 2928 2988 mysterium
2955 2917 3227 2976 Trinitatis
3266 2941 3281 2975 :
3327 2921 3742 2996 quinquagenarius

2218 3003 2394 3062 autem
2424 3007 2780 3077 multiplicatis
2807 3020 3008 3078 septem
3039 3028 3130 3080 per
3155 3023 3365 3083 septem
3387 3056 3402 3082 ,
3440 3027 3488 3071 et
3522 3016 3652 3069 unius
3673 3013 3744 3068 atl-

2209 3097 2444 3170 jéctionc
2461 3100 2788 3169 campletur;
2819 3117 2938 3156 nam
2967 3105 3167 3175 septies
3192 3115 3402 3176 septem
3430 3106 3549 3162 ﬁunt
3569 3107 3746 3176 quadra-

2215 3192 2360 3265 ginta
2392 3207 2602 3245 novem.
2653 3191 2799 3247 Unus
2829 3203 3003 3248 autem
3027 3195 3260 3264 additur,
3314 3209 3368 3252 nt
3397 3215 3460 3254 eo
3478 3197 3744 3270 signiﬁcetur

2223 3297 2385 3337 unum
2417 3298 2536 3338 esse
2575 3284 2786 3354 qui‘per
2829 3295 3029 3354 septem
3081 3279 3302 3358 propter
3329 3291 3656 3368 operationem
3680 3303 3746 3344 se—

2215 3375 2510 3445 ptenariam
2542 3376 2936 3456 demonstratur
2977 3395 2989 3432 :
3023 3387 3078 3435 et
3120 3381 3376 3460 novimus
3397 3382 3623 3460 Spiritum
3648 3397 3743 3435 san-

2216 3475 2358 3522 ctum
2409 3474 2528 3536 post
2571 3467 2936 3522 ascensionem
2980 3469 3186 3526 Domini
3229 3474 3644 3546 quinquagesimo
3680 3471 3742 3526 die

2216 3557 2459 3625 missum,
2483 3575 2640 3629 quem
2671 3561 2914 3631 discipuli
2937 3562 3072 3632 jussi
3099 3575 3219 3620 sunt
3237 3579 3540 3637 aspectare
3565 3565 3744 3639 promis-

2217 3663 2334 3705 sum
2365 3649 2501 3720 (Act.
2529 3667 2584 3717 ιι,
2617 3651 2748 3716 2-4;
2779 3666 2816 3718 t;
2849 3653 2926 3724 4).

2287 3739 2340 3796 9.
2367 3739 2482 3822 Non
2517 3743 2673 3810 igitur
2713 3743 2904 3797 frustra
2935 3743 3060 3799 dicti
3083 3755 3206 3800 sunt
3261 3747 3314 3802 hi
3363 3749 3528 3820 pisces
3555 3757 3600 3802 et
3623 3754 3684 3801 tot
3703 3755 3744 3801 et

2218 3833 2370 3897 tanti,
2398 3831 2449 3884 id
2483 3843 2564 3886 est
2607 3842 2660 3887 et
2694 3842 2907 3888 centum
2948 3837 3332 3908 quinquaginta
3369 3841 3480 3894 tres‘
3505 3850 3554 3894 et
3593 3834 3744 3906 magni.

2217 3912 2306 3978 Sil:
2329 3923 2470 3976 enim
2503 3923 2755 3992 scriptum
2783 3933 2864 3978 est
2895 3943 2910 3980 :
2943 3924 3004 3979 Et
3019 3929 3172 3980 traxit
3193 3937 3298 3984 rete
3319 3931 3368 3984 in
3389 3939 3561 3984 terram
3585 3929 3746 3999 plenum

2219 4000 2414 4086 magnis
2435 4015 2653 4085 piscibus
2683 4026 2882 4070 centum
2924 4020 3286 4090 quinquaginta
3304 4024 3478 4076 tribus.
3503 4020 3620 4078 Cum
3637 4018 3746 4074 enim

2218 4107 2437 4162 dixisset
2468 4108 2720 4163 Dominus
2739 4151 2754 4176 ,
2782 4107 2900 4164 Non
2917 4113 3026 4165 veni
3041 4113 3232 4166 solt-ere
3245 4111 3449 4186 Legem,
3468 4113 3550 4170 sed
3564 4111 3744 4184 implere,

2219 4198 2438 4253 daturus
2467 4201 2646 4268 utique
2671 4198 2926 4268 Spiritum
2961 4201 3232 4272 per‘quent
3275 4198 3381 4260 Lex
3414 4213 3578 4274 posset
3601 4197 3746 4268 imple-

2219 4289 2286 4356 ri,
2319 4300 2564 4361 tanquam
2592 4302 2794 4360 septem
2825 4293 3096 4349 additurus
3133 4295 3198 4353 ad
3225 4293 3444 4364 decem;
3473 4287 3746 4374 paucissimis

2221 4384 2394 4438 Verbis
2419 4383 2754 4456 interpositis
2773 4386 2867 4451 ait,
2904 4386 3004 4454 Qui
3034 4405 3150 4460 ergo
3180 4373 3376 4446 soluerit
3399 4373 3544 4444 unum
3562 4389 3616 4442 de
3632 4400 3746 4438 mm!-

2221 4471 2352 4528 datis
2397 4475 2504 4528 istis
2551 4476 2789 4538 minimis,
2843 4488 2890 4530 et
2928 4479 3151 4533 docuerit
3177 4473 3276 4532 sic'
3299 4473 3534 4543 ltomines,
3556 4477 3746 4531 minimus

2221 4551 2473 4618 ιιοέιιὺὶιιιι·
2495 4566 2547 4618 in
2566 4583 2718 4634 regno
2734 4567 2968 4620 caelorum
2989 4570 3102 4640 :qui
3115 4581 3279 4624 autem
3300 4571 3466 4641 [cccrit
3489 4577 3530 4624 et
3547 4563 3744 4626 dormiit

2223 4671 2435 4726 magnus
2464 4657 2718 4710 vocabitur
2753 4659 2804 4710 in
2827 4676 2980 4728 regno
3019 4660 3276 4715 calorum.
3311 4663 3414 4716 Iste
3449 4678 3564 4732 ergo
3596 4654 3746 4727 ιιυιετῖί

2225 4751 2487 4819 pettinere
2527 4751 2591 4803 ad
2629 4766 2903 4804 numerum
2945 4751 3159 4820 piscium
3199 4757 3516 4824 magnorum.
3547 4748 3746 4806 Minimus

2223 4851 2397 4914 autem
2424 4843 2508 4896 ille
2524 4845 2609 4914 qui
2629 4828 2783 4898 solvit
2805 4843 2952 4898 factis
2969 4845 3108 4914 quod
3125 4845 3278 4901 docet
3296 4847 3483 4909 verbis,
3506 4844 3552 4898 in
3574 4843 3648 4896 tali
3667 4839 3745 4892 Ec-

2223 4912 2379 4989 clesia
2406 4912 2578 5002 potest
2601 4951 2740 5000 esse,
2763 4937 2971 5006 qualem
2987 4912 3258 5007 signiﬁcat
3284 4939 3492 5007 piscium
3516 4935 3658 5007 prima
3677 4927 3744 4983 illa

2222 5033 2460 5104 Captum,
2483 5025 2760 5080 habentem
2787 5029 2953 5081 bonos
2975 5038 3026 5081 et
3048 5030 3232 5091 malos,
3252 5029 3369 5100 quia
3393 5039 3442 5082 et
3472 5028 3570 5096 ipsa
3593 5023 3746 5104 dicitur

2225 5098 2445 5184 regnum
2468 5118 2722 5172 malorum
2747 5137 2756 5167 :
2778 5129 2994 5190 propter
3012 5122 3150 5190 quod
3177 5122 3263 5185 ait,
3291 5116 3465 5176 Simile
3485 5128 3550 5172 est
3577 5125 3744 5185 regnum

2225 5207 2462 5262 carior-um
2490 5224 2689 5278 sugente
2709 5210 2874 5264 inissa:
2888 5212 2939 5264 in
2971 5228 3125 5274 nutrc,
3155 5204 3200 5264 el
3223 5228 3284 5266 ea:
3306 5213 3438 5266 omni
3464 5217 3623 5280 genere
3649 5203 3742 5253 'rtm-

2225 5285 2453 5376 greganti
2467 5299 2698 5374 ‘(Jlattln
2713 5319 2828 5368 xm,
2848 5303 2956 5367 47).
2976 5303 3070 5358 Ubi
3085 5293 3194 5358 vult
3211 5290 3420 5374 intelligi
3435 5303 3575 5356 etiam
3591 5298 3740 5354 bonus,

2226 5403 2280 5447 et
2301 5393 2499 5458 malos;
2522 5393 2656 5463 quos
2670 5393 2796 5447 dicit
2817 5394 2866 5447 in
2894 5395 3092 5456 littore,
3119 5393 3166 5448 id
3193 5404 3290 5456 est,
3309 5377 3370 5447 :in
3395 5385 3654 5446 linese‘euli
3673 5395 3740 5435 se-

2230 5484 2510 5558 paranst.
2549 5486 2780 5556 Denique
2795 5494 2856 5544 ut
2875 5483 3574 5547 Oslettderet-istosauiniutoa
3588 5480 3736 5544 ιεειιτσ·

2229 5575 2485 5642 bosesse,
2511 5577 2600 5646 qui
2628 5575 2819 5633 decerit
2843 5577 2978 5632 bona
2997 5577 3276 5646 tuque-mlo;
3293 5587 3418 5646 quae;
3431 5559 3740 5633 sotmptanie

2228 5669 2473 5740 vivendo,
2496 5685 2594 5726 nec
2609 5670 2756 5742 quasi
2780 5671 3024 5728 minimus
3045 5671 3096 5726 i'n
3119 5659 3434 5744 vitamie'tna
3453 5649 3648 5727 ιἰὶιιιτοε.
3662 5647 3736 5710 sed

2296 5805 2312 5838 ι
2333 5805 2467 5870 editi,
2501 5811 2546 5856 et
2575 5817 2640 5856 ea:
2675 5805 2804 5857 omni
2840 5816 3012 5868 genere

2232 5873 2951 5931 Musaeum-aen.
3070 5927 3082 5934 η
3513 5898 3538 5906 -
