3994 6366
273 480 468 540 mnino
489 473 558 529 ibi
574 465 903 526 non-loturos
920 479 936 522 :
955 474 1076 518 cum
1096 456 1338 519 dixisset,
1361 451 1604 506 Minimus
1625 445 1840 502 vocabi-z

273 585 346 630 tur
361 572 409 625 in
424 581 566 638 regno
577 565 829 619 cwlorum,
847 558 1098 611 continuo
1117 548 1360 619 subjecit,
1379 544 1508 600 Dico
1523 543 1654 596 enim
1666 539 1820 603 vobis,
1837 565 1840 570 ι

249 677 378 738 ξιιιιιιι
415 631 504 712 nisi
528 649 847 708 abundaverit
881 645 1081 716 justitia
1103 651 1262 696 vestra
1297 637 1410 709 plus
1435 651 1588 705 quam
1617 631 1824 687 Scribu-

247 724 374 810 frum
397 762 438 804 ct
467 748 853 802 Pharistcorum,
877 755 976 791 non
994 734 1244 790 intrabitis
1283 732 1337 783 in
1359 743 1565 797 regnum
1591 724 1830 786 malarum

239 833 248 836 ﬂ
275 843 464 917 (Matth.
482 855 534 903 v,
553 838 615 891 l7
641 865 666 875 -
683 833 795 901 20).
823 831 905 902 llli
926 838 1048 883 sunt
1069 837 1232 888 certe,
1266 821 1464 878 Scriba:
1485 829 1538 872 et
1553 815 1736 870 Pharis
1754 815 1824 877 ri,

272 905 352 1007 qui
370 929 662 986 cathedram
710 923 872 993 Moysi
903 919 1110 982 sedent,
1157 925 1211 970 et
1252 914 1319 968 de
1365 911 1552 979 quibus
1580 909 1672 969 ait,
1703 905 1829 972 Qua:

272 999 426 1080 dicunt
449 1021 593 1093 facile
616 1035 633 1080 ς
656 1031 766 1087 quia
793 1022 957 1067 autem
983 1011 1198 1082 faciunt,
1232 1009 1396 1078 facere
1424 1002 1577 1060 nolite
1607 1016 1624 1053 :
1651 999 1827 1052 dicunt

232 1181 234 1184 ι
273 1116 391 1173 enim
431 1125 474 1167 et
511 1128 618 1164 non
667 1109 859 1181 faciunt
904 1104 1032 1176 (Id.
1088 1117 1242 1166 nul,
1284 1099 1341 1163 2,
1373 1099 1426 1169 5)
1458 1115 1470 1150 :
1501 1096 1692 1151 docent
1718 1106 1831 1146 ser-

274 1207 516 1269 monibus,
539 1202 678 1273 quod
704 1201 920 1254 solvunt
939 1196 1192 1250 moribus.
1211 1193 1556 1260 Consequens
1576 1196 1658 1243 est
1678 1201 1836 1254 ergo,

273 1311 323 1357 ut
347 1305 426 1370 qui
450 1297 696 1352 minimus
714 1300 794 1347 est
814 1293 866 1344 in
896 1300 1060 1359 regno
1076 1287 1355 1342 oculorum.
1385 1283 1556 1352 qualis
1576 1294 1716 1334 nunc
1748 1286 1834 1332 esb

275 1369 519 1452 Ecclesia,
547 1399 655 1438 non
679 1383 837 1435 intret
860 1381 910 1433 in
941 1393 1164 1447 regnum
1193 1375 1475 1433 caelorum,
1505 1369 1676 1440 qualis
1707 1380 1837 1429 tunc;

272 1482 361 1537 erit
381 1479 639 1540 Ecclesia;
661 1474 907 1545 quoniam
935 1469 1174 1525 docendo
1191 1466 1330 1537 quod
1353 1465 1528 1527 solvit,
1553 1460 1620 1518 ad
1645 1474 1830 1515 eorum

273 1571 556 1627 societatem
587 1567 672 1635 qui
713 1565 911 1618 faciunt
939 1559 1080 1630 quod
1111 1559 1336 1619 docent,
1360 1571 1464 1608 non
1495 1550 1826 1622 pertinebit:

264 1675 321 1722 ‘et
344 1665 455 1720 ideo
481 1677 583 1716 non
615 1660 715 1713 erit
750 1659 801 1711 in
835 1669 1059 1710 numero
1089 1652 1310 1722 piscium
1337 1657 1834 1716 magnorummuo-

275 1753 399 1814 niam
425 1755 506 1824 qui
527 1753 693 1825 fecerit
735 1759 784 1803 et
813 1747 1058 1810 docuerit,
1083 1759 1295 1814 magnus
1313 1740 1570 1796 vocabitur
1597 1739 1652 1792 in
1677 1751 1832 1806 regno

274 1850 509 1904 calorum.
542 1846 606 1900 Et
654 1845 775 1914 quia
806 1841 896 1896 hic
937 1853 1156 1908 magnus
1181 1837 1316 1899 erit,
1355 1834 1476 1888 ideo
1499 1833 1569 1886 ibi
1591 1833 1711 1892 erit,
1741 1829 1832 1885 ubi

275 1939 504 1995 minimus
531 1937 618 1991 ille
658 1949 766 1988 non
797 1934 916 1988 erit.
949 1931 1129 2000 Usque
1156 1928 1290 1981 adeo
1319 1925 1513 1995 quippe
1555 1923 1627 1977 ibi
1658 1919 1833 1990 "mgni

278 2019 436 2092 erunt,
466 2037 517 2082 ut
558 2027 645 2097 qui
678 2027 851 2079 minor
876 2024 945 2078 ibi
968 2029 1070 2086 est,
1117 2019 1287 2087 major
1322 2018 1390 2070 sit
1414 2030 1480 2070 eo
1498 2029 1604 2086 quo
1635 2013 1720 2066 hic
1744 2028 1834 2065 ne~

281 2135 360 2174 mo
387 2119 538 2188 major
563 2127 647 2172 est
683 2116 790 2188 (Id.
819 2131 892 2179 χι,
924 2113 1032 2183 ll).
1071 2111 1178 2166 Sed
1213 2118 1387 2164 tamen
1416 2107 1504 2177 qui
1541 2107 1626 2160 hic
1659 2103 1833 2172 magni

277 2222 417 2278 sunt,
445 2213 492 2266 id
519 2221 619 2277 est,
664 2211 754 2279 qui
794 2210 845 2262 iu
870 2222 1033 2277 regno
1057 2200 1335 2273 oculorum,
1369 2202 1455 2255 ubi
1483 2215 1674 2269 sagena
1703 2212 1834 2251 con-

276 2315 436 2374 gregat
458 2304 620 2357 bonas
657 2310 711 2354 et
738 2299 924 2361 malos,
961 2297 1156 2350 faciunt
1185 2295 1319 2348 bona
1347 2308 1466 2362 qua:
1497 2291 1712 2353 docent,
1739 2287 1835 2356 ipsi

277 2405 414 2448 erunt
438 2395 486 2446 in
528 2393 614 2446 illa
647 2390 794 2459 regni
833 2389 1091 2443 caelorum
1115 2385 1406 2439 :rternitate
1427 2381 1674 2448 majores,
1703 2392 1837 2447 quos

278 2487 352 2541 isti
387 2485 446 2539 ad
490 2484 764 2539 dexteram
804 2490 858 2534 et
890 2477 1332 2534 resurrectionem
1367 2473 1486 2526 vita:
1515 2472 1837 2540 pertinentes

277 2577 486 2631 indicant
512 2576 708 2646 pisces.
727 2572 980 2642 Sequitur
1001 2569 1069 2622 de
1093 2567 1317 2636 prandio
1345 2563 1550 2618 Domini
1573 2572 1707 2615 cum
1725 2560 1840 2618 istis

281 2679 456 2738 septem
482 2666 778 2736 discipulis,
808 2673 861 2716 et
889 2663 956 2716 de
985 2661 1065 2714 bis
1093 2675 1210 2729 quas
1233 2667 1352 2728 post
1380 2655 1659 2726 prandium
1692 2654 1838 2707 locu--

282 2767 354 2812 tus
378 2767 470 2824 est,
494 2773 555 2812 ac
578 2758 649 2812 de
677 2756 841 2824 ipsius
871 2750 1141 2818 Evangelii
1168 2750 1414 2812 termino,
1449 2755 1505 2800 ut
1535 2747 1672 2800 Deus
1699 2743 1841 2814 quod

282 2848 525 2904 donaverit
564 2848 931 2902 disseramus:
961 2844 1053 2898 sed
1084 2843 1186 2896 hoc
1228 2856 1333 2894 non
1358 2847 1443 2894 est
1470 2839 1569 2894 isto
1593 2852 1842 2893 sermne

283 2938 654 2995 coarctandum.

717 3059 1122 3117 TRACTATUS
1158 3057 1387 3114 CXXIII.

286 3171 422 3234 Daca
445 3175 575 3245 quod
601 3174 729 3228 dicit
749 3173 920 3238 .lesus,
951 3171 1156 3235 Venite,
1185 3169 1477 3240 prandete;
1506 3184 1660 3239 usque
1675 3169 1741 3220 ad
1768 3169 1840 3233 id,

349 3267 448 3322 Hoc
471 3278 648 3324 autem
674 3266 824 3333 dixit,
858 3264 1162 3335 signiﬁcans
1207 3278 1307 3333 qua
1340 3273 1510 3317 morte
1529 3261 1845 3322 clarilicatu-

346 3377 427 3418 rus
448 3375 584 3418 esset
611 3362 802 3417 Deum.
835 3359 962 3430 Cap.
991 3374 1103 3422 xxx,
1141 3357 1175 3427 ᾗ
1200 3397 1212 3409 .
1242 3354 1423 3412 12-19.

349 3480 395 3533 t.
420 3479 474 3533 in
497 3493 561 3534 eo
599 3476 746 3548 quod
770 3476 924 3529 tertio
960 3473 1215 3527 Dominus
1254 3479 1374 3539 post
1400 3469 1844 3524 resurrectionem

291 3570 620 3625 tiit‘estavit
649 3584 707 3623 se
727 3566 999 3635 discipulis
1025 3565 1156 3626 suis,
1205 3563 1344 3618 beati
1363 3562 1582 3616 Joannis
1622 3561 1846 3630 apostoli

291 3659 613 3732 hangeliutit
640 3664 955 3714 terminatur
990 3677 1002 3711 :
1032 3659 1082 3710 iu
1113 3673 1218 3725 quo
1248 3656 1843 3724 jampertractavimus,

263 3755 624 3817 ‘Il'valuimus,
659 3763 860 3821 partem
889 3750 1145 3820 priorem,
1194 3761 1360 3815 usque
1402 3745 1469 3800 ad
1520 3760 1642 3800 eum
1673 3747 1846 3799 locum

291 3843 369 3898 ubi
395 3857 655 3901 narratum
712 3852 793 3898 est
838 3851 1021 3910 captos
1065 3839 1223 3893 fuisse
1256 3839 1426 3907 pisces
1453 3847 1665 3892 centum
1695 3839 1850 3906 quin-

291 3938 510 4006 quaginta
531 3949 645 3992 tres
670 3951 700 3989 a
722 3933 990 4002 discipulis
1018 3931 1206 4000 quibus
1238 3943 1298 3982 se
1341 3928 1759 3992 demonstravit,
1787 3936 1840 3982 et

293 4035 398 4080 cum
425 4029 592 4098 magni
642 4035 840 4090 essent,
891 4024 1020 4079 retia
1073 4037 1177 4076 non
1207 4035 1326 4076 esse
1373 4020 1630 4088 disrupta.
1655 4020 1851 4074 Deinde

294 4113 396 4186 qua!
419 4130 712 4190 sequuntur
749 4115 1132 4171 consideranda
1162 4122 1314 4178 sunt,
1345 4119 1402 4165 et
1417 4120 1671 4180 quantum
1701 4110 1851 4180 adju-

296 4219 368 4263 nt
389 4210 655 4276 Dominus,
687 4211 822 4264 sicut
850 4224 936 4263 res
988 4206 1254 4276 postulare
1275 4201 1853 4264 videbitur,‘disseren-

267 4296 374 4378 ‘ds:
427 4302 641 4357 Pet-acta
697 4301 890 4370 quippe
934 4298 1020 4352 illa
1055 4295 1362 4364 piscatione,
1400 4293 1536 4346 Dicit
1559 4295 1630 4348 eis
1652 4293 1803 4346 Jesus
1833 4308 1852 4345 :

306 4385 475 4454 Venite,
496 4393 753 4463 prandete.
780 4391 840 4443 Et
874 4405 1015 4442 nemo
1029 4387 1241 4440 audebat
1271 4385 1683 4438 discumbentium
1704 4386 1856 4438 inter-

299 4499 454 4553 rogare
465 4503 597 4549 eum,
620 4483 814 4552 Tuquis
825 4498 874 4534 es
890 4480 914 4533 ?
933 4481 1139 4532 scientes
1153 4478 1268 4540 quia
1289 4475 1534 4530 Dominus
1545 4486 1636 4529 est.
1656 4475 1710 4531 Si
1729 4489 1856 4545 ergo

301 4576 528 4640 sciebant,
552 4574 678 4644 quid
696 4587 828 4641 opus
845 4581 960 4626 erat
982 4578 1037 4625 ut
1055 4567 1473 4637 interrogarent?
1489 4567 1534 4621 si
1552 4575 1729 4622 autem
1747 4581 1852 4622 non

302 4675 418 4736 Opus
431 4678 557 4729 erat,
579 4682 743 4736 quare
763 4664 959 4717 dictqu
983 4671 1084 4725 est,
1115 4677 1213 4714 non
1235 4659 1520 4721 audebant;
1544 4661 1694 4726 quasi
1725 4674 1857 4730 opus

302 4769 444 4821 esset.
461 4761 549 4815 sed
567 4760 755 4813 timore
772 4757 950 4825 aliquo
972 4770 1074 4808 non
1093 4752 1380 4808 auderent?
1407 4752 1608 4806 Sensus
1621 4765 1747 4822 ergo
1772 4751 1858 4805 hic

305 4859 548 4907 estztantn
573 4860 688 4906 erat
715 4848 979 4904 evidentia
995 4845 1250 4907 veritatis,
1267 4859 1369 4913 qua
1390 4843 1546 4899 Jesus
1574 4844 1677 4898 illis
1701 4844 1859 4898 disci-

307 4939 423 5006 pulis
445 4941 746 5011 apparebat,
772 4947 827 4992 ut
849 4951 1034 4992 eOrum
1070 4951 1174 4988 non
1203 4934 1375 4988 solum
1402 4949 1612 5003 negare,
1647 4931 1738 4988 sed
1760 4947 1858 4988 uec

309 5027 522 5086 didiitare
545 5031 756 5101 quidem
788 5029 928 5084 ullus
952 5025 1202 5090 auderet;
1229 5025 1477 5094 quoniam
1513 5025 1556 5078 si
1584 5024 1860 5093 quisquam

311 5117 566 5187 dubitaret,
594 5123 772 5190 utique
799 5121 1125 5186 interrogare
1151 5116 1387 5170 deberet.
1411 5113 1499 5170 Sic
1523 5128 1648 5183 ergo
1662 5113 1860 5166 dictum

311 5218 400 5274 est,
428 5210 580 5266 Nemo
601 5211 813 5267 audebat
845 5225 958 5263 eum
989 5208 1316 5275 interrogare,
1347 5202 1424 5258 Tu
1464 5206 1572 5273 quis
1599 5220 1648 5258 es
1674 5204 1698 5255 ?
1730 5218 1792 5258 ac
1817 5204 1862 5258 si

316 5295 571 5367 diceretur,
600 5302 767 5358 Nemo
790 5299 1016 5356 audebat
1039 5296 1281 5352 dubitare
1307 5295 1446 5365 quod
1476 5295 1588 5363 ipse
1610 5303 1771 5350 esset.

329 5409 332 5412 λ
375 5387 422 5442 2.
451 5390 512 5446 Et
537 5395 661 5450 venit
686 5392 859 5457 Iesus,
887 5401 934 5445 et
953 5390 1134 5460 accipit
1159 5405 1361 5460 panem,
1392 5397 1439 5442 et
1459 5387 1546 5440 dat
1578 5388 1668 5453 eis,
1707 5396 1752 5440 ct
1783 5386 1861 5458 pi-

315 5493 430 5533 scem
451 5483 684 5541 similiter.
703 5486 836 5539 Ecce
855 5483 1050 5538 dictum
1073 5489 1154 5537 est
1179 5480 1338 5536 etiam
1358 5477 1481 5548 quid
1511 5477 1824 5546 prauderent
1848 5494 1860 5529 :

318 5567 489 5640 dequo
522 5577 738 5644 prandio
776 5575 971 5646 aliquid
1017 5589 1178 5632 suave
1207 5589 1268 5628 ac
1296 5573 1506 5626 salubre
1552 5569 1786 5626 dicemus
1812 5579 1866 5626 et

279 5695 286 5703 -
319 5667 674 5736 Βοιδιρκοιι
699 5678 756 5728 et
775 5684 890 5732 nos.
907 5666 1174 5737 Superius
1201 5675 1470 5730 narratum
1494 5671 1578 5719 est
1604 5663 1745 5734 quod
1780 5663 1864 5716 isti

323 5749 564 5825 discipuli,
594 5759 806 5832 qundo
838 5758 1230 5815 descenderunt
1270 5756 1328 5811 in
1377 5763 1596 5821 terram,
1639 5755 1874 5808 viderunt.
1929 5821 1934 5825 _

1291 329 1697 398 TRACTATUS
1731 325 1960 408 cxxm.
1999 323 2222 410 caper
2243 324 2404 407 XXI.

1935 4281 2258 4358 (testimonia
2298 4283 2484 4338 collata
2531 4282 2897 4336 demonstrant

3375 334 3513 392 I966

1927 461 2117 524 prunas
2151 443 2341 514 positas
2359 483 2374 509 ,
2403 451 2449 496 et
2476 442 2660 514 piscem
2685 446 3075 516 superpositum,
3099 455 3144 502 et
3171 463 3372 526 panem.
3400 433 3532 506 Ubi'

1929 551 2038 605 npn
2081 545 2163 592 est
2214 533 2610 607 intelligendum
2659 535 2819 590 etiam
2876 541 3264 609 superpositum
3316 551 3530 611 pauent

1931 627 2094 685 fuisse
2134 629 2337 698 prunis,
2383 628 2476 683 sed
2516 637 2717 682 tantum
2753 630 3192 697 subaudiendum,
3225 635 3498 691 Viderunt.

1929 718 2079 785 Quod
2103 720 2324 773 verbum
2351 721 2395 772 si
2417 729 2720 790 repetamus
2749 737 2813 774 eo
2843 721 2959 776 loco
2978 721 3064 775 ubi
3095 700 3510 784 subaudiendum

1929 819 2030 888 est,
2067 811 2137 864 ita
2169 820 2335 864 totum
2375 811 2479 864 dici
2522 821 2694 880 potest
2724 830 2736 862 :
2775 812 3026 867 Viderunt
3068 831 3260 885 prunas
3287 817 3509 886 positas,

1932 911 1983 979 et
2009 902 2650 975 piscemsupcrpositum,
2684 912 2738 959 et
2765 920 2953 972 panem
2995 907 3258 962 viderunt.
3311 910 3403 965 Vel
3440 912 3509 965 ita

1934 994 2110 1062 potius
2143 1012 2155 1047 :
2193 994 2445 1054 Viderunt
2473 1009 2668 1064 prunas
2697 997 2914 1062 positas,
2942 1008 2995 1051 et
3025 998 3220 1067 piscem
3250 1017 3510 1071 superpo-

1931 1087 2115 1155 situm,
2149 1087 2393 1142 viderunt
2421 1097 2474 1140 et
2505 1101 2718 1154 panem.
2747 1085 2974 1142 Jubente
2993 1093 3150 1143 etiam
3179 1091 3400 1147 Domino
3424 1103 3511 1148 at-

1935 1179 2167 1235 tulerunt
2193 1178 2328 1234 etde
2361 1177 2593 1246 piscibus
2619 1192 2752 1246 quos
2787 1177 2884 1248 ipsi
2930 1191 3211 1250 ceperant;
3257 1186 3395 1254 quod
3418 1201 3511 1241 eos

1934 1267 2125 1328 [scisse
2177 1269 2416 1337 quamvis
2465 1284 2496 1324 a
2545 1278 2794 1330 narrante
2846 1285 2952 1324 non
2996 1282 3138 1326 esset
3176 1289 3510 1342 expressum,

1935 1369 2109 1417 tamen
2135 1359 2413 1413 Dominum
2435 1359 2658 1428 jussisse
2709 1374 2812 1412 non
2852 1361 3064 1414 tacitum
3093 1371 3192 1418 est.
3225 1366 3470 1422 Aitenim
3497 1386 3509 1420 :

1934 1449 2126 1518 Alfene
2143 1451 2205 1504 de
2223 1449 2436 1518 piscibus
2460 1467 2582 1519 quos
2608 1451 3016 1521 apprehendistis’
3037 1471 3167 1507 nunc
3188 1441 3373 1526 (Joan.
3396 1475 3508 1525 XXI,

1935 1542 1989 1609 9,
2022 1543 2134 1612 11)).
2163 1543 2228 1596 Et
2254 1543 2432 1610 utique
2451 1541 2668 1611 jubettte
2694 1543 2782 1597 illo
2801 1559 2891 1598 eos
2914 1560 3016 1598 non
3039 1547 3227 1600 fecisse
3243 1549 3363 1619 quis
3390 1566 3508 1606 cre-

1935 1631 2063 1687 dat?
2091 1632 2222 1686 llinc
2255 1647 2383 1700 ergo
2423 1632 2543 1686 fecit
2569 1632 2844 1702 prandium
2875 1633 3269 1693 Dominus'illis
3311 1650 3514 1710 septem

1937 1723 2369 1792 discipulissuis,
2399 1722 2465 1776 de
2499 1724 2638 1792 pisce
2662 1724 2861 1777 scilicet
2880 1741 3035 1795 quem
3061 1727 3241 1796 prunis
3262 1744 3517 1802 superpo-

1937 1813 2098 1887 situm
2131 1813 2388 1876 viderant,
2417 1811 2538 1867 huic
2558 1811 2848 1883 adjungens
2865 1829 2930 1868 ex
2957 1814 3060 1869 illis
3086 1833 3217 1892 quos
3243 1832 3514 1892 ceperant,

1937 1915 1994 1962 et
2019 1904 2085 1961 de
2126 1920 2260 1973 pane
2302 1920 2458 1974 quem
2505 1905 2850 1966 nihilominus
2877 1921 2968 1960 eos
3007 1907 3203 1964 vidisse
3244 1924 3513 1972 narratum

1938 2006 2038 2053 est.
2063 1996 2228 2051 Piscis
2249 2011 2420 2061 assus,
2445 1994 2688 2049 Christus
2712 1989 2795 2049 est
2824 2011 3025 2066 passus.
3057 1996 3171 2069 Ipse
3193 1976 3274 2055 est
3293 2010 3344 2056 et
3369 2006 3516 2072 panis

1939 2088 2025 2158 qui
2052 2087 2118 2141 de
2157 2088 2292 2144 cmlo
2318 2087 2593 2152 descendit
2618 2084 2725 2157 (Id.
2749 2105 2823 2147 vr.
2855 2089 2967 2158 4|).
3000 2089 3130 2145 lluic
3158 2071 3516 2163 incorporatur

1942 2177 2174 2232 Ecclesia
2198 2176 2261 2234 ad
2287 2176 2703 2244 participandatn
2724 2178 3098 2232 beatitudinem
3123 2184 3519 2252 sempiternam.

1941 2267 2165 2336 Propter
2185 2267 2322 2337 quod
2353 2267 2550 2326 dictum
2578 2277 2678 2334 est,
2712 2265 2899 2334 Afferte
2927 2269 2989 2323 de
3008 2271 3226 2341 piscibus
3263 2291 3387 2346 quos
3434 2293 3520 2347 ap-

1937 2361 2275 2431 ,preltcndistis
2305 2377 2475 2426 nunc;
2506 2371 2561 2415 ut
2598 2379 2785 2416 omnes
2819 2364 2908 2430 qui
2935 2363 3069 2418 hanc
3089 2381 3238 2436 spem
3267 2384 3345 2438 get
3363 2369 3519 2436 imus,

1944 2469 2039 2523 per
2080 2455 2226 2508 illum
2278 2456 2634 2521 septenarium
2676 2471 2951 2510 numerum
2991 2457 3389 2528 discipulorum,
3431 2480 3526 2534 per

1943 2559 2098 2614 quem
2125 2553 2302 2616 potest
2329 2545 2428 2602 hoc
2454 2546 2570 2604 loco
2593 2553 2772 2600 nostra
2803 2547 3117 2601 universitas
3146 2550 3361 2620 intelligi
3394 2554 3525 2624 figu-

1943 2644 2080 2705 rata,
2137 2644 2280 2690 lauto
2309 2636 2655 2692 Sacramenta
2683 2651 2779 2690 nos
2803 2639 3195 2694 communicare
3222 2657 3519 2711 nossemus,

1946 2727 2196 2792 etjeident
2239 2727 2564 2788 beatitudini,
2591 2727 2798 2782 sociari.
2845 2727 2956 2782 Hoc
3003 2729 3207 2783 Domini
3250 2733 3525 2801 prandium

1946 2827 2172 2900 estcum
2203 2818 2472 2887 discipulis
2497 2819 2626 2879 suis,
2665 2817 2729 2871 ad
2763 2818 2902 2888 quod
2923 2818 3152 2873 Joannes
3182 2820 3527 2894 Evangelium

1946 2925 2123 2982 suum,
2151 2925 2269 2968 cum
2303 2909 2518 2968 haberet
2538 2910 2604 2964 de
2617 2911 2837 2992 _Christo
2853 2911 2953 2965 alia
2981 2913 3141 2967 multa
3164 2930 3280 2986 qua:
3306 2917 3524 2985 diceret,

1949 3019 2158 3074 magna,
2189 3012 2244 3057 ut
2264 3005 2529 3067 existimo,
2559 3014 2611 3058 et
2643 3021 2816 3060 rerum
2851 3022 3158 3076 magnarum
3199 3011 3528 3080 contempla-

1953 3097 2094 3152 tione
2116 3097 2405 3151 concludit.
2449 3098 2544 3152 llic
2572 3098 2712 3154 enim
2739 3099 2969 3154 Ecclesia
2997 3091 3251 3171 qualisin
3278 3103 3404 3158 solis
3432 3103 3527 3171 bo-

1953 3188 2034 3242 nis
2061 3188 2232 3242 futura
2261 3197 2362 3251 est,
2387 3188 2712 3258 significatur
2735 3205 2828 3260 per
2848 3167 3119 3259 capturum
3144 3167 3354 3248 centum
3378 3167 3531 3265 quin—

1951 3278 2199 3348 quaginta
2254 3280 2411 3332 trium
2454 3280 2709 3348 piscium;
2760 3289 2812 3333 et
2862 3280 2941 3336 eis
2987 3286 3076 3350 qui
3121 3280 3234 3336 haec
3285 3259 3526 3352 credunt,

1952 3381 2189 3440 sperant,
2219 3369 2460 3441 diligunt,
2496 3372 2827 3440 participatio
2857 3381 3016 3428 tanta:
3057 3374 3396 3444 beatitudinis
3436 3395 3530 3450 per

1950 3463 2055 3518 hoc
2085 3464 2358 3533 prandium
2385 3465 2795 3521 demonstratur.

2024 3555 2077 3610 ὅ.
2110 3554 2221 3608 lloc
2253 3556 2366 3624 jam
2405 3556 2576 3619 tertio,
2626 3556 2827 3626 inquit,
2875 3558 3222 3627 manifestatus
3267 3569 3341 3614 est
3383 3559 3534 3618 Iesus

1954 3645 2214 3714 discipulis
2239 3647 2342 3700 suis
2361 3688 2378 3712 ,
2406 3663 2520 3700 cum
2552 3649 2896 3702 resurrexisset
2927 3666 2958 3700 a
2986 3652 3212 3705 mortuis.
3244 3646 3394 3726 Quod
3425 3670 3532 3708 non

1953 3739 2020 3796 ad
2045 3740 2200 3807 ipsas
2226 3739 2733 3806 demonstrationes,
2771 3738 2865 3796 sed
2893 3741 2956 3796 ad
2987 3741 3101 3796 dies
3131 3719 3329 3797 referre
3367 3720 3532 3800 debe-

1953 3844 2084 3893 mus.
2115 3829 2189 3898 (id
2218 3837 2301 3883 est
2343 3830 2511 3896 primo
2557 3830 2664 3893 die,
2703 3846 2823 3883 cum
2866 3833 3129 3899 surrexit;
3173 3843 3227 3888 et
3265 3845 3383 3904 post
3419 3834 3535 3892 dies

1955 3930 2107 3984 octo,
2138 3919 2349 3988 quando
2385 3920 2674 3990 discipulus
2702 3920 2932 3976 Thomas
2963 3923 3093 3976 vidit
3129 3934 3179 3980 et
3214 3926 3456 3993 credidit,
3482 3936 3537 3983 et

1957 4010 2114 4067 hodie
2139 4010 2350 4079 quando
2380 4010 2480 4065 hoc
2509 4011 2575 4066 de
2601 4011 2831 4080 piscibus
2872 4012 3024 4077 fecit;
3058 4023 3175 4082 post
3199 4028 3326 4084 quot
3356 4029 3535 4084 autem

1955 4103 2074 4172 dies
2099 4102 2148 4155 id
2181 4101 2383 4168 fecerit,
2414 4100 2607 4156 dictum
2636 4117 2740 4155 non
2772 4103 2872 4172 est)
2910 4120 2921 4154 :
2953 4119 3072 4156 nam
3105 4105 3220 4172 ipso
3249 4107 3421 4175 primo
3448 4108 3535 4165 die

1959 4209 2067 4250 non
2105 4192 2266 4248 semel
2297 4192 2438 4244 visus
2473 4201 2573 4256 est,
2622 4192 2758 4245 sicut
2795 4193 3245 4262 Evangelistarum
3296 4199 3532 4254 omnium

2943 4301 2955 4336 :
2996 4283 3110 4348 sed,
3159 4285 3295 4339 sicut
3337 4287 3536 4343 dictum

1958 4385 2061 4444 est,
2093 4374 2380 4432 secundum
2419 4374 2533 4428 dies
2564 4375 2900 4430 numeranda:
2928 4384 3050 4429 sunt
3081 4375 3536 4436 manifestatioues

1960 4468 2095 4539 ejus,
2142 4477 2197 4521 ut
2224 4467 2322 4521 ista
2365 4467 2433 4520 sit
2463 4467 2640 4528 tertia;
2684 4467 2851 4535 prima
2887 4466 3080 4536 quippe
3123 4467 3361 4523 habenda
3393 4472 3461 4524 sit
3493 4471 3536 4540 ⁸,

1961 4558 2250 4627 eademque
2276 4573 2376 4610 una
2403 4567 2617 4628 propter
2642 4573 2802 4611 unum
2829 4557 2993 4624 diem,
3021 4559 3452 4630 quotiescumque
3479 4577 3537 4618 se

1962 4661 2017 4708 et
2053 4651 2490 4721 quibuscumque,
2531 4650 2615 4705 die
2654 4650 2744 4704 illo
2782 4665 2886 4720 quo
2925 4652 3236 4717 resurrexit,
3274 4653 3538 4720 ostendit;

1962 4742 2194 4800 secunda
2225 4751 2341 4811 post
2367 4743 2484 4796 dies
2512 4751 2651 4805 octo,
2684 4750 2737 4795 et
2767 4741 2879 4794 haec
2909 4743 3082 4803 tertia,
3115 4750 3168 4796 et
3196 4742 3385 4798 deinde
3413 4761 3544 4814 quo-

1967 4840 2066 4892 ties
2088 4837 2253 4888 voluit
2274 4850 2437 4904 usque
2459 4834 2526 4888 ad
2551 4834 2690 4888 diem
2712 4833 3196 4903 quadragesimum,
3225 4852 3329 4904 quo
3356 4853 3543 4893 ascen-

1965 4929 2042 4984 dit
2072 4928 2122 4986 in
2151 4926 2369 4987 caelum,
2400 4923 2638 4993 quamvis
2665 4938 2766 4976 noo
2793 4923 2988 4990 scripta
3015 4925 3118 4975 sint
3143 4926 3340 4977 omnia.

2036 5022 2088 5078 ι.
2127 5039 2146 5072 ι
2183 5017 2316 5073 Cum
2362 5031 2488 5088 ergo
2533 5015 2884 5085 prandisscnt,
2925 5016 3051 5068 dicit
3094 5017 3297 5070 Simoni
3344 5017 3537 5072 Petro'

1967 5114 2146 5171 Simon
2177 5110 2416 5174 Joannis,
2444 5109 2618 5177 diligis
2647 5124 2729 5162 me
2761 5109 2878 5177 plus
2907 5107 3020 5162 his?
3054 5110 3187 5164 Dicit
3215 5111 3260 5164 ei
3298 5131 3309 5165 :
3343 5111 3511 5165 Etiam

1950 5206 2226 5266 Domine,
2258 5211 2313 5256 tu
2338 5202 2442 5257 scis
2471 5201 2594 5270 quia
2631 5215 2749 5253 amo
2781 5209 2849 5254 te.
2887 5200 3023 5254 Dicit
3056 5203 3103 5254 ei
3135 5219 3146 5254 :
3182 5202 3343 5268 Pasce
3382 5218 3533 5272 agno.

1970 5312 2137 5354 meos.
2172 5297 2308 5351 Dicit
2347 5294 2398 5348 ei
2437 5293 2626 5349 iterum
2660 5291 2881 5346 :Simon
2926 5291 3163 5358 Joannis,
3208 5293 3380 5361 diligis
3420 5291 3549 5345 me?

1971 5389 2058 5444 Ait
2085 5388 2159 5442 illi
2191 5405 2203 5439 :
2239 5385 2428 5450 Etiam,
2462 5383 2704 5446 Domine,
2749 5393 2802 5436 tu
2841 5384 2947 5437 scis
2991 5385 3109 5452 quia
3149 5398 3270 5434 amo
3311 5391 3378 5434 te.
3411 5381 3550 5436 Dicit

1970 5480 2020 5536 ei
2047 5497 2060 5532 :
2089 5479 2254 5532 Pasce
2282 5489 2454 5548 agnos
2484 5489 2651 5530 meos.
2683 5474 2819 5528 Dicit
2848 5475 2896 5528 ei
2938 5475 3093 5527 tertio
3126 5491 3138 5525 :
3169 5471 3350 5526 Simon
3380 5471 3541 5526 Joan-

1972 5571 2076 5635 nis,
2103 5584 2252 5623 amas
2280 5566 2406 5624 me?
2435 5565 2786 5624 Contristatus
2825 5573 2904 5618 est
2936 5563 3143 5626 Petrus,
3185 5561 3306 5631 quia
3338 5561 3466 5615 dixit
3493 5564 3544 5618 ei

1973 5661 2148 5726 tertio,
2178 5661 2338 5714 Amas
2364 5673 2481 5723 me;
2507 5666 2561 5711 et
2584 5656 2709 5710 dicit
2732 5655 2779 5708 ei
2812 5672 2824 5706 :
2857 5652 3098 5718 Domine,
3131 5661 3184 5706 tu
3211 5654 3389 5708 omnia
3415 5653 3546 5726 scis,

2039 5764 2057 5794 ι
2082 5766 2184 5821 εει,
2199 5762 2342 5824 juxta
2360 5765 2436 5807 Er.
2459 5756 2608 5818 Lugd.
2633 5761 2686 5804 et
2707 5748 2823 5802 Ven.
2882 5749 2947 5802 ιι.
3154 5753 3162 5759 ·
