3994 6380
490 399 549 446 tu
587 386 696 444 scis
736 382 857 455 quia
901 393 1023 436 amo
1067 385 1140 433 te.
1186 374 1325 433 Dicit
1368 374 1416 430 ei
1459 390 1472 426 :
1515 373 1682 428 Pasce
1726 385 1853 425 oves
1899 384 2066 423 meas.

492 480 683 544 Amen,
708 490 863 531 amen
890 473 1009 528 dico
1039 470 1162 533 tibi;
1191 484 1309 522 cum
1330 480 1477 521 esses
1498 463 1697 535 junior,
1718 462 1968 532 cingebas
1996 455 2094 527 te,'

462 568 463 573 “
491 580 547 627 et
575 566 882 625 ambulabas
911 563 995 616 ubi
1027 559 1245 615 volebas
1279 576 1292 612 :
1320 572 1440 612 cum
1468 565 1644 611 autem
1678 555 1941 615 senueris,
1974 566 2075 607 ex-

492 663 683 719 tendes
705 671 892 713 manus
917 663 1055 719 tuas,
1086 661 1141 706 et
1163 650 1296 705 alius
1323 656 1374 703 te
1399 648 1595 717 cinget,
1625 656 1678 700 et
1703 644 1860 699 ducet
1883 657 1990 713 quo
2021 651 2075 696 tu

491 768 600 809 non
621 751 718 806 vis.
740 748 852 803 Hoc
877 754 1051 799 autem
1076 739 1550 809 dixit,signilicans
1567 750 1667 806 qua
1695 742 1866 789 morte
1882 731 2076 787 clarifi-

489 853 706 899 caturus
721 848 864 896 esset
883 837 1069 892 Deum.
1085 854 1104 885 ›
1124 832 1273 887 Hunc
1289 829 1489 883 invenit
1510 828 1710 883 exitum
1728 825 1814 880 ille
1831 824 2091 893 negator,‘

491 944 547 992 et
574 942 809 997 amator;
844 923 1213 1000 prmsumentlo
1252 922 1440 985 elatus,
1472 917 1716 989 negando
1759 924 2073 986 prostratus,

489 1027 669 1082 ﬂendo
699 1029 971 1095 purgatus.
1004 1013 1306 1070 confitendo
1337 1011 1606 1083 probatus,
1640 1007 1892 1081 patiendo
1922 1021 2078 1062 coro-

489 1126 647 1172 natus
676 1132 689 1168 :
724 1113 865 1168 hunc
891 1107 1088 1162 invenit
1114 1106 1333 1166 exitum,
1368 1111 1424 1156 ut
1451 1117 1547 1172 pro
1572 1100 1687 1170 ejus
1714 1099 1929 1153 nomine
1960 1112 2079 1167 per-

488 1207 627 1263 fecta
671 1202 955 1259 dilectione
998 1204 1315 1257 moreretur,
1360 1206 1480 1248 cum
1520 1206 1627 1262 quo
1673 1206 1731 1245 sc
1759 1191 2075 1244 moriturum

485 1312 737 1371 perversa
777 1292 1114 1349 festinatione
1151 1287 1491 1358 promiserat.
1526 1282 1707 1337 Faciat
1746 1281 1861 1350 ejus
1899 1293 2080 1371 resur-

485 1368 726 1448 rectione
754 1386 1014 1449 firmatus,
1042 1379 1186 1453 quod
1217 1380 1501 1434 immature
1538 1371 1889 1444 pollicebatur
1924 1368 2076 1423 infir-

483 1498 629 1538 mus.
676 1477 791 1535 Hoc
833 1477 975 1532 enim
1025 1471 1338 1543 oportebat,
1389 1476 1448 1522 ut
1494 1466 1641 1535 prius
1689 1461 1931 1518 Christus
1980 1473 2077 1529 pro

484 1570 633 1627 Petri
683 1569 875 1633 salute,
903 1563 1095 1620 deinde
1129 1561 1317 1615 Petrus
1347 1570 1447 1627 pro
1469 1553 1668 1609 Christi
1700 1548 2078 1621 przctlicatione

484 1670 808 1717 moreretur.
849 1658 1239 1724 Prmposterutn
1282 1649 1379 1702 fuit
1422 1645 1562 1713 quod
1601 1641 1801 1698 audere
1843 1648 2079 1710 coeperat

483 1754 719 1809 humana
748 1746 1050 1809 temeritas,
1082 1757 1204 1798 cum
1263 1741 1421 1793 istum
1451 1735 1803 1804 disposuisset
1831 1732 2076 1787 ordinem

484 1845 703 1900 veritas.
733 1839 978 1893 Animam
1007 1848 1158 1887 suam
1188 1846 1247 1885 se
1277 1828 1570 1899 positurum
1605 1842 1703 1897 pro
1730 1823 1944 1880 Christo
1972 1823 2074 1878 Pe-

484 1945 599 1988 trus
632 1928 846 2001 putabat
872 1923 1048 1996 (Ῑυαιι.
1086 1934 1202 1988 χιιι,
1234 1921 1350 1991 57),
1394 1935 1491 1990 pro
1521 1918 1809 1973 liberatore
1838 1915 2075 1971 liberan-

484 2026 615 2089 dus;
656 2036 776 2076 cum
807 2017 1049 2074 Christus
1077 2014 1311 2069 venisset
1346 2012 1576 2066 animam
1618 2023 1768 2064 suam
1808 2008 2075 2078 positurus

489 2124 589 2187 pro
619 2114 731 2168 suis
781 2109 1032 2167 omnibus
1058 2110 1100 2176 ί,
1127 2107 1183 2161 ἰιι
1213 2106 1404 2177 quibus
1442 2113 1557 2158 erat
1594 2112 1647 2157 et
1673 2102 1900 2166 Petrus;
1933 2099 2074 2171 quod

483 2219 615 2262 ecce
652 2203 760 2274 jam
804 2200 999 2256 factum
1044 2205 1146 2254 est.
1180 2196 1331 2251 Nunc
1368 2195 1477 2265 jam
1526 2193 1749 2247 firmitas
1787 2190 1965 2247 cordis
2006 2189 2073 2246 ad

481 2292 878 2365 suscipiendam
917 2298 1140 2343 mortem
1186 2302 1282 2356 pro
1313 2285 1528 2339 nomine
1554 2282 1765 2337 Domini
1794 2296 1918 2337 vera
1958 2282 2075 2350 ipso

482 2388 718 2443 donante
755 2390 1013 2441 sumatur.
1046 2394 1150 2434 non
1186 2377 1319 2432 falsa
1350 2376 1505 2431 nobis
1542 2373 1844 2429 errantibus
1873 2386 2077 2442 prmsu-

480 2486 678 2532 matur.
712 2475 860 2531 Nunc
889 2481 971 2526 est
1000 2480 1056 2525 ut
1083 2471 1205 2524 vita:
1232 2468 1392 2538 hujus
1418 2480 1525 2521 non
1558 2474 1858 2520 metuamus
1890 2464 2072 2517 inter-

484 2568 619 2624 itum
646 2587 660 2633 ;
693 2567 816 2638 quia
841 2571 1153 2633 resurgente
1167 2560 1396 2616 Domino
1422 2557 1545 2612 vita:
1568 2556 1787 2611 alterius
1802 2554 2075 2625 praecessit

481 2659 807 2730 exemplum.
841 2654 990 2710 Nunc
1020 2667 1122 2719 est,
1151 2651 1329 2717 Petre,
1364 2659 1422 2705 ut
1449 2656 1678 2703 mortem
1706 2661 1815 2701 non
1846 2646 2069 2711 timeas;

481 2755 607 2826 quia
633 2751 761 2806 vivit
781 2763 941 2821 quem
968 2757 1236 2802 mortuum
1264 2742 1504 2808 dolebas,
1536 2749 1590 2796 et
1613 2754 1770 2811 quem
1798 2754 1894 2808 pro
1921 2738 2074 2793 nobis

480 2845 619 2901 mori
656 2840 855 2898 carnali
896 2852 1079 2893 amore
1123 2832 1442 2905 prohibebas
1471 2829 1681 2902 (Matth.
1701 2844 1807 2895 svr,
1837 2827 1934 2893 2f,
1954 2826 2068 2897 2'2).

480 2936 663 2992 Ausus
686 2948 746 2989 es
774 2929 1066 3002 praevenire
1093 2925 1391 2991 ductorem,
1423 2922 1720 2978 formidasti
1745 2922 1862 2991 ejus
1889 2935 2071 2990 perse-

480 3040 723 3084 cutorem
754 3044 769 3080 :
791 3024 900 3095 jam
924 3022 1097 3093 pretio
1119 3032 1215 3090 pro
1239 3025 1292 3072 te
1314 3016 1451 3081 fuso,
1481 3029 1621 3069 nunc
1648 3022 1729 3068 est
1756 3021 1813 3066 ut
1833 3010 2073 3081 sequaris

482 3129 806 3188 emptorem,
856 3124 911 3169 et
962 3112 1200 3180 sequaris
1251 3107 1469 3164 omnino
1510 3120 1680 3175 usque
1731 3102 1798 3157 ad
1844 3112 2070 3156 mortem

481 3207 678 3266 crucis.
706 3204 878 3261 Verba
915 3205 1032 3275 ejus
1077 3199 1291 3264 audisti,
1337 3212 1494 3268 quem
1532 3196 1638 3265 jam
1669 3207 1910 3249 veracem
1944 3207 2069 3262 pro-

477 3301 652 3366 basti;
687 3311 965 3370 passurum
993 3303 1047 3350 te
1092 3294 1204 3362 ipse
1234 3288 1509 3362 praedixit,
1537 3287 1626 3356 qui
1673 3294 1723 3339 te
1754 3283 2071 3355 praedixerat

479 3402 816 3464 negaturum.

634 3480 743 3549 Sed
772 3479 915 3555 prius
943 3475 1202 3532 Dominus
1230 3470 1369 3544 quod
1399 3470 1603 3525 sciebat
1630 3467 1936 3537 interrogat,
1970 3482 2069 3522 nec

478 3574 679 3640 semel,
708 3558 807 3629 sed
835 3572 1026 3626 iterum
1056 3556 1118 3622 ac
1142 3565 1330 3629 tertio,
1361 3573 1540 3618 utrum
1568 3560 1756 3616 Petrus
1792 3574 1917 3627 eum
1945 3559 2068 3613 dili-

478 3678 607 3741 gat;
638 3680 737 3722 nec
765 3662 908 3720 aliud
954 3660 1111 3717 toties
1154 3658 1299 3712 audit
1327 3672 1357 3711 a
1387 3655 1565 3720 Petro,
1595 3668 1752 3724 quam
1786 3666 1845 3706 se
1885 3650 2065 3721 diligi;

480 3776 584 3816 nec
611 3756 755 3813 aliud
796 3756 952 3809 toties
980 3748 1318 3808 commendat
1357 3747 1535 3809 Petro,
1579 3759 1736 3814 quam
1781 3756 1904 3797 snas
1940 3756 2068 3797 oves

476 3849 648 3922 pasci.
679 3844 942 3902 Redditur
986 3840 1251 3911 negationi
1292 3839 1446 3892 trina:
1495 3836 1632 3890 trina
1676 3834 1959 3895 confessio,
2000 3847 2069 3888 ne

473 3939 654 3997 ninus
682 3935 851 3990 amori
877 3934 1054 4003 lingua
1078 3929 1277 3986 serviat
1294 3943 1451 3999 quam
1480 3925 1679 3991 timori,
1702 3934 1756 3980 et
1781 3924 1899 3994 plus
1921 3922 2067 3979 vocis

477 4030 726 4091 elicuisse
746 4027 988 4083 videatur
1008 4038 1155 4079 mors
1175 4022 1479 4084 imminens,
1502 4033 1660 4090 quam
1678 4017 1786 4071 vita
1809 4031 2064 4087 praesens.

472 4124 554 4181 Sit
582 4110 779 4179 amoris
821 4116 1073 4182 ofﬁcium,
1106 4129 1325 4187 pascere
1365 4112 1688 4167 dominicum
1726 4125 1976 4180 gregem;
2018 4110 2064 4164 si

472 4216 574 4271 fuit
595 4214 802 4272 timoris
827 4211 1103 4275 indicium,
1121 4222 1313 4279 negare
1336 4214 1625 4277 pastorem.
1640 4202 1739 4270 Qui
1765 4202 1868 4258 hoc
1886 4202 2064 4256 animo

471 4319 699 4382 pascunt
724 4320 852 4362 oves
875 4303 1105 4368 Christi,
1135 4309 1196 4354 ut
1221 4314 1344 4354 suas
1364 4298 1527 4352 velint
1554 4310 1675 4350 esse
1704 4309 1811 4349 non
1841 4293 2059 4362 Christi,

472 4415 534 4455 se
561 4400 948 4454 convincuntur
970 4407 1169 4454 amare,
1201 4406 1309 4444 non
1337 4389 1643 4451 Christum;
1668 4387 1751 4441 vel
1777 4385 2056 4456 gloriandi,

469 4491 558 4546 Vel
598 4472 941 4552 dominandi,
968 4483 1051 4538 vel
1088 4478 1397 4550 aequirendi
1433 4477 1720 4547 cupiditate
1741 4517 1755 4542 ,
1790 4493 1892 4530 non
1927 4476 2059 4531 obe-

471 4578 656 4635 diendi
681 4587 736 4633 et
759 4571 1108 4631 subveniendi
1135 4580 1189 4625 et
1210 4570 1323 4624 Deo
1349 4566 1591 4637 placendi
1619 4565 1901 4621 charitate.
1930 4564 2065 4621 Con-

470 4683 554 4726 tra
579 4670 678 4724 hos
701 4681 831 4737 ergo
864 4665 1046 4735 vigilat
1085 4662 1241 4717 toties
1269 4658 1538 4714 inculcata
1564 4659 1663 4712 ista
1696 4671 1799 4711 vox
1826 4655 2055 4725 Christi,

470 4779 607 4838 quos
648 4759 936 4832 Apostolus
974 4756 1139 4828 gemit
1179 4768 1273 4808 sua
1317 4766 1582 4822 quaerere,
1627 4765 1730 4804 non
1781 4764 1898 4820 qua:
1935 4748 2061 4806 Jesu

468 4858 664 4915 Christi
695 4854 950 4929 (Philipp.
985 4867 1040 4915 ιι,
1071 4847 1187 4919 21).
1223 4846 1358 4903 Nam
1393 4844 1521 4916 quid
1565 4838 1659 4899 est
1683 4842 1846 4908 aliud,
1874 4842 2059 4915 Diligis

467 4968 549 5005 me
565 4952 590 5004 .9
616 4966 763 5022 pasce
782 4928 893 5001 oves
916 4960 1051 4999 meas
1065 4983 1080 5009 ,
1108 4955 1265 5013 quam
1286 4940 1331 4995 si
1356 4938 1645 5002 diceretur,
1674 4933 1729 4991 Si
1758 4951 1843 4991 me
1863 4935 2053 5005 diligis,

466 5057 577 5097 non
626 5052 676 5097 te
718 5052 935 5111 pascere
972 5036 1144 5105 cogita
1179 5051 1191 5087 :
1222 5031 1317 5088 sed
1358 5044 1487 5087 oves
1533 5044 1705 5096 meas,
1740 5028 1876 5082 sicut
1913 5042 2059 5083 meas

465 5146 649 5204 pasce,
689 5145 796 5184 non
833 5129 969 5184 sicut
994 5136 1142 5189 tuas;
1181 5124 1402 5195 gloriam
1442 5137 1614 5177 meam
1648 5122 1698 5175 in
1738 5120 1816 5174 eis
1846 5134 2055 5190 qumre,

468 5239 576 5280 non
618 5231 790 5285 tuam;
833 5217 1124 5273 dominium
1153 5231 1362 5277 meum,
1386 5229 1490 5268 non
1521 5212 1705 5291 tuum;
1735 5212 1879 5266 lucra
1917 5227 2053 5276 mea,

467 5332 575 5373 non
618 5323 737 5377 tua;
769 5323 837 5366 ne
879 5308 955 5362 sis
996 5307 1049 5360 in
1074 5316 1257 5360 eorum
1285 5306 1537 5359 societate
1570 5304 1669 5381 qui
1695 5304 1964 5373 pertinent
1989 5301 2055 5356 ad

468 5419 711 5479 tempora
740 5400 1036 5474 periculosa
1055 5440 1069 5465 ,
1103 5399 1307 5467 seipsos
1344 5407 1612 5460 amantes,
1640 5405 1695 5450 et
1721 5384 1912 5451 eat-tera
1937 5411 2057 5466 qua:

463 5497 592 5554 huic
616 5496 877 5551 malorum
907 5490 1057 5547 initio
1078 5487 1497 5546 connectuntur?
1520 5484 1653 5541 Cum
1671 5487 1811 5540 enim
1833 5486 2057 5542 dixisset

470 5590 776 5659 Apostolus,
808 5606 827 5638 ι
865 5586 1037 5641 Erunt
1059 5580 1202 5639 enim
1226 5578 1470 5634 homines
1493 5577 1699 5646 seipsos
1723 5585 1998 5644 amantes;
2026 5595 2047 5630 ι

450 5718 454 5725 ι
531 5692 1246 5761 ιωοιιωηρτοσιὼουϋιω.

1417 258 1485 315 ΙΝ
1518 255 1796 314 JOANNIS
1830 249 2301 320 EVANGELIUM,
2339 248 2398 307 S.
2440 246 2814 308 AUGUSTINI

3575 257 3595 314 ι
3608 258 3690 318 968

2186 373 2400 422 secutus
2429 365 2692 437 adjunxit,
2730 384 2749 417 ι
2780 367 3057 420 Amatores
3081 365 3693 444 pecuniic,elati,superbi,

2181 456 2511 528 blasphemi,
2538 458 2845 529 parentibus
2875 473 2980 512 non
3019 457 3344 529 obedientcs,
3383 462 3579 534 ingrati,
3602 482 3694 524 see-

2180 550 2319 615 lesti,
2350 550 2650 619 irreligiosi,
2674 549 2801 604 sine
2825 549 3128 616 aﬁectione,
3155 550 3488 619 detracturos,
3516 555 3701 615 inconti-

2181 650 2391 707 nentes,
2437 641 2688 707 imntttes,
2741 640 2859 694 sine
2903 639 3247 711 benignitate,
3280 644 3573 713 proditores,
3605 664 3702 717 pro-

2182 744 2357 797 caces,
2380 732 2580 798 caecati,
2611 731 2938 800 voluptatum
2960 740 3224 787 amatores
3253 733 3412 804 magis
3434 750 3576 805 quam
3597 736 3702 806 Dei;

2183 819 2439 875 habentes
2467 821 2700 890 speciem
2732 821 2959 889 pietatis,
2987 821 3235 875 virtutem
3260 831 3428 877 autem
3452 825 3557 896 ejus
3577 827 3709 885 abne-

2179 921 2366 981 gantes
2398 928 2416 962 ›
2449 911 2516 980 (ll
2540 910 2669 965 Tim.
2690 927 2766 976 Ill,
2792 911 2932 980 1-5).
2946 910 3088 966 Illaec
3102 912 3277 967 omnia
3294 913 3424 967 mala
3438 913 3501 968 ab
3517 930 3574 970 eo
3598 916 3711 974 velut

2182 1004 2327 1057 fonte
2356 1012 2605 1068 manant,
2632 1003 2774 1073 quod
2806 1004 3033 1072 primum
3069 1004 3274 1072 posuit,
3301 1005 3483 1075 seipse:
3502 1019 3706 1065 amantes.

2180 1095 2369 1151 Merito
2387 1096 2582 1151 dicitur
2602 1094 2984 1167 Petro,Diligis
3004 1096 3124 1151 me?
3144 1104 3199 1150 et
3217 1098 3508 1166 respondet,
3530 1099 3637 1155 Amo
3650 1110 3710 1163 te;

2181 1188 2336 1259 eique
2357 1189 2599 1253 refertur,
2626 1186 2786 1242 Pasce
2815 1204 2973 1259 agnos
3000 1205 3139 1244 uicos
3166 1207 3186 1242 :
3212 1198 3267 1244 et
3295 1189 3395 1244 hoc
3418 1191 3610 1260 iterum,
3633 1192 3711 1250 hoc

2182 1281 2357 1335 tertio.
2389 1279 2489 1335 Ubi
2517 1281 2677 1335 etiam
2692 1278 3095 1337 demonstratur
3122 1295 3284 1335 unum
3308 1288 3462 1350 atque
3482 1281 3604 1337 idem
3622 1298 3712 1338 esse

2179 1384 2417 1425 amorem
2461 1378 2515 1425 et
2541 1369 2881 1426 dilectin
2910 1385 3074 1425 z'nam
3109 1371 3269 1426 etiam
3297 1370 3539 1427 Dominus
3573 1375 3714 1430 novis-

2181 1463 2318 1517 sime
2360 1476 2465 1515 non
2511 1462 2602 1527 ait,
2644 1460 2830 1531 Diligis
2868 1478 2982 1527 me;
3010 1460 3122 1527 sed,
3148 1462 3303 1515 Amas
3342 1462 3584 1517 me?Non
3615 1479 3716 1534 ergo

2181 1568 2279 1607 nos
2297 1594 2313 1619 ,
2340 1551 2433 1607 sed
2465 1553 2636 1622 ipsum
2664 1566 2902 1607 amemus
2919 1552 3099 1617 ;‘et-'in
3128 1552 3410 1622 pascendis
3434 1553 3604 1610 ovibus
3626 1554 3717 1624 ejus

2181 1658 2243 1699 ea
2267 1658 2385 1713 qua:
2414 1653 2538 1697 sunt
2566 1643 2703 1712 ejus,
2738 1658 2844 1697 non
2871 1658 2931 1715 ea
2954 1659 3071 1710 qum
3097 1651 3220 1697 sunt
3251 1652 3428 1699 nostra
3446 1659 3714 1713 qumramus.

2179 1733 2370 1791 Nescio
2387 1751 2493 1805 quo
2507 1736 2652 1791 enim
2671 1735 3023 1805 inexplicabili
3046 1734 3225 1801 modo,
3248 1736 3486 1806 quisquis
3500 1737 3715 1808 scipsum,

2179 1838 2285 1878 non
2317 1825 2479 1880 Deum
2501 1830 2665 1893 amat,
2693 1834 3077 1890 nonseamat;
3104 1834 3161 1880 et
3178 1827 3423 1897 quisquis
3448 1827 3617 1894 Deum,
3636 1843 3716 1884 non

2184 1917 2416 1986 seipsum
2429 1926 2592 1984 amat,
2613 1917 2728 1986 ipse
2745 1932 2806 1972 sc
2827 1927 2988 1971 amat.
3000 1917 3101 1985 Qui
3118 1917 3263 1973 extim
3282 1932 3387 1973 non
3402 1919 3717 1988 potestvivere

2180 2006 2248 2062 de
2279 2022 2359 2072 se,
2382 2009 2611 2063 moritur
2638 2008 2821 2079 utique
2846 2008 3077 2073 amando
3102 2023 3161 2063 se
3192 2026 3205 2061 :
3236 2023 3346 2064 non
3371 2023 3496 2079 ergo
3518 2024 3570 2065 se
3588 2018 3716 2083 amat,

2179 2099 2269 2168 qui
2299 2114 2365 2153 ne
2395 2101 2537 2154 vivat
2563 2114 2622 2155 se
2648 2108 2818 2154 amat.
2847 2097 2982 2155 Cum
3005 2114 3141 2154 vvero
3176 2099 3267 2155 ille
3292 2099 3525 2171 diligitur
3558 2100 3616 2156 de
3638 2115 3719 2171 quo

2177 2192 2393 2261 vivitur,
2424 2209 2529 2248 non
2561 2209 2620 2248 se
2646 2193 2911 2263 diligendo
2927 2193 3106 2263 magis
3129 2191 3343 2261 diligit,
3374 2193 3462 2263 qui
3489 2201 3720 2262 propterea

2178 2299 2283 2339 non
2317 2298 2377 2339 se
2412 2284 2617 2356 diligit,
2650 2293 2706 2338 nt
2743 2299 2865 2339 eum
2892 2282 3170 2353 diligatde
3202 2299 3318 2354 quo
3341 2284 3485 2343 vivit.
3515 2283 3616 2339 Non
3638 2284 3722 2340 sint

2177 2391 2306 2447 ergo
2328 2377 2519 2446 seipsos
2546 2385 2768 2431 amentes
2784 2375 2875 2446 qui
2899 2385 3122 2447 pascunt
3149 2389 3287 2432 oves
3313 2374 3523 2442 Christi,
3552 2391 3611 2432 ne
3632 2384 3723 2430 tan-

2175 2482 2335 2538 quam
2360 2482 2504 2534 suas,
2534 2466 2628 2522 sed
2657 2476 2905 2536 tanquam
2932 2467 3101 2537 ipsius
3126 2482 3218 2523 eas
3248 2476 3500 2537 pascant;
3528 2477 3575 2523 et
3591 2466 3722 2522 velint

2178 2574 2244 2614 ex
2272 2558 2377 2613 illis
2405 2574 2500 2613 sua
2531 2558 2674 2613 lucra
2708 2558 3044 2628 conquirere.
3073 2558 3211 2613 sicut
3234 2568 3486 2614 amatores
3504 2559 3722 2629 pecunia;

2180 2649 2265 2703 vel
2290 2649 2369 2703 eis
2395 2648 2657 2704 dominari
2678 2676 2699 2714 ,ι
2721 2650 2858 2707 sicut
2883 2648 3007 2704 elati
3018 2664 3040 2710 ;
3076 2649 3161 2704 vel
3196 2649 3420 2720 gloriari
3453 2650 3517 2705 de
3542 2649 3721 2705 honori-

2175 2739 2277 2794 bus
2299 2755 2434 2811 quos
2462 2739 2534 2794 ab
2556 2740 2635 2796 eis
2663 2748 2880 2795 sumunt
2898 2781 2912 2801 .
2944 2740 3082 2795 sicut
3104 2742 3347 2810 superbi;
3379 2742 3530 2797 velin
3554 2750 3719 2797 tantum

2177 2829 2427 2902 progredi
2467 2838 2526 2885 ut
2552 2835 2714 2886 etiam
2746 2830 2987 2886 haereses
3015 2829 3232 2898 faciant,
3279 2833 3418 2887 sicut
3445 2831 3721 2905 blasphemi:

2177 2937 2275 2977 nec
2298 2920 2489 2976 cé‘dant
2513 2922 2710 2976 sanctis
2737 2922 2995 2991 patribus,
3027 2923 3164 2977 sicut
3193 2924 3489 2991 parentibus
3513 2940 3604 2978 non
3625 2922 3722 2978 obe-

2174 3015 2407 3078 dientes;
2444 3021 2499 3069 et
2534 3014 2612 3070 eis
2646 3012 2737 3086 qui
2761 3013 2878 3071 illos
2917 3013 3186 3085 corrigere
3210 3015 3405 3070 volunt
3441 3015 3554 3086 quia
3582 3013 3724 3085 perire

2174 3105 2382 3169 nolunt,
2410 3105 2546 3159 mala
2586 3119 2683 3174 pro
2711 3103 2865 3163 bonis
2894 3103 3138 3170 reddant,
3168 3105 3313 3160 sicut
3344 3107 3563 3178 ingrati:
3587 3107 3721 3160 inter-

2174 3196 2354 3251 ficiant
2385 3196 2589 3250 animas
2621 3204 2677 3251 et
2703 3209 2826 3250 suas
2860 3204 2915 3250 et
2953 3195 3184 3264 alienas,
3214 3198 3361 3253 sicut
3397 3199 3609 3264 scelesti;
3630 3211 3721 3253 ma-

2175 3296 2325 3342 terna
2356 3286 2608 3343 Ecclesia;
2632 3288 2832 3342 viscera
2862 3287 3140 3357 dissipent,
3172 3288 3317 3345 sicut
3340 3291 3618 3363 irreligiosi;
3639 3304 3723 3344 non

2172 3380 2560 3448 compatiantur
2598 3379 2856 3446 infirmis,
2898 3380 3034 3435 sicut
3074 3381 3183 3435 sine
3223 3383 3525 3450 affectione;
3562 3383 3721 3440 famam

2172 3481 2476 3525 sanctorum
2502 3472 2770 3526 maculare
2794 3482 3075 3538 conentur,
3098 3472 3240 3528 sicut
3258 3478 3587 3543 detractam;
3602 3474 3724 3547 cupi-

2172 3563 2364 3618 ditates
2410 3564 2668 3633 pessimas
2706 3578 2812 3617 non
2846 3564 3150 3631 refrenent,
3188 3567 3335 3623 sicut
3366 3569 3722 3631 incontinentes;

2172 3664 2457 3709 exerceant
2495 3654 2636 3721 lites,
2682 3654 2822 3710 sicut
2858 3655 3106 3722 immites;
3150 3659 3399 3715 nesciant
3445 3658 3720 3724 subvenire,

2172 3746 2309 3802 sicut
2348 3747 2456 3801 sine
2489 3745 2822 3817 benignitate;
2848 3746 3097 3815 indicent.
3125 3747 3361 3806 inimicis
3401 3752 3597 3821 piorum
3625 3762 3724 3819 qua

2171 3838 2483 3895 occultanda
2513 3839 2891 3908 cognoverint,
2938 3840 3077 3894 sicut
3113 3842 3432 3910 proditam;
3476 3842 3725 3898 hutnanam

2170 3931 2541 3987 verecundiam
2592 3930 2947 3986 inverecunda
2999 3933 3363 4003 exagitatione
3415 3933 3721 4005 perturbent,

2170 4025 2306 4079 sicut
2333 4039 2566 4095 procaces
2588 4040 2609 4087 ;
2637 4037 2741 4078 non
2775 4023 3071 4095 intelligant
3096 4040 3274 4095 neque
3300 4043 3422 4097 qua:
3442 4028 3721 4097 loquuntur,

2169 4134 2341 4190 neque
2364 4119 2431 4174 de
2458 4119 2649 4189 quibus
2674 4116 2946 4173 affirmant
2971 4118 3016 4189 (Ι
3043 4117 3174 4171 Tim.
3202 4135 3241 4183 I,
3278 4121 3358 4191 7),
3386 4121 3521 4175 sicut
3543 4116 3723 4181 crrenti;

2168 4211 2377 4266 laetitias
2401 4211 2638 4265 carnales
2674 4211 3038 4281 spiritualibus
3060 4210 3269 4280 gaudiis
3294 4209 3723 4282 anteponant,sic-

2142 4304 2227 4358 ἰιι
2283 4304 2597 4374 voluptatum
2632 4313 2882 4357 amatores
2920 4302 3082 4373 stragis
3120 4318 3278 4372 quam
3456 4303 3573 4358 Haec
3601 4300 3721 4357 enim

2166 4404 2323 4465 atque
2357 4394 2655 4465 huju‘smodi
2686 4395 2840 4461 vitia,
2872 4395 2984 4450 sive
3013 4395 3101 4449 uni
3135 4396 3341 4449 homini
3367 4394 3598 4451 accidant
3621 4406 3720 4446 om-

2165 4489 2273 4553 nia,
2303 4488 2413 4541 sive
2441 4486 2523 4541 his
2547 4486 2670 4551 alia,
2704 4486 2807 4540 illis
2833 4486 2937 4539 alia
2964 4484 3426 4551 dominentur,'ex
3459 4486 3545 4541 illa
3568 4482 3719 4540 radice

2165 4578 2581 4648 quodammodo;
2610 4577 2900 4647 pullulant,
2933 4592 3052 4632 cum
3098 4586 3225 4633 sunt
3276 4579 3519 4634 homines
3558 4576 3721 4646 scipiol

2164 4680 2408 4724 amantes.
2432 4669 2586 4737 Quod
2616 4667 2800 4722 vitium
2843 4668 3073 4722 maxime
3109 4669 3406 4724 cavendum
3432 4678 3514 4724 est
3548 4669 3620 4722 eis
3642 4663 3719 4735 qui

2132 4766 2135 4767 ⁷
2163 4770 2389 4831 pascunt
2418 4774 2544 4814 oves
2568 4758 2789 4826 Christi,
2814 4775 2887 4814 ne
2922 4775 3016 4815 sua
3052 4770 3322 4831 qumrant,
3350 4776 3458 4815 non
3481 4775 3593 4830 qua:
3613 4757 3718 4812 Jesu

2162 4852 2394 4917 Christi;
2439 4860 2493 4907 et
2536 4853 2589 4906 in
2634 4864 2761 4906 usus
2799 4852 3145 4922 cupiditatum
3190 4867 3407 4907 suarum
3444 4849 3715 4910 conferant,

2162 4958 2260 5014 pro
2292 4943 2483 5014 quibus
2510 4944 2724 5012 sanguis
2762 4943 2908 4998 fusus
2944 4954 3025 4999 est
3070 4943 3287 4999 Christi.
3314 4944 3477 5012 Cujus
3511 4956 3650 4997 amor
3671 4938 3716 4993 in

2162 5049 2228 5090 eo
2254 5035 2342 5103 qui
2372 5034 2537 5102 pascit
2565 5034 2837 5104 oves'ejus
2855 5034 2957 5098 ,‘in
2984 5043 3087 5089 tam
3114 5036 3362 5104 magnum
3397 5033 3551 5089 debet
3575 5030 3714 5100 spiri-

2162 5126 2357 5179 tualem
2379 5140 2623 5180 crescere
2640 5127 2908 5192 ardorem,
2928 5136 2990 5181 ut
3008 5129 3183 5181 vincat
3203 5126 3361 5181 etiam
3374 5126 3564 5181 mortis
3583 5131 3714 5178 natu-

2161 5218 2324 5273 ralem
2365 5208 2630 5285 timorem;
2666 5222 2772 5289 quo
2805 5219 2938 5273 mori
2984 5216 3269 5286 nolumus,
3290 5226 3348 5273 et
3366 5217 3578 5289 quando
3605 5226 3710 5269 cum

2160 5294 2911 5365 Cllristo'vivere'wolumus.
2958 5308 3089 5363 Nam
3134 5318 3188 5363 et
3215 5304 3501 5380 “apostolus
3540 5304 3709 5364 Paulus

2159 5400 2283 5455 dicit
2314 5416 2372 5456 se
2388 5401 2596 5456 habere
2620 5390 3107 5469 concupiscentiam
3135 5394 3351 5455 dissolﬁ
3376 5409 3435 5455 et
3462 5413 3574 5455 esse
3599 5406 3705 5449 cum

2158 5492 2371 5549 Christo
2404 5491 2659 5565 (Philipp.
2686 5509 2722 5558 ι,
2753 5490 2851 5557 25)
2885 5510 2899 5547 :
2930 5492 3227 5563 iugemiscit
3250 5489 3429 5548 tamen
3444 5496 3699 5560 gravatus.

2158 5596 2213 5642 et
2241 5600 2344 5641 non
2375 5587 2487 5641 vult
2512 5585 2816 5655 exspoliari,
2846 5583 2946 5639 sed
2972 5580 3418 5655 supervestirl,"ut
3441 5578 3701 5636 absorbu-

2159 5689 2247 5735 tur
2287 5680 2511 5737 mortale
2554 5694 2585 5734 a
2612 5679 2718 5736 vita
2757 5677 2824 5751 (ll
2849 5672 2969 5733 Cor.
3014 5692 3068 5747 v,
3106 5675 3278 5748 4).·ει
3307 5674 3433 5732 huic
3471 5669 3700 5731 Dominus
