3994 6394
288 434 416 493 l9Gs

287 518 667 616 dilectdiiﬁsito,
711 546 847 617 Cum
880 550 1123 623 senueris,
1164 548 1358 623 inquit,
1395 530 1630 607 extendes
1662 563 1853 635 inaniis

284 654 417 710 tuas,
454 640 650 696 elatius
689 650 738 695 te
776 641 972 714 cinget,
1014 650 1069 699 et.
1085 640 1232 695 ducet
1256 656 1355 711 quo
1394 649 1447 694 tu
1476 656 1578 695 non
1612 642 1705 695 vis.
1731 638 1853 695 Hoc

284 737 409 790 enin.
435 714 658 800 ei‘dixit,
681 734 978 805 signiﬁcans
1022 751 1123 806 qua
1150 743 1310 789 morte
1344 734 1718 803 ctariﬁcaturus
1744 741 1853 788 erat

286 830 454 885 Deum.
480 827 761 895 E1tendes,
794 829 994 905 inquit,
1022 845 1202 884 manus
1227 838 1341 884 tuas
1360 869 1379 896 ,
1408 828 1509 887 hoc
1528 827 1852 899 estcrucili-

281 921 433 994 geris.
453 918 529 997 Ad
550 922 652 976 hoc
669 929 853 979 autem
870 930 931 977 ut
951 921 1155 989 venias,
1171 921 1302 993 alius
1324 931 1381 995 te
1396 922 1591 994 cinget,“
1609 931 1656 976 et
1680 921 1849 989 ducet,

285 1029 383 1068 non
408 1026 505 1083 quo
529 1011 629 1082 vis,
661 1012 755 1089 sed
782 1030 883 1089 quq
908 1031 1011 1070 non
1036 1015 1128 1081 uis.
1164 1014 1319 1083 Prius
1346 1014 1480 1083 dixit
1506 1014 1649 1086 quod
1678 1015 1849 1082 ﬂeret,

283 1112 336 1160 et
372 1102 553 1181 deinde
577 1104 847 1176 quomodo
887 1106 1060 1163 ﬁeret.
1090 1106 1209 1163 Non
1237 1107 1381 1164 enim
1418 1107 1725 1173 cruciﬁxus,
1755 1106 1854 1165 sed

283 1195 450 1269 utique
475 1195 863 1271 crucifigendus
887 1212 993 1267 quo
1021 1198 1189 1263 nollet
1213 1198 1515 1263 estductus
1543 1217 1556 1252 :
1587 1215 1708 1255 nam
1733 1215 1856 1255 cru-

282 1284 457 1341 cifixus
478 1300 585 1365 non
608 1301 717 1365 quo
742 1286 962 1343 nolebat
986 1288 1137 1354 abiit,
1163 1289 1260 1347 sed
1288 1290 1465 1360 potius
1488 1306 1593 1360 quo
1617 1290 1850 1347 volebat.

280 1362 487 1433 Solutus
514 1362 708 1449 quippe
745 1394 775 1434 a
801 1394 1028 1453 corpore
1053 1381 1268 1438 volebat
1301 1398 1571 1445 essecum
1609 1383 1851 1450 Christo,

278 1468 366 1525 sed
409 1471 453 1524 si
493 1469 606 1525 ﬁeri
656 1479 863 1540 posset,
904 1482 1102 1543 praeter
1139 1476 1325 1532 mortis
1361 1476 1660 1539 molestiam
1689 1477 1854 1533 vitam

278 1561 674 1633 concupiscebat
699 1571 955 1619 reternam
989 1583 1002 1619 :
1034 1566 1101 1621 ad
1125 1582 1285 1637 quam
1325 1569 1623 1625 molestiam
1662 1569 1855 1626 nolens

276 1653 455 1713 ductus
474 1666 590 1723 est,
615 1655 711 1713 sed
747 1657 818 1714 ab
845 1673 908 1713 ea
937 1660 1125 1715 volens
1152 1660 1377 1718 eductus
1412 1673 1497 1719 est
1524 1681 1537 1716 :
1570 1663 1762 1720 nolens
1784 1663 1855 1720 ad

276 1759 386 1802 eam
415 1746 575 1814 venit,
603 1746 698 1804 sed
722 1749 909 1819 volens
940 1752 1249 1819 eamvicit;
1275 1764 1333 1809 et
1360 1753 1570 1826 reliquit
1598 1755 1739 1812 hunc
1768 1756 1853 1811 in-

277 1836 529 1909 firmitatis
565 1838 816 1898 allectum
853 1858 961 1914 qqo
984 1860 1142 1901 neruo
1171 1847 1291 1902 vult
1324 1847 1491 1922 mori,
1524 1863 1691 1918 usque
1719 1849 1854 1905 adeo

275 1933 555 2001 naturalem
573 1974 590 2001 ,
622 1943 682 1989 ut
707 1950 833 1991 eum
863 1936 1020 2001 beato
1044 1937 1205 1994 Petro
1240 1953 1342 1999 nec
1366 1950 1614 1997 senectus
1641 1941 1854 1999 auferre

277 2025 526 2093 potuerit,
572 2027 658 2081 cui
692 2026 891 2084 dictum
929 2036 1032 2095 est,
1065 2028 1193 2085 Cum
1228 2033 1479 2100 senuerit,
1505 2032 1717 2090 duceris
1752 2051 1853 2105 quo

279 2129 373 2167 non
400 2114 482 2171 vis.
521 2114 752 2185 Propter
788 2132 884 2173 nos
921 2120 1464 2195 consolandoshnguc
1497 2124 1657 2179 etiam
1700 2126 1751 2181 in
1794 2140 1855 2182 se

278 2205 655 2285 transﬁgufavit
697 2208 815 2285 ipse
855 2210 1120 2281 Salvator,
1165 2213 1386 2279 dicens,
1439 2213 1618 2278 Pater,
1660 2217 1705 2270 si
1742 2218 1854 2286 ﬁeri

270 2312 441 2379 ante“,
470 2314 694 2383 transeat
723 2322 755 2358 a
785 2322 865 2361 me
892 2306 1027 2361 catia:
1050 2307 1144 2362 iste
1172 2305 1387 2377 (Martii.
1416 2323 1565 2370 xxvi,
1596 2306 1690 2375 59)
1718 2326 1733 2361 :
1761 2308 1854 2379 (μή

272 2396 439 2467 utique
454 2397 593 2465 mori
611 2406 857 2464 venerat,
878 2412 978 2452 nec
998 2397 1227 2455 habebat
1244 2398 1435 2461 mortis
1451 2401 1850 2468 necessitatem,

269 2487 356 2544 sed
380 2486 731 2554 voluntatem,
753 2496 1018 2558 potestate
1045 2489 1317 2559 positurus
1338 2491 1572 2547 animam
1595 2505 1773 2557 suam,
1798 2500 1856 2549 et

270 2594 443 2637 rursus
465 2593 591 2635 eam
617 2566 880 2648 potestate
905 2588 1235 2650 sumpturus.
1265 2581 1372 2637 Sed
1399 2583 1644 2640 molestia
1673 2599 1841 2654 quane

271 2677 543 2740 tacumque
571 2670 644 2737 sit
681 2670 899 2751 mortis,
928 2670 1089 2728 debet
1125 2688 1244 2729 eam
1274 2674 1488 2733 vincere
1515 2678 1596 2732 vis
1620 2678 1850 2746 amoris,

270 2777 375 2831 quo
390 2772 605 2831 amatur
632 2764 723 2819 ille
738 2764 966 2833 quicum
985 2766 1056 2820 sit
1075 2766 1179 2821 vita
1201 2775 1407 2831 nostra,
1434 2769 1595 2823 etiam
1624 2779 1854 2826 mortem

271 2856 427 2925 voluit.
457 2855 703 2926 perferre
737 2871 835 2926 pro
861 2857 1034 2914 nobis.
1067 2857 1202 2914 Nam
1236 2859 1280 2915 si
1320 2860 1466 2916 nulla
1499 2871 1653 2917 esset
1666 2863 1855 2919 mortis

270 2949 343 3002 vel
368 2964 526 3021 parva
565 2949 847 3015 molestia,
886 2966 994 3006 non
1037 2962 1180 3007 esset
1210 2961 1317 3008 tam
1340 2968 1531 3023 magna
1558 2964 1851 3028 martyrum

269 3040 442 3110 gloria.
470 3040 582 3098 Sed
620 3041 665 3096 si
704 3052 885 3112 pastor
908 3042 1079 3097 bonus
1107 3044 1196 3115 qui
1231 3045 1663 3114 posuitanimam
1702 3061 1854 3104 suam

270 3148 361 3202 pro
377 3134 706 3201 ovibussuis
728 3132 903 3204 (Ioan.
934 3152 992 3200 χ,
1018 3135 1106 3203 18,
1135 3138 1246 3208 li),
1266 3154 1344 3194 ex
1374 3139 1505 3208 ipsis
1531 3141 1720 3195 ovibus
1747 3150 1853 3197 tam

270 3225 584 3281 multossihi
603 3235 864 3296 martyres
884 3226 1039 3293 fecit;
1066 3238 1266 3297 quanto
1283 3230 1664 3300 magisdebent
1686 3248 1855 3302 usque

270 3317 329 3372 ad
354 3329 587 3375 mrtem
621 3332 717 3386 pro
745 3319 966 3374 veritate
992 3327 1227 3385 certare,
1252 3331 1312 3376 et
1343 3337 1509 3391 usque
1540 3324 1606 3377 ad
1635 3325 1853 3395 sangui-

273 3427 382 3469 nem
405 3413 671 3487 adversus
697 3422 992 3480 peccatum,
1015 3414 1208 3483 quibus
1232 3430 1362 3469 oves
1380 3415 1521 3484 ipsas
1535 3418 1851 3485 pascendos,

273 3502 369 3563 hoc
385 3513 485 3571 est,
515 3501 795 3561 docendas
814 3503 1187 3575 regendasque
1199 3507 1520 3565 committit?
1540 3510 1618 3564 Ac
1636 3526 1729 3579 per
1755 3512 1858 3566 hoc

273 3578 607 3666 praecedente
638 3596 899 3666 passionis
937 3596 1053 3667 ejus
1078 3598 1358 3668 exemplo,
1390 3601 1509 3670 quis
1545 3578 1648 3655 non
1679 3603 1857 3660 videat

272 3689 431 3758 magis
462 3688 671 3747 debere
720 3687 973 3743 imitando
998 3692 1209 3758 pastori
1257 3690 1463 3747 lucrcre
1504 3703 1763 3760 pastores,
1809 3696 1856 3752 si

272 3794 381 3832 eum
404 3780 597 3843 multa:
619 3777 785 3832 etiam
808 3778 1025 3833 imitata:
1050 3788 1175 3834 sunt
1198 3794 1344 3844 oves,
1379 3783 1480 3837 sub
1508 3798 1616 3852 quo
1642 3795 1857 3853 pastore

272 3884 367 3921 uno
393 3870 444 3923 in
473 3883 645 3942 grege
675 3883 805 3932 uno,
832 3878 885 3923 et
911 3878 1151 3939 pastores
1179 3871 1278 3939 ipsi
1308 3881 1431 3927 sunt
1460 3876 1632 3928 oves?
1658 3875 1857 3932 Omnes

271 3959 453 4029 quippe
487 3960 621 4025 fecit
653 3974 776 4014 suas
807 3974 963 4025 oves,
995 3977 1090 4030 pro
1117 3962 1313 4032 quibus
1338 3972 1422 4018 est
1448 3966 1699 4022 omnibus
1730 3983 1855 4039 pas-

271 4062 386 4113 sus;
415 4051 542 4120 quia
575 4058 632 4104 et
662 4049 775 4118 ipse
802 4058 860 4103 ut
899 4065 995 4120 pro
1020 4052 1270 4111 omnibus
1307 4064 1595 4124 pateretur,
1629 4060 1746 4116 ovis
1773 4070 1857 4117 cst

270 4139 445 4199 factus.

664 4284 667 4289 ⁴
720 4258 1040 4315 TRAC'I‘AT
1051 4260 1132 4316 US
1168 4260 1403 4317 CXXIV.

272 4369 341 4424 Ab
377 4386 432 4426 eo
477 4368 614 4436 loco,
649 4369 718 4425 Et
752 4386 872 4426 cum
904 4372 1006 4428 hoc
1035 4372 1273 4440 dixisset,
1314 4377 1443 4432 dicit
1476 4381 1526 4435 ei
1564 4400 1576 4434 :
1619 4382 1855 4453 Sequere

339 4478 442 4529 me,
466 4474 761 4534 etc.,usque
779 4464 831 4517 in
859 4464 1012 4534 finem
1032 4464 1316 4538 Evangelii.
1333 4469 1460 4542 Cap.
1492 4487 1610 4539 XXI,
1660 4475 1694 4543 ᾗ
1719 4514 1731 4527 .
1765 4474 1858 4531 l9-

335 4552 454 4626 es).

342 4666 388 4719 l.
428 4665 549 4720 Non
600 4680 756 4735 parva
805 4675 1028 4736 qumstio
1079 4676 1181 4737 est,
1231 4685 1327 4726 cur
1370 4654 1611 4744 apostolo
1658 4677 1852 4748 Petro,

274 4757 478 4825 quando
504 4775 567 4813 sc
598 4760 753 4813 tertio
790 4759 1147 4819 manifestavit
1188 4763 1480 4833 discipulis,
1524 4767 1719 4826 dixerit
1752 4772 1856 4826 Do-

276 4851 461 4913 minus,
493 4852 718 4921 Sequere
758 4868 871 4918 me;
913 4853 980 4909 de
1022 4856 1262 4925 apostolo
1300 4867 1474 4914 autem
1516 4861 1738 4930 Joanne,
1768 4864 1858 4920 Sic

277 4938 383 4996 eum
398 4945 514 5015 cola
544 4961 744 4999 manere
763 4946 919 5000 donec
939 4932 1168 5012 veniam;
1191 4948 1313 5017 quid
1344 4952 1413 5004 ad
1436 4962 1484 5006 te
1498 4940 1685 5010 ."lluic
1708 4973 1855 5028 qua:-

278 5034 451 5103 stioni,
490 5046 745 5103 ultumum
787 5037 1043 5093 Dominus
1085 5039 1197 5108 ipse
1240 5040 1538 5109 donaverit,
1581 5046 1692 5102 sive
1737 5065 1857 5118 per-

281 5125 583 5192 tractaudze,
610 5128 719 5182 sive
750 5128 1017 5183 snlvenda:
1040 5144 1342 5188 sermonem
1376 5136 1724 5195 novissimum
1753 5140 1854 5198 hu-

273 5213 358 5281 jus
394 5208 596 5288 ‘operis
647 5220 1020 5290 impendimus.
1075 5208 1231 5278 Cum‘
1270 5240 1398 5296 ergo
1451 5234 1857 5298 praenuntiasset

280 5300 731 5398 Doniinirsliegro,
755 5328 857 5385 qua
883 5298 1056 5371 morte
1081 5316 1465 5393 clariﬁcaturus
1490 5334 1635 5379 esset
1660 5326 1852 5397 Deum,

278 5397 390 5453 dicit
760 5380 859 5460 me.
883 5392 1157 5489 Conversus
1178 5390 1363 5465 Petrus
1383 5412 1505 5467 vidit
1533 5414 1682 5489 illum
1701 5380 1855 5473 disci:

279 5478 1414 5579 pulumquentidiligebatIesus,sequentem1:
1435 5504 1521 5576 qui
1553 5517 1598 5577 et
1633 5482 1857 5579 recubuit

276 5579 327 5632 in
346 5566 655 5671 aequistth
680 5572 851 5659 pectus
870 5574 998 5671 ejus,
1028 5600 1074 5644 et
1097 5576 1244 5671 dixit,
1273 5591 1508 5662 Domine,
1539 5598 1650 5667 quis
1675 5603 1857 5671 estqui

364 5652 367 5653 ν
488 5662 525 5669 ι.
569 5646 581 5655 ·
650 5646 692 5659 ι’
746 5652 751 5659 ε
872 5646 917 5676 .r.
964 5646 997 5671 .'
1128 5668 1129 5675 η
1218 5646 1244 5675 ,ξ
1334 5646 1343 5648 ‘
1394 5646 1508 5662 "‘"v
1542 5646 1647 5667 1""
1678 5646 1856 5671 "'1"-

277 5646 443 5728 tradeti
462 5676 550 5729 te?
582 5652 882 5751 Hunc'ergo
919 5699 1030 5736 cum
1074 5684 1273 5741 vidisset
1307 5685 1507 5754 Petrus,
1540 5690 1663 5745 dicit
1686 5691 1810 5748 Iesu
1838 5712 1856 5750 :

280 5758 527 5831 Domine,
546 5765 621 5821 hic
646 5756 813 5824 autem
840 5772 1000 5837 quid?
1024 5773 1160 5830 Dicit
1183 5777 1228 5829 ei
1253 5776 1402 5833 Iesus
1431 5796 1449 5833 :
1487 5781 1578 5836 Sic
1602 5798 1715 5837 eum
1742 5786 1855 5840 volo

280 5850 950 5932 maneredonec‘vcniam;
996 5867 1116 5937 quid
1161 5867 1230 5925 ad
1272 5870 1361 5928 te?
1404 5870 1480 5928 Tu
1515 5889 1593 5931 me
1631 5891 1851 5948 sequere.

1245 390 1667 528 macraws
1689 426 1926 489 CXXIV.
1954 427 2193 513 (canor
2231 430 2372 489 χχι.

3403 439 3549 502 1970

1960 544 2101 603 Exin
2129 562 2249 620 ergo
2275 564 2443 617 sermo,
2473 549 2568 617 iste
2599 551 2730 605 inter
2757 553 2961 623 fratres,
2997 556 3115 622 quia
3141 554 3423 621 discipulus
3456 557 3551 617 illo

1958 655 2060 694 non
2073 640 2314 707 moritur.
2347 639 2415 696 Et
2441 657 2553 701 non,
2581 640 2708 696 dixit
2730 642 2776 705 ei
2813 641 2985 708 Iesus,
3017 643 3142 699 Non
3162 630 3548 719 moriturgced,

1959 730 2048 786 Sic
2085 748 2198 786 eum
2228 731 2341 787 volo
2374 749 2576 787 manere
2606 733 2765 799 donec
2790 734 2984 789 veniam
3037 735 3163 807 quid
3192 737 3261 790 ad
3292 738 3383 793 te?
3406 738 3549 799 Ecca

1956 836 2234 893 quousque
2278 824 2329 878 in
2368 823 2470 880 hoc
2497 824 2788 895 Evangelio
2814 825 3117 883 extenditur
3139 829 3387 899 quaestio,
3425 845 3552 902 qua:

1956 926 2057 979 sua,
2079 914 2583 984 profunditatenon
2623 916 2969 983 mediocriter~
3000 926 3231 973 mentem
3261 919 3551 979 scrutantis

1957 1014 2190 1061 exercet.
2220 1004 2329 1062 Cur
2377 1007 2524 1063 enim
2566 1007 2760 1064 dicitur
2808 1008 2987 1076 Petro,
3034 1009 3254 1081 Sequere
3298 1027 3398 1081 me,
3434 1026 3547 1075 nec

1948 1095 2150 1163 dicitur
2176 1099 2385 1155 czeteris
2408 1100 2500 1171 qui
2545 1100 2704 1161 simul
2734 1100 2996 1158 aderant?
3044 1102 3111 1165 Et
3146 1100 3545 1175 prolectoyeum

1957 1190 2095 1246 sicut
2138 1192 2446 1263 magistrum
2500 1192 2749 1265 discipuli
2798 1194 3180 1266 sequebantur.
3226 1196 3332 1253 Sed
3384 1197 3432 1259 si
3478 1197 3551 1255 ad

1958 1283 2257 1352 passionem
2286 1285 2683 1356 intelligendum
2703 1295 2804 1353 est,
2829 1288 3086 1359 numquid
3112 1289 3262 1345 solus
3288 1304 3384 1360 pro
3402 1288 3553 1347 chri-

1958 1373 2127 1431 stiana
2158 1375 2383 1432 veritate
2412 1392 2598 1447 passus
2635 1386 2721 1435 est
2745 1378 2972 1436 Petrus?
3013 1378 3203 1446 Nonne
3244 1380 3316 1437 ibi
3346 1364 3556 1440 eratin

1956 1467 2062 1523 illis
2110 1480 2312 1539 septem
2352 1471 2488 1527 alius
2531 1471 2672 1528 ﬁlius
2701 1472 2947 1547 Zehedzni
2984 1473 3147 1538 frater
3182 1473 3425 1543 Joannis,
3454 1474 3550 1547 qui

1958 1572 2079 1632 post
2100 1563 2222 1633 ejus
2244 1565 2739 1630 ascensionem,,ah
2764 1565 2974 1627 Herode
3011 1565 3382 1625 manifestatur
3404 1568 3549 1625 occi-

1957 1667 2049 1706 sus
2075 1652 2211 1719 (Act.
2242 1669 2337 1719 xu,
2365 1653 2462 1727 2)?
2486 1655 2682 1715 Verum
2715 1657 2906 1728 aliquis
2935 1658 3148 1725 dixerit,
3175 1659 3428 1728 quoniam
3451 1658 3550 1715 Ja-

1956 1744 2121 1809 cobus
2150 1760 2254 1800 non
2297 1754 2383 1802 est
2417 1747 2725 1827 cruciﬁxus,
2765 1749 2958 1805 merito
2983 1748 3185 1813 dictum
3212 1764 3331 1807 esse
3365 1750 3549 1818 Petro,

1957 1835 2180 1906 Sequere
2210 1854 2308 1902 me,
2340 1838 2430 1907 qui
2466 1854 2574 1901 non
2610 1840 2786 1902 solum
2811 1849 3058 1907 mortem,
3086 1840 3183 1896 sed
3207 1843 3368 1897 etiam
3399 1858 3550 1899 mor-

1959 1935 2065 1983 tem
2094 1929 2288 1994 crucis,
2319 1930 2454 1985 sicut
2494 1930 2760 2000 Christus,
2803 1942 3051 2003 expertus
3091 1942 3190 1990 est.
3226 1933 3305 1991 Sit
3334 1934 3458 2001 hoc,
3502 1934 3551 1993 si

1956 2020 2089 2077 nihil
2115 2021 2261 2083 aliud,
2285 2022 2427 2091 quod
2462 2026 2533 2077 sit
2572 2024 2976 2081 convenientius
3017 2013 3255 2096 potuerit
3282 2026 3549 2083 inveniri.

1955 2111 2064 2166 Cur
2089 2127 2218 2184 ergo
2238 2112 2323 2173 de
2346 2112 2550 2171 Joanne
2577 2114 2777 2171 dictum
2816 2124 2916 2180 est,
2949 2115 3039 2173 Sic
3061 2133 3174 2171 cuin
3201 2119 3313 2173 uoto
3349 2134 3555 2176 orauere

1957 2203 2115 2259 donec
2132 2205 2366 2281 veniam;
2385 2208 2506 2276 quid
2534 2207 2602 2261 ad
2633 2209 2712 2262 te?
2736 2216 2793 2263 et
2817 2209 3102 2278 repetitum
3121 2219 3224 2279 est,
3256 2210 3334 2266 Tu
3369 2229 3552 2269 niclse-

1955 2312 2141 2367 quere;
2184 2307 2434 2367 tauquam
2478 2299 2570 2355 Ille
2611 2299 2732 2356 ideo
2773 2316 2880 2356 non
2918 2314 3253 2372 sequeretur,
3293 2305 3550 2370 quoniam

1955 2403 2080 2443 eum
2129 2404 2345 2445 manere
2380 2390 2551 2449 voluit
2585 2391 2777 2465 donec,
2798 2392 3013 2451 veniat?
3038 2394 3172 2462 Quis
3208 2393 3366 2452 facile
3405 2396 3552 2455 aliud

1956 2480 2156 2538 dictum
2192 2496 2312 2539 esse
2351 2480 2566 2548 credat,
2593 2496 2752 2557 quam
2789 2483 2936 2553 quod
2975 2483 3167 2541 fratres
3210 2486 3553 2544 crediderant

1955 2576 2047 2645 qui
2076 2584 2202 2633 tunc
2228 2582 2400 2641 erant,
2426 2590 2496 2629 eo
2520 2574 2669 2645 quod
2690 2574 2897 2632 scilicet
2934 2590 3041 2631 non
3069 2585 3215 2634 esset
3248 2577 3548 2649 discipulus

1958 2669 2051 2727 ille
2078 2671 2387 2733 moriturus.
2416 2668 2514 2726 sed
2548 2669 2718 2725 donec
2740 2666 2897 2725 Jesus
2922 2671 3149 2734 veniret.
3181 2672 3281 2727 ista
3304 2682 3551 2731 maneret

1958 2762 2186 2821 insita?
2224 2761 2331 2818 Sed
2360 2761 2498 2817 hanc
2525 2761 2832 2832 opinionem
2872 2761 3106 2818 Joannes
3149 2762 3264 2833 ipse
3308 2763 3550 2832 abstulit,

1959 2864 2067 2923 non
2092 2853 2195 2909 hoc
2220 2853 2420 2910 dixisse
2460 2853 2755 2909 Dominum
2782 2863 2965 2924 aperta
3007 2853 3553 2927 contradictionede-

1957 2944 2187 2998 claraus.
2213 2943 2320 2999 Cur
2340 2944 2485 2999 enim
2525 2943 2888 3016 subjungeret,
2921 2942 3045 2999 Non
3071 2944 3200 3000 dixit
3222 2943 3394 3013 Iesus,
3426 2944 3554 3002 Non

1958 3034 2187 3098 moritur,
2217 3034 2319 3092 nisi
2347 3049 2419 3091 ne
2446 3034 2725 3091 hominum
2753 3034 3183 3107 cordibus.un
3212 3035 3405 3094 falsum
3429 3036 3552 3095 fue-

1958 3135 2043 3181 rat
2063 3126 2387 3181 inhaereret?

2028 3216 2083 3272 2.
2123 3216 2227 3274 Sed
2251 3217 2336 3272 cui
2366 3216 2558 3287 placet.
2599 3216 2776 3275 adhuc
2814 3220 3058 3284 resistat;
3091 3227 3147 3275 et
3181 3219 3324 3276 dicat
3364 3236 3551 3279 verum

1959 3324 2081 3366 esse
2122 3309 2264 3379 quod
2302 3310 2377 3365 ait
2403 3309 2658 3378 Joannes,
2689 3327 2794 3366 non
2838 3311 3040 3368 dixisse
3086 3313 3367 3373 Dominum
3405 3316 3552 3387 quod

1958 3399 2256 3470 discipulus
2293 3400 2382 3455 ille
2410 3415 2517 3456 non
2546 3401 2792 3469 moritur,
2817 3401 2910 3458 sed
2950 3402 3053 3459 hoc
3080 3411 3259 3467 tamen
3283 3405 3551 3476 significao

1961 3501 2071 3547 tum
2101 3506 2222 3547 esse
2246 3491 2440 3547 talibus
2470 3492 2665 3555 verbis.
2693 3494 2867 3563 qualia
2891 3509 3014 3549 eum
3036 3494 3236 3555 dixisse
3262 3499 3496 3554 narravit
3523 3514 3542 3563 ;

1958 3592 2014 3639 et
2058 3590 2263 3641 asserat
2304 3583 2619 3657 apostolum
2644 3583 2911 3647 Joannem
2948 3586 3148 3652 vivere,
3178 3595 3337 3658 atque
3372 3588 3428 3645 in
3460 3589 3553 3647 illo

1961 3676 2207 3745 sepulcro
2234 3675 2353 3744 ejus
2391 3674 2535 3744 quod
2571 3684 2654 3731 est
2680 3675 2820 3745 apud
2848 3676 3138 3745 Ephesum,
3168 3677 3403 3735 dormire
3424 3695 3552 3738 eum

1960 3768 2136 3835 potius
2176 3781 2336 3837 quam
2381 3776 2647 3829 mortuum
2687 3767 2867 3837 jacere
2890 3769 3199 3833 contendat.
3224 3772 3477 3835 Assumat
3496 3772 3554 3829 in

1958 3869 2347 3929 argumentum,
2376 3862 2525 3931 quod
2548 3862 2656 3921 illic
2681 3873 2822 3923 terra
2847 3864 3044 3921 sensim
3066 3874 3293 3932 scatere,
3323 3875 3377 3924 et
3396 3868 3552 3938 quasi

1959 3951 2183 4007 ebullire
2214 3951 2550 4021 perhibetur;
2576 3963 2735 4021 atque
2761 3953 2864 4009 hoc
2887 3954 3002 4024 ejus
3019 3955 3257 4013 anhelitu
3281 3956 3415 4023 ﬁeri,
3438 3958 3552 4016 sive

1961 4052 2268 4099 constanter
2293 4043 2408 4098 sive
2424 4043 2777 4113 pertinaciter
2797 4054 3089 4100 asseveret.
3112 4045 3228 4103 Non
3254 4047 3399 4104 enim
3427 4063 3552 4117 pos-

1961 4143 2085 4189 sunt
2128 4132 2316 4190 deesse
2363 4134 2452 4203 qui
2501 4133 2740 4199 credant,
2771 4137 2816 4190 si
2864 4150 2971 4191 non
3013 4135 3207 4195 desunt
3255 4137 3345 4206 qui
3388 4138 3552 4195 etiam

1960 4224 2177 4296 Moysen
2216 4233 2456 4291 asseram
2489 4224 2703 4287 vivere;
2733 4225 2855 4295 quia
2893 4225 3150 4297 scriptum
3184 4236 3268 4283 est
3302 4228 3421 4298 ejus
3459 4242 3551 4284 se-

1960 4317 2202 4385 pulcrum
2242 4331 2349 4371 non
2390 4316 2614 4372 inveniri
2651 4315 2830 4385 (Deut.
2871 4332 3060 4384 xxxiv,
3088 4316 3178 4392 ,6),
3221 4327 3279 4374 et
3304 4322 3552 4390 apparuit

1960 4422 2082 4463 cum
2113 4407 2338 4477 Domino
2364 4407 2417 4465 in
2447 4416 2649 4475 monte,
2678 4408 2769 4464 ubi
2794 4418 2849 4465 et
2881 4407 3026 4465 Elias
3048 4408 3147 4465 fuit
3172 4409 3386 4482 (Matth.
3417 4427 3546 4480 xvn,

1962 4499 2038 4569 '5),
2079 4514 2236 4570 quem
2274 4483 2551 4557 mortuum
2597 4498 2822 4570 legimus
2866 4514 2974 4556 non
3016 4514 3157 4568 esse,
3196 4502 3291 4558 sed
3337 4512 3548 4574 raptum

1962 4590 2053 4666 (IV
2085 4592 2215 4663 Reg.
2261 4608 2315 4658 ιι,
2364 4593 2471 4662 ll).
2519 4591 2682 4661 Quasi
2723 4592 2892 4664 Moysi
2933 4608 3129 4665 corpus
3172 4610 3280 4652 non
3319 4599 3553 4667 potuerit

1961 4685 2158 4741 alicubi
2199 4686 2278 4740 sic
2318 4684 2596 4751 abscondi,
2626 4694 2683 4740 ut
2714 4700 2931 4756 prorsus
2969 4687 3213 4745 homines
3239 4690 3429 4746 lateret
3456 4691 3551 4749 ubi

1962 4787 2124 4843 esset,
2161 4787 2318 4848 atque
2344 4777 2467 4834 inde
2489 4777 2557 4833 ad
2580 4776 2767 4832 horam
2786 4778 3041 4834 divinitus
3067 4781 3310 4847 excitari,
3338 4785 3551 4853 quando

1962 4882 2081 4923 cum
2112 4867 2327 4922 Christo
2362 4868 2505 4922 Elius
2530 4876 2585 4935 et
2612 4869 2725 4938 ipse
2770 4877 2895 4924 sunt
2929 4869 3027 4925 visi
3058 4885 3071 4922 :
3105 4871 3241 4927 sicut
3266 4872 3333 4927 ad
3361 4873 3550 4931 horam

1962 4960 2123 5015 multa
2145 4969 2453 5028 sanctorum
2479 4974 2702 5030 corpora
2722 4973 3091 5030 surrexerunt,
3122 4964 3337 5035 quando
3358 4981 3551 5037 passus

1961 5061 2043 5106 est
2062 5049 2331 5117 Christus,
2353 5060 2408 5107 et
2431 5062 2550 5123 post
2577 5052 2693 5122 ejus
2722 5053 3555 5128 resurrectionemapparuerunt

1963 5143 2144 5198 multis
2180 5143 2235 5211 in
2273 5152 2475 5206 sancta,
2506 5142 2644 5199 sicut
2669 5143 2926 5214 scriptum
2963 5153 3067 5211 est,
3092 5146 3311 5205 civitate
3332 5148 3548 5223 (Matth.

1965 5250 2142 5301 xxvu,
2173 5234 2262 5298 5‘3,
2305 5233 2419 5306 53).
2450 5233 2556 5291 Sed
2596 5243 2794 5304 tamen,
2844 5245 2904 5291 ut
2941 5235 3122 5296 dicere
3166 5254 3459 5312 coeperam,
3499 5246 3553 5299 si

1961 5328 2174 5399 quidam
2223 5328 2438 5399 Moysen
2488 5338 2756 5389 mortuum
2806 5339 3024 5404 negant,
3071 5348 3229 5404 quem
3274 5334 3549 5404 Scriptura

1963 5421 2096 5490 ipsa,
2136 5420 2226 5475 ubi
2268 5421 2586 5503 sepulcrum
2612 5422 2729 5493 ejus
2753 5439 3015 5497 nusquam
3044 5426 3271 5483 inveniri
3298 5426 3546 5497 legimus,

1962 5519 2228 5577 mortuum
2273 5520 2596 5579 tamen.esse
2624 5515 2881 5587 sinenulla
2908 5516 3251 5586 ambiguitate
3288 5526 3546 5587 testatur;

1962 5612 2160 5676 quanto
2206 5605 2372 5676 magis
2419 5605 2650 5671 Joannes
2691 5609 3016 5669 exustorum
3043 5608 3326 5681 occasione
3352 5611 3547 5668 verbo-

1966 5713 2081 5753 rum
2110 5698 2198 5753 ubi
2250 5699 2507 5756 Dominus
2552 5702 2645 5768 ait,
2703 5700 2790 5757 Sic
2831 5714 2945 5757 eum
2986 5699 3102 5756 volo
3142 5716 3347 5758 ’ποκα-ε
3386 5702 3547 5760 donec

1962 5790 2122 5857 venio,
2150 5790 2394 5853 creditur
2421 5794 2569 5848 vivus
2607 5791 2841 5848 dormire
2887 5792 2987 5849 sub
3024 5792 3204 5849 terra?
3239 5792 3413 5865 Quem
3439 5804 3550 5854 tra-

1964 5882 2095 5942 dunt
2127 5884 2286 5942 etiam
2323 5884 2484 5956 (quod
2533 5883 2586 5940 in
2627 5882 2942 5953 quibusdam
2986 5884 3278 5956 Scripturis
3306 5890 3551 5963 quamvis
