3994 6378
449 344 583 403 I971

436 450 767 529 ‘apbcryphis
805 454 1109 526 reperitur),
1150 451 1361 523 quando
1388 452 1488 506 sibi
1529 449 1821 521 ﬁerijussil
1849 446 2030 519 Sepul-

436 558 618 611 crum,
650 548 971 604 incolumem
1019 546 1183 601 fuisse
1212 542 1581 615 praesentem;
1614 552 1801 614 eoque
1843 538 2039 597 effosso

439 636 935 708 “diligentissime
955 644 1272 706 praeparato,
1300 634 1381 689 ibi
1407 644 1467 689 se
1490 640 1739 705 tanquam
1762 634 1814 688 in
1844 632 2040 688 lectulo

442 728 767 791 collocasse,
795 728 1375 797 statimque‘eum-esse
1401 725 1710 781 defunctum
1741 744 1755 781 :
1780 733 1836 781 ut
1858 726 2037 779 autem

446 820 537 876 isti
566 827 771 889 putant,
801 818 890 888 qui
921 817 1035 872 h:cc
1059 812 1565 873 verbaDOminisie
1591 816 1907 887 intelligunt,
1935 822 2039 870 non

444 910 776 976 defunctum,
805 909 899 964 sed
933 907 1192 963 demntia
1220 907 1479 962 similem
1501 904 1784 972 cubuisse;
1824 914 1893 961 et.
1918 912 2038 961 cum

440 1010 689 1061 mortuus
732 1004 1045 1075 putaretur;
1060 1000 1325 1070 sepultum
1350 998 1944 1065 'l'uiase'dor'mientem;
1964 1007 2041 1053 'et

444 1096 619 1153 donec
642 1090 908 1150 Christus
950 1093 1126 1147 veniat
1162 1093 1253 1148 sie
1282 1100 1549 1156 mancus,
1571 1094 1853 1160 suamque
1877 1088 2039 1143 vitam

443 1188 768 1257 scaturigine
804 1182 1047 1257 pulveris
1090 1183 1326 1239 indicare
1352 1180 1501 1251 τιηυὶ
1539 1181 1717 1252 puli/is
1765 1180 2036 1246 creditur,

436 1282 731 1337 at‘nb'imo
768 1272 1707 1348 adsuperllciemituunlll'asceadat,
1737 1274 2037 1343 liatuqnie-

442 1375 649 1429 scentis
685 1372 903 1443 impelli.
928 1364 1085 1427 'iluic
1107 1371 1343 1442 opinioni
1373 1376 1827 1441 supervacaneum
1852 1368 2039 1423 cxisti~

445 1476 537 1522 ω
562 1465 833 1521 reluctari.
865 1464 1107 1520 Viderint
1130 1465 1279 1520 enim
1304 1463 1392 1534 qui
1421 1463 1594 1517 locum
1630 1463 1826 1524 sciunt,
1859 1468 2037 1515 utrum

436 1558 643 1614 boeibi
675 1558 829 1613 iaciat
862 1558 945 1613 vel
986 1558 1212 1626 patiatur
1240 1563 1381 1611 terra
1413 1552 1556 1625 quod
1582 1553 1805 1616 dicitur:
1836 1550 2040 1623 φειδ-οι

443 1662 633 1708 revera
664 1664 768 1706 non
792 1666 820 1703 a
838 1650 1049 1705 levibus
1076 1648 1378 1702 hominibus
1398 1646 1450 1700 id
1474 1644 1795 1699 audivimus.

517 1743 572 1799 8.-
614 1742 828 1797 lnterlm
866 1740 1122 1795 cedamus
1171 1737 1431 1807 opinioni,
1458 1751 1618 1806 quam
1661 1734 1822 1789 certis
1866 1733 2036 1789 docu-

442 1833 641 1889 mentis
678 1832 925 1886 refellere
970 1844 1074 1882 non
1107 1828 1370 1894 valemus,
1410 1838 1478 1881 ne
1506 1836 1691 1881 rursus
1725 1825 1866 1879 aliud
1897 1825 2037 1895 quod

447 1936 477 1979 a
504 1924 658 1979 uehis
684 1929 955 1992 qnzwatur
972 1927 1245 1989 exsurgat,
1277 1919 1386 1973 Cur
1409 1928 1569 1987 super
1599 1917 1877 1971 humatum
1899 1926 2039 1971 mor-

446 2026 594 2071 tuum
631 2015 746 2084 ipsa
778 2013 977 2067 humus
1012 2009 1402 2079 quodammodo
1429 2010 1609 2064 vivere
1633 2023 1695 2064 ac
1719 2012 1925 2079 spirare
1942 2010 2035 2064 Wi-

444 2106 652 2162 deatur.
677 2100 783 2160 Sed
815 2102 1066 2172 numquid
1098 2101 1222 2155 hinc
1247 2110 1390 2155 tanta
1412 2101 1513 2154 ista
1540 2100 1762 2156 solvitur
1784 2102 2032 2171 quiestio,

444 2199 492 2253 si
519 2206 719 2266 magno
738 2194 1012 2256 miraculo,
1042 2191 1215 2261 qualia
1252 2200 1427 2259 potest
1456 2190 1633 2246 facere
1658 2190 2032 2260 Omnipotens,

442 2288 648 2345 tamdiu
680 2291 855 2342 vivum
884 2300 1077 2355 corpus
1112 2287 1392 2353 in‘sopure
1431 2283 1531 2338 sub
1562 2294 1699 2338 terra
1727 2290 1832 2348 est,
1864 2283 2035 2339 donec

441 2378 905 2438 Veniatterminus
932 2378 1154 2433 saeculi?
1174 2376 1314 2445 Quin
1347 2375 1537 2429 imo‘llt
1560 2375 1786 2445 amplior
1812 2383 1864 2431 et
1889 2374 2032 2429 dil‘lié

445 2470 1015 2538 eillur,eurdiscipulo
1053 2468 1229 2533 lusus,
1270 2478 1433 2537 quem
1460 2467 1729 2537 diligebat
1772 2480 1881 2536 pne
1923 2480 2033 2521 ca:-

445 2564 596 2628 turls,
649 2564 702 2617 in
751 2571 955 2617 tantum
1000 2569 1056 2614 ut
1098 2566 1269 2627 super
1309 2567 1491 2627 pectus
1537 2557 1653 2628 ejus
1694 2558 2035 2614 discumbere

444 2666 763 2720 mereretur,
786 2669 882 2724 pro
909 2666 1101 2723 magno
1119 2662 1342 2707 munere
1369 2652 1580 2722 longum
1601 2653 1657 2706 in
1678 2662 1904 2722 corpore
1932 2650 2031 2706 do.

442 2747 654 2805 naverit
678 2760 923 2801 somnum
948 2765 967 2798 ς
995 2758 1114 2799 utrm
1146 2744 1354 2799 beatum
1389 2744 1603 2805 Petrum
1637 2761 1732 2813 per
1765 2744 2029 2811 ingentem

440 2838 684 2912 martyrii
722 2836 966 2909 gloriam,
996 2837 1065 2891 ab
1103 2848 1268 2890 onere
1309 2837 1477 2906 ipsius
1520 2836 1762 2905 corporis
1790 2834 2029 2904 solverit,

442 2936 621 3006 etque
644 2930 974 2988 concesserit
1017 2927 1159 2999 quod
1186 2929 1481 2997 .apostolus
1522 2929 1715 2983 Paulus
1743 2944 1802 2983 se
1829 2942 2027 2983 concu-

440 3027 589 3096 pisse
624 3023 788 3087 dixit,
834 3029 897 3075 et
928 3015 1163 3088 scripsit,
1196 3017 1415 3072 Dissolvi
1456 3028 1502 3072 st
1538 3033 1645 3072 esse
1688 3032 1807 3071 cum
1829 3018 2031 3072 Christo

445 3116 703 3189 (Philipp.
736 3134 774 3183 l,
817 3115 929 3189 25).
964 3115 1019 3172 Si
1050 3126 1225 3171 autem
1253 3116 1395 3187 quod
1435 3114 1875 3185 magisicreditur,
1911 3113 2030 3169 ideo

443 3220 660 3267 sanctus
687 3211 1048 3276 Joannesait,
1079 3216 1183 3263 non
1209 3209 1407 3264 dixisse
1436 3200 1739 3273 Dominum,
1779 3205 1892 3259 Non
1910 3210 2027 3259 nio-

400 3362 406 3368 ,
442 3305 596 3370 ritur,
639 3314 708 3359 ne
735 3303 836 3356 illis
861 3301 1039 3356 Verbis
1065 3308 1188 3371 (tute
1214 3301 1381 3363 'dixi-t,
1411 3300 1511 3352 hoc
1539 3297 1771 3351 Voluisse
1808 3296 2026 3366 intelligi

443 3398 1081 3465 putaretur;'corpusque
1120 3392 1235 3460 ejus
1266 3392 1319 3445 in
1342 3388 1602 3459 sepulcro
1645 3387 1759 3457 ejus
1785 3387 2029 3442 exanime

442 3486 587 3540 sicut
617 3486 840 3539 aliorum
871 3483 1374 3553 "mutorum-jacet
1410 3498 1422 3535 :
1454 3488 1618 3534 restat
1638 3489 1693 3532 ut
1724 3480 1766 3533 si
1792 3494 1921 3533 vere
1957 3479 2028 3533 ibi

443 3574 508 3633 ﬁt
534 3577 675 3647 «ιιωά
720 3575 914 3646 sparsit
967 3576 1105 3630 fama
1128 3575 1219 3630 Ide
1254 3576 1419 3641 terra,
1448 3586 1565 3642 quae
1603 3571 1826 3627 subinde
1852 3571 2027 3625 ablata

443 3671 754 3735 succrescit,
800 3678 889 3723 alit
916 3668 1056 3723 ideo
1104 3664 1196 3722 ﬂat
1234 3676 1292 3722 ut
1334 3680 1400 3722 eo
1429 3666 1586 3721 modo
1626 3664 2030 3721 commendemr

442 3763 677 3834 pretium
723 3768 867 3815 mors
908 3760 1045 3828 elus,
1084 3761 1339 3831 quoniam
1391 3775 1496 3815 non
1541 3776 1659 3815 eam
1692 3761 2028 3814 commendat

443 3854 911 3924 martyrimnlnon
935 3855 1077 3908 enim
1104 3864 1224 3908 cum
1251 3868 1349 3924 pro
1370 3852 1474 3909 ﬂde
1495 3853 1691 3909 Christi
1719 3861 2030 3924 persecutor

442 3944 683 4021 occidit),
729 3955 820 4001 aut
852 3956 1082 4017 propter
1124 3946 1318 4017 aliquid
1361 3946 1501 4000 aliud
1549 3945 1689 4017 quod
1730 3954 1833 4000 nos
1878 3946 2025 4000 latet.

444 4038 622 4096 Mallet
649 4046 827 4094 tamen
855 4040 1079 4110 quaestio
1104 4054 1199 4094 cur
1220 4039 1413 4094 dixerit
1443 4038 1694 4093 Dominus
1717 4037 1785 4093 de
1814 4037 2028 4092 homine

443 4133 724 4199 morituro,
759 4130 849 4189 Sic
874 4142 984 4188 eum
1009 4134 1121 4187 volo
1140 4144 1343 4186 manere
1356 4132 1516 4185 donec
1536 4133 1746 4185 veniam.

514 4227 569 4281 4.
609 4224 741 4281 Illud
787 4227 947 4280 etiam
996 4225 1048 4279 in
1097 4224 1180 4277 bis
1226 4223 1435 4277 duobus
1477 4223 1731 4290 apostolis
1780 4220 1938 4275 Petro
1975 4224 2029 4275 et

444 4310 651 4372 Joanne
682 4332 843 4386 quem
870 4332 975 4371 non
1014 4323 1225 4369 moveat
1253 4314 1318 4368 ad
1345 4314 1709 4383 qtimrenduin,
1745 4327 1841 4367 cur
1863 4312 2028 4367 Joan‘

446 4416 570 4462 item
603 4409 718 4476 plus
765 4406 1010 4461 dilexerit
1048 4405 1324 4468 Dominus,
1367 4416 1486 4459 cum
1529 4406 1700 4473 ipsum
1748 4402 2025 4457 Dominum

446 4500 569 4570 plus
609 4498 852 4552 dilexerit
900 4498 1130 4552 Petrus?
1178 4496 1503 4565 Ubicumque
1531 4497 1676 4551 enim
1703 4511 1761 4550 se
1789 4511 2026 4552 comme-

448 4594 623 4644 murat
642 4587 975 4651 Joannes,‘ut
999 4589 1214 4641 nomine
1234 4601 1331 4638 suo
1359 4586 1516 4639 tacito
1543 4584 1655 4654 ipse
1683 4586 1850 4655 possit
1874 4586 2033 4640 intel-

449 4681 563 4752 ligi,
592 4681 694 4736 hoc
723 4678 869 4734 addit
893 4679 1030 4750 quod
1058 4690 1177 4733 eum
1202 4677 1449 4746 diligebat
1482 4676 1657 4743 Jesus,
1683 4678 1829 4747 quasi
1858 4679 2030 4734 solum

451 4772 714 4844 diligeret,
747 4776 804 4827 ut
833 4772 934 4827 hoc
975 4772 1126 4841 Signo
1165 4770 1611 4824 disrerneretur‘a
1637 4771 1864 4837 cmteris,
1901 4784 2033 4841 quos

450 4867 632 4937 utique
677 4876 864 4920 omnes
906 4864 1155 4934 diligebat
1185 4881 1199 4917 :
1229 4861 1354 4934 quid
1397 4874 1544 4932 ergo,
1585 4861 1685 4916 nisi
1727 4862 1951 4929 amplius
1976 4876 2035 4917 se

448 4956 877 5022 «illectumpcum
925 4954 1289 5016 boc'diceret,
1336 4954 1539 5008 volebat
1592 4951 1854 5023 intelligi?
1893 4951 2032 5023 quod

452 5048 593 5102 absit
619 5049 1025 5104 ttttmondaciter
1061 5048 1280 5103 diceret.
1313 5045 1471 5113 Quod
1486 5052 1669 5100 autem
1714 5046 1882 5114 majus
1909 5045 2035 5099 dare

456 5134 629 5211 nonut
652 5138 819 5193 ‘Jestis
860 5140 1078 5208 majoris
1115 5152 1238 5210 erga
1277 5140 1540 5192 ettm'su:e
1570 5138 1866 5191 dilectionis
1894 5136 2033 5190 indi-

454 5233 619 5297 cium,
646 5236 805 5301 quam
842 5233 900 5283 ut
937 5231 1094 5284 homo
1117 5244 1238 5283 cum
1277 5229 1483 5284 caneris
1525 5228 1905 5297 cotulisripulis
1926 5228 2038 5280 suis

449 5325 633 5379 socius
668 5328 836 5377 tanta:
883 5321 1086 5383 salutis,
1132 5321 1276 5373 solus
1316 5330 1495 5374 tamen
1537 5320 1858 5374 discubuerit
1882 5330 2039 5387 super

459 5416 828 5489 pectusipsius
850 5412 1360 5469 Salt'aloris'l-rl‘urro
1385 5412 1525 5482 quod
1551 5414 1823 5483 apostolus
1850 5413 2040 5466 Petrus

460 5513 578 5581 plus
624 5510 742 5564 aliis
791 5504 975 5563 dilexit
1015 5496 1305 5572 Christum,
1350 5515 1571 5575 possunt.
1615 5506 1828 5575 quidem
1872 5505 2039 5559 docu-

460 5611 638 5658 menta
669 5598 846 5657 multa
873 5598 1143 5670 proferri:
1172 5596 1267 5654 sed
1307 5604 1363 5651 ut
1402 5598 1553 5666 longe
1582 5597 1635 5651 in
1671 5598 1769 5650 alia
1812 5614 1915 5651 non
1946 5612 2038 5652 ea-

452 5706 599 5759 sius,
630 5688 1451 5762 ipsius-lenite:ntanil‘estationis
1480 5688 1683 5742 Domini
1712 5690 1867 5757 paulo
1890 5705 2041 5759 supe-

462 5783 609 5839 riore
654 5783 1086 5856 lectioneyqufa
1106 5784 1263 5840 istam
1300 5780 1572 5856 praecedit,
1600 5780 1728 5836 satis
1768 5779 2043 5837 evidenter

1369 341 1436 397 ιΝ
1473 340 1751 398 JOANNIS
1787 335 2258 433 EVANGELIUM,
2298 337 2354 393 S.
2397 338 2764 396 AUGUSTINI

3568 348 3695 406 1973

2094 440 2881 524 "apparet,'ubi'interrogans
2919 470 3062 522 eum,
3100 455 3253 524 dixit,
3284 456 3460 530 Diligis
3491 475 3566 514 me
3598 465 3700 533 plus

2134 542 2263 598 "liis!
2284 541 2435 613 Quod
2464 540 2660 617 utique
2703 547 2924 614 sciebat,
2966 556 3029 605 et"
3047 558 3229 607 tamen.
3258 550 3624 626 interrogabat,
3650 562 3703 616 ut

2134 634 2446 692 'etiam‘nos
2486 638 2574 708 qui
2619 638 2844 709 legimus
2870 636 3253 712 'Evangollnm,
3298 660 3531 700 amorem
3579 649 3704 706 Petri

2146 728 2269 796 erga
2312 726 2617 794 Dominum,
2649 737 2705 785 et
2743 727 2835 785 ille
2868 732 3228 803 interrogante
3265 744 3320 791 et
3366 736 3471 791 isto
3508 753 3709 808 respon-

2140 818 2306 877 dente
2330 834 2642 878 'nosscmus.
2674 823 2825 893 Quod
2853 835 3029 881 autem
3075 827 3125 881 in
3165 841 3234 882 eo
3274 829 3415 897 quod
3456 832 3712 899 respondit

2136 907 2356 976 «Petrus,
2384 912 2515 967 Amo
2539 916 2606 980 te,
2630 928 2738 969 non
2767 914 2987 982 addidit,
3030 916 3150 987 plus
3174 915 3289 981 'ltis,
3324 918 3425 973 hoc
3462 923 3714 990 respondit

2138 1002 2286 1073 quod
2323 1003 2393 1059 de
2426 1006 2605 1073 seipse
2645 1002 2863 1062 sciebat.
2903 1006 3035 1061 Non
3065 1007 3207 1063 enim
3250 1019 3504 1077 quantum
3535 1013 3600 1067 ab
3623 1013 3714 1070 alio

2134 1084 2381 1163 iquolibet
2422 1095 2736 1167 diligeretur
2774 1099 2910 1153 srirc
2965 1110 3187 1169 poterat,
3239 1102 3328 1173 qui
3374 1118 3471 1157 cor
3516 1105 3713 1160 alterius

2136 1185 2327 1241 videre
2375 1194 2482 1241 non
2520 1194 2745 1257 poterat.
2787 1188 2890 1246 Sed
2923 1198 3098 1246 tamen
3139 1194 3507 1262 superioribus
3552 1196 3712 1252 verbis

2138 1277 2391 1344 dicendo,
2427 1278 2623 1348 Etiam,
2656 1280 2960 1349 Domine,m
3003 1284 3101 1338 scis
3130 1282 3305 1353 (Joan.
3340 1300 3459 1349 ιιι,
3494 1287 3579 1351 l5,
3614 1285 3712 1359 16),

2136 1370 2273 1425 satis
2308 1379 2362 1425 et
2392 1371 2505 1440 ipse
2541 1368 2847 1439 declaravit,
2878 1374 3135 1429 scientem
3172 1374 3459 1429 Dominum
3504 1376 3717 1432 interro-

2134 1468 2297 1531 gasse
2322 1463 2462 1532 quod
2493 1465 2853 1535 interrogavit.
2884 1464 3294 1537 Sciebat-igitur
3333 1468 3593 1524 Dominus
3626 1484 3717 1524 non
3820 1466 3834 1485 '

2133 1554 2315 1607 solum
2362 1554 2502 1624 quod
2544 1555 2804 1626 diligeret,
2849 1564 3033 1611 verum
3072 1557 3229 1611 etiam
3273 1558 3415 1627 quod
3470 1560 3587 1629 plus
3628 1561 3718 1616 illis

2138 1656 2265 1699 eum
2298 1644 2542 1716 diligeret
2576 1647 2781 1701 Petrus.
2812 1647 2879 1702 Et
2906 1654 3079 1703 tamen
3110 1651 3153 1703 si
3184 1660 3551 1719 proponamus
3584 1667 3716 1722 qna:-

2142 1744 2339 1802 rentss,
2378 1738 2498 1807 quis
2533 1736 2883 1793 duorum'sitV
2906 1738 3112 1805 melior,
3158 1741 3457 1811 ntmm'qui
3502 1742 3716 1812 plus,“

2134 1828 2230 1898 qui
2251 1829 2427 1883 minus
2452 1828 2941 1901 diligithristum;
2963 1831 3081 1900 quis
3096 1830 3356 1886 dubitabit
3376 1830 3716 1901 respondere,

2138 1934 2264 1974 eum
2295 1921 2385 1990 qui
2427 1921 2549 1991 plus
2584 1921 2758 1993 diligit
2784 1936 2915 1977 esse
2945 1922 3256 1978 meliorem?
3283 1923 3414 1978 Item
3455 1925 3506 1979 si
3540 1936 3719 1995 propo-

2138 2027 2330 2067 namus
2355 2013 2476 2083 quis
2499 2013 2725 2069 duorum
2748 2016 2820 2068 sit
2846 2014 3056 2082 melior,
3097 2024 3274 2070 utrum
3320 2030 3485 2085 quem
3534 2018 3716 2084 minus,

2138 2120 2207 2161 an
2232 2120 2389 2176 quem
2421 2108 2538 2177 plus
2564 2107 2734 2179 diligit
2759 2109 3035 2175 Christus;
3064 2122 3184 2164 eum
3214 2112 3303 2179 qui
3341 2110 3463 2180 plus
3496 2110 3720 2182 diligitur

2138 2212 2171 2254 a
2212 2199 2450 2266 Christo,
2495 2202 2769 2257 meliorem
2788 2203 2997 2271 quecui
3046 2202 3213 2257 dubio
3262 2203 3719 2272 respondebimus.

2138 2288 2197 2346 In
2225 2291 2313 2346 illa
2339 2306 2466 2362 ergo
2491 2294 2889 2361 comparatione
2928 2310 3087 2365 quam
3135 2296 3280 2364 prius
3318 2298 3494 2364 posui.
3548 2297 3723 2353 Petrus

2137 2382 2362 2443 Joanni;
2391 2384 2444 2437 in
2476 2383 2575 2440 hac
2604 2396 2735 2438 vero
2761 2385 2947 2451 altera,
2987 2386 3217 2441 Joannes
3254 2388 3609 2456 anteponitur
3632 2388 3725 2443 Pe-

2139 2480 2241 2528 tro.
2272 2474 2502 2529 Proinde
2528 2475 2738 2530 tertiam
2767 2475 2848 2531 sic
2875 2477 3216 2546 proponimus
3258 2496 3272 2530 :
3313 2479 3433 2547 quis
3484 2488 3574 2533 est
3599 2479 3721 2533 duu-

2137 2576 2254 2618 rum
2284 2564 2660 2633 discipulorum
2684 2567 2914 2629 "melior,
2943 2566 3029 2636 qui
3068 2568 3243 2621 minus
3268 2583 3428 2637 quam
3458 2568 3724 2624 condisci-

2137 2654 2295 2725 pulus
2335 2656 2453 2724 ejus
2480 2654 2965 2726 diligitChristum,
2994 2666 3047 2712 et
3083 2659 3207 2729 plus
3252 2670 3411 2728 quam
3457 2658 3723 2716 condisri‘

2136 2746 2294 2816 pulua
2338 2747 2456 2816 ejus
2500 2746 2793 2818 diligitura
2818 2748 3072 2804 Christo?
3115 2764 3180 2804 an
3223 2749 3510 2821 ilie'quem
3558 2756 3723 2809 minus

2134 2853 2294 2909 quam
2324 2840 2747 2911 condiscipulum
2783 2841 2899 2912 ejus
2940 2842 3110 2913 diligit
3147 2839 3411 2910 Christus,
3439 2854 3569 2899 cum
3616 2844 3723 2916 plus

2137 2930 2251 2999 ipse
2274 2946 2433 3002 quam
2474 2947 2603 2988 suus
2638 2934 3035 3004 condiscipulus
3072 2936 3255 3007 diligat
3292 2936 3617 2994 Christum?
3641 2940 3725 2996 llic

2135 3024 2293 3093 plane
2316 3034 2593 3080 cunctatur
2620 3028 2916 3095 responsio,
2944 3036 2999 3083 et
3014 3038 3243 3098 augetur
3279 3031 3529 3100 qtta‘slin.
3548 3032 3727 3101 Quan-

2136 3123 2246 3169 tum
2272 3124 2451 3170 autem
2481 3116 2592 3186 ipse
2611 3117 2782 3188 sapio,
2807 3119 3081 3173 meliorem
3108 3121 3198 3188 qui
3226 3121 3345 3188 plus
3375 3121 3555 3192 diligit
3578 3121 3727 3177 ειη-ἱ-

2135 3212 2298 3271 stum,
2326 3206 2614 3261 feliciorem
2635 3220 2762 3262 vero
2781 3223 2936 3278 quem
2960 3208 3078 3276 plus
3099 3210 3266 3280 diligit
3284 3209 3553 3276 Christus,
3576 3211 3725 3267 facile

2134 3296 2549 3366 responderem;
2580 3299 2626 3352 si
2662 3298 2919 3368 justitiam
2964 3299 3290 3355 Liberatoris
3338 3303 3508 3355 nostri
3552 3303 3725 3358 minus

2134 3398 2257 3444 eum
2281 3387 2551 3455 diligentis
2575 3404 2607 3445 a
2630 3404 2737 3460 quo
2766 3391 2883 3459 plus
2902 3390 3155 3460 diligitur,
3183 3401 3238 3445 et
3261 3402 3386 3446 eum
3416 3393 3540 3461 plus
3561 3408 3593 3447 a
3620 3406 3724 3461 quo

2132 3480 2311 3536 minus
2338 3481 2606 3551 diligitur,
2637 3480 3081 3553 quemadmodum
3123 3482 3505 3551 defenderem,
3543 3485 3723 3555 pervi-

2133 3564 2336 3629 dorem.

2170 3712 2175 3717 .
2205 3667 2257 3721 5.
2303 3666 2591 3737 Aggrediar
2618 3667 2775 3738 igitur
2802 3669 2855 3722 in
2881 3667 2997 3738 ejus
3022 3664 3300 3723 manifesta
3327 3669 3717 3735 misericordia,

2132 3759 2286 3827 cujus
2307 3767 2390 3813 est
2416 3761 2620 3814 occulta
2646 3760 2877 3829 justitia,
2907 3760 3247 3816 dc‘solvenda
3285 3763 3588 3832 quaestione
3616 3771 3720 3817 tam

2133 3851 2371 3920 ingenti,
2399 3866 2492 3919 pro
2520 3851 2721 3905 viribus
2743 3867 2876 3922 quas
2904 3852 3016 3922 ipse
3054 3852 3361 3918 donaverit,
3401 3853 3679 3924 disputare
3702 3871 3717 3905 ε

2134 3942 2407 4012 Iussusque
2448 3943 2589 3998 enim
2632 3945 2898 4011 proposita
2928 3951 3043 4009 est,
3087 3959 3193 3998 non
3222 3947 3484 4014 exposita.
3538 3946 3721 4015 Exp0-‘

2134 4034 2321 4090 nenda:
2351 4049 2478 4089 vero
2505 4035 2623 4103 ejus
2644 4036 2749 4090 hoc
2766 4037 2836 4089 sit
2863 4035 3171 4099 exordium;
3220 4045 3277 4090 ut
3319 4038 3721 4091 meminerimus

2132 4126 2186 4181 in
2231 4125 2331 4180 hoc
2377 4126 2706 4196 corruptibili
2745 4142 2968 4196 corpore
3015 4129 3155 4197 quod
3195 4136 3443 4197 aggravat
3486 4129 3721 4183 animum

2138 4216 2291 4289 (Sap.
2320 4233 2414 4283 ix,
2446 4215 2572 4290 15),
2611 4218 2776 4273 vitam
2819 4232 2916 4271 nos
2961 4218 3209 4275 miseram
3252 4217 3452 4273 vivere.
3499 4218 3602 4274 Sed
3626 4220 3712 4287 qui

2130 4310 2241 4382 jam
2282 4311 2542 4375 redempti
2589 4325 2684 4380 per
2727 4309 3067 4364 Mediatorem
3115 4325 3336 4390 sumus,
3363 4318 3417 4364 et
3460 4310 3715 4390 Spiritum

2135 4396 2376 4459 sanctum
2422 4406 2605 4475 pignus
2634 4404 2968 4475 accepimus,
2994 4403 3199 4458 beatam
3227 4386 3385 4459 vitam
3414 4406 3466 4458 in
3499 4421 3593 4474 spe
3620 4386 3710 4459 ita?

2136 4496 2349 4562 bemus,
2380 4497 2478 4552 etsi
2522 4513 2581 4551 re
2626 4497 2738 4566 ipsa
2785 4496 3019 4550 nondum
3070 4506 3332 4550 tenemus.
3378 4495 3517 4565 Spes
3538 4507 3709 4575 autem

2136 4603 2254 4658 qua:
2294 4587 2518 4653 videtur,
2551 4602 2654 4642 non
2700 4597 2782 4641 est
2807 4601 2930 4658 spes
2967 4587 3147 4665 :quod
3187 4589 3328 4641 enim
3372 4588 3521 4642 videt
3565 4589 3706 4659 quis.

2138 4680 2259 4752 quid
2286 4680 2499 4752 sperat?
2534 4680 2589 4737 Si
2624 4690 2796 4735 autem
2823 4681 2961 4751 quod
2994 4697 3096 4733 non
3126 4681 3367 4734 videmus
3408 4697 3707 4749 speramus,

2139 4785 2234 4842 per
2277 4772 2579 4841 patientiam
2626 4780 2990 4841 eXSpectamus
3038 4768 3212 4841 (Rom.
3244 4787 3335 4824 Vill
3357 4812 3371 4832 ,
3400 4771 3492 4836 24,
3517 4772 3626 4839 23).
3656 4767 3705 4823 in

2139 4866 2294 4921 malis
2323 4873 2495 4919 autem
2517 4865 2878 4936 qum‘quiSque
2900 4865 3115 4935 patitur,
3144 4880 3245 4916 non
3276 4864 3326 4916 in
3352 4858 3510 4918 bonis
3534 4863 3708 4933 quibus

2140 4957 2346 5017 lmitur,
2383 4971 2517 5026 opus
2545 4965 2625 5011 est
2653 4955 2923 5025 patientia.
2966 4954 3109 5008 lianc
3139 4955 3315 5024 itaque
3341 4955 3502 5008 vitam
3529 4955 3595 5008 de
3620 4966 3702 5021 qua

2141 5048 2393 5118 scriptum
2422 5056 2532 5113 est,
2588 5045 2851 5115 Numquid
2887 5063 2986 5099 non
3032 5047 3235 5098 tentorio
3256 5055 3326 5097 est
3358 5046 3458 5099 vita
3504 5048 3704 5097 humanm

2141 5150 2292 5207 super
2321 5142 2502 5190 terram
2536 5135 2653 5209 (Job
2707 5153 2774 5191 νη
2796 5179 2808 5198 ,
2840 5134 2891 5207 l)
2915 5136 2939 5189 ξ’
2967 5137 3017 5191 in
3044 5150 3141 5204 qua
3173 5126 3411 5203 quotidie
3433 5134 3703 5188 clamanms

2141 5229 2209 5284 ad
2239 5227 2548 5293 Dominum,
2583 5226 2761 5281 Libera
2788 5244 2877 5281 nos
2902 5245 2931 5281 a
2959 5228 3091 5280 malo
3120 5225 3334 5295 (Matth.
3369 5242 3444 5289 vr,
3477 5225 3595 5294 13),
3625 5219 3700 5275 ὶοο

2142 5323 2282 5392 gitur
2306 5321 2466 5375 homo
2492 5321 2715 5376 tolerare
2735 5321 2893 5376 etiam
2923 5321 3158 5375 remissis
3187 5318 3412 5389 peccatis
3441 5337 3459 5391 ς
3486 5312 3701 5388 (ιιιιηηνίςι

2143 5423 2200 5468 ut
2226 5416 2277 5469 in
2308 5428 2423 5468 eam
2448 5414 2652 5467 veniret
2680 5412 2965 5471 miseriam,
2992 5412 3215 5480 primum
3239 5408 3395 5464 fuerit
3422 5416 3578 5463 causa
3603 5418 3681 5475 pec

2145 5512 2343 5559 catum.
2390 5503 2702 5558 Productior
2739 5514 2819 5558 est
2860 5502 3001 5558 enim
3052 5516 3204 5571 poena
3228 5510 3387 5571 quam
3423 5497 3605 5582 culpa;
3646 5504 3697 5544 ne

2146 5612 2305 5667 parva
2334 5605 2603 5667 putaretur
2629 5594 2781 5666 culpa
2801 5638 2814 5659 .
2843 5596 2887 5652 si
2916 5610 3035 5650 cum
3070 5595 3158 5649 illa
3199 5595 3436 5649 ﬁniretur
3463 5602 3513 5647 et
3540 5604 3692 5660 prem.

2148 5690 2224 5745 Ac
2254 5703 2349 5757 per
2375 5687 2477 5743 hoc
2500 5687 2584 5743 vel
2611 5688 2676 5743 ad
2702 5688 3209 5744 demonstrationem
3238 5686 3426 5763 debita:
3460 5683 3688 5740 miseria}.

2151 5780 2239 5837 vel
2261 5779 2328 5835 ad
2348 5780 2769 5837 emendationem
2805 5780 2981 5839 labilis
3004 5782 3154 5861 vitae,
3176 5776 3264 5835 vel
3287 5775 3355 5834 ad
3385 5769 3688 5834 exercitatior
