3994 6366
290 235 419 296 1973

290 364 402 407 nem
428 338 746 402 necessariae
774 330 1062 406 patientire,
1090 321 1452 394 temporaliter
1479 314 1749 370 hominem
1775 308 1867 364 de-
1903 295 1906 298 ”

292 443 414 498 tinet
451 449 604 509 pruna
630 437 687 485 et
715 403 872 498 quem
911 423 1019 494 jam
1062 418 1126 473 ad
1165 403 1562 472 damnationem
1589 404 1870 474 sempiter-

296 553 406 594 nam
423 511 564 588 reum
586 509 690 582 non
708 523 912 578 detinet
934 509 1107 584 culpa.
1131 513 1256 566 Haec
1281 499 1374 564 est
1391 495 1610 580 i'storuiii
1641 497 1866 575 dierum,

298 643 419 706 quos
452 627 498 679 in
539 622 636 675 hac
686 613 1005 672 mortalitate
1039 607 1242 678 agimus
1292 586 1769 706 malos,'quiamvis
1815 585 1868 642 in

920 704 948 706 κθ
1061 700 1072 706 ·
1296 692 1325 706 ι-
1419 687 1434 706 ι
1502 681 1699 706 ---τ...-;..
1772 677 1860 706 ,υηι

300 671 353 778 ἓίι
381 720 650 786 diligamus
679 709 864 764 videre
901 704 1015 757 dies
1061 700 1227 752 bonos
1247 737 1260 758 ,
1294 687 1464 746 ﬂenda
1492 671 1701 757 quidem
1723 724 1737 749 ,
1772 677 1864 733 sed

301 767 353 778 -_
383 767 528 786 ---Ὃν

301 830 397 869 ιιοιι
437 799 865 877 reprehendenda
896 781 1148 850 conditio.
1182 787 1337 841 Venit
1362 780 1501 835 enim
1540 777 1607 833 de
1650 775 1724 828 ira
1771 767 1870 825 Dei

288 906 430 975 juSIa
449 943 464 966 ,
491 899 555 952 de
578 911 678 964 qua
705 889 976 956 Scriptura
1004 884 1257 951 loquens,
1294 873 1478 932 Homo,
1513 861 1698 936 inquit,
1728 861 1872 915 natus

1149 969 1158 975 ‘
1328 967 1338 975 ·
1454 959 1467 975 ι
1511 957 1526 975 ι
1570 958 1581 975 ο
1777 952 1824 975 ιι
1857 971 1868 975 -

289 952 359 1062 :21:
383 992 604 1051 muliere,
636 983 794 1038 brevis
833 980 974 1042 vitaz,
1019 984 1064 1026 et
1106 969 1281 1037 plenus
1322 967 1411 1018 ira:
1449 959 1467 1032 (
1495 957 1592 1012 Job
1624 971 1710 1010 xw
1731 996 1744 1017 ,
1775 952 1825 1022 1)
1856 971 1868 1005 :

296 1057 409 1144 cum
457 1063 531 1137 ira
578 1077 672 1132 Dei
727 1089 834 1128 non
885 1069 953 1123 sit
984 1076 1037 1120 ut
1081 1061 1339 1123 hominis,
1367 1055 1414 1109 id
1444 1063 1523 1106 cst
1552 1043 1873 1119 perturbatio

293 1173 530 1236 mincitati
559 1168 758 1232 animi,
781 1163 871 1218 sed
905 1155 1184 1227 tranquilla
1204 1149 1330 1220 justi
1356 1143 1593 1214 supplicii
1621 1137 1875 1192 constitu-

285 1273 378 1338 _tio.
409 1269 463 1322 In
491 1266 590 1318 hac
614 1263 690 1314 ira
715 1272 809 1312 sua
836 1254 975 1308 Deus
999 1265 1103 1303 non
1134 1245 1436 1301 continens,
1461 1236 1594 1288 sicut
1619 1221 1876 1296 scriptum

661 1335 664 1338 .
1412 1324 1487 1338 ,Μ
1714 1334 1753 1338 r_
1778 1317 1872 1338 Ann

293 1369 395 1424 est,
422 1335 800 1412 miserationes
823 1357 944 1398 suas
972 1338 1138 1410 (Psat.
1171 1346 1371 1389 Lxxvt,
1406 1324 1492 1394 10)
1515 1366 1529 1390 ,
1560 1329 1753 1391 ριωιυι·
1776 1317 1876 1369 alia

293 1451 474 1509 solatia
524 1445 846 1500 miserorum
886 1448 1003 1503 qtue
1042 1425 1222 1499 generi
1250 1423 1479 1474 humano
1511 1411 1748 1483 pra'berc
1774 1422 1879 1460 non

292 1521 494 1602 cessat,
519 1537 574 1590 in
611 1527 935 1602 plenitudine
961 1517 1220 1588 temporis
1239 1554 1255 1580 ,
1285 1525 1390 1582 quo
1418 1509 1531 1576 ipse
1559 1502 1758 1557 sciebat
1782 1499 1882 1552 hoc

295 1649 407 1692 esse
432 1589 762 1685 faciendum,
787 1619 930 1673 misit
951 1615 1138 1668 Filium
1165 1621 1315 1661 suum
1339 1598 1659 1670 unigenitum
1688 1589 1880 1664 (Colat.

298 1745 367 1795 Iv,
396 1724 484 1797 4),
518 1737 618 1792 per
642 1729 801 1787 quem
831 1709 1030 1766 creavit
1060 1704 1304 1756 universa
1329 1738 1344 1761 ,
1387 1703 1445 1747 ut
1484 1702 1704 1744 manens
1741 1682 1886 1737 Deus

1230 1791 1256 1797 -_
1309 1789 1319 1797 .
1387 1782 1441 1797 ,.
1557 1781 1566 1790 .
1728 1775 1884 1797 LM“

301 1775 449 1874 lierei
475 1775 659 1874 homo,
691 1817 745 1861 et
769 1810 910 1860 esset
938 1797 1196 1853 mediator
1230 1789 1319 1843 Dei
1349 1796 1399 1839 et
1427 1781 1698 1836 hominum
1728 1775 1887 1828 homo

297 1911 540 1968 Christus
560 1904 716 1958 Jesus
746 1898 786 1968 (1
816 1895 946 1949 Tim.
972 1907 1006 1945 ιι
1027 1933 1039 1953 ,
1073 1887 1130 1957 5)
1164 1905 1177 1939 :
1207 1885 1258 1938 in
1291 1894 1444 1950 quem
1470 1875 1771 1934 credentes,
1797 1881 1890 1937 per

299 2003 562 2056 lavacrum
595 1983 1009 2059 regenerationis
1034 1979 1207 2032 soluto
1244 1980 1389 2026 reatu
1427 1965 1660 2020 omnium
1694 1973 1887 2029 pecca-

300 2103 504 2152 torum,
530 2095 581 2140 et
607 2077 877 2149 originalis
914 2070 1160 2125 videlicet.
1201 2061 1338 2133 quod
1383 2054 1662 2127 generatio
1690 2049 1890 2110 trahit,

299 2192 488 2238 contra
513 2191 671 2247 quam
702 2169 927 2224 maxime
951 2157 1278 2230 rcgeneratio
1309 2161 1389 2206 est
1412 2149 1644 2203 instituta
1668 2185 1678 2204 ,
1713 2151 1764 2194 et
1791 2155 1896 2192 ca:-

303 2286 542 2330 terorum
569 2282 688 2338 qua:
714 2263 850 2318 male
878 2253 1080 2325 agendo
1105 2255 1376 2306 contracta
1411 2248 1535 2294 sunt
1554 2281 1568 2301 ,
1599 2236 1894 2289 liberaren—

304 2375 396 2421 tur
422 2382 450 2417 ιι
476 2326 814 2416 damnatione
843 2355 1093 2420 perpetua
1112 2384 1126 2407 ,
1166 2347 1219 2394 ct
1255 2335 1491 2390 viverent
1516 2327 1566 2381 in
1597 2326 1697 2378 lide
1722 2332 1774 2376 et
1803 2335 1899 2388 Spe

303 2467 356 2512 et
395 2453 689 2510 charitate,
733 2438 1129 2514 peregrinantes
1170 2431 1220 2484 in
1264 2426 1366 2480 hoc
1407 2419 1633 2484 smculo,
1663 2424 1818 2483 atque
1847 2411 1898 2464 in

306 2551 428 2621 ejus
470 2538 846 2600 tentationibns
889 2526 1169 2585 labdriosis
1198 2531 1250 2574 et
1276 2513 1585 2589 periculosis
1605 2553 1619 2573 ,
1651 2503 1900 2562 consola-

1380 2619 1387 2621 _
1479 2608 1489 2617 .
1635 2601 1768 2621 ,πη-Α
1794 2611 1873 2621 Μ

309 2601 551 2697 tionibus
571 2641 744 2686 autem
767 2625 860 2680 Dei
886 2632 938 2677 et
959 2613 1323 2688 corporalibus
1343 2619 1395 2662 et
1414 2601 1771 2676 Spiritnalibns
1793 2611 1904 2649 am-

309 2733 566 2790 bularent
608 2723 674 2777 ad
718 2724 1057 2786 conspectum
1088 2708 1236 2778 ejus,
1282 2703 1419 2755 viam
1464 2704 1732 2756 tenentes,
1764 2687 1904 2758 quod

311 2826 390 2880 eis
429 2821 604 2876 factus
628 2824 708 2869 est
730 2783 990 2866 Christus.
1023 2803 1086 2856 Et
1109 2799 1228 2871 quia
1264 2797 1315 2849 in
1347 2795 1463 2863 ipso
1491 2802 1698 2858 quoque
1724 2783 1907 2837 amhu—

309 2917 493 2973 lantes
525 2924 629 2964 non
659 2912 779 2960 sunt
817 2899 930 2954 sine
966 2892 1194 2966 peccatis
1215 2931 1228 2953 ,
1253 2901 1369 2957 qtue
1399 2884 1464 2937 de
1493 2879 1648 2949 hujus
1677 2877 1796 2930 vitm
1825 2875 1908 2926 in-

311 3007 576 3063 ﬁrmitate
619 2997 944 3063 subrepunt,
992 2985 1134 3040 dedit
1175 2983 1630 3048 eleemosynarinn
1676 2965 1910 3023 remedia

312 3093 605 3157 salmaria,
630 3088 822 3160 quibus
864 3094 1046 3135 eorum
1090 3074 1426 3142 adjovarctur
1471 3063 1667 3122 oratio,
1702 3060 1786 3112 ubi
1813 3072 1908 3110 eos

314 3190 508 3244 dicere
534 3156 712 3236 docuit
730 3218 745 3240 ,
777 3173 980 3227 Dimitte
1002 3166 1140 3221 nobis
1167 3161 1330 3215 debita
1360 3165 1529 3211 nostra
1547 3195 1562 3219 ,
1592 3156 1718 3205 sicut
1746 3159 1790 3201 et
1821 3163 1912 3199 nos

316 3277 628 3334 dimittimus
653 3267 951 3323 dtbitoribus
980 3258 1157 3313 uestris
1189 3250 1394 3324 (Matth.
1421 3264 1502 3310 v1,
1541 3244 1643 3313 12).
1673 3241 1782 3293 Hoc
1807 3237 1916 3307 agit

319 3369 568 3428 ECCIBSitI
598 3381 689 3435 spe
720 3363 868 3416 beata
896 3356 947 3410 in
978 3355 1075 3407 hac
1107 3350 1207 3402 vita
1237 3355 1532 3399 aerumnosa
1567 3355 1579 3389 :
1613 3335 1762 3402 cujus
1805 3331 1910 3384 Ec-

321 3465 510 3521 clesiae
540 3460 725 3514 Petrus
748 3448 1016 3523 apostolus
1037 3485 1050 3508 ,
1084 3451 1301 3512 propter
1333 3432 1670 3504 Apostolatus
1700 3427 1776 3478 sui
1807 3423 1916 3492 pri—

321 3565 558 3617 matnm,
583 3548 800 3620 gerebat
835 3541 1050 3611 ﬁgurata
1076 3529 1418 3603 generalitate
1447 3533 1744 3594 personam.
1767 3512 1918 3582 Quod

326 3649 478 3704 enim
531 3641 598 3695 ad
645 3643 814 3707 ipsum
860 3629 1071 3702 proprie
1101 3623 1358 3693 pertinet.
1393 3624 1577 3668 natura
1606 3622 1738 3662 unus
1765 3605 1923 3657 homo

328 3751 483 3801 erat,
534 3731 700 3803 gratia
746 3738 881 3780 unus
926 3717 1279 3777 christianos,
1331 3703 1713 3761 abundantiore
1758 3695 1926 3766 gratia

331 3845 476 3886 unus
519 3825 766 3889 idemque
813 3816 1012 3885 primus
1056 3803 1372 3876 apostolus:
1407 3797 1496 3850 sed
1537 3791 1745 3864 quando
1771 3788 1818 3843 ei
1845 3786 1926 3840 di-

333 3935 484 3981 ctum
518 3925 631 3982 est,
683 3878 960 3966 iTibi-dubo
1003 3905 1163 3956 claves
1209 3896 1346 3967 regni
1384 3892 1654 3964 cwlorum,
1700 3893 1745 3935 ct
1771 3878 1930 3946 quod-

336 4026 559 4083 cumque
588 4003 819 4076 ligaveris
847 4012 994 4067 super
1017 4003 1199 4047 terram
1220 4029 1233 4051 ,
1261 3985 1352 4040 erit
1381 3980 1589 4053 ligatum
1617 3987 1660 4028 ct
1683 3975 1735 4026 in
1762 3971 1930 4030 caelis;

340 4061 524 4083 '"""I"
541 4061 548 4062 ’
626 4061 651 4076 ιι
909 4061 918 4067 .

340 4119 384 4162 et
413 4102 770 4176 quodcumque
789 4089 992 4148 solveris
1020 4100 1170 4153 super
1191 4093 1372 4132 terram
1394 4117 1408 4140 ,
1446 4072 1537 4126 erit
1563 4068 1781 4122 solutum
1811 4073 1854 4115 et
1883 4061 1936 4112 in

1261 4169 1296 4176 "‘
1369 4168 1379 4176 ‘
1449 4166 1456 4174 '
1671 4175 1676 4176 γ
1757 4156 1767 4176 2
1793 4174 1800 4176 μ
1839 4153 1936 4176 1.,ιι-

343 4153 384 4162 ’⁷
413 4153 576 4176 Ἰ’“’⁷““
690 4153 700 4166 ι

343 4199 490 4255 εωιὶδ
510 4237 526 4262 ,
572 4191 872 4247 universam
905 4175 1234 4250 signiﬁcabat
1261 4166 1549 4223 Ecclesium
1569 4203 1582 4224 ,
1613 4175 1728 4228 qum
1757 4156 1806 4208 in
1839 4153 1939 4204 hoc

348 4292 556 4349 saeculo
601 4282 826 4338 diversis
871 4267 1245 4329 tentationibus
1275 4262 1418 4314 velut
1449 4251 1730 4314 imbribus,
1764 4244 1938 4298 ﬂumi-

353 4387 513 4440 nibus
535 4422 550 4447 ,
583 4371 978 4443 tempestatibus
1001 4363 1249 4434 quatitur,
1281 4363 1335 4410 et
1361 4367 1464 4405 non
1491 4347 1664 4410 cadit,
1693 4340 1940 4412 quoniam

358 4446 576 4532 liuidata
607 4476 690 4523 est
717 4478 876 4533 super
908 4469 1139 4528 petram.
1170 4450 1306 4505 unde
1334 4446 1521 4501 Petrus
1560 4452 1754 4492 nomen
1790 4447 1946 4486 acce-

361 4572 459 4640 pit.
482 4565 598 4621 Non
626 4561 765 4615 enim
795 4573 820 4608 a
855 4555 1009 4607 Petro
1033 4554 1200 4617 petra,
1227 4542 1316 4596 sed
1347 4539 1532 4593 Petrus
1552 4548 1582 4588 a
1610 4541 1791 4600 petra;
1815 4527 1952 4580 sicut

1281 4633 1291 4640 ⁵
1370 4629 1382 4640 “
1438 4629 1445 4638 ’
1485 4625 1518 4640 ’⁸
1636 4637 1651 4640 -
1687 4636 1703 4640 -
1741 4617 1863 4640 l‘|-_2
1901 4626 1950 4640 ΙΑ

367 4617 470 4714 iion
504 4655 748 4710 Christus
776 4662 805 4700 a
834 4640 1158 4700 christiano,
1203 4633 1293 4687 sed
1338 4625 1655 4683 christianos
1683 4636 1712 4672 a
1740 4617 1952 4673 Christo

367 4758 607 4806 vocatur.
643 4743 763 4797 Ideo
785 4739 978 4807 quippe
1004 4732 1078 4786 ait
1104 4726 1354 4782 Dominus
1375 4764 1389 4787 ,
1420 4721 1584 4787 Super
1609 4718 1737 4768 hanc
1763 4721 1954 4783 petram

373 4837 640 4911 mlificubo
673 4830 946 4886 Ecclesium
971 4839 1151 4882 meum,
1182 4817 1300 4887 quia
1330 4815 1533 4866 ιιιχιιντιι
1562 4808 1780 4869 Petrus,
1807 4801 1887 4854 Tu
1906 4816 1958 4852 es

1608 4897 1640 4911 η
1825 4893 1957 4911 ,πη

374 4893 605 4992 Christus
641 4927 800 4980 Filius
829 4920 919 4973 Dei
949 4917 1043 4970 vivi
1071 4912 1178 4986 (1d.
1204 4925 1322 4973 xvi,
1356 4903 1562 4969 iti-l9)-
1608 4897 1779 4966 Super
1825 4893 1961 4945 hanc

377 5041 541 5096 ergo,
573 5019 780 5091 inquit,
817 5024 1020 5083 petram
1066 5018 1222 5075 quam
1268 4997 1539 5052 confessus
1567 5005 1656 5054 es,
1689 4982 1961 5040 aediﬁcabo

1192 5094 1200 5096 ς
1432 5085 1482 5096 η.
1537 5086 1594 5096 ._
1697 5077 1733 5096 ,.
1766 5075 1861 5096 μω
1904 5089 1936 5096 _

386 5075 680 5172 lic‘clcsiam
706 5120 898 5162 meam.
935 5102 1084 5154 Pctra
1117 5094 1258 5149 enim
1287 5099 1399 5143 erat
1427 5085 1667 5140 Christus
1694 5077 1737 5142 (l
1764 5075 1880 5129 Cor.
1904 5089 1960 5138 ιι,

385 5211 441 5278 4)
478 5227 489 5260 :
522 5220 679 5274 super
704 5197 845 5270 quod
887 5191 1284 5248 fundamentum
1336 5181 1492 5232 etiam
1543 5177 1654 5242 ipse
1680 5169 1967 5224 :rdilicalns

389 5262 473 5355 εξι
513 5262 738 5351 Petrus.-
769 5285 1188 5342 Fundatncntum
1226 5272 1419 5341 quippe
1448 5265 1585 5320 aliud
1614 5275 1768 5315 nemo
1800 5262 1973 5325 potest

396 5404 594 5459 poture
625 5391 814 5453 praeter
840 5378 887 5431 id
913 5373 1052 5445 quod
1082 5368 1306 5439 positum
1333 5370 1432 5424 est,
1462 5354 1600 5426 quod
1626 5361 1708 5408 est
1733 5349 1974 5404 Christus

393 5440 554 5538 iesus
603 5440 715 5548 (id.
743 5487 832 5537 ιιι,
874 5440 987 5539 il).
1033 5458 1266 5518 Ecclesia
1310 5469 1436 5522 ergo
1480 5463 1597 5519 qua:
1640 5445 1885 5498 fundatur
1923 5440 1976 5492 in

401 5533 642 5634 Christo,
665 5565 844 5620 claves
860 5559 927 5614 ab
944 5533 1010 5612 co
1037 5553 1182 5624 regni
1206 5547 1461 5604 caelorum
1493 5538 1694 5606 accepit
1720 5536 1770 5587 in
1797 5533 1974 5593 Petro,

1172 5635 1518 5711 solvendiQue
1547 5636 1779 5702 peccata.
1827 5621 1980 5692 Quod

1325 196 1737 262 TRACTATUS
1770 193 2006 253 CXXIV.
2047 194 2273 252 CAPUT
2310 193 2457 248 XXI.

3413 187 3554 243 1974

1975 316 2058 365 est
2098 307 2238 360 enim
2283 295 2789 389 per-proprietatem
2815 304 2870 359 in
2895 291 3108 359 Christo
3149 301 3420 363 Ecclesia,
3450 300 3555 355 hoc

1967 401 2057 486 fest
2083 413 2176 468 per
2196 385 2628 464 signiﬁcationem
2660 395 2846 448 Petrus
2872 395 2922 447 in
2953 393 3131 461 petra;
3156 397 3254 460 qua
3283 391 3553 457 significa-

1968 483 2120 576 tione
2145 487 2452 556 intelligitur
2473 483 2717 541 Christus
2743 493 2910 553 petra,
2935 484 3123 538 Petrus
3149 481 3406 535 Ecclesia.
3432 481 3557 535 llaec

1977 573 2135 653 igitur
2159 579 2392 635 Ecclesia
2422 595 2576 650 quam
2608 575 2931 648 Signiﬁcalmt
2956 575 3160 636 Petrus,
3188 573 3433 644 qualiiiiiu
3459 573 3556 626 de:-

1976 674 2125 745 git'in
2155 673 2305 728 malis
2324 715 2338 738 ,
2369 672 2594 726 amando
2618 661 3257 740 et‘sequendo'Christum
3301 667 3556 721 liberatur

1975 762 2208 820 a'malis.
2259 761 2624 835 Magis‘antem
2661 749 2899 831 sequitur
2927 759 2978 814 iti
3010 760 3088 812 eis
3112 757 3432 829 qtii'c‘ei‘tant
3463 769 3560 824 pro

1978 858 2201 911 verilate
2239 872 2404 927 usque
2445 856 2510 910 ad
2552 866 2796 908 mortem.
2842 844 3558 914 Seduniversitati-dicitur,

1977 948 2201 1013 Sequere
2226 964 2319 1010 me,
2348 963 2440 1016 pro
2466 961 2566 1014 qua
2598 944 2938 998 universitate
2966 945 3153 1011 passus
3173 949 3253 993 est
3275 938 3518 991 Christus
3542 943 3559 992 't

1979 1037 2045 1093 de
2071 1053 2175 1108 quo
2200 1038 2327 1091 dicit
2370 1039 2506 1091 idem
2553 1037 2767 1099 Petrus,
2798 1035 3024 1088 Christus
3068 1039 3158 1103 pro
3197 1031 3561 1098 nobispass‘tu

1981 1133 2085 1196 est,
2120 1130 2400 1199 relinquens
2443 1129 2582 1182 nobis
2625 1128 2903 1197 exemplum
2926 1129 3023 1189 ,'ut
3049 1131 3317 1192 sequamur
3355 1123 3563 1190 vestigia

1981 1222 2090 1292 ejus
2119 1222 2159 1293 (l
2191 1222 2329 1275 Petr.
2356 1237 2411 1280 ιι,
2439 1219 2549 1292 21).
2585 1219 2723 1274 Ecce
2747 1225 2962 1288 propter
2989 1218 3203 1287 quod-ei
3236 1217 3432 1269 dictum
3456 1223 3561 1281 est;

1983 1311 2205 1382 Sequere
2227 1329 2320 1366 me.
2367 1301 2458 1365 Est
2483 1321 2658 1364 autem
2694 1311 2793 1364 alia
2820 1311 2926 1363 vita
2942 1309 3256 1362 immortalis
3277 1350 3289 1370 ,
3313 1317 3428 1374 quae
3455 1315 3562 1358 non

1986 1404 2136 1456 estin
2168 1403 2318 1454 malis
2349 1420 2361 1453 :
2397 1402 2469 1454 ibi
2493 1401 2624 1454 facie
2653 1400 2716 1454 ad
2743 1400 2930 1454 ﬁiciem
2955 1399 3279 1460 videbimus,
3307 1395 3563 1464 quod-hie

1987 1508 2084 1562 per
2103 1495 2374 1562 speculum
2396 1501 2448 1546 et
2473 1493 2523 1545 in
2552 1492 2828 1562 aznigmate
2851 1491 3056 1544 videtur
3085 1489 3130 1559 (Ι
3158 1488 3275 1543 Cor.
3306 1503 3421 1547 xm,
3450 1486 3561 1556 19),

1988 1585 2198 1653 quando
2219 1585 2450 1636 multum
2495 1584 2546 1636 in
2595 1581 2964 1650 entispicic't‘ida
3009 1580 3230 1634 veritate
3269 1577 3562 1646 proiicituri

1991 1675 2130 1729 Duas
2176 1677 2352 1744 itaque
2393 1676 2524 1727 vitas
2549 1674 2663 1727 iiibi
2690 1673 2956 1727 divinitus
3001 1671 3306 1738 praedicatus
3329 1679 3381 1721 et
3407 1679 3562 1719 coms
3637 1689 3649 1701 ο

1991 1767 2266 1820 mendatas
2292 1764 2693 1819 novit’Eccle'sia
2715 1767 3088 1832 ,1qtturttm'cSt
3118 1775 3217 1811 una
3245 1759 3294 1810 in
3325 1757 3424 1810 Iidc
3445 1746 3568 1820 ,~-al-

1994 1863 2106 1912 tera
2136 1858 2190 1910 in
2217 1858 2392 1925 specie
2410 1865 2434 1919 ξ·
2455 1870 2555 1909 una
2580 1856 2900 1921 iute‘ntpore
2928 1849 3381 1919 peregrinationis,
3403 1847 3569 1899 altera

1995 1949 2049 2003 in
2077 1951 2372 2002 aeternitate
2399 1948 2721 2009 mansionis;
2755 1957 2856 1998 una
2889 1945 2939 1996 in
2968 1943 3146 1995 labore
3167 1982 3180 2004 ,
3212 1940 3373 1991 altera
3409 1938 3459 1988 in
3489 1952 3573 1988 re-

1997 2042 2147 2108 quie;
2196 2056 2297 2091 una
2324 2040 2376 2091 in
2405 2039 2483 2091 via
2506 2081 2520 2103 ,
2547 2038 2710 2091 altera
2739 2035 2788 2088 in
2818 2035 3018 2104 patria;
3067 2045 3168 2083 una
3213 2030 3264 2082 in
3292 2041 3454 2096 opere
3481 2040 3571 2078 ac-

1998 2132 2191 2194 tionis,
2221 2131 2394 2183 altera.
2434 2131 2482 2182 in
2536 2128 2779 2182 mercede
2820 2123 3312 2192 contemplationis;
3348 2136 3446 2172 una
3475 2117 3575 2172 de-

1999 2225 2160 2278 elinat
2185 2238 2211 2275 a
2241 2223 2380 2275 malo
2408 2229 2460 2275 et
2489 2219 2611 2273 facit
2640 2220 2831 2272 bonum
2853 2257 2868 2280 ,
2912 2215 3076 2269 altera
3122 2215 3320 2266 nullum
3362 2210 3517 2261 habet
3548 2221 3578 2261 a

2001 2329 2108 2388 quo
2135 2317 2365 2371 declinet
2393 2315 2587 2367 malum
2613 2355 2625 2373 ,
2657 2323 2711 2365 et
2740 2319 2984 2379 magnum
3033 2307 3193 2361 habet
3236 2318 3342 2372 quo
3381 2304 3581 2356 fruatur

2003 2409 2230 2469 bonum;
2280 2420 2378 2458 una
2422 2420 2541 2458 cum
2591 2402 2741 2455 hoste
2791 2407 3018 2468 pugnat,
3063 2397 3230 2449 altera
3273 2395 3386 2447 sine
3430 2393 3584 2446 hoste

2005 2509 2222 2568 regnat;
2265 2513 2368 2550 una
2405 2494 2553 2548 fortis
2577 2501 2660 2546 est
2683 2493 2732 2544 in
2762 2490 3030 2552 adversis,
3059 2487 3223 2540 altera
3265 2483 3396 2536 nihil
3424 2480 3586 2538 sentit

2003 2590 2242 2653 adversi;
2275 2602 2374 2641 una
2401 2585 2639 2640 carnales
2665 2582 2907 2640 libidines
2934 2581 3118 2640 frenat,
3149 2576 3309 2628 altera
3337 2573 3583 2638 Spiritus-

2009 2683 2150 2738 libus
2168 2677 2608 2737 delectationibus
2628 2683 2808 2735 vacat;
2833 2688 2936 2726 una
2959 2681 3038 2724 est
3059 2665 3300 2721 vincendi
3323 2680 3444 2718 cura
3474 2662 3583 2717 sol-

2005 2776 2186 2839 iicita,
2219 2775 2381 2826 altera
2411 2769 2646 2823 victorian
2675 2781 2804 2835 pace
2827 2771 3048 2824 scitura;
3079 2774 3178 2813 una
3207 2759 3257 2811 in
3286 2753 3586 2810 tentationi-

2012 2871 2113 2925 bus
2138 2868 2432 2935 adjuvatur,
2468 2863 2632 2914 altera
2659 2859 2774 2912 sine
2803 2856 2907 2908 ulla
2951 2851 3241 2908 tentatione
3271 2849 3320 2901 in
3351 2848 3466 2914 ipso
3494 2842 3589 2899 ad-

2010 2961 2196 3031 jutore-
2218 2960 2454 3019 laitatur;
2489 2967 2590 3006 una
2627 2950 2876 3006 subvenit
2903 2943 3188 3014 indigenti,
3216 2941 3377 2995 altera
3406 2939 3474 2991 ibi
3505 2945 3589 2991 est

2018 3054 2105 3108 ubi
2135 3052 2330 3105 nullum
2360 3047 2555 3101 invenit
2580 3043 2929 3112 indigentem;
2961 3053 3062 3096 una
3089 3035 3258 3089 aliena
3287 3040 3502 3101 peccata
3533 3037 3591 3082 ut

2019 3161 2114 3199 sua
2143 3144 2238 3196 sibi
2269 3143 2608 3211 ignos‘cantur
2627 3136 2876 3204 ignoscit,
2918 3131 3081 3184 altera
3109 3142 3205 3181 nec
3235 3127 3426 3193 patitur
3451 3121 3594 3186 quod

2021 3238 2254 3306 ignoscat
2275 3261 2297 3299 ,η
2317 3247 2415 3286 nec
2449 3231 2570 3283 facit
2598 3226 2736 3296 quod
2765 3226 2863 3277 sibi
2892 3230 3073 3292 poscat
3100 3218 3327 3289 ignosci;
3361 3231 3461 3270 una
3495 3214 3592 3268 lla-

2011 3328 2246 3398 gellatur
2274 3323 2455 3385 riualis,
2503 3337 2574 3373 nc
2615 3318 2897 3373 extollatur
2941 3313 2993 3366 in
3042 3311 3224 3372 bonis,
3256 3308 3418 3360 altera
3449 3311 3594 3358 tanta

2027 3417 2350 3490 plenitudine
2378 3414 2562 3484 gratia:
2583 3419 2726 3464 caret
2748 3407 2891 3461 omni
2921 3404 3091 3466 malo,
3123 3410 3178 3454 ut
3199 3401 3312 3456 sine
3338 3398 3442 3452 ulla
3474 3403 3594 3448 ten-

2029 3512 2226 3564 tatione
2245 3506 2506 3577 superbiae
2531 3503 2796 3556 cohaereat
2818 3512 3025 3550 sunnno
3052 3494 3226 3555 bono;
3259 3505 3359 3544 una
3392 3490 3524 3541 bona
3549 3494 3604 3539 et

2028 3603 2163 3656 mala
2191 3597 2464 3658 discernit,
2482 3595 2644 3648 altera
2665 3606 2785 3660 quae
2811 3589 2920 3640 sola
2945 3586 3080 3639 bona
3100 3592 3222 3634 sunt
3241 3579 3412 3633 cernit
3435 3594 3446 3630 :
3473 3590 3601 3644 ergo

2030 3708 2134 3747 una
2163 3693 2298 3744 bona
2322 3697 2437 3748 est,
2487 3683 2579 3739 sed
2627 3680 2799 3734 adhuc
2842 3678 3071 3732 misera;
3124 3672 3289 3724 altera
3337 3667 3522 3721 melior
3552 3672 3607 3718 et

2034 3785 2206 3838 beata.
2239 3781 2344 3833 Ista
2373 3775 2659 3846 signiﬁcata
2685 3779 2768 3825 est
2795 3783 2886 3838 per
2912 3764 3202 3835 apostolum
3236 3761 3442 3815 Petrum
3471 3799 3485 3822 ,
3517 3756 3602 3808 illa

2035 3890 2128 3944 per
2156 3873 2433 3925 Joannem.
2468 3867 2595 3920 Tota
2625 3864 2708 3916 hic
2730 3861 2901 3930 agitur
2928 3858 3025 3911 ista
3053 3869 3218 3922 usque
3249 3852 3298 3904 in
3329 3849 3481 3915 hujus
3504 3861 3606 3899 sa:-

2037 3965 2140 4020 cnli
2171 3963 2325 4014 linem
2346 3999 2362 4024 ,
2402 3967 2456 4011 et
2489 3957 2595 4010 illic
2623 3953 2825 4008 invenit
2849 3952 3003 4002 linem
3038 3965 3049 3998 :
3081 3945 3320 3999 dilfertur
3348 3942 3433 3994 illa
3465 3955 3610 3992 com-

2039 4054 2228 4125 plenda
2261 4058 2378 4120 post
2407 4048 2561 4116 hujus
2586 4043 2765 4098 smeuli
2795 4041 2952 4092 linem
2973 4078 2986 4100 ,
3019 4036 3110 4091 sed
3137 4037 3186 4087 in
3219 4034 3393 4086 futuro
3419 4029 3613 4083 sacculo

2045 4165 2146 4203 non
2174 4145 2331 4207 habet
2358 4143 2534 4195 liuent.
2588 4136 2710 4191 Ideo
2735 4133 2922 4186 dicitur
2963 4129 3083 4182 huic
3102 4168 3115 4190 ,
3149 4125 3365 4194 Sequere
3392 4139 3467 4174 me
3495 4138 3510 4173 :
3546 4121 3613 4174 de

2047 4240 2137 4294 illo
2165 4246 2339 4291 autem
2359 4275 2375 4298 ,
2409 4231 2496 4286 Sic
2517 4244 2634 4284 eum
2661 4225 2770 4279 volo
2800 4236 2999 4274 orauere
3039 4217 3194 4269 donec
3239 4214 3466 4272 veniam;
3493 4209 3613 4278 quid

2048 4332 2190 4386 ate?
2222 4329 2296 4382 Tu
2325 4341 2402 4380 me
2425 4336 2644 4394 sequere.
2691 4316 2825 4383 Quid
2867 4313 3006 4368 enim
3030 4320 3128 4364 est
3172 4307 3305 4360 hoc?
3355 4305 3615 4372 Quantum

2051 4425 2198 4494 sapio
2218 4464 2232 4486 ,
2261 4428 2512 4488 quantum
2542 4411 2692 4481 capio
2711 4451 2726 4475 ,
2757 4406 2882 4476 quid
2907 4413 2986 4457 cst
3016 4401 3134 4464 hoc,
3162 4399 3258 4451 nisi
3277 4437 3290 4456 ,
3318 4395 3394 4448 Tu
3421 4409 3504 4445 me.
3530 4407 3620 4444 se-

2054 4532 2216 4588 quere
2247 4529 2339 4582 per
2365 4509 2708 4564 imitationem
2757 4496 3052 4570 perferendi
3102 4489 3407 4559 temporalia
3449 4485 3619 4542 n'iala;

2057 4612 2144 4666 ille
2173 4603 2578 4670 mancatdonec
2599 4596 2920 4664 sempiterna
2950 4589 3105 4643 venio
3131 4583 3427 4639 redditurus
3457 4576 3628 4631 bona?

2059 4700 2206 4769 Quod
2239 4697 2468 4766 apertius
2511 4693 2579 4751 ita
2611 4688 2720 4743 “diei
2763 4693 2930 4754 potest
2960 4698 2972 4734 :
3008 4679 3242 4734 Perfecta
3271 4689 3354 4727 me
3383 4679 3633 4740 sequatur

2061 4794 2229 4854 actio,
2259 4787 2539 4842 informata
2586 4795 2716 4834 mea:
2761 4774 3016 4845 passionis
3061 4767 3340 4835 exemplo;
3389 4762 3631 4814 inchoata

2065 4899 2192 4938 vero
2220 4873 2594 4943 Contemplatio
2635 4876 2844 4922 maneat
2886 4865 3056 4916 donec
3098 4859 3284 4921 venio,
3315 4851 3632 4922 perﬁcienda

2066 4987 2187 5028 cum
2229 4981 2444 5022 venero.
2495 4959 2743 5030 Sequitur
2784 4955 2924 5008 enim
2974 4949 3274 5010 Christum,
3327 4941 3638 5012 perveniens

2069 5080 2238 5135 usque
2261 5062 2326 5116 ad
2349 5066 2573 5113 mortem
2604 5053 2684 5120 pia
2714 5045 2980 5118 plenitudo
3005 5041 3268 5112 patientia:
3301 5055 3314 5091 :
3345 5043 3521 5089 manet
3549 5049 3640 5086 au-

2075 5171 2177 5215 tem
2204 5157 2375 5210 donec
2402 5149 2576 5202 veniat
2601 5142 2844 5198 Christus
2862 5180 2875 5201 ,
2911 5147 3035 5190 tunc
3063 5128 3444 5188 manifestamla
3476 5124 3645 5194 pleni-

2077 5249 2202 5304 tudo
2219 5243 2468 5299 scientite.
2497 5237 2592 5300 llic
2613 5233 2804 5304 quippe
2825 5229 3113 5290 tolerantur
3133 5223 3267 5290 mala
3292 5220 3445 5285 hujus
3468 5213 3644 5282 innndi

2080 5343 2131 5395 in
2160 5350 2296 5392 terra
2324 5329 2690 5388 morientium,
2717 5324 2789 5377 ibi
2820 5320 3133 5374 videbuntur
3176 5315 3314 5368 bona
3363 5305 3565 5362 Domini
3597 5304 3650 5355 in

2085 5441 2221 5487 terra
2251 5425 2556 5480 viventium.
2603 5413 2754 5486 Quod
2795 5413 2936 5467 enim
2980 5411 3085 5474 ait,
3138 5403 3261 5456 Volo
3300 5415 3410 5454 eum
3454 5410 3650 5446 manere

2087 5525 2242 5578 donec
2271 5519 2483 5579 veniam,
2511 5527 2615 5566 non
2642 5511 2718 5562 sic
2742 5501 3134 5572 intelligendum
3159 5501 3240 5548 est
3265 5490 3410 5559 quasi
3439 5484 3649 5545 dixerit,

2090 5595 2366 5674 remanere
2392 5608 2476 5663 vel
2501 5612 2845 5674 permanere;
2875 5592 3002 5656 sed,
3027 5593 3332 5654 exspectare
3366 5599 3378 5632 :
3408 5578 3658 5647 quoniam
